4106 6310
335 532 3556 596 W

904 581 1301 592 ~....-—‘-—-—.—
1323 581 1436 592 ‘r‘
1461 581 1500 590 ..-

369 785 1145 941 OPERUM
1262 783 1935 960 SANCTI
2046 788 2615 938 PETRI
2719 719 3531 937 DAMIANI

1324 1090 1434 1168 IN
1496 1087 1993 1166 EDITIONE
2065 1085 2555 1165 CAJETANI

790 1325 1675 1505 ,TOMUS
1903 1323 3068 1466 TERTIUS

1277 1606 1681 1669 OPUSCULA
1726 1608 1977 1668 VARIA
2022 1604 2610 1667 COMPLECTENS.

1764 1774 2157 1789 .—_—I——

598 1920 1281 2034 CAJETANI
1365 1914 2063 2033 EPISTOLA
2148 1915 3294 2034 NUNCUPATORIA.

410 2312 466 2367 S.
499 2309 562 2365 D.
597 2310 663 2365 N.
695 2309 877 2368 ΡΑυιο
905 2310 971 2376 ν,
1003 2312 1247 2382 pontiﬁci
1295 2310 1565 2379 maximo,
1594 2308 1824 2367 domnus
1865 2308 2272 2366 CONSTLNTINUS
2309 2307 2646 2374 (Incurvus,
2679 2306 2847 2362 abba‘s
2882 2304 3190 2361 Casincnsis
3219 2304 3280 2359 S.
3311 2304 3583 2372 Banontis,

333 2402 715 2471 sempiternam
754 2402 1088 2459 felicitatem.

402 2495 587 2549 Sacrae
625 2494 819 2550 littera:
845 2506 901 2552 et
927 2508 1280 2553 monumenta
1337 2505 1647 2555 sanctorum
1668 2539 1683 2562 ,
1713 2497 2025 2553 beatissime
2063 2495 2245 2561 Pater,
2274 2494 2393 2563 ejus
2430 2495 2592 2565 pretii
2622 2509 2688 2549 ac
2719 2493 2919 2549 indolis
2956 2506 3074 2548 esse
3105 2490 3306 2558 solent,
3334 2499 3395 2546 ut
3422 2492 3464 2547 si
3499 2492 3589 2547 diu

336 2585 389 2638 in
422 2586 662 2640 tenebris
685 2585 891 2655 jacere,
924 2586 1249 2657 silentioque
1277 2587 1513 2653 involvi,
1545 2596 1599 2642 et
1623 2586 1895 2643 oblivione
1922 2586 2090 2642 deleri
2118 2586 2427 2650 videantur,
2456 2586 2807 2641 nihilominus
2836 2584 2906 2639 ob
2931 2598 3118 2638 eorum
3150 2582 3345 2636 famam
3373 2582 3589 2652 opinio-

332 2689 573 2743 nemque
609 2676 937 2741 sanctitatis,
966 2690 1030 2729 ac
1060 2676 1303 2731 caelestis
1330 2676 1592 2731 doctrina:
1616 2675 2009 2745 prestantiam,
2038 2674 2214 2729 lucem
2241 2674 2296 2728 in
2327 2674 2588 2738 tenebris,
2615 2673 2852 2743 linguam
2898 2673 2952 2727 in
2996 2672 3233 2736 silentio,
3274 2672 3589 2727 memoriam

334 2766 385 2816 in
424 2764 695 2821 oblivione
739 2766 1125 2834 sempiternam
1171 2767 1483 2833 obtineant;
1525 2767 1579 2821 in
1624 2766 1856 2838 mystico
1887 2767 1990 2822 hoc
2026 2766 2167 2821 caelo
2193 2765 2452 2821 Ecclesia:
2496 2775 2752 2835 tanquam
2798 2765 2966 2820 solem
3003 2764 3289 2829 occultari,
3320 2778 3591 2834 nunquam

334 2858 518 2909 lamen
553 2854 778 2909 interire
806 2864 1115 2925 potuerunt.
1156 2857 1370 2912 Etenim
1402 2855 1598 2913 summi
1622 2858 1929 2925 pontifices,
1957 2856 2048 2925 qui
2074 2840 2443 2911 Christianum
2479 2856 2623 2911 hunc
2647 2855 2833 2911 orbem
2863 2856 3233 2917 moderantur,
3263 2853 3470 2924 Spiritu
3498 2855 3590 2909 Dei

332 2947 440 3000 acti
467 2954 524 2999 ct
552 2944 792 3013 impulsi,
820 2958 943 3017 post
972 2957 1188 3004 noctem
1213 2959 1270 3004 et
1294 2964 1569 3013 occasum,
1600 2948 1768 3003 solem
1796 2948 1846 3003 ei
1887 2963 2044 3003 suum
2082 2948 2216 3003 oriri
2260 2956 2315 3001 et
2353 2946 2636 3016 splendere
2669 2946 2873 3001 faciunt
2912 2965 2925 3000 :
2968 2961 3037 3002 eo
3080 2956 3259 3001 tamen
3306 2946 3596 3017 gloriosius

335 3047 498 3105 atque
526 3038 784 3101 divinius,
812 3052 920 3106 quo
946 3039 1118 3109 magis
1149 3040 1202 3093 id
1227 3055 1323 3109 per
1353 3038 1531 3095 debile
1558 3054 1621 3094 ac
1650 3039 1905 3111 exiguum
1939 3040 2362 3095 instrumentum
2390 3046 2704 3109 operantur.
2743 3038 2854 3093 lloc
2882 3052 3011 3093 sane
3037 3038 3168 3092 mihi
3201 3053 3229 3091 a
3265 3046 3316 3091 te
3344 3038 3594 3107 contigit,

334 3126 651 3183 beatissime
679 3126 860 3193 Pater,
894 3143 1054 3198 quem
1084 3130 1139 3184 in
1186 3130 1305 3185 haec
1333 3144 1489 3199 sacra
1518 3129 1823 3183 litterarum
1850 3142 2202 3186 monumenta
2246 3131 2559 3184 incumbere
2596 3128 2824 3196 jussisti,
2858 3143 2921 3182 ac
2949 3128 3172 3197 perenni
3216 3128 3597 3183 munificentia:

336 3226 446 3271 tua:
477 3217 629 3272 fonte
658 3218 886 3282 excitas,
914 3234 984 3274 ne
1012 3221 1138 3289 quid
1166 3220 1234 3274 de
1264 3218 1530 3289 ejusmodi
1570 3220 1752 3275 studio
1790 3222 2225 3290 pmtermittam.
2266 3221 2361 3275 sed
2389 3235 2631 3273 mearum
2663 3219 3100 3275 lucubrationum
3132 3217 3288 3273 labor
3314 3230 3594 3288 appareat,

332 3318 392 3363 ct
422 3309 641 3364 uberem
668 3318 817 3363 tuam
848 3309 901 3363 in
931 3325 1016 3364 me
1054 3311 1305 3380 gratiam,
1332 3311 1378 3364 si
1418 3325 1524 3363 non
1555 3310 1843 3379 attingere,
1874 3311 2065 3366 saltem
2108 3311 2261 3380 sequi
2293 3322 2347 3366 et
2370 3311 2587 3366 odorari
2622 3311 2885 3365 videatur.
2914 3308 3048 3364 Cum
3077 3324 3210 3381 ergo
3239 3311 3379 3366 hanc
3410 3327 3597 3367 curam

341 3412 403 3455 et
429 3403 763 3473 diligentiam
802 3404 857 3458 in
906 3403 969 3457 Β.
1000 3403 1149 3459 Petri
1183 3403 1433 3458 Damiani
1463 3403 1779 3468 cardinalis,
1812 3405 2053 3475 episcopi
2082 3404 2367 3469 Ostiensis,
2398 3402 2687 3473 opuscula,
2723 3416 2844 3471 quae
2882 3402 2935 3456 in
2977 3402 3276 3471 caliginoso
3316 3407 3600 3461 vetustatis

336 3496 459 3549 sinu
491 3496 783 3562 latuerant,
816 3499 1189 3566 collocassem,
1224 3509 1282 3553 ut
1312 3516 1376 3555 ea
1406 3514 1590 3569 sparsa
1630 3498 1962 3570 collegerim,
1998 3500 2209 3553 turbata
2234 3498 2572 3569 digesserim,
2608 3505 2945 3567 quatuorque
2979 3496 3032 3551 in
3063 3505 3235 3551 tomos
3262 3498 3537 3554 diviserint
3579 3518 3594 3552 :

340 3598 463 3659 post
494 3591 729 3659 primum
773 3602 827 3646 et
856 3595 1155 3648 secundum
1180 3592 1293 3661 jam
1322 3594 1515 3658 editos,
1554 3603 1755 3662 tuoque
1783 3608 1998 3662 magno,
2032 3600 2088 3645 et
2122 3590 2383 3661 singulari
2426 3589 2729 3660 patrocinio
2756 3598 2863 3644 tam
2892 3589 3121 3659 benigne
3152 3601 3455 3662 susceptos,
3486 3601 3595 3648 ter-

339 3680 450 3737 tius
488 3680 577 3737 bie
606 3696 668 3735 ac
694 3682 1023 3751 penultimus
1054 3686 1259 3741 eisdem
1287 3700 1505 3756 quoque
1535 3687 1772 3741 tenebris
1800 3698 2113 3755 erumpens,
2146 3684 2299 3754 quasi
2332 3682 2590 3737 fratribus
2617 3697 2737 3738 eam
2768 3681 3015 3738 invidens
3046 3682 3297 3753 gloriam,
3336 3686 3513 3754 prodit
3544 3688 3597 3741 in

342 3769 555 3833 lucem;
598 3780 653 3824 et
681 3786 799 3825 cum
827 3773 967 3828 diem
995 3775 1255 3844 aspiciat,
1284 3762 1420 3831 nihil
1451 3776 1623 3845 majus
1655 3777 1936 3832 existimat
1962 3790 2126 3846 quam
2157 3775 2273 3832 dies
2298 3774 2482 3830 videre
2512 3785 2654 3840 tuos,
2686 3785 2968 3844 tecumque
3000 3774 3179 3831 vivere
3205 3784 3259 3830 et
3294 3776 3485 3832 lunari.
3518 3779 3598 3832 Tu

340 3866 531 3935 igitur,
565 3866 874 3922 beatissime
902 3866 1085 3935 Pater,
1116 3870 1268 3924 illum
1298 3871 1544 3941 accipere
1572 3882 1625 3926 et
1654 3869 1841 3926 fovere
1865 3885 1932 3925 ne
1958 3871 2196 3933 desinas,
2228 3884 2293 3924 eo
2330 3868 2565 3923 maxime
2589 3868 2733 3937 quod
2761 3866 2855 3922 lilii
2887 3868 2961 3921 tui
2993 3878 3183 3936 partus
3207 3870 3424 3937 existat,
3457 3871 3601 3928 illius

346 3970 541 4023 nempe
572 3957 865 4013 eardinalis
905 3959 971 4014 de
1000 3961 1128 4015 sede
1157 3960 1475 4030 apostolica,
1518 3972 1573 4015 et
1614 3963 1802 4032 repub.
1828 3961 2139 4018 Christiana
2169 3962 2373 4030 optime
2418 3961 2597 4015 meriti
2628 3974 2646 4012 :
2679 3974 2835 4029 quem
2864 3959 3041 4013 adlmc
3069 3961 3333 4015 viventem
3364 3963 3599 4019 Alexan-

353 4046 451 4098 der
479 4046 522 4099 ll
551 4046 789 4116 ejusdem
819 4049 1127 4118 apostolica:
1168 4051 1315 4106 sedis
1344 4050 1592 4116 oculum,
1624 4061 1681 4105 et
1710 4052 2111 4105 firmamentum
2140 4050 2437 4115 immobile,
2465 4050 2577 4118 jam
2607 4058 2737 4103 tunc
2765 4047 3062 4118 apostolico
3092 4048 3297 4104 calculo
3337 4052 3595 4106 sanctita-

355 4144 464 4189 tem
492 4145 544 4190 et
571 4138 870 4191 doctrinam
898 4139 1069 4209 ipsius
1096 4141 1421 4210 approbans,
1453 4140 1672 4210 scriptis
1703 4140 2009 4209 appellavit.
2044 4140 2122 4195 Eo
2148 4140 2292 4196 enim
2320 4138 2540 4210 pietatis
2569 4146 2626 4193 et
2653 4137 2927 4206 religionis
2963 4138 3142 4192 studio
3169 4138 3516 4211 deﬂagrabat,
3546 4153 3603 4197 ut

352 4223 581 4293 eloquio,
630 4227 783 4281 libris
828 4237 885 4282 et
928 4229 1194 4299 exemplo,
1230 4230 1424 4284 animis
1451 4230 1681 4285 virtutes
1728 4230 1988 4295 inserere,
2019 4240 2076 4284 et
2110 4231 2237 4285 vitia
2268 4230 2587 4299 exstirpare,
2616 4228 2880 4283 bonorum
2922 4239 3126 4284 mentes
3163 4245 3378 4301 augere,
3411 4241 3464 4285 et
3496 4234 3599 4286 im-

354 4316 643 4383 proborum
676 4316 969 4387 infringere
994 4320 1275 4374 audaciam
1310 4320 1539 4381 noverit.
1566 4320 1737 4385 Quem
1768 4336 1875 4374 non
1905 4322 2077 4375 solum
2112 4324 2163 4375 in
2198 4322 2427 4390 privata,
2462 4322 2553 4373 sed
2595 4321 2648 4373 in
2696 4321 2795 4374 hac
2838 4321 3002 4373 etiam
3050 4322 3320 4375 communi
3361 4322 3599 4379 Ecclesia

355 4421 496 4459 nime
522 4410 882 4473 exhortando,
913 4426 1056 4464 nunc
1081 4412 1347 4477 docendo,
1374 4427 1517 4466 nunc
1543 4412 1872 4467 moderando
1898 4427 1962 4466 ac
1982 4409 2332 4481 protegendo,
2364 4425 2507 4464 nunc
2539 4409 2812 4478 operando
2837 4423 2995 4479 supra
3024 4410 3169 4464 vires
3198 4420 3401 4466 natura:
3429 4414 3599 4483 proli-

350 4512 495 4559 cere,
529 4499 717 4568 vulgus
745 4502 1033 4571 aspiciens,
1066 4503 1306 4557 unanimi
1338 4517 1626 4568 consensu,
1653 4519 1758 4558 uno
1790 4519 1887 4558 ore
1918 4504 2136 4557 beatum
2162 4502 2491 4572 pradicavit.

425 4588 783 4645 Benedictinae
798 4592 960 4657 etiam
987 4593 1261 4663 religionis
1274 4591 1487 4659 juvabit
1508 4594 1821 4659 auctoritas,
1847 4610 1967 4662 quas
1983 4594 2049 4648 de
2060 4608 2157 4648 suo
2183 4593 2283 4646 hoc
2298 4592 2517 4645 alumno
2538 4600 2593 4645 et
2620 4591 2839 4648 doctore
2866 4592 3000 4646 adeo
3028 4591 3311 4661 gloriatur,
3335 4604 3394 4649 ut
3411 4612 3603 4658 nume;

360 4698 481 4738 rosa
526 4698 623 4739 sua
669 4687 888 4756 antiqua
935 4702 1183 4756 novaque
1225 4688 1447 4757 pignora
1492 4688 1648 4756 quasi
1693 4688 2017 4758 deSpieiens,
2049 4703 2213 4741 unum
2240 4686 2459 4741 Petrum
2488 4686 2733 4741 Dantiani
2764 4686 3045 4756 suscipiat,
3075 4687 3233 4755 eique
3257 4690 3409 4757 quasi
3442 4692 3602 4743 unico

358 4777 468 4832 ﬂlio
508 4778 845 4843 blandiatur;
877 4780 1019 4849 quod
1049 4795 1113 4834 eo
1146 4780 1483 4849 potissimum
1515 4780 1752 4850 antiqua:
1797 4795 1907 4833 suae
1952 4778 2170 4833 familiae
2217 4778 2502 4846 splendore
2545 4778 2796 4841 excitari,
2842 4776 3195 4847 laborumque
3216 4779 3427 4844 merita,
3463 4796 3600 4849 quos

355 4883 455 4936 pro
484 4866 725 4922 Ecclesia
772 4882 985 4937 semper
1014 4869 1257 4923 Romana
1291 4868 1548 4938 suscepit,
1579 4870 1826 4923 renovari
1858 4868 2058 4922 videat.
2110 4868 2256 4921 Petri
2301 4869 2463 4922 etiam
2495 4869 2655 4938 hujus
2701 4869 2779 4923 sui
2825 4869 3061 4926 nomine.
3094 4869 3419 4924 sanctissimi
3454 4871 3597 4926 Petri

360 4960 723 5029 apostolorum
754 4961 1032 5029 principis,
1063 4961 1155 5030 qui
1182 4962 1426 5016 eamdem
1452 4960 1918 5016 Bcnedietinornm
1944 4969 2156 5029 gentem
2187 4974 2283 5029 per
2314 4969 2419 5014 tam
2443 4961 2607 5013 multa
2639 4960 2835 5014 saecula
2863 4960 2928 5014 ad
2954 4959 3248 5016 Ecclesiam
3279 4962 3602 5019 turbulentis

362 5053 695 5122 temporibus
741 5052 1148 5108 instaurandam
1201 5067 1298 5105 sua
1347 5052 1401 5105 in
1450 5052 1578 5107 sede
1623 5052 1920 5112 mnstituit,
1960 5065 2154 5103 nomen
2204 5049 2256 5101 in
2289 5050 2605 5105 memoriam
2635 5049 2918 5104 reducens.
2956 5047 3088 5103 Nam
3126 5047 3318 5105 Petrus
3343 5051 3603 5109 diaconus

362 5145 561 5199 diserte
584 5152 975 5200 commemorat
1004 5144 1202 5213 (Tract.
1243 5146 1427 5198 mirae.
1462 5143 1523 5198 S.
1552 5142 1746 5197 Bened.
1782 5158 1846 5198 ex
1894 5140 2147 5197 Biblioth.
2176 5141 2428 5196 Casinen.
2464 5157 2549 5212 ap.
2597 5157 2684 5197 me
2709 5142 2835 5213 ms.)
2867 5141 3084 5197 Petrum
3124 5141 3296 5212 ipsum
3327 5145 3601 5214 apostolo-

364 5248 481 5287 rum
512 5236 831 5305 principem,
860 5252 982 5291 cum
1008 5235 1264 5291 Ecclesiae
1290 5250 1401 5290 sure
1436 5249 1625 5288 navem
1661 5234 1945 5302 impiorum
1985 5231 2293 5286 turbinibus
2327 5233 2580 5304 agitatam
2612 5232 2970 5301 conspiceret,
3002 5232 3069 5286 ad
3103 5231 3451 5290 Benedictum
3481 5244 3605 5291 tan-

360 5338 526 5393 quam
561 5340 685 5382 cum
719 5342 785 5382 eo
811 5328 1170 5383 accerrimum
1209 5328 1376 5396 ipsius
1406 5326 1672 5381 vindicem
1699 5325 2066 5387 contendisse,
2110 5335 2165 5379 et
2204 5325 2386 5382 Casini
2417 5327 2655 5395 quietam
2686 5325 2784 5382 sibi
2817 5326 2997 5382 sedem
3028 5327 3306 5396 quasiisse
3335 5343 3352 5379 :
3383 5348 3401 5380 ι
3434 5328 3603 5391 Vade,

358 5412 540 5485 inquit
568 5417 758 5473 Petrus
785 5420 1160 5474 sanctissimus
1181 5418 1500 5488 quibusdam
1530 5417 1828 5487 peregrinis
1857 5416 1959 5473 sibi
1990 5415 2421 5481 occurrentibus.
2453 5416 2520 5471 ad
2546 5416 2770 5470 fratrem
2800 5431 2975 5471 meum
3001 5415 3368 5481 Benedictum,
3398 5431 3453 5473 ut
3478 5434 3605 5475 cum

356 5524 429 5562 eo
464 5509 730 5577 passionis
760 5524 891 5564 mea:
918 5508 1059 5563 diem
1090 5509 1354 5564 celebrem
1387 5526 1401 5561 :
1436 5506 1601 5561 variis
1626 5506 1775 5561 enim
1814 5507 2068 5564 procellis
2094 5506 2337 5563 Ecclesia
2375 5523 2491 5563 mea
2519 5506 2858 5573 deprimitur.
2895 5526 2913 5558 ›
2946 5505 3079 5572 Quis
3120 5521 3251 5577 ergo
3292 5506 3452 5564 Petro
3483 5526 3606 5564 cum

356 5600 654 5655 Benedicto
683 5617 748 5657 ex
780 5617 962 5658 amore
1004 5602 1365 5656 fraternitatis
1396 5612 1457 5655 et
1495 5599 1836 5657 contubernii
1867 5602 2171 5657 communia
2203 5611 2396 5656 cuncta
2427 5616 2547 5656 esse
2578 5600 2939 5670 conspiciens,
2965 5613 3071 5652 non
3100 5600 3346 5655 eumdem
3380 5599 3608 5656 Benedi-

360 5700 508 5745 ctum
540 5707 636 5760 per
660 5709 787 5748 suos
812 5696 1082 5763 perpetuis
1122 5694 1411 5761 multisque
1446 5702 1597 5763 post,
1634 5693 1864 5767 sicut-et
1909 5700 2091 5761 antea,
2135 5690 2348 5747 saaculis
2376 5692 2522 5747 vices
2550 5692 2696 5747 Petri
2747 5698 3122 5760 suscepturum
3167 5706 3275 5745 non
3324 5694 3607 5761 speraret!

766 5788 1037 5849 l’nnoL.
1085 5783 1320 5851 CXLV,
3140 5786 3169 5843 1
