4080 5346
527 361 587 416 ll
1229 358 1319 413 AD
1359 357 1417 413 S.
1459 356 1661 412 PETRI
1700 354 1980 413 DAMlAM
2018 357 2166 415 OPP.
2194 358 2454 419 ‘TOMUM
2494 359 2627 416 SEU
2666 361 2946 419 PARTEM
2984 363 3049 420 ιιι
3699 371 3768 425 12

522 456 762 528 Eventus
786 470 1004 543 quidem
1036 486 1148 528 rem
1179 471 1350 543 ipsam
1383 470 1726 529 confirmavit
1753 489 1765 528 :
1798 487 1923 527 nam
1955 472 2022 527 ab
2046 487 2112 529 eo
2143 481 2405 544 tempore,
2435 489 2544 544 quo
2572 470 2635 529 S.
2656 474 3000 544 Benedictus,
3037 477 3284 535 instituto
3308 477 3500 546 ebore,
3524 472 3770 538 alumnus

518 578 647 620 suos
676 565 730 620 in
758 562 921 631 Urbis
957 563 1210 621 basilicas
1249 563 1617 635 ecclesiasque
1655 563 1792 620 alias
1840 565 2141 623 introduxit
2179 583 2351 638 usque
2390 568 2458 623 ad
2504 569 2849 626 millesimum
2895 573 3251 635 centesimum
3294 572 3767 644 quadragesimum

520 663 773 724 quartum
807 671 1030 722 annum,
1057 655 1205 712 clero
1244 656 1363 727 ipso
1404 663 1533 711 tunc
1560 663 1780 711 creante
1821 663 1877 712 ct
1904 656 2137 728 eligente
2169 659 2468 729 pontifices,
2499 660 2844 716 continenter
2869 676 3137 716 summum
3183 661 3551 731 pontificatum
3581 675 3770 730 gerere

517 757 935 804 consueverant.
964 746 1117 817 Quod
1146 748 1193 805 si
1221 756 1409 819 postea
1439 748 1583 805 serie
1609 749 1911 820 interrupta
1944 750 2184 807 nonnulli
2205 790 2219 815 ,
2245 758 2305 807 ut
2327 749 2586 809 Silvester
2615 749 2659 805 ll
2676 790 2690 815 ,
2717 750 2966 807 Clemens
2992 765 3208 823 quoque
3243 750 3287 806 ll
3322 758 3376 806 et
3414 748 3528 812 alii.
3555 764 3661 804 non
3699 764 3769 805 ex
3858 808 3865 815 ,

515 837 664 893 clero
698 837 943 894 Romano
970 838 1039 893 ad
1066 852 1375 910 supremam
1408 837 1554 894 illam
1583 837 1905 910 dignitatem
1935 841 2196 911 assumpti
2228 840 2462 908 fuerint,
2496 857 2603 898 non
2632 849 2716 897 est
2749 850 2930 898 tamen
2958 843 3180 900 dubium
3214 842 3344 912 quin
3389 842 3492 912 ipsi
3531 841 3771 908 ejusdem

515 931 849 987 Bcnedictini
875 931 1080 997 ordinis
1105 932 1439 1003 professores
1467 932 1792 988 exstiterint.
1815 932 2084 989 Praeterea
2113 934 2443 1004 posteriores
2463 934 2756 998 sexdecim,
2786 934 2877 1004 qui
2908 942 3126 990 centum
3161 946 3329 990 annos
3351 931 3445 986 Dei
3473 930 3769 987 Ecclesiatn

514 1021 906 1092 gubernarunt,
931 1028 1149 1076 centum
1182 1020 1297 1078 fere
1324 1021 1634 1092 quindecim
1658 1021 1931 1091 prioribus
1962 1025 2360 1093 superadditos,
2392 1024 2494 1079 bos
2520 1032 2578 1079 et
2600 1023 2719 1079 illos
2740 1038 2929 1080 omnes
2951 1024 3031 1081 vel
3061 1024 3114 1079 in
3145 1031 3455 1079 sanctorum
3483 1036 3771 1076 numerum

513 1108 711 1164 relatos
747 1122 1105 1177 veneramur,
1150 1109 1238 1165 vel
1277 1111 1523 1166 omnium
1544 1110 1823 1165 ‘virtutum
1868 1124 2067 1182 genere
2112 1112 2413 1167 eminentes
2456 1113 2797 1182 suspicimus.
2827 1111 2966 1180 Quid
3007 1112 3240 1169 referam
3268 1120 3400 1182 quot
3427 1119 3771 1181 quantosque

512 1194 569 1249 S.
603 1195 667 1249 il.
695 1197 756 1250 Ε.
786 1197 1087 1253 cardinales
1114 1199 1401 1255 habuerit?
1428 1214 1549 1256 cum
1576 1199 1705 1254 nulli
1736 1208 1829 1255 aut
1850 1201 2008 1271 pauci
2035 1200 2240 1257 fuerint
2265 1202 2357 1273 qui
2383 1217 2448 1257 ea
2480 1211 2797 1273 tempestate
2822 1218 2889 1258 ex
2913 1203 3383 1259 Benedictinorum
3412 1202 3665 1259 claustris
3697 1202 3768 1256 ad

509 1286 656 1342 illam
689 1288 1098 1362 amplitudinem
1125 1304 1232 1345 non
1263 1290 1627 1346 ascenderint.
1662 1289 1841 1345 Taceo
1884 1290 2334 1347 innumerabilem
2365 1289 2524 1359 hujus
2562 1300 2763 1347 sancta:
2803 1291 3118 1361 propaginis
3157 1302 3255 1360 per
3292 1296 3463 1344 totum
3496 1297 3762 1344 terrarum

509 1380 695 1435 orbem
727 1380 1149 1437 multitudinem.
1187 1379 1303 1436 Non
1338 1396 1578 1437 memoro
1603 1390 1868 1451 quantum
1900 1380 2087 1448 .ltalia,
2118 1381 2330 1451 Anglia,
2363 1379 2687 1447 Germania,
2717 1381 2983 1453 Belgium,
3006 1380 3273 1436 Vasconia
3294 1420 3309 1445 ,
3341 1380 3621 1444 Bobemia,
3656 1379 3769 1435 Un-

428 1522 437 1525 _
510 1467 683 1533 garia,
720 1468 941 1536 Suevia,
972 1468 1188 1538 Gotbia,
1215 1469 1460 1539 Polonia,
1492 1470 1859 1527 Benedictinis
1882 1479 1960 1526 tot
1985 1486 2052 1526 eo
2076 1471 2256 1527 missis
2279 1470 2537 1541 apostolis
2570 1483 2685 1526 :‘ac
2717 1471 2930 1526 tandem
2966 1471 3116 1531 ludia
3145 1469 3509 1527 Occidentalis
3535 1471 3766 1526 Bartbo-

506 1556 700 1615 lomaeo
727 1560 900 1632 Buylt,
933 1562 1351 1627 Tarraconensi,
1378 1561 1767 1619 Montisferrati
1794 1563 2063 1619 monacho
2089 1562 2497 1634 (quinquaginta
2533 1577 2674 1632 pene
2709 1563 2867 1618 annis
2892 1572 3183 1632 antequam
3216 1562 3275 1616 Β.
3306 1562 3397 1616 Fr.
3433 1561 3698 1617 Xavcrius
3732 1576 3765 1615 a

507 1644 569 1700 B.
602 1648 812 1719 lgnatio
842 1651 968 1706 illuc
1007 1650 1340 1723 mitteretur)
1373 1651 1549 1723 primo
1586 1650 1655 1707 ab
1689 1650 1997 1707 Alexandro
2027 1649 2095 1705 Vl
2131 1652 2199 1707 ad
2239 1666 2364 1706 eum
2397 1650 2643 1720 apostolo
2672 1650 2938 1721 delegato,
2969 1652 3218 1706 debeant.
3249 1649 3368 1707 Non
3414 1650 3590 1706 refero
3635 1660 3767 1720 quot

505 1751 605 1807 per
633 1753 846 1794 omnem
872 1747 1087 1795 aetatem
1115 1754 1416 1811 sexumque
1444 1747 1714 1811 martyres
1759 1748 1922 1810 atque
1967 1740 2221 1811 virgines,
2264 1741 2407 1811 quod
2433 1755 2531 1811 per
2570 1755 2786 1797 omnem
2835 1741 3060 1812 gradum
3109 1741 3467 1809 confessores,
3508 1752 3640 1812 quot
3668 1757 3766 1811 per

506 1844 696 1885 omnes
725 1829 995 1887 Ecclesias
1034 1840 1303 1903 pastores,
1341 1845 1548 1902 perque
1584 1844 1772 1887 omnes
1810 1830 2119 1886 academias
2162 1829 2403 1901 insignes
2431 1829 2683 1889 doctores
2723 1829 2917 1900 adepta
2948 1822 3133 1888 fuerit.
3165 1830 3224 1886 ln
3253 1830 3417 1889 Petro
3446 1838 3626 1885 tamen
3655 1831 3763 1886 Da-

505 1918 672 1974 rniaui
709 1919 821 1978 haec
849 1921 1027 1977 omnia
1076 1922 1129 1977 in
1178 1936 1306 1978 suos
1350 1921 1478 1977 olim
1511 1921 1687 1978 divisa
1727 1920 1984 1992 singulari
2026 1920 2120 1977 Dei
2157 1921 2422 1978 beneficio
2454 1921 2748 1991 conjuncta
2776 1930 2832 1978 et
2878 1922 3125 1993 capulata
3165 1922 3279 1993 jam
3306 1920 3484 1990 videt;
3525 1929 3584 1976 et
3603 1933 3764 1991 quem

506 2007 559 2060 in
590 2023 756 2065 carne
786 2010 1051 2066 viventem
1083 2020 1319 2067 tractare
1348 2026 1453 2068 non
1483 2019 1682 2081 potest,
1710 2012 1957 2067 eumdem
1996 2011 2051 2067 in
2079 2012 2294 2083 scriptis
2332 2012 2630 2082 spirantem
2658 2012 2918 2069 admirari
2947 2028 3054 2069 non
3087 2013 3306 2068 desinit.

575 2100 708 2155 Cum
736 2102 820 2157 lite
846 2101 955 2157 sint
987 2103 1283 2173 potissima:
1311 2118 1507 2170 causae,
1534 2102 1847 2159 beatissime
1874 2102 2058 2171 Pater,
2086 2118 2257 2175 quare
2283 2104 2418 2159 tanti
2448 2104 2551 2158 viri
2580 2104 2884 2160 doctrinam
2916 2105 3021 2160 hoc
3056 2104 3111 2159 in
3140 2103 3278 2159 libro
3303 2109 3611 2158 contentam
3650 2114 3763 2156 non

504 2194 704 2248 minori
736 2208 897 2263 quam
931 2193 1066 2249 alios
1096 2194 1397 2263 patrocinio
1424 2195 1709 2266 pretioque
1737 2194 2033 2263 suscipias,
2063 2194 2312 2251 ultimam
2343 2202 2525 2250 tamen
2557 2193 2828 2264 adjiciam,
2864 2209 3027 2263 quam
3054 2192 3217 2249 etiam
3260 2192 3356 2247 tibi
3402 2200 3611 2261 gratam
3647 2190 3765 2246 fore

503 2300 609 2340 non
655 2285 860 2342 dubito.
905 2285 1118 2342 Etenim
1148 2285 1193 2342 si
1222 2303 1252 2342 a
1288 2286 1639 2343 Benedictino
1667 2287 1845 2357 capite
1885 2287 1954 2342 ad
1981 2285 2224 2342 membra
2255 2286 2487 2341 transire
2514 2300 2579 2341 ac
2618 2285 2947 2342 descendere
2970 2284 3051 2340 fas
3077 2292 3182 2350 est,
3213 2296 3299 2337 me
3327 2281 3500 2351 ipsum
3532 2279 3763 2334 novissi-

503 2389 651 2430 mum
683 2375 921 2443 invenio,
954 2390 1061 2432 non
1085 2390 1183 2448 per
1207 2390 1294 2432 me
1323 2376 1499 2449 ipsum
1528 2376 1723 2449 (sentio
1747 2392 1980 2448 namque
2005 2392 2166 2448 quam
2195 2374 2299 2434 sim
2325 2376 2532 2432 inutilis
2554 2384 2609 2430 et
2633 2377 2907 2450 exiguus),
2937 2378 3029 2433 sed
3052 2390 3149 2447 per
3175 2371 3408 2442 majores
3437 2385 3606 2436 meos,
3627 2378 3765 2439 quos

500 2467 666 2521 etiam
697 2466 914 2537 aliquod
945 2482 1140 2524 nomen
1169 2468 1439 2538 decusque
1467 2482 1564 2538 pro
1591 2467 1719 2524 sede
1760 2468 2058 2538 apostolica
2085 2469 2318 2541 gessisse
2342 2482 2450 2523 non
2494 2466 2759 2538 negarim.
2800 2464 3093 2521 Gentilium
3138 2464 3280 2519 enim
3299 2503 3315 2526 ,
3366 2460 3494 2516 mihi
3533 2458 3761 2531 indigno

501 2553 884 2624 Cajetanorum
915 2556 1106 2613 detnus
1135 2556 1536 2628 antiquissima,
1563 2561 1684 2627 qua:
1708 2556 1902 2625 Roma,
1937 2564 1992 2613 et
2016 2557 2204 2629 Cajeta
2224 2596 2240 2622 ,
2260 2555 2419 2624 cujus
2447 2555 2813 2627 principatum
2841 2557 2908 2611 ad
2936 2551 3400 2626 quingentos-{cve
3424 2562 3596 2605 annos
3620 2548 3762 2604 obti-

500 2644 640 2709 nuit,
669 2644 824 2701 Pisas
848 2645 1177 2716 demigraus,
1206 2662 1314 2703 non
1340 2647 1508 2703 oblita
1543 2644 1807 2716 majorum
1834 2662 2055 2705 suorum
2080 2662 2206 2718 erga
2239 2646 2517 2703 Romanos
2552 2645 2834 2715 pontifices
2862 2644 3241 2710 observantiae,
3268 2641 3346 2697 ibi
3377 2655 3472 2696 eos
3497 2647 3682 2695 sancte
3706 2644 3764 2692 et

499 2733 767 2806 intrepide
791 2736 858 2792 ab
888 2736 1276 2807 imperatorum
1307 2736 1449 2794 illius
1476 2736 1737 2808 temporis
1766 2737 1819 2793 vi
1843 2745 1896 2792 et
1927 2737 2221 2794 multorum
2253 2734 2542 2791 insolentia
2567 2748 2673 2789 non
2705 2733 2873 2789 semel
2904 2729 3223 2796 defensavit,
3249 2742 3545 2800 eorumque
3570 2734 3758 2783 aucto-

499 2825 712 2881 ritatem
743 2826 834 2882 diu
863 2836 1065 2882 sartam
1098 2834 1402 2898 lectamque
1427 2827 1793 2884 conservavit.
1819 2826 1989 2898 Cujus
2017 2835 2075 2884 et
2099 2815 2418 2882 meritorum
2448 2823 2764 2894 magnitudo
2787 2837 2854 2878 ex
2883 2837 2949 2878 eo
2974 2822 3245 2893 colligitur
3265 2820 3407 2890 quod
3431 2819 3499 2874 ab
3518 2831 3592 2873 eo
3619 2829 3759 2872 tem-

496 2930 630 2984 pore
660 2916 776 2973 haec
821 2933 925 2972 una
955 2916 1244 2985 Cajetana,
1279 2925 1359 2973 tot
1401 2917 1677 2988 tantisque
1705 2917 1849 2973 sedis
1888 2917 2200 2988 apostolica:
2241 2922 2400 2970 aucta
2446 2912 2617 2969 titulis
2659 2921 2715 2969 et
2757 2912 3075 2979 honoribus,
3120 2919 3346 2967 caeteras
3392 2907 3505 2964 fere
3552 2907 3761 2983 Pisans:

483 3008 714 3080 :reipub.
758 3007 995 3065 familias
1035 3007 1388 3064 antccelluit:
1428 3015 1513 3064 ter
1539 3008 1708 3074 enim,
1740 3014 1801 3062 ut
1845 3006 1950 3062 alia
1995 3005 2443 3079 praetermittam,
2486 3001 2831 3058 cardinalitia
2873 3000 3132 3072 dignitate
3175 2996 3443 3069 perfulsit.
3481 2995 3650 3051 Porro
3691 3010 3760 3049 ex

497 3100 685 3155 eadem
718 3098 888 3155 multo
912 3106 1072 3155 antea
1098 3098 1327 3161 Romam
1362 3097 1466 3155 sibi
1495 3098 1727 3169 patriam
1755 3096 2025 3153 incolente
2060 3093 2347 3152 nonnullos
2378 3107 2650 3150 summum
2688 3090 3063 3164 pontificatum
3088 3088 3406 3153 obtinuisse,
3437 3093 3491 3139 et
3532 3084 3762 3141 diversis

500 3193 836 3263 temporibus
873 3192 1181 3264 complures
1205 3195 1274 3251 ad
1314 3192 1708 3252 cardinalatum
1739 3191 2074 3265 pervenisse,
2106 3201 2269 3262 atque
2295 3189 2460 3247 etiam
2491 3197 2601 3244 tam
2628 3187 2892 3244 Romana:
2920 3187 3132 3257 reipub.
3161 3198 3325 3254 quam
3361 3181 3669 3254 Campaniae
3706 3192 3762 3239 et

498 3283 820 3339 Patrimonii
846 3283 1180 3355 praefectura
1211 3284 1439 3340 donatos
1473 3298 1595 3339 esse
1621 3291 1857 3339 constat.
1898 3282 1958 3337 ln
1988 3281 2184 3351 quibus
2209 3279 2410 3349 Caietae
2444 3278 2610 3334 duces
2639 3293 2704 3332 ac
2733 3276 3067 3340 Fundorum,
3101 3273 3433 3344 comitesque
3461 3272 3760 3329 Ciccanen-

496 3372 659 3441 sium,
688 3381 851 3443 atque
867 3371 1104 3443 Signina,
1134 3386 1345 3427 necnon
1373 3379 1428 3428 et
1452 3369 1958 3442 Vicani-principes,
1990 3372 2160 3441 ipsius
2189 3372 2365 3442 gentis
2391 3369 2625 3434 soboles,
2654 3367 3008 3436 complurium
3047 3365 3326 3420 civitatum
3357 3372 3412 3418 et
3437 3364 3760 3433 oppidorum

496 3472 757 3535 perpetuo
779 3462 903 3535 jure
946 3461 1306 3535 fruebantur:
1338 3463 1503 3534 idque
1537 3462 1881 3535 potissimum
1914 3461 2200 3518 Leonardo
2225 3462 2473 3529 Aretino,
2504 3462 2622 3515 viro
2661 3458 3005 3530 gravissimo,
3032 3470 3155 3513 cum
3187 3455 3414 3511 vetustis
3436 3453 3756 3522 Annalibus,

432 3551 439 3555 ’
496 3556 640 3627 quod
665 3571 765 3626 pro
795 3553 1056 3610 Romanis
1079 3553 1428 3627 pontificibus
1465 3553 1894 3623 quamplurimas
1924 3552 2136 3609 labores
2163 3552 2451 3618 subierint,
2480 3548 2879 3605 attestantibus.

571 3648 769 3706 Verum
804 3646 920 3717 jam
951 3646 1026 3701 nil
1055 3645 1285 3717 amplius
1313 3645 1422 3702 tuis
1448 3646 1884 3702 antecessoribus
1913 3644 2111 3700 collata
2139 3644 2399 3715 obsequia
2430 3655 2885 3707 commemorans,
2918 3638 3185 3711 propitius
3216 3646 3337 3693 tuas
3377 3636 3445 3694 ad
3475 3650 3563 3692 res
3599 3650 3757 3692 acce-

497 3745 642 3804 dam,
671 3754 778 3810 quo
806 3746 950 3792 tuam
978 3736 1032 3791 in
1052 3751 1137 3790 me
1162 3737 1390 3806 gratiam
1418 3750 1693 3806 nunquam
1723 3736 2089 3799 minuendam,
2121 3735 2229 3790 imo
2255 3735 2426 3805 magis
2447 3732 2745 3805 augendam
2770 3730 2885 3787 fore
2911 3731 3144 3787 confido.
3172 3728 3416 3811 Noveris,
3444 3727 3757 3784 beatissime

497 3835 680 3899 Pater,
714 3831 1031 3888 Ursinorum
1062 3828 1325 3885 familiam
1352 3844 1549 3901 genere
1574 3839 1631 3886 et
1654 3830 1814 3886 rebus
1846 3830 2014 3901 gestis
2046 3829 2460 3894 nobilissimam,
2490 3842 2588 3898 pro
2617 3834 2813 3881 tuenda
2835 3825 3147 3896 pontificum
3174 3825 3422 3882 libertate
3448 3838 3600 3879 suam
3630 3834 3753 3877 cum

496 3941 632 3981 mete
660 3925 838 3997 gentis
864 3938 967 3995 ope
993 3931 1048 3978 et
1076 3922 1276 3977 virtute
1306 3931 1618 3989 strenuam,
1646 3932 1705 3977 ut
1744 3938 1846 3993 pro
1875 3930 2060 3978 sancta
2090 3923 2217 3978 sede
2252 3935 2595 3977 communem
2637 3918 2859 3988 periculi
2888 3927 2945 3972 et
2970 3917 3170 3972 laboris
3212 3916 3435 3988 gloriam
3470 3926 3753 3983 compara-

495 4027 643 4083 rent,
681 4017 839 4073 fidem
874 4024 929 4071 et
962 4014 1128 4069 robur
1155 4012 1502 4083 conjunxisse
1533 4031 1545 4067 :
1577 4022 1740 4083 atque
1764 4021 1824 4068 ut
1855 4014 1995 4068 lianc
2033 4011 2251 4082 pietatis
2287 4024 2352 4065 ac
2378 4009 2592 4065 virtutis
2618 4007 2961 4064 concordiam
3005 4016 3210 4061 natura:
3238 4005 3443 4059 viribus
3462 4001 3756 4058 confirma-

498 4117 643 4174 rent,
673 4106 875 4162 mutuis
902 4103 1235 4160 matrimonii
1282 4103 1511 4159 nexibus
1538 4116 1910 4172 saepenumero
1934 4100 2236 4171 colligasse.
2266 4099 2403 4154 llinc
2429 4112 2561 4154 vero
2598 4096 2680 4152 hac
2708 4097 2827 4152 dute
2854 4095 3050 4166 plantae
3091 4094 3192 4149 sibi
3232 4093 3461 4148 invicem
3496 4090 3669 4145 insitae
3701 4097 3759 4145 et

499 4191 1078 4266 conneize,'Cajetana:
1107 4196 1271 4252 simul
1310 4204 1366 4252 ct
1393 4193 1604 4252 Ursinae
1645 4194 1821 4267 gentis
1860 4194 2202 4264 splendorem
2249 4206 2553 4262 nomenque
2584 4190 2747 4245 edere
2783 4188 3148 4257 inceperunt,
3182 4185 3324 4238 inter
3349 4198 3469 4252 qua:
3495 4183 3575 4251 (ut
3610 4195 3755 4236 nunc

500 4289 566 4344 de
596 4288 827 4359 posteris
854 4285 1129 4354 Cajetanis
1159 4282 1390 4355 taceam)
1414 4282 1655 4340 Joannes
1696 4281 1790 4338 ille
1815 4282 2056 4348 exstitit,
2082 4279 2244 4337 Urbis
2272 4288 2491 4336 senator
2517 4277 2904 4349 amplissimus,
2947 4276 3049 4328 etsi
3093 4282 3246 4342 patre
3276 4270 3467 4325 Ursino
3503 4277 3681 4334 natus,
3722 4284 3755 4324 a

502 4396 676 4440 matre
705 4392 882 4438 tamen
914 4380 1087 4436 Perna
1115 4380 1314 4450 Cajetae
1342 4377 1561 4440 ducum,
1590 4385 1645 4432 et
1671 4374 1874 4431 Gelasii
1918 4374 1961 4430 ll
1998 4373 2205 4442 gentili,
2243 4373 2538 4442 Cajetanus
2580 4368 2837 4439 appellari
2883 4367 3068 4429 voluit,
3108 4378 3267 4450 quem
3307 4363 3468 4417 etiam
3499 4362 3758 4450 sequitur

500 4474 741 4531 Joannes
772 4472 910 4526 alter
934 4448 1248 4538 Cajetanus,
1290 4468 1473 4538 magni
1512 4465 1753 4521 Mattltmi
1782 4462 1964 4518 Ursini
2003 4462 2367 4516 Romanorum
2398 4457 2689 4521 senatoris,
2713 4464 2770 4510 et
2797 4454 2985 4508 Pcrnae
3008 4450 3183 4522 gentis
3210 4449 3448 4518 ejusdem
3486 4448 3757 4517 Cajetame

504 4569 670 4634 illius,
697 4566 788 4638 qui
820 4564 999 4622 divina
1030 4564 1260 4634 quadam
1289 4575 1499 4619 morum
1529 4558 1707 4613 indole
1731 4554 1983 4612 Nicolaus
2010 4553 2077 4608 lll
2104 4554 2157 4608 in
2185 4552 2502 4622 pontificatu
2530 4545 2774 4602 sublimis
2802 4543 3044 4638 emicuit.
3062 4540 3424 4638 boniquetut
3451 4539 3602 4609 plura
3635 4553 3757 4608 qua:

500 4631 900 4731 generis-lngus
929 4631 1239 4729 suppetunt,
1268 4651 1515 4724 exempla
1542 4658 1891 4721 praeteream,
1924 4645 2251 4717 Neapoleoni
2282 4642 2541 4714 Cajetano
2571 4640 2810 4712 ejusdem
2841 4636 3023 4708 magni
3060 4632 3296 4688 Mattlnei
3325 4631 3454 4697 filio,
3491 4640 3757 4701 quotquot

506 4751 667 4807 hodie
697 4760 984 4820 supersunt
1014 4765 1081 4804 ex
1115 4747 1326 4804 Ursinis
1354 4744 1645 4815 principes,
1673 4741 1938 4813 originem
1966 4754 2119 4795 suam
2150 4737 2354 4793 referre
2372 4737 2601 4791 debent.
2641 4786 2644 4789 ,
2700 4780 2701 4783 η

576 4815 972 4908 Quamobrem,
1009 4830 1349 4894 sanctissime
1387 4836 1571 4897 Pater.
1613 4849 1736 4890 cum
1773 4848 1838 4888 ex
1875 4831 2223 4887 Beuedietina
2251 4828 2539 4900 religione,
2575 4836 2632 4882 et
2658 4826 2792 4881 meis
2821 4822 3115 4894 majoribus
3140 4828 3309 4876 totum
3335 4834 3421 4874 me
3445 4815 3756 4908 apostolicze

506 4903 651 4990 sedis
676 4931 1020 5003 agnoverint,
1055 4929 1305 4985 eumdem
1335 4942 1422 4983 me
1452 4926 1548 4983 tibi
1577 4925 1742 4980 etiam
1770 4921 2030 4994 singulari
2066 4918 2422 4977 beneficentia
2465 4924 2576 4970 tam
2619 4923 2771 4970 arcte
2814 4910 3131 4976 devinxisti,
3173 4917 3230 4962 ut
3273 4923 3371 4977 pro
3418 4905 3650 4960 nominis
3679 4903 3754 5002 tui
