4080 5346
1675 347 2214 407 PROLEGOMENA.
2343 405 2346 408 ,
2400 402 2412 414 ,
2447 410 2455 414 _
2488 405 2494 408 _
3435 353 3501 407 Η

2397 410 2455 454 id:
2482 425 2493 453 ὰ

609 553 3524 580 ῂ--ψ--ῌ-Μ

1106 738 1787 857 CAJETANI
1880 738 2670 855 ΡΒᾸΕἘΑΤΙΟ.

362 1115 496 1167 Cum
525 1113 632 1169 duo
659 1111 996 1184 potissimum
1040 1111 1168 1174 sint,
1216 1109 1454 1167 studiose
1499 1118 1712 1175 Lector,
1743 1121 1863 1179 quae
1890 1107 1940 1170 Α
2035 1106 2092 1162 ln
2123 1105 2313 1176 primis
2342 1104 2667 1163 sanctissimi
2711 1108 2810 1164 viri
2846 1108 3019 1180 patria
3050 1108 3306 1166 Ravenna
3339 1127 3432 1166 sua
3473 1111 3526 1166 in

289 1207 434 1258 sacri
479 1204 716 1259 doctoris
757 1204 956 1275 scripta
1001 1203 1263 1259 extollere
1311 1216 1377 1257 ac
1423 1200 1699 1256 illustrare
1741 1215 1866 1270 pos-

291 1306 453 1348 sunt:
485 1294 716 1350 alterum
735 1295 860 1349 vitae
890 1295 1195 1350 innocentia
1220 1303 1274 1349 et
1299 1293 1602 1362 integritas,
1632 1291 1863 1348 alterum

288 1387 551 1442 doctrina:
580 1388 893 1443 orthodoxae,
923 1388 1055 1442 fides
1084 1397 1140 1442 et
1179 1386 1504 1449 auctoritas;
1539 1401 1644 1440 non
1678 1385 1865 1440 dubito

287 1477 420 1545 quin
469 1477 524 1531 in
571 1477 735 1531 Petro
784 1476 1062 1542 Damiani,
1111 1476 1369 1532 cardiuali
1419 1475 1764 1531 sanctissimo
1809 1483 1865 1530 et

291 1567 645 1631 doctissimo,
699 1576 988 1636 utrumque
1045 1567 1309 1635 reperias.
1360 1565 1418 1621 Si
1470 1567 1637 1621 vitam
1687 1565 1858 1630 illius,

289 1671 455 1724 quam
501 1657 553 1710 in
587 1657 746 1712 terris
775 1657 904 1727 egit,
946 1656 1199 1727 aSpicias,
1246 1655 1522 1712 caelestem
1560 1670 1780 1724 prorsus
1808 1663 1866 1710 et

291 1747 591 1816 angelicam
642 1747 877 1812 dixeris,
920 1749 1244 1817 dignamque
1294 1747 1415 1802 ideo
1471 1762 1576 1815 qua
1621 1745 1866 1800 Ecclesia

286 1836 404 1890 haec
448 1837 686 1890 militans
716 1837 782 1891 ad
821 1838 906 1891 sui
952 1837 1210 1906 temporis
1254 1836 1545 1891 evertenda
1578 1835 1732 1900 vitia,
1775 1850 1862 1890 er-

285 1939 442 1979 rores
471 1925 838 1989 debellandos,
881 1926 1109 1979 virtutes
1139 1923 1518 1987 exstruendas,
1549 1937 1730 1977 mores
1773 1923 1860 1976 in-

280 2017 612 2071 staurandos
636 2015 924 2071 frueretur.
957 2016 1173 2071 Etenim
1204 2029 1393 2070 omnes
1422 2013 1513 2084 qui
1545 2013 1722 2081 ipsum
1749 2011 1862 2066 elo-

284 2106 439 2174 quio,
471 2119 636 2174 opere
665 2114 718 2158 et
764 2103 1010 2172 exemplo
1052 2103 1297 2159 miranda
1326 2102 1508 2156 dicere
1550 2109 1604 2155 et
1644 2107 1859 2170 patrare

283 2193 555 2258 viderant,
591 2193 682 2262 qui
727 2193 844 2263 ejus
873 2191 1246 2247 admirabilem
1289 2205 1417 2262 erga
1449 2191 1615 2245 Deum
1657 2203 1723 2244 ac
1755 2189 1856 2244 bo-

283 2284 463 2337 mines
493 2283 772 2352 pietatem,
807 2283 1178 2338 incredibilem
1211 2281 1528 2351 sapientiam
1549 2321 1562 2343 ,
1593 2295 1713 2334 cum
1756 2293 1854 2347 po-

283 2375 458 2427 tentia
508 2374 944 2439 submissionem,
985 2389 1108 2429 cum
1149 2374 1343 2443 opibus
1373 2387 1435 2427 ac
1474 2371 1676 2425 divitiis
1706 2369 1858 2425 abdi-

1965 1191 2184 1252 civitate
2210 1198 2565 1266 universaque
2607 1197 2822 1252 dimcesi
2859 1197 3005 1258 illum
3051 1198 3343 1254 inviolabili
3390 1199 3528 1255 festo

1965 1287 2276 1358 duplicique
2301 1287 2474 1343 ofﬁcio
2500 1287 2860 1342 concelebrat.

2036 1375 2238 1430 Deinde
2264 1376 2544 1439 Faventia,
2572 1377 2658 1430 ubi
2687 1378 2820 1431 obiit
2849 1388 2903 1430 et
2937 1392 3149 1432 sacrum
3180 1380 3258 1433 sui
3289 1381 3531 1450 corporis

1963 1467 2191 1538 spolium
2237 1468 2543 1538 dereliquit,
2583 1483 2647 1523 ex
2677 1484 2743 1523 eo
2781 1470 2892 1538 jam
2943 1480 3181 1540 tempore
3212 1488 3318 1541 quo
3348 1474 3529 1544 singu-

1961 1556 2064 1612 lari
2090 1555 2250 1625 hujus
2275 1559 2444 1611 sancti
2473 1558 2772 1627 patrocinio
2797 1555 3070 1612 Gallorum
3096 1562 3373 1617 obsidione
3395 1563 3531 1617 libe-

1962 1655 2081 1700 rata
2113 1647 2234 1711 fuit,
2266 1646 2439 1714 ipsum
2467 1647 2716 1702 eumdem
2748 1647 2931 1717 (quem
2964 1649 3076 1702 suis
3103 1667 3266 1705 unum
3299 1667 3363 1706 ex
3392 1669 3530 1722 qua-

1962 1742 2084 1789 tuor
2112 1735 2512 1804 protectoribus
2536 1736 2704 1791 multo
2732 1747 2888 1793 antea
2915 1741 3244 1810 susceperat)
3277 1741 3532 1796 anniver-

1961 1825 2107 1879 sario
2133 1841 2257 1880 cum
2289 1825 2462 1881 tribus
2489 1823 2609 1882 aliis
2644 1827 2781 1882 festo
2813 1829 3103 1884 inviolabili
3135 1826 3409 1887 celebrare
3439 1835 3530 1888 de-

1960 1913 2132 1968 crevit
2161 1931 2172 1966 :
2203 1921 2363 1983 atque
2387 1913 2576 1969 eadem
2604 1915 2915 1971 celebritate
2941 1926 2994 1972 et
3022 1916 3194 1973 officio
3217 1930 3528 1986 veneratur,

1960 2003 2046 2057 die
2077 2018 2269 2074 nempe
2299 2004 2371 2058 Ἡ
2410 2004 2724 2072 Februarii;
2763 2008 2853 2076 qui
2885 2017 3083 2074 tamen,
3125 2011 3266 2079 quod
3294 2006 3435 2066 festo
3464 2012 3523 2067 S.

1958 2091 2108 2146 Petri
2149 2092 2502 2149 Antiochcnm
2546 2096 2816 2152 cathedra:
2857 2108 3172 2166 occupatur,
3216 2115 3429 2170 semper
3474 2103 3526 2158 in

1957 2191 2272 2252 sequentem
2306 2180 2650 2242 transfertur.
2693 2187 2810 2256 Quo
2837 2189 2924 2244 die
2970 2206 3090 2244 cum
3137 2192 3529 2264 clerorcligiog

1959 2288 2249 2344 serumque
2279 2276 2557 2333 ordinibus
2603 2289 2657 2333 et
2698 2281 3112 2351 magistratuum
3153 2285 3409 2339 comitatu
3458 2289 3527 2342 ab

1956 2359 2196 2418 Ecclesia
2240 2362 2422 2434 Majori
2452 2382 2623 2436 usque
2658 2370 2724 2423 ad
2752 2371 2917 2425 tndem
2947 2371 3005 2427 S.
3039 2369 3220 2426 Maria:
3250 2375 3314 2428 de
3347 2377 3529 2446 Auge-

282 2468 582 2531 cationem,
610 2482 730 2520 cum
759 2466 942 2522 fomite
965 2466 1253 2534 carnisque
1280 2463 1534 2518 illecebra
1564 2463 1852 2534 puritatem

1958 2449 2042 2517 lis,
2070 2452 2160 2508 ubi
2183 2454 2484 2524 depositum
2513 2459 2596 2511 est
2619 2473 2834 2528 corpus,
2865 2459 3176 2516 solemniter
3191 2465 3526 2534 proceditur.

279 2558 632 2626 conjunctam
680 2566 1034 2628 agnoverunt,
1088 2557 1302 2611 beatum
1351 2569 1462 2608 uno
1517 2569 1612 2609 ore
1663 2554 1856 2623 pracdi-

283 2658 495 2712 cantes,
523 2657 683 2717 atque
711 2651 993 2717 quemdam
1024 2647 1136 2701 fere
1175 2646 1423 2717 angelum
1459 2645 1762 2709 credentes,
1789 2660 1856 2699 ex

281 2752 519 2807 quanam
563 2753 811 2808 suprema
854 2737 1160 2792 bierarchia
1203 2736 1422 2807 spiritus
1455 2736 1556 2790 ts‘te
1598 2735 1652 2789 in
1684 2743 1858 2790 terras

281 2828 646 2893 descenderit,
686 2828 981 2898 dijudicare
1011 2843 1116 2882 non
1146 2834 1412 2897 poterant.
1440 2821 1506 2880 Si
1535 2825 1676 2896 vulgi
1706 2841 1856 2880 com-

278 2920 433 2973 muni
461 2919 718 2988 opinione
745 2928 802 2974 et
843 2918 1117 2989 praeconio
1145 2916 1327 2970 nescio
1353 2915 1480 2984 quid
1521 2915 1767 2970 veritatis
1793 2931 1857 2971 ac

280 3010 522 3063 numinis
541 3010 868 3071 continetur,
897 3008 1026 3078 quid
1053 3006 1344 3077 gloriosius
1362 3014 1417 3060 et
1441 3005 1674 3061 divinius
1694 3021 1854 3076 quam

281 3101 442 3155 unius
471 3100 619 3155 vices
662 3100 754 3154 Dei
797 3099 1035 3170 gerentis
1067 3098 1119 3151 in
1153 3096 1314 3152 terris
1357 3096 1668 3150 testimonio
1710 3111 1857 3151 com-

278 3188 563 3243 mendari?
602 3188 906 3243 Alexander
947 3200 1178 3255 namque.
1227 3184 1497 3240 secundus
1535 3183 1852 3239 Damianum

279 3279 578 3346 viventem,
626 3295 780 3334 suum
810 3278 1025 3334 oculum
1060 3287 1115 3332 ct
1149 3275 1422 3331 immobile
1453 3275 1598 3330 sedis
1627 3275 1851 3347 Aposto-

283 3368 399 3426 licze
427 3370 826 3426 firmamentum
856 3385 952 3440 per
991 3368 1203 3424 iitter-as
1219 3364 1531 3438 appellavit.
1566 3367 1707 3422 Vere
1735 3368 1856 3436 qui-

281 3458 401 3514 dem
428 3461 640 3525 oculus,
665 3475 792 3514 vere
815 3459 1069 3515 Ecclesia:
1092 3458 1487 3512 lirmameutum
1524 3455 1611 3511 ille
1637 3456 1850 3522 dicitur,

286 3553 338 3606 in
371 3567 476 3621 quo
521 3552 683 3606 veluti
729 3552 782 3605 in
817 3552 1158 3606 firmamento
1180 3550 1406 3620 justitim
1436 3548 1738 3604 immortale
1769 3548 1851 3602 lu-

289 3658 428 3705 men,
464 3652 525 3695 et
564 3641 671 3694 lixa
704 3641 944 3694 omnium
988 3641 1248 3694 virtutum
1293 3641 1470 3694 sidera
1518 3639 1847 3705 relucebant,

285 3747 398 3803 qum
427 3747 664 3802 purpura
697 3733 844 3788 illum
875 3733 1048 3802 magis
1085 3723 1402 3801 pretiosum,
1429 3720 1651 3800 'Dcoque
1675 3739 1728 3785 et
1753 3731 1849 3785 ho-

2025 2539 2293 2600 Praeterea
2342 2547 2567 2618 singulis
2603 2548 2714 2604 fere
2756 2553 2934 2617 annis,
2977 2554 3172 2622 quibus
3211 2556 3344 2609 ordo
3370 2556 3529 2614 oliicii

1957 2634 2218 2690 recitandi
2244 2635 2567 2702 excluditur,
2599 2639 2652 2692 in
2677 2654 2743 2694 eo
2763 2655 2860 2710 per
2881 2643 2995 2697 haec
3021 2645 3180 2699 verba
3209 2648 3486 2714 reponitur
3510 2663 3525 2701 :

1967 2721 2220 2778 Vicesima
2263 2727 2417 2778 tertia
2458 2727 2543 2780 die
2583 2726 2886 2795 Februarii,
2935 2728 3082 2784 Petri
3126 2732 3376 2788 Damiani
3423 2739 3530 2806 epi-

1956 2816 2096 2884 scopi
2143 2825 2192 2870 et
2234 2817 2545 2885 confessoris
2586 2818 2818 2876 Rarenn.
2875 2821 3023 2891 dupl.
3078 2825 3178 2892 [uit
3229 2826 3358 2880 heri.
3412 2827 3529 2893 Quo

1954 2907 2119 2962 etiam
2166 2909 2356 2964 ordine
2399 2925 2522 2964 cum
2571 2913 2773 2966 sanctis
2815 2906 3082 2982 episcopis
3127 2915 3530 2974 confessoribus

1955 2998 2183 3066 aliisque
2209 2999 2483 3057 caelitibus
2508 3001 2576 3056 ab
2608 3002 2844 3070 antiquis
2873 3004 3204 3072 temporibus
3235 3008 3284 3059 in
3310 3006 3527 3063 Litania

1952 3087 2159 3156 positus
2187 3089 2466 3143 invocatus
2495 3097 2597 3144 est.
2626 3090 2804 3159 Atque
2830 3101 2886 3146 et
2927 3093 2981 3145 in
3022 3095 3402 3150 vetustissimis
3430 3113 3526 3152 ea-

1953 3178 2222 3243 rumdem,
2247 3179 2580 3235 Ravennatis
2622 3181 2890 3250 praecipue
2917 3197 2982 3236 ac
3008 3183 3317 3241 Paventium
3345 3187 3530 3244 Eccle-

1953 3267 2154 3324 siarum
2209 3271 2438 3338 tabulis,
2493 3273 2966 3344 monumentisque
3019 3275 3266 3332 Damiani
3325 3295 3525 3338 nomen

1955 3360 2096 3414 inter
2136 3370 2351 3417 sanctos
2385 3371 2648 3434 perpetuo
2685 3375 3134 3422 connumeratum
3163 3371 3349 3438 fuisse,
3378 3387 3528 3429 com-

1952 3459 2163 3522 pertum
2187 3453 2351 3508 etiam
2381 3454 2577 3510 habeo.

2023 3541 2194 3613 llujus
2223 3558 2438 3614 quoque
2466 3547 2635 3602 nostri
2667 3548 2967 3606 beatissimi
3004 3551 3239 3609 doctoris
3269 3558 3527 3612 sanctita-

1954 3639 2062 3686 tem
2084 3636 2430 3690 commendat
2463 3639 2702 3694 tumulus
2733 3650 2860 3696 aute
2904 3651 3176 3700 trecentos
3215 3645 3326 3701 fere
3353 3664 3526 3704 annos

1952 3721 2180 3777 candido
2226 3740 2291 3779 ex
2321 3741 2614 3793 marmore,
2661 3729 2780 3785 loco
2807 3740 2928 3802 post
2956 3732 3131 3801 majus
3181 3735 3348 3794 altare
3379 3740 3525 3794 edito

282 3822 518 3881 minibus
563 3825 910 3897 spectabilem
961 3824 1309 3879 exhibebant,
1359 3821 1658 3877 Lucernam
1703 3818 1847 3876 hanc
1875 3805 1919 3866 C
1949 3812 2248 3868 et‘sublimi
2275 3823 2648 3883 constructus,
2693 3817 2998 3886 hujusnzodi
3039 3821 3182 3876 inter
3212 3824 3312 3878 alia
3343 3827 3524 3881 verbis

283 3917 510 3972 lucidam
535 3926 590 3973 et
619 3919 926 3982 ardentem,
948 3932 1069 3987 quae
1099 3916 1152 3970 in
1181 3914 1542 3969 Benedictina:
1573 3912 1847 3981 religionis

279 4009 464 4062 modio
492 4008 707 4063 latitare
736 4017 790 4063 et
817 4008 1073 4063 abscondi
1105 4014 1354 4060 contenta
1383 4012 1518 4068 erat,
1549 4003 1690 4058 Deus
1720 4002 1843 4072 Opt.

285 4097 424 4151 Max.
455 4099 518 4152 ab
538 4097 755 4153 excelso
797 4096 978 4166 gloria:
1002 4110 1113 4151 suae
1153 4095 1290 4150 solio
1318 4094 1634 4163 respiciens,
1668 4093 1719 4146 in
1749 4092 1844 4147 Ec

285 4185 457 4239 clesizc
485 4201 592 4240 suae
621 4186 967 4250 candelabro,
1010 4184 1129 4239 loco
1159 4183 1303 4238 edito
1347 4191 1404 4237 et
1448 4181 1707 4235 eminenti
1736 4181 1848 4235 col-

281 4274 507 4341 locavit;
549 4277 693 4330 unde
733 4276 1017 4345 conspicua
1046 4274 1423 4329 miraculorum
1454 4277 1509 4326 et
1542 4271 1847 4326 sanctitatis

279 4363 398 4417 luce
447 4365 792 4428 claresceret,
841 4374 1000 4434 atque
1043 4366 1116 4419 ita
1161 4363 1275 4419 sedi
1322 4361 1628 4433 apostolica:
1673 4361 1848 4416 subsi-

280 4457 452 4522 dium,
497 4459 804 4528 purpuratis
847 4458 1174 4528 exemplum,
1223 4455 1529 4525 pastoribus
1580 4455 1844 4526 regulam,

282 4546 498 4599 tandem
554 4547 692 4600 viam
745 4547 954 4602 caeteris
1001 4547 1294 4600 salutarem
1343 4545 1696 4599 ministraret.
1746 4544 1846 4600 Hic

277 4633 476 4689 Petrus
497 4635 737 4690 Damiani
773 4636 997 4699 eXstitit,
1024 4635 1218 4690 Lector
1247 4634 1655 4700 humanissime,
1683 4649 1845 4705 quem

275 4723 324 4776 si
347 4725 614 4778 viventem
644 4725 897 4794 populum
941 4726 1058 4794 ejus
1095 4724 1333 4778 cmlestis
1362 4723 1619 4779 doctrinae
1649 4724 1846 4792 pabulo

279 4823 577 4872 recreatus.
622 4814 895 4868 miraculis
935 4814 1286 4884 stupefactus,
1327 4814 1555 4883 vitaeque
1596 4813 1845 4883 exemplo

279 4903 650 4968 confirmatus,
673 4913 917 4960 sanciunt
941 4917 994 4960 et
1019 4907 1233 4960 beatum
1263 4905 1590 4974 praedicavit,
1620 4913 1674 4959 et
1698 4920 1843 4960 sum-

280 5009 401 5048 mus
425 4994 662 5062 pontifex
701 4995 794 5049 tali
819 4997 1089 5062 eumdem,
1119 5006 1177 5050 ut
1213 4996 1412 5062 vidisti,
1444 4997 1692 5052 encomio
1724 4995 1839 5050 illu-

279 5085 491 5149 stravit,
527 5087 655 5140 nihil
686 5096 768 5142 est
793 5091 932 5158 quod
962 5091 1028 5144 de
1068 5089 1308 5157 ejusdem
1337 5097 1455 5161 post
1482 5088 1688 5144 obitum
1716 5104 1837 5144 san-

1949 3905 2003 3959 in
2055 3920 2329 3963 marmore
2372 3909 2611 3966 incisis:
2659 3912 2724 3966 Α.
2767 3913 2835 3968 D.
2890 3912 3246 3984 MCCCLIII,
3292 3921 3374 3974 die
3426 3940 3522 3979 xm

1947 3998 2142 4069 Aprilis
2171 3999 2484 4056 translatum
2533 4002 2632 4072 fuit
2678 4021 2866 4076 corpus
2897 4005 2955 4062 S.
3000 4006 3149 4062 Petri
3185 4011 3434 4069 Damiani
3469 4018 3524 4069 in

1946 4099 2130 4144 sancta
2179 4093 2437 4162 scriptura
2494 4095 2694 4149 doctor.
2752 4107 2800 4151 et
2847 4096 3104 4155 Ostiensis
3157 4104 3404 4172 episcopi,
3456 4125 3520 4160 ac

1947 4187 2115 4248 apost.
2164 4183 2273 4235 sed.
2318 4182 2492 4253 legati.
2541 4185 2742 4244 Ibidem
2793 4189 2960 4243 etiam
3003 4209 3014 4242 :
3063 4190 3208 4246 Obiit
3255 4198 3522 4262 confessor

1947 4267 2142 4321 Christi
2173 4269 2364 4322 Petrus
2397 4271 2668 4336 Damiani,
2705 4273 2960 4329 Ostiensis
2988 4281 3279 4348 episcopus,
3310 4291 3356 4333 ct
3388 4283 3520 4336 Car—

1946 4356 2138 4412 dinalis
2167 4359 2548 4426 sanctissimus,
2579 4373 2675 4422 vut
2718 4361 2845 4418 Kal.
2892 4363 3094 4419 Martii.
3137 4366 3305 4432 Quem
3339 4377 3521 4427 tumu-

1946 4446 2079 4516 lum,
2111 4450 2358 4518 quamvis
2380 4451 2838 4524 antiquissimum,
2881 4453 2999 4523 pius
3026 4454 3114 4511 ille
3144 4459 3370 4526 populus
3396 4463 3517 4518 viva

1948 4553 2012 4594 ac
2038 4539 2243 4595 recenti
2275 4539 2533 4612 religione
2559 4543 2710 4608 colit,
2752 4545 3027 4600 osculatur
3054 4555 3109 4600 et
3149 4551 3516 4618 amplectitur,

1945 4629 2166 4698 suisque
2195 4630 2251 4685 in
2281 4625 2442 4686 rebus
2472 4647 2711 4701 praesens
2746 4636 3024 4706 experitur
3051 4639 3328 4694 auxilium.
3365 4643 3517 4698 Unde

1946 4733 2053 4772 non
2085 4718 2355 4774 immerito
2383 4723 2578 4778 votivis
2607 4723 2817 4778 tabellis
2858 4727 3206 4797 donariisque
3241 4737 3516 4801 appcnsis,

1945 4824 2010 4863 ac
2066 4811 2311 4864 accensis
2359 4809 2655 4869 luminibus
2713 4817 3020 4871 nobilitant.
3078 4817 3296 4876 Necnon
3357 4835 3410 4878 ct
3462 4827 3514 4880 in

1947 4899 2119 4955 sancti
2156 4899 2312 4969 hujus
2359 4901 2460 4956 viri
2503 4903 2842 4970 celebritate,
2874 4908 2990 4977 ejus
3020 4905 3239 4975 effigies,
3273 4926 3390 4980 qua:
3435 4923 3518 4968 tu-

1945 4989 2092 5045 mulo
2126 4989 2373 5056 inhmret,
2421 4994 2678 5062 pastorali
2720 4994 2962 5050 induitur
3000 5009 3318 5054 ornamento
3349 5019 3518 5071 popu-

1947 5085 2091 5153 lique
2137 5078 2439 5147 £requcntia
2479 5084 2749 5138 visitatur.
2798 5085 2924 5142 llmc
2963 5087 3144 5141 omnia
3195 5092 3520 5148 authenticis

278 5177 472 5229 ctitate
500 5179 727 5244 dubites,
771 5156 928 5251 atque
969 5156 1130 5238 etiam
1163 5197 1268 5252 quo
1311 5156 1470 5252 p‘acto
1499 5189 1555 5234 et
1594 5188 1834 5252 tempore
1864 5156 1919 5215 D
1949 5173 2182 5245 praefata:
2208 5172 2493 5245 utriusque
2531 5170 2774 5226 ecclesiae
2823 5190 2888 5230 ac
2929 5173 3161 5230 civitatis
3201 5175 3523 5236 testimoniis

275 5264 474 5318 Petrus
516 5266 750 5322 Damiani
799 5271 849 5324 in
894 5280 1201 5327 sanctorum
1243 5285 1527 5325 numerum
1568 5271 1832 5342 ascriptus

1947 5266 2013 5320 ad
2043 5279 2133 5319 me
2161 5267 2499 5320 transmissis
2527 5262 2923 5322 confirmantur
