4106 6310
554 443 622 500 εδ
1254 443 1344 498 AD
1384 442 1442 496 S.
1483 438 1690 495 PETRI
1729 435 2011 495 DAMIANI
2051 434 2200 492 OPP.
2244 435 2486 492 TOMUM
2529 437 2660 493 SEU
2697 439 2976 495 PARTEM
3015 441 3097 496 Ill.
3740 444 3802 496 l6

553 567 700 622 met,
748 556 963 627 lpsimet
1011 552 1302 618 monachi,
1353 553 1444 621 qui
1483 567 1597 606 rem
1639 558 1806 605 totam
1853 548 2479 610 cunosiusAcumenta
2523 551 2772 615 noverit,
2809 566 2874 606 ex
2906 553 3102 621 quibus
3149 561 3402 621 tanquam
3449 567 3514 608 ex
3563 552 3802 612 fontibus

551 647 934 716 inspexerunt,
965 641 1266 706 aﬂirmant,
1317 641 1565 696 eumdem
1610 640 1704 694 Dei
1749 639 1924 693 virum
1955 653 2122 708 parva

552 750 672 792 esse
696 735 942 803 corporis
971 741 1181 787 statura
1209 748 1222 785 :
1253 745 1528 800 unumque
1571 731 1639 785 ab
1670 743 1735 785 eo
1759 739 1886 784 tunc
1914 728 1992 784 illi
2023 730 2122 784 ab-

549 834 796 879 straxere
833 822 1156 885 brachium,
1203 829 1259 875 ut
1309 821 1412 875 hoc
1463 835 1587 876 cum
1641 818 1763 874 aliis
1808 826 2120 874 sanctorum

551 915 798 984 reliquiis
830 915 895 968 ad
919 912 1180 968 festorum
1212 912 1473 968 solemnia
1504 911 1661 966 altari
1694 911 1902 982 majori,
1933 927 2122 982 quem-

548 1003 836 1058 admodum
870 1006 922 1057 in
967 1003 1107 1058 hanc
1139 1017 1310 1072 usque
1337 1001 1480 1058 diem
1539 1011 1798 1056 consuete
1851 1009 2118 1065 servatur,

547 1101 900 1164 exponerent.
2033 1157 2036 1160 ῃ

619 1187 816 1243 Ultimo
851 1185 1059 1241 accedit
1084 1193 1328 1241 veterum
1372 1200 1436 1240 ac
1480 1184 1847 1242 recentiorum
1880 1185 2120 1240 auctori-

547 1285 649 1344 tas,
678 1279 768 1348 qui
792 1278 1009 1333 Petrum
1038 1278 1182 1333 hunc
1229 1288 1476 1333 nostrum
1515 1279 1820 1334 sanctitatis
1842 1288 1897 1334 et
1925 1279 2122 1336 doctri-

545 1385 628 1425 na:
656 1369 812 1426 laude
839 1369 1189 1440 conspicuum
1213 1370 1486 1440 appellare
1515 1385 1620 1424 non
1651 1369 1921 1435 dubitant,
1947 1369 2039 1440 qui
2067 1377 2123 1426 et

546 1458 757 1527 quoties
801 1458 948 1512 illius
997 1458 1321 1513 sententiam
1365 1458 1477 1514 suis
1523 1458 1764 1513 inserere
1811 1458 2030 1526 scriptis
2066 1466 2122 1515 et

544 1547 896 1602 concionibus
937 1546 1155 1612 volunt,
1187 1547 1434 1603 eumdem
1465 1562 1530 1603 eo
1575 1547 1748 1603 sancti
1790 1547 1948 1602 titulo
1981 1562 2122 1617 pra:-

544 1635 810 1690 muniunt.
842 1636 970 1702 Quae
997 1636 1176 1690 omnia
1206 1635 1252 1690 si
1297 1636 1478 1691 minus
1504 1635 1750 1691 sullicere
1794 1634 2082 1690 videantur
2103 1676 2118 1702 ,

542 1727 730 1782 eadem
755 1726 1106 1782 dubitationis
1124 1728 1263 1784 ratio
1283 1727 1468 1783 multis
1489 1729 1541 1783 in
1569 1729 1772 1784 sanctis
1795 1729 2118 1800 insurgeret,

541 1829 677 1884 quos
729 1825 909 1869 tamen
955 1815 1039 1868 vel
1081 1817 1336 1884 privatae,
1385 1815 1468 1871 vel
1513 1817 1819 1872 communis
1864 1817 2123 1873 Ecclesiae

2227 637 2428 693 diversi
2479 639 2724 694 scientia:
2775 640 3112 709 professores
3168 641 3321 696 utilia
3372 657 3436 697 ac
3494 647 3801 700 necessaria

2224 726 2446 782 haurire
2472 737 2746 798 poterunt.
2796 729 3135 801 Quapropter
3166 748 3270 786 non
3301 747 3492 802 parum
3523 734 3802 790 industria:

2223 826 2280 872 et
2322 818 2526 874 laboris
2570 819 2956 890 insumpsimus
2999 823 3162 877 hasce
3192 823 3512 893 margaritas
3557 839 3656 879 suo
3684 826 3803 879 sin-

2223 906 2375 976 gulas
2416 908 2534 963 loco
2574 909 2894 978 disponere,
2943 928 3078 980 quas
3125 923 3346 970 sanctus
3391 915 3614 979 doctor,
3643 925 3802 985 prout

2224 1005 2454 1066 tempus,
2481 996 2631 1051 locus
2655 999 2903 1069 ratioque
2929 999 3259 1070 postulabat,
3283 1000 3556 1057 eﬂ‘undere
3576 1018 3804 1058 consue-

2220 1097 2392 1139 verat.
2419 1085 2552 1140 Cum
2580 1101 2708 1157 ergo
2732 1089 2966 1158 primum
2995 1090 3377 1159 opusculorum
3413 1099 3616 1146 tomum
3649 1089 3801 1162 qua-i

2221 1175 2438 1246 politica
2467 1177 2833 1232 continentem
2871 1177 3140 1249 politicis;
3175 1179 3474 1236 secundum
3504 1181 3594 1236 ubi
3631 1197 3802 1239 sacra:

2221 1266 2340 1323 loca
2386 1269 2595 1340 pagina:
2624 1282 3002 1340 exponuntur,
3041 1273 3515 1329 concionatorﬂtus
3556 1275 3803 1332 dedisse-

2221 1372 2345 1412 mus
2381 1375 2393 1410 :
2439 1359 2585 1414 hunc
2617 1360 2861 1426 tertium,
2896 1362 2988 1431 qui
3035 1363 3190 1431 quasi
3221 1363 3618 1419 contentiosam
3651 1367 3804 1422 theo-

2221 1444 2420 1516 logiam
2447 1462 2569 1503 cum
2592 1448 2865 1508 bmreticis
2891 1466 2957 1506 ac
2979 1452 3343 1508 schismaticis
3369 1455 3625 1524 agitatam
3656 1472 3803 1512 com-

2218 1538 2494 1611 plectitur,
2523 1541 2790 1613 theologis
2809 1543 3152 1600 scholasticis
3174 1547 3538 1617 assignamus.
3569 1545 3648 1604 Ne
3674 1563 3803 1604 vero

2221 1629 2312 1697 qui
2362 1630 2684 1686 eruditionis
2738 1634 2916 1688 studio
2965 1634 3348 1700 delectantur,
3400 1650 3497 1690 sua
3524 1636 3804 1707 voluptate

2223 1720 2546 1778 defraudare
2570 1722 2886 1792 videamur,
2927 1735 3178 1794 quartum
3209 1732 3264 1779 et
3293 1724 3564 1790 ultimum,
3592 1727 3686 1795 qui
3717 1728 3803 1782 di-

2223 1811 2366 1866 versi
2416 1812 2631 1882 generis
2681 1813 2924 1868 carmina
2957 1823 3012 1870 et
3063 1829 3248 1870 sacras
3292 1829 3484 1884 preces
3524 1817 3800 1878 continet.

541 1918 836 1958 consensus
879 1903 1149 1970 celebrat;
1206 1922 1327 1961 cum
1380 1905 1514 1961 nihil
1562 1905 1709 1961 aliud
1764 1921 1927 1977 quam
1965 1915 2119 1964 vetus
2148 1885 2197 1947 Β
2227 1902 2357 1958 viris
2383 1903 2511 1972 ipsis
2537 1904 2767 1959 eruditis
2798 1906 3218 1962 asservabimus.
3248 1905 3364 1962 Non
3393 1913 3575 1961 tamen
3605 1907 3804 1978 singuli

541 1996 874 2051 consuetudo
903 2005 959 2052 et
990 1997 1209 2053 traditio
1230 2013 1330 2070 pro
1356 2015 1544 2055 eorum
1575 1998 1679 2056 ﬁde
1708 2014 1773 2056 ac
1803 1995 2118 2058 testimOnio

542 2085 754 2139 militet.

609 2174 797 2241 Quoad
846 2191 975 2232 vero
1020 2176 1194 2232 sancti
1241 2176 1342 2232 viri
1394 2177 1705 2233 doctrinam
1754 2178 1967 2246 attinet,
2015 2179 2121 2236 hoc

543 2266 726 2322 animo
766 2266 961 2322 Lector
987 2266 1194 2339 inﬁgat,
1238 2277 1402 2340 atque
1429 2283 1550 2324 eam
1595 2284 1780 2340 parem
1805 2272 2042 2340 pondere
2068 2280 2123 2328 et

538 2356 716 2424 pretio
743 2366 985 2412 veterum
1014 2357 1232 2413 Patrum
1279 2361 1642 2416 monumentis
1667 2375 1788 2416 esse
1817 2377 1924 2417 non
1968 2363 2121 2433 igno-

539 2453 642 2500 ret.
689 2445 802 2502 llac
849 2447 994 2501 enim
1035 2449 1338 2504 orthodoxa
1387 2451 1521 2508 lides
1567 2452 1874 2520 roboratur,
1927 2454 2120 2524 religio

538 2539 809 2596 catholica
861 2539 1188 2609 illustratur,
1233 2541 1408 2612 pietas
1448 2544 1798 2610 accenditur,
1851 2547 2118 2602 humanus

539 2644 693 2686 error
715 2642 770 2687 et
799 2632 1047 2702 impietas
1066 2634 1362 2699 evanescit,
1389 2643 1550 2705 atque
1575 2634 1629 2689 in
1656 2634 1852 2690 coelum
1888 2635 1972 2690 via
1999 2652 2118 2690 mu-

539 2723 688 2776 nitur
725 2731 779 2778 et
806 2724 1126 2778 ostenditur.
1171 2723 1439 2781 Praeterea
1470 2725 1630 2780 unice
1671 2735 1726 2780 et
1770 2725 2120 2796 singulariter

540 2813 997 2870 commendandus
1042 2823 1125 2869 est
1155 2824 1340 2870 noster
1369 2815 1458 2871 hic
1491 2816 1708 2882 doctor,
1738 2817 1880 2886 quod
1926 2814 2118 2872 inaﬂ‘e-

539 2907 685 2955 ctato
707 2911 762 2957 et
784 2902 1014 2974 simplici
1041 2902 1181 2976 stylo
1226 2904 1443 2975 cOpiosa
1474 2915 1530 2960 et
1557 2906 1705 2961 varia
1749 2906 1993 2962 intexere
2018 2907 2117 2962 do-

556 3077 1188 3107 Μ...-

2224 2003 2412 2047 exacte
2435 2007 2549 2047 rem
2574 1993 2701 2049 hinc
2730 2008 2886 2049 suam
2914 2010 3109 2051 eruere
3138 2010 3296 2066 posse
3317 1995 3652 2062 existiment,
3677 1996 3805 2065 quia

2223 2083 2307 2136 vir
2335 2092 2554 2139 sanctus
2579 2099 2684 2139 non
2726 2099 2792 2138 ex
2816 2083 3080 2156 professo,
3113 2095 3174 2140 ut
3201 2084 3455 2150 diximus,
3486 2095 3804 2156 argumenta

2224 2175 2340 2231 ιιωο
2374 2175 2524 2230 varia
2555 2179 2931 2247 pertractavit,
2957 2192 3058 2233 nec
3092 2178 3225 2232 tanti
3253 2177 3354 2232 viri
3385 2192 3536 2232 mens
3565 2191 3803 2248 unquam

2224 2263 2328 2322 fuit
2357 2283 2511 2322 suam
2539 2267 2678 2322 velle
2705 2267 3009 2323 doctrinam
3040 2269 3320 2324 hominum
3365 2267 3644 2338 applausui
3666 2309 3680 2333 ,
3709 2271 3804 2324 sed

2224 2359 2500 2415 communi
2539 2360 2719 2430 potius
2762 2359 2964 2426 saluti,
2997 2361 3198 2431 Deique
3225 2359 3409 2430 gloria:
3455 2359 3800 2430 potissimum

2221 2451 2626 2508 commendare.
2652 2451 3018 2520 Quamobrem
3047 2462 3291 2507 nostrum
3325 2450 3650 2506 iuserviendi
3679 2466 3802 2506 om-

2221 2543 2381 2598 nibus
2411 2543 2673 2608 animum,
2707 2559 2888 2613 quaeso
2907 2583 2922 2609 ,
2965 2553 3152 2614 gratus
3180 2558 3243 2598 ac
3272 2542 3425 2598 laetus
3463 2541 3722 2613 accipias,
3750 2551 3806 2596 et

2226 2634 2327 2690 viri
2357 2634 2688 2690 sanctissimi
2721 2634 3049 2701 doctrinam,
3073 2651 3236 2705 quam
3261 2635 3348 2690 his
3369 2635 3485 2705 ejus
3507 2636 3559 2688 in
3589 2634 3806 2703 scriptis

2225 2725 2576 2794 exhibemus,
2615 2726 2743 2782 totis
2790 2727 2997 2784 viribus
3049 2726 3298 2797 assequi,
3333 2735 3387 2782 et
3432 2727 3488 2781 in
3529 2740 3590 2781 ea
3637 2726 3802 2779 vitam

2226 2817 2427 2872 imitari
2452 2832 2519 2872 ne
2551 2817 2797 2874 desinas.
2818 2816 2969 2874 Vale.

1192 3079 3799 3107 ...αι-Μ.Μᾷ

1485 3259 2238 3354 COROLLARIA
2311 3263 2843 3370 QUIEDAM

1235 3452 1328 3507 DE
1364 3450 1550 3508 VITAB
1588 3451 1820 3507 LAUDE
1858 3451 1945 3508 AC
1983 3450 2414 3511 SANCTITATE
2453 3453 2513 3507 Β.
2554 3423 2757 3510 PETRI
2798 3455 3103 3526 DAMIANI.

1939 3614 2295 3628 *ἡ

539 3829 641 3881 Leo
675 3823 748 3879 ιλ
782 3841 916 3896 papa
944 3823 997 3877 in
1036 3822 1317 3893 diplomate
1340 3824 1389 3876 ei
1422 3824 1593 3878 adhuc
1627 3825 1811 3880 viventi
1843 3843 2116 3883 concesso.

611 3917 722 3972 Leo
743 3916 1045 3986 cpiscopus,
1075 3927 1264 3968 servus
1291 3928 1574 3969 servorum
1612 3916 1726 3971 Dei.

607 4005 934 4076 Apostolicae
973 4004 1114 4060 sedis
1152 4005 1412 4074 competit
1439 4007 1751 4061 auctoritati
1793 4017 1847 4064 et
1875 4009 2121 4082 legaliter

539 4099 787 4156 ordinata
825 4106 1062 4152 statuere
1085 4137 1100 4162 ,
1131 4105 1187 4151 et
1231 4095 1341 4152 Deo
1379 4097 1548 4152 semel
1572 4097 1786 4164 oblata,
1817 4112 1878 4156 ut
1927 4103 2116 4158 incon-

543 4193 694 4248 vulsa
746 4199 1032 4246 serventur
1055 4229 1071 4254 ,
1106 4189 1158 4243 in
1187 4196 1462 4258 posterum
1503 4191 1830 4259 providere:
1873 4208 1940 4264 ne
1977 4196 2120 4264 quod

540 4285 781 4353 priorum
812 4281 1003 4335 devota
1034 4279 1142 4332 Deo
1165 4279 1337 4348 pietas
1361 4279 1599 4346 inchoat,
1626 4283 1968 4351 sequentium
1997 4300 2122 4355 pra-

543 4375 680 4426 vitas
708 4369 970 4439 sacrilega
1000 4409 1015 4434 ,
1059 4369 1201 4438 quod
1244 4367 1420 4434 absit,
1467 4371 1773 4427 temeritate
1819 4373 2118 4432 subvertat.

542 4463 880 4531 Quapropter
924 4459 1176 4514 Eremum
1205 4474 1324 4528 quas
1374 4459 1573 4514 dicitur
1603 4459 1727 4516 Ocri
1758 4501 1773 4525 ,
1803 4463 1856 4516 in
1907 4466 2122 4519 Saxeno

541 4555 795 4609 videlicet
819 4552 1091 4608 territorio
1125 4551 1497 4616 constitutam,
1528 4552 1650 4616 tibi,
1679 4551 1840 4608 Petre
1864 4553 2122 4612 Damiaue

545 4645 695 4716 prior
731 4643 971 4712 ejusdem
1021 4642 1232 4706 Eremi,
1270 4643 1488 4712 tuisque
1535 4645 1949 4700 successoribus
1979 4646 2123 4717 adju-

552 4737 798 4792 dicamus
834 4756 847 4790 :
890 4744 945 4790 et
977 4735 1171 4806 .ipsam
1222 4733 1477 4790 Eremum
1525 4736 1578 4790 in
1626 4752 1726 4791 suo
1766 4747 1910 4792 statu
1954 4741 2124 4810 persi-

540 4836 704 4892 stere,
727 4836 782 4883 et
808 4826 860 4881 in
887 4836 1205 4897 perpetuum
1233 4826 1414 4882 valere
1435 4829 1801 4886 decernimus.
1833 4829 1943 4886 Nec
1966 4831 2128 4886 liceat

543 4917 636 4971 ulli
686 4917 1025 4982 mortalium,
1062 4932 1166 4973 non
1207 4931 1419 4986 pravae,
1475 4932 1580 4974 non
1627 4931 1836 4990 magnae
1882 4935 2127 4992 persona:

543 5007 714 5074 ipsam
745 5006 1068 5076 quandoque
1096 5006 1348 5060 Eretnum
1398 5007 1464 5062 ad
1495 5007 1675 5062 smculi
1702 5007 1824 5076 jura
1857 5009 2125 5082 redigere,

2150 3745 2194 3806 C
2227 3751 2382 3807 sunt,
2415 3741 2500 3796 vel
2533 3741 2787 3811 deinceps
2825 3741 3156 3810 acquisitura
3197 3750 3307 3807 est,
3357 3742 3562 3813 absque
3605 3743 3803 3814 injusta

2223 3834 2614 3903 cujuscumque
2644 3830 2915 3898 molestia,
2945 3834 3126 3902 quiete
3153 3843 3208 3888 et
3227 3834 3515 3904 tranquille
3542 3837 3800 3892 detineat.

2223 3923 2336 3977 Nec
2367 3922 2458 3977 ulli
2491 3922 2769 3976 hominum
2802 3921 2958 3976 liceat
3005 3923 3057 3976 in
3095 3923 3268 3992 ipsam
3296 3923 3550 3979 Eremum
3582 3941 3678 3996 per
3708 3927 3804 3980 ho-

2221 4013 2398 4068 stilem
2428 4012 2686 4081 impetum
2724 4011 2988 4067 violenter
3026 4013 3348 4085 irrumpere,
3386 4024 3440 4070 et
3478 4031 3664 4071 servos
3685 4016 3803 4081 Dei,

2222 4105 2314 4172 qui
2341 4104 2450 4158 illic
2477 4104 2862 4168 habitaverint,
2895 4103 2980 4159 vel
3022 4104 3312 4175 expellere,
3343 4104 3426 4160 vel
3453 4107 3807 4177 deprardatio-

2221 4194 2382 4248 nibus
2433 4193 2720 4258 infestare;
2760 4193 2908 4248 salvo
2953 4203 3129 4248 tamen
3175 4194 3298 4264 jure
3351 4192 3585 4248 fidelium
3638 4193 3806 4248 laico-

2225 4300 2367 4351 rum,
2395 4284 2486 4355 qui
2506 4283 2745 4352 ejusdem
2766 4283 2942 4336 Eremi
2960 4283 3171 4351 patroni
3193 4291 3336 4347 sunt,
3362 4291 3414 4334 et
3434 4297 3549 4336 eam
3571 4298 3667 4352 pro
3687 4283 3806 4336 ani-

2225 4391 2435 4430 marum
2461 4389 2678 4428 suarum
2708 4372 2945 4426 remedio
2975 4371 3352 4426 condiderunt.
3389 4369 3444 4426 Si
3473 4372 3594 4441 quis
3623 4382 3806 4427 autem

2225 4464 2383 4531 hujus
2405 4463 2572 4516 nostri
2594 4460 2871 4530 apostolici
2905 4460 3105 4515 decreti
3149 4467 3443 4514 temerator
3484 4461 3801 4526 exstiterit,

2224 4553 2328 4607 nisi
2351 4551 2630 4622 resipiscat
2652 4561 2812 4620 atque
2843 4551 2897 4605 in
2927 4551 3177 4608 omnibus
3198 4563 3417 4622 apertus
3441 4553 3532 4608 Dei
3557 4554 3808 4608 inimicus

2225 4641 2512 4696 emendare
2537 4648 2870 4706 contemnat,
2898 4642 3261 4697 anathematis
3311 4657 3371 4698 se
3405 4642 3634 4699 vinculis
3663 4642 3806 4698 obli-

2226 4731 2460 4803 gandum
2494 4729 2862 4786 indubitanter
2885 4743 3164 4803 agnoscat.

2992 4844 3056 4898 ll.

2227 4933 2525 5006 Alexander
2550 4931 2613 5006 IAI
2648 4933 2700 5006 in
2731 4933 2918 5006 litteris
2939 4936 3033 5006 _ad
3062 4897 3358 4990 Galliarum
3395 4936 3644 5006 pressule:
3684 4953 3808 5006 apo—

2301 5003 2520 5064 stolicis.
2551 5004 2615 5056 de
2645 5001 2710 5055 Β.
2741 5002 2899 5056 Petro
2928 5003 3178 5058 Damiam’
3209 5001 3515 5074 legationem
3539 5001 3725 5060 iisdem'
3751 5009 3805 5059 in

540 5093 626 5148 vel
654 5094 814 5150 alicui
837 5108 1058 5164 prorsus
1104 5096 1438 5150 monasterio
1467 5093 1776 5168 subjugare.
1816 5073 2121 5156 Enimvvero

2299 5073 2532 5143 partibus
2565 5074 2803 5137 abeunte,
2834 5075 2909 5126 sic
2936 5076 3208 5145 magniﬁce
3237 5075 3485 5145 loquitur.

543 5185 858 5254 przedictum
883 5185 1058 5242 locum
1089 5201 1187 5257 per
1215 5188 1567 5258 semetipsum
1595 5187 1812 5258 quidem
1858 5189 1978 5246 ﬁeri
2007 5207 2122 5246 mo-

545 5277 878 5342 nasterium,
921 5278 964 5332 si
993 5293 1290 5347 congruum
1317 5278 1494 5333 visum
1541 5277 1728 5343 fuerit,
1778 5295 1884 5334 non
1928 5281 2120 5340 abnui-

547 5380 666 5418 mus
689 5365 832 5433 ;juri
860 5381 988 5421 vero
1021 5365 1246 5421 alterius
1276 5367 1589 5422 monasterii
1609 5367 1828 5436 subjici.
1858 5371 2121 5427 omnimo-

545 5453 629 5508 dis
660 5454 1026 5525 prohibemus.
1071 5453 1185 5510 Non
1217 5457 1362 5510 enim
1412 5443 1746 5526 ignoramus,
1782 5459 1909 5528 quia
1940 5459 2124 5528 hujus-

547 5545 689 5600 tuodi
714 5543 1012 5613 suppositio
1035 5543 1354 5614 plerumque
1376 5541 1476 5598 loci
1505 5532 1823 5614 est-absque
1850 5547 2124 5606 dubietate

549 5634 869 5690 destructio.
905 5631 1193 5688 Sancimus
1223 5634 1386 5689 etiam
1413 5677 1428 5700 ,
1479 5645 1536 5688 ut
1580 5634 1796 5690 Plebem
1835 5636 1893 5690 S.
1943 5637 2124 5693 Maria‘.

545 5727 780 5796 positam
809 5724 860 5778 in
884 5723 1025 5790 loco,
1057 5725 1148 5794 qui
1169 5723 1367 5780 dicitur
1390 5723 1632 5792 Vineole,
1658 5727 1878 5796 prmlata
1905 5726 2130 5782 Eremus

547 5821 811 5881 perpetuo
835 5814 956 5883 jure
984 5812 1278 5884 possideat.
1312 5813 1416 5871 Sed
1443 5824 1494 5872 et
1524 5815 1744 5886 prmdia,
1778 5819 1820 5871 si
1848 5831 1956 5886 qua
1988 5824 2130 5872 nunc

2299 5180 2625 5234 ALEXANDER
2650 5179 2956 5250 episcopus,
2994 5194 3181 5236 servus
3207 5195 3484 5236 servorum
3516 5179 3629 5242 Dei.
3667 5181 3807 5236 Gan-

2229 5285 2383 5324 vxsro
2413 5269 2668 5323 Rctncnsi
2697 5269 3106 5340 archiepiscopo
3131 5284 3252 5323 cum
3286 5269 3397 5322 suis
3421 5266 3804 5338 suffraganeis,

2229 5361 2274 5416 si
2345 5359 2650 5415 obedierint
2683 5399 2697 5424 ,
2764 5369 2995 5415 salutem
3057 5369 3112 5414 et
3176 5358 3528 5429 apostolicam
3586 5361 3806 5416 benedi-

2231 5451 2486 5507 ctionem.

2304 5543 2358 5598 Si
2380 5542 2524 5612 quod
2547 5540 2702 5597 ollicii
2724 5541 2890 5598 vestri
2914 5549 3014 5604 est,
3044 5542 3492 5610 cxsequercmini,
3518 5557 3623 5596 non
3646 5541 3809 5596 abba-

2236 5645 2342 5692 tcm
2367 5677 2382 5702 ,
2433 5635 2526 5690 sed
2573 5634 2879 5689 malelicum
2911 5633 3287 5704 chinaldum,
3323 5649 3351 5686 a
3383 5633 3546 5689 Petro
3576 5633 3808 5689 OSliCIISt

2233 5726 2516 5796 episcopo,
2562 5732 2618 5778 et
2661 5739 2691 5776 a
2727 5723 2881 5780 vobis
2927 5724 2982 5778 in
3026 5723 3272 5778 conciliis
3295 5722 3440 5792 justa
3472 5723 3708 5781 ratione.
3751 5728 3812 5773 ut

2237 5819 2390 5874 nobis
2421 5816 2656 5872 relatum
2681 5831 2710 5872 e
2737 5825 2783 5888 τ,
2807 5817 3250 5886 condemnatum,
3271 5817 3336 5872 ab
3361 5817 3474 5888 ipso
3498 5812 3670 5871 sancti
3696 5809 3811 5865 Me-
