4080 5346
335 230 400 282 l7
1699 225 2228 286 PROLECOMENA.
3056 238 3061 242 '
3498 227 3556 284 l8

329 336 519 400 dardi,
560 338 704 407 quod
755 336 1048 393 simoniace
1096 337 1332 406 invasit,
1385 337 1633 394 ctenobio
1685 339 1896 410 penitus
1927 340 1978 404 Α
2005 340 2261 396 fratribus
2286 340 2483 397 nostris
2511 339 2849 398 laudantibus
2873 347 2928 397 et
2965 340 3194 397 libenter
3217 344 3555 399 consentien-

328 426 704 482 eliminaretis.
737 429 886 495 Quod
917 430 958 484 si
988 441 1148 485 causa
1181 431 1522 500 cupiditatis,
1569 442 1660 485 aut
1684 445 1898 497 amore,

327 518 417 571 vel
447 517 641 573 timore
669 519 894 588 alicujus
918 521 1151 590 potentis
1175 535 1437 590 personae,
1470 520 1689 590 explere
1718 505 1900 575 renui¥

328 608 463 673 stis,
494 608 607 664 haec
646 610 826 664 omnia
864 609 957 664 Dei
984 611 1368 678 omnipotentis
1402 611 1581 668 timori
1610 609 1902 680 praeposui-

327 696 461 760 stis,
495 706 549 751 et
584 694 787 752 nullum
830 698 1090 767 dispersis
1120 700 1398 754 monachis
1437 699 1688 754 solatium
1722 712 1902 768 regre-

326 786 510 840 diendi
562 787 923 856 prtebuistis:
968 797 1303 858 quapropter
1355 787 1596 857 ejusdem
1651 786 1900 842 Rainaldi

323 875 536 929 malitia
584 874 756 946 magis
822 875 1206 946 multiplicatur
1264 885 1318 931 et
1355 876 1568 932 crescit.
1613 875 1735 930 Haec
1773 887 1900 930 vero

325 964 534 1019 idcirco
554 965 743 1018 manda
755 980 813 1020 re
833 966 1160 1030 curavimus,
1184 967 1310 1036 quia
1331 980 1397 1021 ex
1429 967 1618 1023 iisdem
1646 966 1902 1038 dispersis

321 1055 608 1110 monachis
635 1056 852 1124 quidam
882 1057 948 1110 ad
981 1073 1078 1112 nos
1123 1067 1414 1123 venerunt,
1461 1058 1652 1113 (lentes
1691 1067 1744 1112 et
1781 1058 1898 1126 eju-

322 1146 530 1210 lantes;
563 1146 652 1200 alii
686 1146 896 1200 litteras
941 1147 1254 1202 direxerunt
1299 1147 1706 1212 lamentabiles,
1742 1148 1902 1217 justi-

322 1233 458 1288 tiam
507 1235 676 1290 sancti
725 1233 910 1298 Petri,
948 1242 1299 1304 nostramque
1347 1235 1772 1291 consolationem
1802 1250 1898 1304 pro

320 1322 417 1376 tali
458 1323 723 1394 injustitia
761 1323 1116 1394 requirentes.
1166 1324 1321 1380 Unde
1364 1325 1661 1395 supradicti
1710 1324 1896 1392 Petri,

317 1421 672 1482 vestramque
697 1422 880 1468 nostra
903 1414 1226 1468 auctoritate
1248 1415 1661 1470 corroboramus
1681 1424 1903 1471 senten.

319 1499 488 1566 tiam;
517 1503 873 1572 eumdemque
917 1501 1239 1557 llaiualdum
1267 1511 1324 1558 et
1350 1513 1743 1560 consentaneos
1785 1504 1899 1574 ejus

316 1591 849 1646 anathematizamus
873 1608 896 1658 ;.
921 1591 1204 1661 ipsumque
1229 1593 1554 1658 coenobium.
1580 1593 1814 1664 quandiu
1844 1596 1896 1650 in

2002 431 2166 494 tibus,
2224 432 2587 500 promittimus
2639 431 2754 497 tibi,
2799 429 3119 486 venerabilis
3162 429 3330 486 frater
3378 429 3558 496 Petre,

2001 530 2100 586 ego
2125 515 2295 575 frater
2319 519 2627 575 Desiderius
2669 533 2790 573 cum
2819 526 2924 572 tota
2946 517 3357 589 congregatione
3403 518 3560 588 hujus

2000 607 2173 662 sancti
2200 608 2462 673 emnobii,
2488 607 2803 662 memoriam
2834 606 3010 661 obitus
3037 605 3113 661 tui
3136 605 3439 660 aunualiter
3461 621 3564 661 nos

2001 695 2280 752 habituros
2307 713 2321 752 :
2347 705 2589 766 posteros
2632 709 2845 765 quoque
2893 702 3106 750 nostros
3133 694 3236 749 hoc
3272 693 3413 748 idem
3460 694 3562 748 ob-

1998 799 2218 842 servare
2258 784 2490 856 ﬁdeliter
2527 783 2825 852 cupientes,
2875 782 3016 837 sicut
3056 781 3564 839 consuetudinaliter

1998 876 2458 945 praedecessorum
2519 883 2829 929 nostrorum
2890 873 3173 930 abbatum.
3217 873 3306 943 qui
3353 873 3563 927 noviter

1999 965 2068 1020 de
2096 965 2198 1021 hac
2225 965 2346 1020 luce
2375 964 2765 1037 migraveruut.
2795 956 3184 1018 omCiosissime
3208 963 3559 1028 celebramus.

2001 1053 2147 1111 Satis
2165 1054 2359 1125 quippe
2383 1055 2597 1124 dignum
2629 1062 2681 1107 et
2710 1053 2989 1107 honestum
3017 1052 3169 1107 nobis
3191 1051 3418 1116 videtur,
3445 1050 3576 1118 quis

1997 1145 2100 1200 bus
2141 1153 2348 1200 tantam
2391 1145 2736 1200 dilectionem
2770 1144 3056 1215 impendis,
3087 1151 3290 1196 tantam
3326 1143 3562 1198 benevo-

1999 1235 2222 1291 lentiam
2254 1236 2514 1302 ostendis,
2561 1236 2764 1307 aliquid
2805 1233 3148 1290 emolumenti
3186 1233 3564 1303 rependamus,

2001 1337 2062 1382 ut
2091 1343 2227 1398 quos
2261 1328 2336 1384 ita
2373 1328 2664 1399 incoepcris
2699 1343 2881 1382 amare
2928 1340 3140 1396 semper
3178 1325 3303 1379 dum
3345 1325 3566 1389 vixeris,

2001 1411 2154 1476 amor
2189 1427 2309 1476 tuus
2339 1429 2549 1478 crescat
2577 1421 2628 1475 in
2659 1419 2835 1486 nobis,
2865 1420 2989 1474 dum
3028 1418 3229 1488 aliquid
3272 1417 3570 1473 devotionis

2001 1518 2056 1564 et
2081 1511 2284 1567 amoris
2309 1520 2506 1582 praeter
2533 1512 2747 1568 solitum
2775 1527 2805 1566 a
2829 1512 2984 1567 nobis
3012 1520 3065 1566 te
3094 1525 3280 1581 speras
3304 1525 3565 1565 consecu-

2002 1606 2206 1655 turum.
2239 1599 2296 1656 Si
2339 1601 2462 1671 quis
2505 1599 2682 1657 autem
2728 1595 2886 1672 hujus
2930 1594 3126 1656 nostrae
3170 1600 3573 1670 pollicitationis

316 1697 382 1738 eo
409 1684 696 1751 manserit,
726 1685 1120 1753 interdicimus,
1147 1696 1202 1744 et
1227 1695 1286 1744 ut
1309 1688 1451 1746 idem
1480 1689 1717 1759 faciatis,
1741 1693 1896 1748 vobis
1929 1691 1971 1750 ll
1999 1689 2232 1744 violator
2301 1690 2569 1746 exstiterit
2593 1729 2607 1756 ο
2655 1690 2737 1744 νει
2781 1689 3059 1746 ηοὺῑεουῐη
3101 1690 3390 1745 νίνθηιῐυῐη
3416 1729 3431 1753 .
3478 1697 3573 1742 at"

317 1774 668 1831 mandamus.

1071 1874 1158 1930 Ill.

388 1982 726 2038 Auznxnsn
756 1985 1061 2056 episcopus,
1091 2001 1281 2042 servus
1308 2001 1585 2043 servorum
1616 1983 1731 2050 Del,
1775 1987 1901 2042 cha-

318 2073 540 2129 rissimo
570 2074 724 2129 fratri
768 2075 1036 2130 GERVASIO
1082 2077 1335 2131 Remensi
1378 2077 1785 2148 archiepiscopo
1817 2091 1902 2133 sa-

317 2160 490 2216 lutem
521 2172 577 2218 et
605 2166 951 2235 apostolicam
981 2165 1436 2223 benedictionem.

391 2251 619 2307 Debitas
652 2253 980 2309 fraternitati
1018 2263 1122 2310 tua:
1156 2266 1336 2326 grates
1365 2256 1734 2328 rependimus,
1762 2259 1904 2328 quod

319 2340 370 2393 iu
393 2341 665 2410 ejectione
691 2341 794 2413 Hy,
817 2359 844 2396 a
875 2345 1032 2399 nobis
1055 2346 1314 2412 damnati,
1345 2349 1486 2418 quod
1515 2347 1900 2405 Carnotensem

317 2429 626 2486 Eeclesiam
658 2434 950 2490 simoniace
985 2437 1285 2502 invaserat,
1319 2449 1627 2510 promptum
1670 2451 1724 2496 te
1759 2442 1904 2496 solli-

317 2522 604 2592 citumque
649 2524 930 2579 ostendisti
980 2525 1008 2580 ε’
1036 2527 1286 2597 quodque
1338 2537 1402 2583 ut‘
1437 2529 1573 2584 alter
1617 2529 1808 2600 dignus
1850 2539 1906 2586 et

319 2611 557 2667 idoneus
615 2613 791 2668 eidem
834 2615 1090 2670 Ecclesiae
1148 2618 1408 2673 canonice
1448 2619 1900 2685 substitueretur,

318 2705 654 2761 cbarissimo
718 2707 830 2761 lilio
874 2719 1062 2764 nostro
1120 2709 1375 2781 Philippo
1410 2711 1740 2767 Francorum
1790 2711 1903 2783 regi

318 2793 615 2849 consulium
639 2796 859 2863 dedisti._
884 2797 980 2853 Cui
1012 2799 1265 2854 nimirum
1290 2801 1508 2870 suisque
1535 2801 1901 2872 optimatibus,

319 2893 379 2939 ut
425 2885 627 2956 dignas
671 2902 836 2957 super
880 2889 983 2945 hoc
1030 2899 1208 2960 grates
1244 2892 1536 2961 rependas,
1566 2893 1902 2962 prudentiam

323 2985 482 3030 tuam
526 2977 839 3035 invitamus.
882 2979 1104 3035 Noverit
1143 2983 1307 3036 etiam
1337 2983 1649 3039 fraternitas
1691 2995 1776 3037 tua
1806 2996 1904 3038 nos

323 3067 665 3122 confratrem
711 3077 954 3124 nostrum
1006 3070 1371 3126 Senoneusem
1437 3073 1902 3143 archiepiscopum

323 3160 712 3227 admonuisse,
742 3172 1004 3232 quatenus
1034 3163 1440 3220 Aurelianensis
1475 3164 1730 3220 Ecclesia:
1756 3166 1906 3222 inva-

323 3263 512 3303 sorem
547 3257 734 3303 nostra
768 3250 1059 3319 apostolica
1092 3253 1415 3308 auctoritate
1455 3254 1904 3309 exeommunicet.

323 3335 516 3392 Claret
547 3338 691 3391 enim
717 3340 887 3407 ipsum
917 3341 1210 3397 simoniace
1238 3343 1603 3415 episcopatum
1628 3345 1870 3401 obtinere
1890 3385 1906 3411 ,

325 3436 381 3479 et
407 3427 478 3480 ad
509 3427 867 3500 obtegeudam
902 3439 1084 3486 reatus
1123 3431 1207 3486 sui
1252 3433 1682 3503 improbitatem,
1724 3434 1906 3506 periu-

328 3517 475 3570 rium
499 3520 555 3571 in
585 3516 942 3574 Cabillonensi
968 3521 1174 3592 synodo
1200 3522 1513 3590 incurrisse,
1536 3539 1741 3594 suaque
1762 3523 1910 3578 frau-

328 3606 579 3660 dulentia
613 3606 934 3662 confratrem
961 3619 1202 3664 nostrum
1229 3609 1447 3666 Petrum
1471 3611 1772 3668 Ostiensem
1802 3613 1912 3682 epi—

331 3710 595 3765 scopum,
639 3711 669 3750 a
700 3711 808 3766 quo
833 3699 1020 3753 eadem
1051 3699 1288 3770 synodus
1315 3700 1582 3760 celebrata
1609 3711 1711 3767 est,
1754 3702 1912 3757 dece-

332 3785 506 3854 pisse.
548 3785 724 3856 Super
764 3787 876 3841 hzec
917 3789 1080 3842 etiam
1124 3789 1191 3842 ad
1239 3799 1581 3859 augmentum
1624 3791 1911 3846 criminum

337 3891 564 3930 suorum
610 3877 823 3932 litteras
862 3877 1192 3946 apostolatus
1230 3879 1435 3942 nostri,
1481 3881 1676 3948 quibus
1702 3882 1767 3936 ad
1799 3882 1914 3940 haec

340 3965 702 4019 examinanda
747 3965 1061 4032 vocabatur,
1104 3969 1323 4024 omnino
1366 3969 1641 4025 refutavit.
1671 3971 1914 4041 Quapro-

343 4061 465 4121 pter
493 4055 815 4110 charitatem
867 4065 1010 4110 tuam
1041 4055 1335 4127 apostolica
1364 4060 1687 4114 auctoritate
1724 4062 1912 4115 admo-

343 4159 555 4212 uemus,
582 4156 643 4200 ut
667 4147 888 4216 prmfato
913 4149 1212 4204 Senonensi
1241 4149 1646 4220 archiepiscopo
1677 4151 1730 4204 in
1763 4151 1915 4206 dam-

343 4236 562 4292 natione
580 4237 982 4296 Aurelianensis
1009 4241 1296 4306 invasoris,
1316 4251 1623 4312 contempto
1645 4243 1836 4298 timore
1861 4254 1917 4300 et

343 4325 518 4395 gratia
551 4329 813 4395 omnium,
841 4340 890 4385 te
911 4332 1114 4386 socium
1143 4343 1199 4387 et
1222 4333 1520 4402 adiutorem
1547 4335 1823 4393 adhibeas.

1090 4442 1177 4495 IV.

343 4525 654 4583 Desiderius
689 4529 846 4600 abbas
875 4531 1065 4585 Montis
1103 4530 1304 4598 Casini,
1338 4531 1397 4588 S.
1437 4533 1503 4598 ρ.
1547 4532 1613 4586 R.
1647 4531 1714 4588 E.
1745 4535 1918 4600 card.,

415 4606 600 4719 ροέιεα
632 4614 750 4652 vero
789 4598 956 4653 Victor
1003 4600 1096 4653 Ill
1142 4617 1296 4670 papa,
1341 4604 1398 4656 in
1445 4603 1661 4671 epistola
1705 4604 1770 4655 ad
1802 4598 1920 4658 eum

415 4683 492 4719 mi
524 4683 605 4719 sa.

415 4683 605 4724 "11880.

419 4778 636 4834 Domno
665 4778 850 4835 Pareo
890 4781 1141 4848 Danum,
1174 4783 1470 4840 venerabili
1506 4785 1779 4852 episcopo,
1813 4785 1920 4839 Ds-

348 4883 599 4924 stuemus
617 4870 809 4934 abbas,
842 4871 930 4925 Dei
959 4874 1188 4944 gratiam
1217 4884 1273 4928 et
1300 4874 1548 4928 salutem.

423 4959 695 5024 Quoniam
722 4960 852 5014 satis
888 4962 1032 5018 clare
1066 4963 1295 5017 innotuit
1321 4963 1463 5033 quod
1508 4963 1610 5018 hoc
1652 4975 1919 5023 monaste-

353 5050 498 5102 rium
532 5047 590 5104 S.
633 5049 927 5117 Benedicti,
965 5055 1048 5109 cui
1097 5069 1325 5123 prmesse
1363 5053 1565 5117 videor,
1608 5055 1726 5124 plus
1753 5062 1924 5115 omni-

357 5138 460 5190 bus
496 5138 615 5192 aliis
664 5139 1078 5212 circumquaque
1136 5142 1388 5208 fundatis,
1447 5142 1634 5212 diligas
1689 5145 1922 5213 (cunctis

395 5307 516 5346 ,11)
560 5307 724 5344 δυιιει
773 5307 1002 5346 sanctam
1053 5307 1192 5346 hanc
1226 5307 1489 5346 υθηιαενιι
1536 5307 1657 5346 anu.
1707 5307 1928 5346 81118011σὲ

1941 4358 1995 4418 D

2003 1779 2402 1834 succedentium
2429 1820 2444 1845 ,
2509 1789 2637 1834 ante
2688 1779 2918 1836 tribunal
2961 1780 3161 1837 Christi
3209 1795 3332 1836 reus
3377 1777 3572 1835 Judicii

2001 1877 2358 1940 praesentetur
2384 1869 2482 1940 (l).

2072 1959 2206 2029 Ego,
2233 1960 2326 2030 qui
2355 1975 2517 2030 supra
2542 1960 2850 2018 Desiderius
2878 1962 3063 2027 abbas,
3093 1961 3406 2034 subscripsi;

2072 2047 2186 2120 Ego
2214 2048 2406 2106 Frater
2432 2049 2723 2108 Ra‘inerius
2747 2051 3061 2122 subscripsi.

2769 2140 2828 2197 V.

2002 2233 2150 2291 Petri
2186 2236 2432 2291 Damiani
2481 2233 2692 2300 tumuli,
2721 2235 2833 2303 qui,
2866 2242 2914 2288 et
2950 2234 3102 2289 hodie
3130 2233 3357 2290 accensis
3380 2231 3462 2304 pie
3494 2231 3590 2288 lit--

2071 2307 2297 2361 minibus
2333 2306 2651 2369 illustratur,
2693 2314 2740 2359 et
2769 2304 3296 2374 populifrcquentia,
3329 2304 3417 2374 qui
3441 2319 3576 2374 pra:-

2071 2377 2252 2429 sertim
2287 2377 2354 2430 ad
2391 2377 2575 2444 capitis
2609 2372 2877 2444 sanandas
2920 2372 3576 2444 illius'contactu'wgritu-

2072 2445 2218 2500 dines
2247 2461 2307 2498 eo
2336 2441 2620 2507 concurrit,
2651 2443 2912 2506 visitatur,
2937 2441 3213 2510 inscriptio
3241 2441 3295 2494 in
3320 2454 3594 2510 marmore

2071 2517 2264 2568 excisa.
2312 2512 2486 2581 Hujus
2513 2522 2685 2566 tamen
2718 2511 2917 2564 litteras
2946 2526 3080 2563 nunc
3101 2509 3295 2563 ibidem
3329 2509 3393 2581 9_b_
3417 2522 3571 2561 usum

2072 2576 2413 2637 candelaruni
2445 2581 2863 2644 abolitas,autca
2897 2594 3016 2633 vero
3047 2581 3292 2648 integras.
3323 2576 3580 2648 Hierony-

2072 2669 2185 2706 mus
2211 2652 2442 2717 Rubeus,
2474 2652 2549 2705 vir
2578 2650 2909 2704 doctissimus
2949 2646 3173 2718 mihique
3204 2646 3570 2709 amicissimus,

2075 2723 2307 2776 miserat.

2072 2812 2136 2865 A.
2153 2812 2214 2865 D.
2238 2799 2546 2866 MCCCLIV.
2566 2809 2651 2864 die
2677 2807 2788 2878 siij.
2805 2805 2971 2877 April.
2994 2804 3306 2861 translatum
3337 2801 3436 2857 fuit
3457 2817 3582 2857 eor-

2002 2918 2102 2972 pus
2158 2901 2216 2955 S.
2274 2895 2418 2954 Petri
2473 2900 2634 2953 ‘Dam.
2681 2898 2886 2952 Raven.
2941 2896 2993 2950 in
3045 2903 3231 2950 sancta
3294 2893 3573 2962 Scriptura

2006 2991 2161 3045 Doct.
2202 2997 2258 3044 et
2293 2987 2500 3043 Ostien.
2533 2985 2805 3056 Episc0pi,
2862 2997 2925 3038 ac
2966 2984 3156 3053 Apost.
3189 2981 3313 3036 Sed.
3364 2977 3573 3048 Legati,

2008 3078 2138 3134 0rd.
2173 3078 2231 3133 S.
2260 3075 2536 3132 Benedicti
2581 3076 2635 3129 in
2664 3074 2857 3128 Eremo
2907 3071 2964 3126 S.
2988 3071 3178 3125 Crucis
3203 3069 3390 3124 Fontis
3419 3067 3577 3120 Avel-

2006 3167 2166 3232 lanae,
2213 3166 2268 3221 lu
2314 3171 2636 3234 praesentem
2675 3164 2870 3216 Arcam
2923 3173 2955 3214 a
2984 3159 3115 3213 Rev.
3151 3157 3213 3212 P.
3237 3157 3298 3210 D.
3322 3155 3573 3210 Matthteo

2007 3260 2072 3314 de
2101 3257 2274 3314 Callio
2300 3255 2390 3312 hic
2407 3254 2548 3310 Abb.

2547 3343 2654 3400 Sub
2683 3344 2859 3398 eadem
2883 3358 3028 3398 arca.

2009 3441 2256 3510 Quinque
2280 3437 2433 3494 denis
2460 3435 2606 3491 mille
2632 3435 2906 3500 tercentis,
2932 3443 2987 3489 et
3013 3440 3265 3504 quattuor
3292 3431 3465 3495 annis,

2011 3533 2226 3588 Tertius
2255 3530 2456 3602 Aprilis
2483 3542 2606 3583 cum
2635 3526 2843 3582 decimo
2866 3524 3094 3580 ﬂuxerat
3120 3531 3291 3588 ortus,

2012 3619 2312 3676 Transtulit
2343 3627 2394 3674 te
2418 3617 2596 3672 clerus
2621 3615 2838 3671 doctum
2874 3613 2928 3668 in
2949 3612 3142 3683 pagina
3173 3625 3327 3665 sacra

2012 3709 2278 3767 Ostiensis
2305 3706 2522 3781 pmsul,
2552 3720 2710 3776 quem
2742 3704 2893 3759 dolat
2917 3700 3301 3758 eardinalatus.

2011 3806 2056 3862 Ο
2079 3805 2236 3860 Petre
2262 3802 2539 3866 Damiano,
2578 3808 2630 3855 te
2649 3797 2794 3853 Crux
2829 3797 2882 3851 in
2908 3795 3097 3852 ordine
3120 3793 3305 3848 Fontis

2012 3895 2284 3952 Avellaua:
2308 3892 2452 3956 beat,
2490 3901 2548 3944 ut
2572 3888 2779 3959 legatus
2803 3899 3017 3957 quoque
3047 3883 3262 3939 tandem

2013 3984 2170 4040 Sedis
2199 3979 2527 4052 apostolicae,
2560 3986 2710 4049 petra
2744 3991 2886 4031 nunc
2911 3973 3175 4030 elauderis
3205 3972 3351 4026 ista-

2013 4075 2214 4133 lnstitit
2242 4075 2410 4130 abbas
2435 4071 2716 4127 Mattheus
2743 4070 2808 4125 de
2828 4068 2996 4125 Callio
3032 4075 3208 4123 natus.

2758 4158 2846 4214 Vl.

2019 4256 2298 4324 Inscriptio
2327 4255 2512 4324 votiva,
2545 4265 2701 4324 quam
2733 4247 2949 4324 ecclesia
2974 4244 3237 4324 Fauentia
3268 4239 3579 4324 cathedralis

2093 4326 2148 4377 in
2174 4316 2280 4377 una
2304 4323 2412 4376 suis
2440 4335 2506 4374 ea:
2533 4316 2787 4372 columnis
2821 4316 2991 4366 adhuc
3017 4316 3198 4365 retinet
3228 4322 3277 4364 et
3316 4321 3583 4364 conservat

2095 4389 2158 4446 ab
2189 4409 2247 4446 eo
2272 4399 2495 4458 tempore
2518 4401 2618 4458 quo
2642 4382 2782 4458 Deus
2811 4379 3309 4458 sanctorunLSavini
3344 4381 3497 4458 episc.
3535 4387 3584 4430 et

2096 4470 2277 4523 mart.,
2304 4447 2586 4512 zE'milia'ni
2628 4453 2786 4521 episc.
2811 4459 2856 4505 et
2884 4450 3049 4523 conj},
3079 4447 3304 4523 Terentii
3343 4447 3500 4523 diac._
3524 4463 3585 4523 ac

2099 4515 2244 4585 Petri
2265 4515 2418 4581 bam.
2446 4515 2666 4584 meritis,
2683 4523 2939 4574 civitatem
2970 4515 3114 4570 illaut
3139 4515 3413 4570 Gallorum
3450 4515 3586 4568 obsi-

2100 4602 2254 4654 dione
2278 4595 2549 4656 liberauit;
2590 4594 2767 4643 eadem
2804 4589 3068 4656 civitasea:
3084 4585 3401 4654 gratianimi
3435 4597 3590 4651 argu-

2098 4677 2292 4730 mento,
2329 4655 2539 4733 uotique
2565 4658 2724 4733 ofﬁcio
2749 4658 2961 4711 Petrum
2983 4655 3134 4708 Dam.
3161 4669 3311 4722 quem
3345 4667 3449 4704 una
3473 4665 3592 4733 cunt

2099 4727 2287 4794 eisdem
2329 4727 2520 4786 sanctis
2558 4727 2720 4780 multo
2760 4735 2925 4795 antea,
2951 4733 3229 4795 patronus:
3255 4728 3594 4795 ‘sttsceperat,
3615 4770 3626 4775 ,

2101 4787 2453 4860 anniversario
2475 4811 2652 4853 omnes
2675 4796 2804 4864 festo
2827 4787 3109 4847 imviolabili
3138 4787 3395 4844 celebrare
3409 4787 3600 4838 consti-

2099 4878 2215 4930 tuit.

2105 4964 2423 5021 lmminente
2449 4955 2652 5015 civitati
2680 4971 2747 5010 ex
2768 4951 2934 5009 Gallis
2961 4947 3201 5017 periculo
3229 4941 3412 5005 caedis,
3443 4940 3629 4998 exitii.

2034 5067 2084 5112 et
2119 5057 2370 5121 ﬂammae,
2392 5049 2534 5106 vovit
2559 5045 2842 5100 universus
2869 5037 3062 5112 populo
3081 5034 3409 5093 Faventinus
3438 5045 3613 5100 agere

2035 5163 2143 5202 non
2169 5143 2352 5200 minus
2384 5136 2687 5199 solemuiter
2735 5135 2922 5190 diebus
2953 5129 3102 5184 festis
3148 5135 3457 5184 sanctorum
3500 5121 3622 5178 Sa-

2289 5307 2419 5346 omu
2467 5307 2773 5340 venerunure
2814 5307 3070 5336 ηιεηιυηιυ
3111 5307 3332 5331 «vuum-
3379 5307 3616 5346 “unus,

2037 5291 2222 5346 Martii
