4106 6310
342 331 410 386 ει
1358 329 1598 388 ornsc.
1637 332 1672 386 ι.
1712 360 1778 372 -
1818 331 1901 386 nr.
1937 331 2090 386 non
2127 313 2542 391 cn'nouca.‘
3409 327 3417 338 ‘
3519 333 3594 388 ea

343 445 471 514 quia
511 440 645 496 mihi
704 439 1016 496 notissimus
1063 454 1122 494 es
1173 455 1268 509 per
1317 443 1623 498 unanimem
1662 441 1913 498 fraterna:
1945 444 1987 502 Α
2020 443 2143 498 lem.
2185 445 2286 512 Qui
2317 445 2557 516 profecto
2583 461 2689 501 non
2719 446 2787 503 de
2825 447 2984 506 Patre
3011 451 3255 520 procedit
3286 453 3336 508 in
3369 455 3585 524 Filium,

344 535 654 592 dilectionis
709 533 982 599 aﬁ'ectum,
1020 532 1268 599 conﬁdis,
1312 549 1399 589 me
1429 535 1540 590 illic
1576 535 1913 606 potissimum

342 624 611 695 malagma
664 624 852 678 salutis
889 637 1178 693 apponere,
1235 623 1327 678 ubi
1360 623 1484 678 ﬁdei
1521 632 1625 679 tua:
1654 640 1850 680 nervos
1883 640 1914 680 a

340 715 685 770 certitudinis
714 714 904 769 robore
930 712 1173 768 noverim
1202 712 1363 779 paulo
1387 712 1613 769 debil’us
1637 713 1912 770 vacillare.

340 809 410 861 Et
433 807 535 862 hoc
564 803 1116 876 irreprehensibiliter
1164 820 1300 876 agis,
1333 815 1390 860 ut
1415 808 1567 876 quasi
1599 805 1916 860 fundamen-

341 905 454 951 tum
487 896 610 952 ﬁdei
638 897 780 951 inter
801 896 918 966 ipsa
946 905 1098 951 nova:
1128 897 1498 952 conversionis
1524 909 1624 952 tua:
1644 897 1920 952 rudimen-

338 998 394 1043 ta
427 986 755 1056 constituas,
797 989 854 1043 in
893 1002 1000 1058 quo
1031 989 1208 1044 securi
1236 991 1434 1060 operis,
1463 1000 1714 1059 tanquam
1751 990 1908 1060 spiri-
1961 983 1966 986 ’

336 1081 499 1136 tualis
536 1081 753 1137 :ediﬁeii
805 1081 1078 1146 machina,
1114 1098 1385 1151 nunquam
1417 1082 1636 1152 lapsura
1691 1097 1918 1137 consur-

334 1179 443 1238 gat.
473 1170 763 1231 Laudanda
810 1180 960 1226 certe
1005 1171 1194 1241 petitio
1229 1189 1239 1225 :
1267 1181 1322 1227 et
1354 1159 1496 1241 quod
1531 1173 1784 1242 exigitur,
1811 1186 1916 1225 non

331 1263 594 1327 Otiosum,
649 1262 744 1317 sed
804 1263 1046 1332 apprime
1101 1269 1184 1317 est
1240 1263 1625 1318 necessarium.
1683 1262 1917 1316 Proinde

329 1363 523 1408 sancta
565 1361 670 1407 tua:
713 1351 1015 1406 devotionis
1055 1352 1331 1418 instantia,
1385 1353 1512 1420 quia
1559 1366 1675 1406 rem
1709 1350 1919 1420 ﬂagitat

326 1443 559 1513 justam,
593 1459 701 1498 non
726 1452 965 1498 meretur
987 1445 1040 1498 in
1063 1459 1157 1499 sua
1183 1444 1440 1512 petitione
1471 1441 1757 1512 repulsam.
1787 1441 1917 1498 Sine

332 1536 440 1589 ﬁde
469 1535 672 1605 quippe
697 1549 796 1590 nec
823 1535 876 1589 in
901 1529 1120 1590 Chrislo
1141 1535 1346 1598 vivere,
1369 1549 1469 1589 nec
1495 1533 1606 1588 Deo
1628 1547 1916 1603 possumus

327 1621 439 1687 ulla
473 1623 692 1691 penitus
716 1623 1030 1692 operatione
1064 1623 1296 1693 placere.
1330 1621 1482 1689 Quod
1510 1630 1566 1678 et
1595 1622 1914 1693 apostolica,

325 1716 497 1770 simul
533 1727 590 1771 et
620 1717 934 1787 prophetica
980 1726 1209 1773 testatur
1239 1718 1553 1773 auctoritas.
1592 1717 1729 1773 Nam
1772 1715 1916 1785 Apo-

2019 542 2075 586 ct
2104 533 2170 589 de
2205 533 2342 592 Filio
2371 534 2611 606 procedit
2667 536 2734 592 ad
2779 539 3215 596 sanctiﬁcandam
3257 556 3584 613 creaturam,

2017 626 2160 680 sicut
2215 627 2431 696 quidam
2469 626 2633 697 impie
2663 641 2726 682 ac
2767 629 3082 697 pestilenter
3127 631 3588 705 intelligttnt;.setl

2018 715 2175 770 simul
2210 715 2276 770 ab
2304 725 2531 786 utroque
2562 718 2822 787 procedit.
2853 717 3012 774 Pater
3036 722 3178 776 enim
3215 725 3374 780 talem
3406 728 3588 795 genuit

2016 808 2234 872 Filium,
2257 819 2315 864 ut
2346 811 2797 879 quemadmodum
2850 811 2917 866 de
2947 826 3026 879 se,
3058 814 3132 869 ita
3159 830 3372 886 quoque
3401 819 3467 873 de
3498 819 3588 880 illo

2018 899 2274 969 procedat
2303 899 2535 970 Spiritus
2559 900 2822 956 veritatis.

2087 988 2410 1046 Constanter
2455 991 2657 1061 itaque,
2707 993 2780 1048 ﬁli
2841 995 3184 1062 charissime,
3241 1012 3312 1052 ao
3358 997 3588 1056 ﬁrmiter

2017 1089 2198 1147 crede,
2245 1081 2481 1148 Patrem,
2531 1092 2586 1139 et
2633 1083 2848 1153 Filium,
2909 1097 2965 1142 et
3021 1087 3282 1159 Spiritum
3339 1102 3585 1145 sanctum

2019 1187 2182 1226 unum
2225 1186 2348 1228 esse
2387 1173 2580 1240 solum,
2608 1184 2662 1229 et
2699 1191 2883 1232 verum
2923 1177 3114 1244 Deum,
3141 1179 3585 1250 omnipotentem,

2016 1271 2297 1332 aeternum,
2331 1263 2844 1332 incommutabilem,
2897 1269 3304 1339 impassibilem.
3353 1271 3479 1330 Sola
3509 1280 3593 1327 est

2017 1352 2161 1406 enim
2189 1353 2668 1421 incommutabilis,
2697 1365 2758 1411 et
2783 1357 2986 1428 absque
3027 1360 3132 1414 ulla
3160 1375 3382 1430 prorsus
3417 1362 3592 1417 varie.-

2019 1443 2142 1497 tatis
2169 1442 2476 1500 alternitate
2524 1446 2846 1526 substantia,
2900 1449 2988 1506 vel
3017 1452 3274 1516 essentia,
3307 1467 3426 1523 qua:
3451 1452 3594 1508 Deus

2015 1545 2119 1590 est.
2167 1536 2264 1591 Cui
2295 1537 2537 1608 profecto
2580 1539 2752 1608 ipsum
2801 1556 2945 1606 esse,
2977 1544 3120 1600 unde
3157 1545 3390 1606 essentia
3431 1558 3593 1599 voca-

2015 1625 2200 1682 bulum
2234 1628 2417 1694 trahit,
2441 1631 2775 1698 permaxime
2799 1646 2862 1686 ac
2885 1634 3166 1689 verissime
3191 1634 3467 1704 competit.
3492 1632 3592 1689 Cui

2018 1713 2223 1771 scilicet
2246 1730 2470 1772 suamne
2494 1732 2559 1772 ac
2593 1718 2851 1789 singulari
2880 1720 3195 1776 substantia:
3240 1737 3434 1778 nomen
3463 1721 3591 1776 illud

325 1805 454 1860 stoli
485 1821 588 1859 vox
616 1816 699 1862 est
730 1825 742 1860 :
773 1825 791 1858 ι
827 1807 958 1862 Sine
981 1806 1086 1862 ﬁde
1108 1807 1436 1876 impossibile
1460 1815 1543 1863 est
1567 1807 1782 1876 placere
1802 1805 1912 1860 Deo
1941 1790 1984 1850 Β
2014 1805 2230 1874 proprie
2280 1820 2344 1860 ac
2399 1806 2749 1877 singulariter
2793 1812 3058 1879 congruit,
3104 1811 3246 1880 quod
3295 1811 3467 1867 Graeci
3512 1811 3594 1870 di:-

327 1896 524 1968 (llebr.
555 1898 654 1969 xu).
685 1917 704 1951 ι
738 1898 789 1969 3
816 1898 919 1953 Per
943 1899 1262 1970 prophetam
1283 1913 1414 1953 vero
1441 1899 1638 1954 dicitur
1673 1917 1692 1950 ι
1726 1894 1916 1953 Justus

324 2001 514 2044 autem
543 2005 610 2045 ex
651 1989 755 2045 ﬁde
784 1990 915 2045 vivit
941 2007 956 2048 :
992 1991 1134 2060 quod
1165 1991 1210 2046 si
1259 1991 1528 2057 subtraxit
1555 2005 1638 2056 se,
1667 2004 1775 2046 non
1802 1990 1918 2060 pla-

322 2082 475 2137 cebit
499 2081 696 2137 animae
731 2096 864 2136 mea:
893 2080 1122 2152 (Habac.
1150 2097 1282 2148 ut;
1319 2081 1481 2137 Hebr.
1522 2081 1602 2153 ι).
1645 2099 1665 2134 ι

400 2171 576 2242 Igitur
637 2171 934 2226 secundum
985 2179 1272 2240 utramque
1324 2170 1646 2226 sententiam
1699 2169 1914 2240 placere

323 2263 446 2317 Deo
470 2277 578 2316 non
624 2275 935 2331 possumus,
974 2260 1078 2316 nisi
1109 2270 1314 2316 rectam
1354 2276 1496 2318 vera:
1524 2261 1647 2318 ﬁdei
1678 2261 1916 2333 regulam

323 2360 638 2405 teneamus.
669 2348 830 2405 Fides
857 2358 940 2404 est
968 2350 1120 2419 origo
1149 2351 1432 2416 virtutum,
1481 2351 1614 2408 ﬁdes
1649 2351 1916 2408 bonorum

321 2457 560 2511 operum
611 2440 1042 2508 fundamentum,
1073 2441 1208 2498 ﬁdes
1248 2451 1332 2498 est
1361 2443 1524 2498 totius
1550 2444 1799 2498 humanae
1828 2459 1917 2500 sa-

322 2529 463 2585 lutis
515 2531 818 2586 exordium.
851 2530 954 2586 Per
980 2529 1138 2600 cujus
1186 2533 1392 2588 semitae
1441 2534 1638 2588 lineam
1667 2535 1916 2604 quisquis

322 2632 494 2677 caute
523 2638 631 2677 non
657 2623 923 2694 graditur,
951 2623 1156 2679 erroris
1190 2623 1403 2695 laqueo,
1437 2640 1657 2682 necesse
1687 2633 1793 2691 est,
1825 2641 1918 2682 ca-

320 2717 530 2787 piatur.
589 2715 929 2786 Quapropter
981 2717 1026 2771 si
1056 2716 1324 2786 quispiam
1381 2717 1630 2772 videatur
1675 2717 1917 2786 arripere

320 2807 456 2861 boni
507 2809 690 2875 aperis
732 2805 1058 2870 institutum,
1121 2818 1301 2862 tamen
1354 2806 1560 2877 absque
1589 2817 1737 2863 recta
1785 2806 1914 2872 ﬁde,

321 2899 479 2954 nullo
506 2899 664 2954 modo
689 2906 868 2969 potest
897 2899 966 2953 ad
998 2898 1228 2954 ﬁliorum
1255 2898 1348 2954 Dei
1375 2901 1652 2968 pertinere
1683 2912 1913 2957 consor—

325 2992 490 3045 tium.
523 2991 594 3044 Et
631 2990 722 3060 qui
754 3004 862 3044 non
889 2990 1044 3044 novit
1073 2990 1352 3045 ambulare
1381 3006 1480 3061 per
1501 2991 1682 3060 ﬁdem,
1709 3013 1902 3068 nequa-

323 3098 494 3152 quam
518 3082 824 3153 pertingere
849 3081 1045 3136 valebit
1071 3080 1137 3136 ad
1167 3082 1399 3150 speciem
1434 3099 1446 3135 :
1475 3092 1656 3153 atque,
1685 3095 1740 3141 ut
1761 3088 1912 3144 brevi

323 3182 527 3225 cuncta
559 3169 900 3233 concludam,
923 3170 1041 3224 sine
1074 3178 1220 3228 recta
1247 3170 1352 3227 ﬁde
1376 3172 1497 3238 quis
1527 3189 1626 3228 nec
1645 3174 1911 3244 justiﬁca-
1939 3138 1985 3200 Ο

325 3263 499 3316 tionis
535 3263 891 3333 consequitur
923 3263 1177 3333 gratiam,
1219 3278 1320 3318 nec
1359 3263 1524 3318 vitam
1571 3277 1912 3335 promeretur

324 3364 614 3409 :eternam.
645 3352 761 3410 Jam
805 3353 970 3423 igitur
996 3353 1061 3408 ad
1088 3354 1267 3408 vivum
1301 3355 1402 3419 rei,
1429 3364 1592 3426 atque
1619 3357 1682 3412 ad
1711 3372 1909 3429 propo-

323 3443 447 3496 εἰσιν
475 3443 716 3498 materiae
755 3453 1023 3511 centrum,
1053 3444 1168 3514 ipso
1197 3445 1353 3515 duce,
1387 3447 1454 3504 de
1483 3463 1590 3519 quo
1616 3449 1906 3520 loquimur,

322 3534 670 3598 accedamus.

849 3631 1075 3690 CAPUT
1114 3633 1403 3689 PRIMUM.

814 3722 945 3788 Qua:
1001 3724 1256 3778 credenda
1294 3724 1418 3778 sint.

395 3813 458 3868 ln
489 3813 681 3882 primis
719 3828 847 3884 ergo
870 3815 1175 3883 quicunque
1230 3831 1409 3880 verus,
1444 3824 1607 3887 atque
1639 3820 1911 3890 perfectus

328 3903 446 3954 vult
499 3916 620 3956 esse
675 3903 990 3968 catholicus,
1023 3905 1207 3958 credat
1249 3920 1472 3961 necesse
1516 3917 1622 3975 est,
1651 3910 1704 3964 in
1740 3911 1908 3967 Deum

327 3990 547 4044 Patrem
572 3993 1018 4062 omnipotentem,
1061 4002 1376 4049 cunctorum
1403 3995 1717 4065 visibilium,
1749 4006 1911 4070 atque

329 4081 686 4136 invisibilium
729 4083 1084 4138 conditorem.
1132 4084 1330 4141 Credat
1367 4094 1416 4140 et
1461 4087 1514 4140 in
1549 4087 1745 4143 Filium
1793 4089 1910 4160 ejus

330 4172 689 4241 unigenitum,
739 4173 976 4227 Verbum
1023 4174 1255 4238 scilicet,
1302 4176 1556 4230 virtutem
1609 4186 1772 4248 atque
1822 4196 1910 4235 sa-

329 4260 613 4329 pientiam,
657 4277 755 4331 per
782 4277 941 4332 quem
984 4273 1165 4318 creata
1204 4273 1332 4318 sunt
1360 4266 1631 4320 universa.
1671 4266 1771 4333 Qui
1801 4284 1908 4324 non

329 4364 570 4417 creatus,
605 4354 699 4408 sed
746 4364 870 4409 ante
915 4355 1112 4411 saecula
1143 4357 1389 4426 genitus;
1429 4372 1588 4413 verus
1634 4358 1776 4414 Deus
1812 4349 1938 4429 per.

330 4443 532 4506 omnia,
565 4444 705 4497 sicut
745 4443 926 4510 Pater,
957 4455 1010 4500 et
1033 4446 1191 4500 unius
1219 4461 1340 4500 cum
1377 4446 1538 4503 Patre
1566 4449 1905 4534 substantiae,
1935 4486 1986 4546 Β

331 4535 580 4602 quamvis
625 4535 845 4589 alterius
875 4536 946 4590 sit
991 4550 1258 4604 personae.
1295 4537 1404 4591 Nec
1447 4539 1718 4608 posterior
1771 4549 1906 4596 tem-

329 4641 478 4695 pore,
513 4627 596 4681 vel
624 4627 847 4682 inferior
874 4628 1153 4698 dignitate,
1185 4629 1270 4683 vel
1306 4629 1654 4698 impotentior
1674 4639 1758 4686 est
1791 4632 1905 4686 vir-

329 4726 473 4781 tute;
509 4719 604 4772 sed
634 4720 852 4773 omnino
877 4727 1056 4774 tantus
1080 4728 1165 4776 est
1191 4721 1418 4790 genitus,
1453 4729 1689 4791 quantus
1710 4730 1766 4777 et
1794 4723 1903 4788 ille,

328 4811 419 4877 qui
449 4810 656 4878 genuit.
688 4809 757 4864 Et
783 4825 1088 4881 quanquam
1128 4813 1342 4883 genitus
1362 4827 1390 4866 a
1421 4811 1582 4867 Patre
1616 4813 1786 4869 Filius
1815 4829 1904 4870 as-

331 4907 570 4963 seratur,
623 4900 826 4954 nullum
874 4909 1052 4957 tamen
1084 4902 1155 4967 ei,
1187 4902 1325 4957 sicut
1360 4917 1460 4958 nec
1497 4903 1666 4969 Patri,
1699 4912 1908 4974 tempus

330 4988 643 5044 ascribitur.
697 4989 829 5058 Nam
880 4991 972 5061 qui
1021 4991 1236 5046 Patrem
1288 4992 1577 5048 conﬁtetur
1616 5003 1898 5059 aeternum,

329 5077 698 5132 necessarium
727 5089 829 5144 est,
871 5088 1006 5138 utet
1031 5081 1224 5135 Filium
1270 5081 1320 5136 ei
1349 5082 1634 5150 perbibcat
1677 5091 1904 5138 coaeter-

329 5179 478 5219 num.
511 5165 775 5220 Nimirum
805 5168 892 5237 qui
926 5168 1096 5240 [quia]
1127 5169 1290 5225 Pater
1315 5180 1440 5224 ante
1468 5172 1660 5227 saecula
1689 5187 1904 5244 semper

327 5257 562 5322 exstitit,
590 5259 792 5327 absque
813 5259 920 5314 ullo
940 5273 1162 5328 prorsus
1184 5263 1354 5325 initio,
1387 5273 1440 5317 et
1469 5263 1662 5318 Filium
1691 5279 1904 5334 semper

327 5344 538 5398 habuit.
571 5344 756 5415 Neque
775 5348 918 5401 enim
940 5363 1060 5404 esse
1079 5349 1239 5405 Pater
1266 5351 1596 5406 :eternaliter
1618 5353 1902 5421 potuisset,

327 5433 374 5487 si
400 5432 444 5487 F
450 5433 598 5488 ilium
623 5437 952 5492 aeternaliter
980 5453 1088 5494 non
1119 5440 1358 5495 haberet.
1399 5440 1594 5496 Credat
1621 5451 1674 5496 et
1699 5442 1750 5494 in
1783 5442 1906 5511 Spi-

328 5524 490 5576 ritum
542 5533 809 5592 sanctum,
856 5543 1042 5581 vermn
1085 5530 1268 5598 utique
1294 5530 1483 5594 Deum,
1512 5547 1580 5586 ex
1615 5531 1796 5596 Patre,
1829 5532 1905 5587 si-

331 5615 439 5667 mul
497 5630 561 5670 ac
606 5615 742 5671 Filio
793 5618 1205 5686 procedentem;
1246 5629 1300 5674 et
1337 5621 1556 5689 utrique
1579 5620 1902 5684 substantia,

325 5709 592 5775 putentia,
623 5709 916 5777 voluntate,
953 5718 1110 5779 atque
1151 5711 1453 5767 aeternitate
1491 5727 1705 5782 semper
1725 5727 1905 5782 aequa—

2016 1900 2168 1958 cunt,
2200 1909 2300 1957 ou;
2333 1891 2526 1974 Latine
2553 1895 2770 1962 dicitur,
2815 1906 2919 1952 est.
2950 1898 3101 1954 Unde
3126 1898 3183 1969 ἀ.
3217 1909 3271 1955 οι
3298 1899 3609 1969 Apostolus.

2014 1980 2092 2038 ait
2123 2000 2135 2036 :
2175 2001 2193 2034 ‹
2228 1982 2343 2039 Νοη
2393 1995 2478 2040 est
2519 1984 2574 2039 in
2610 1985 2702 2040 illo
2732 1995 2836 2053 est,
2881 1995 2934 2042 et
2963 2002 3068 2042 non
3100 2006 3113 2042 :
3146 1989 3240 2043 sed
3278 1997 3362 2044 est
3389 1990 3442 2044 in
3476 1987 3590 2052 illo,

2015 2082 2099 2131 est
2122 2073 2206 2145 (ll
2232 2073 2354 2130 Cor.
2383 2074 2445 2144 ι).
2481 2093 2501 2128 ι
2538 2073 2658 2145 Ipse
2695 2089 2908 2146 quoque
2937 2077 3198 2132 Dominus
3223 2079 3289 2133 ad
3314 2077 3534 2150 Moysen
3575 2097 3592 2131 :-

2022 2184 2039 2216 ι
2095 2165 2227 2236 Ego,
2276 2166 2475 2236 inquit,
2503 2181 2640 2232 sum,
2705 2166 2796 2236 qui
2845 2181 2984 2223 sum.
3015 2167 3121 2223 Et:
3171 2166 3262 2224 Sic
3291 2169 3437 2224 dices
3468 2168 3595 2223 ﬁliis

2015 2255 2182 2312 Israel
2234 2274 2249 2312 :
2301 2257 2394 2328 qui
2446 2265 2553 2325 est,
2603 2256 2753 2313 misit
2801 2273 2892 2314 me
2938 2258 3006 2314 ad
3054 2273 3151 2315 vos
3198 2256 3396 2330 (Exod.
3425 2259 3531 2329 Ill).
3567 2278 3587 2313 ι

2016 2348 2377 2414 Quamobrem
2405 2347 2533 2403 dum
2575 2363 2764 2414 unam,
2795 2348 3118 2418 simplicem,
3155 2357 3316 2419 atque
3351 2347 3594 2409 invisibi-

2017 2439 2122 2495 lem
2177 2439 2268 2495 Dei
2307 2440 2668 2496 substantiam
2721 2440 2976 2508 dicimus,
3008 2440 3330 2512 Trinitatem
3357 2455 3484 2496 vero
3538 2441 3593 2493 in

2015 2529 2292 2586 vocabulis
2313 2530 2704 2597 discernamus,
2732 2547 3008 2603 unumque
3040 2532 3397 2590 conﬁteamur
3418 2533 3589 2588 Deum

2015 2619 2252 2688 Patrem,
2296 2629 2354 2676 et
2399 2620 2618 2689 Filium,
2646 2631 2702 2678 et
2736 2621 2998 2692 Spiritum
3045 2630 3315 2689 sanctum,
3371 2623 3595 2679 omnino

2015 2713 2295 2769 sciendum
2320 2723 2404 2769 est
2434 2732 2448 2769 :
2473 2715 2597 2785 quia
2621 2723 2676 2770 et
2706 2715 2908 2786 quique
2944 2715 3186 2787 singulas
3211 2715 3403 2772 horum
3431 2715 3592 2779 Deus,

2016 2815 2072 2866 et
2108 2805 2266 2862 simul
2307 2821 2496 2862 omnes
2547 2823 2688 2864 unus
2736 2818 2819 2864 est
2863 2810 3025 2864 Deus.
3056 2809 3312 2879 Singulus
3365 2808 3598 2879 quisque

2015 2895 2212 2951 horum
2253 2897 2433 2966 plena,
2461 2904 2516 2952 et
2539 2897 2806 2967 perfecta,
2855 2906 2911 2953 et
2936 2907 3136 2954 aeterna
3167 2898 3507 2954 substantia:
3540 2907 3595 2950 et

2015 2981 2177 3041 simul
2200 3001 2389 3041 omnes
2409 3001 2562 3058 aeque
2591 2988 2816 3058 simplex
2848 2997 2904 3045 et
2929 3004 3035 3042 una
3081 2988 3400 3045 substantia.
3443 2988 3597 3046 Unde

2019 3091 2126 3131 non
2155 3085 2239 3132 est
2271 3077 2446 3147 majus
2498 3077 2719 3149 aliquid,
2754 3079 2837 3134 vel
2867 3079 3076 3148 plenius
3109 3079 3288 3144 Pater,
3313 3088 3368 3134 et
3404 3079 3592 3141 Filius,

2016 3176 2070 3221 et
2109 3167 2345 3238 Spiritus
2385 3179 2606 3224 sanctus
2656 3170 2814 3226 simul
2856 3171 3006 3236 dicti,
3035 3185 3192 3238 quam
3221 3184 3347 3224 cum
3396 3169 3596 3223 dicitur

2015 3273 2122 3312 una
2149 3258 2400 3328 quaelibet
2447 3272 2516 3314 ex
2557 3261 2746 3314 eadem
2787 3268 2976 3315 saneta
3030 3258 3295 3314 Trinitate
3338 3274 3590 3329 persona.

2015 3348 2368 3420 Omnipotens
2415 3350 2560 3406 enim
2616 3350 2755 3406 Deus
2790 3366 2885 3421 per
2933 3352 3354 3408 immensitatem
3387 3360 3596 3407 natura:

2014 3457 2144 3507 sum,
2175 3449 2342 3498 totam
2377 3450 2684 3497 creaturam
2719 3456 2871 3496 suam
2901 3452 2957 3497 et
2986 3442 3194 3512 implet,
3221 3453 3276 3498 et
3304 3443 3590 3499 continet-:

2014 3540 2176 3602 atque
2217 3531 2341 3588 ideo
2377 3539 2569 3595 totum,
2610 3531 2870 3601 quidquid
2926 3541 3031 3597 est,
3085 3532 3270 3601 implet
3298 3532 3479 3598 Pater,
3514 3543 3594 3586 tu-

2015 3633 2126 3679 tum
2157 3625 2345 3690 Filius,
2402 3633 2572 3680 totum
2621 3623 2856 3695 Spiritus
2885 3634 3109 3680 sanctus
3134 3644 3145 3679 :
3172 3626 3294 3695 quia
3333 3624 3513 3692 Pater,
3539 3636 3595 3680 ot

2013 3716 2220 3783 Filius,
2281 3725 2335 3772 et
2392 3715 2626 3788 Spiritus
2671 3723 2896 3774 sanctus
2947 3717 3280 3778 naturaliter.
3321 3733 3458 3774 unus
3509 3729 3593 3788 est

2013 3805 2174 3862 Dens.
3606 3868 3614 3876 ,

2086 3897 2372 3965 Quocirca,
2424 3899 2496 3954 ﬁli
2541 3900 2634 3966 mi,
2665 3915 2796 3955 cum.
2823 3900 3040 3964 litaniis,
3074 3899 3511 3955 velorationibns
3539 3910 3592 3955 te

2013 3989 2279 4058 contingit
2301 3989 2572 4057 insistere,
2605 3991 2711 4047 noli
2745 3991 2944 4056 facere,
2966 3992 3108 4061 quod
3141 3992 3362 4062 quidam
3383 3992 3592 4061 simpli-

2014 4095 2104 4134 ces
2132 4081 2304 4150 magis
2350 4082 2684 4149 ignoranter,
2717 4097 2876 4152 quam
2926 4081 3215 4138 inﬁdeliter
3245 4083 3492 4141 faciunt.
3535 4092 3594 4137 ut

2003 4184 2209 4224 .nomen
2251 4170 2453 4238 Patris,
2487 4172 2569 4227 vel
2609 4173 2752 4237 Filii,
2804 4173 2888 4229 vel
2942 4173 3176 4244 Spiritus
3212 4175 3386 4229 sancti
3425 4189 3592 4229 semet

2013 4258 2232 4314 invoces
2295 4279 2308 4314 :
2372 4277 2566 4316 nomen
2617 4275 2744 4317 vero
2772 4271 2974 4317 saneta:
3014 4263 3298 4320 Trinitatis
3321 4272 3584 4334 tanquam

2011 4347 2130 4416 plus
2177 4349 2396 4416 aliquid,
2447 4359 2502 4402 et
2550 4351 2617 4402 ad
2689 4352 2945 4420 majorem
2995 4357 3353 4407 reverentiam
3395 4355 3589 4423 saepius

2013 4436 2176 4492 iteres
2207 4455 2220 4490 :
2250 4445 2309 4490 ut
2329 4436 2470 4491 sicut
2498 4437 2617 4508 plus
2635 4447 2719 4493 est
2748 4439 3032 4494 multitudo
3057 4450 3390 4507 sanctorum,
3409 4458 3584 4512 quam

2015 4541 2154 4582 unus
2197 4527 2269 4582 sit
2314 4527 2568 4594 Sanctus,
2598 4528 2690 4593 ita,
2721 4529 2862 4599 quod
2884 4530 3044 4594 absit,
3079 4529 3249 4598 majus
3276 4532 3476 4601 aliquid
3517 4533 3590 4586 sit

2013 4615 2250 4671 Trinitas
2277 4624 2404 4682 tota,
2437 4633 2598 4687 quam
2642 4617 2882 4684 ejusdem
2922 4628 3124 4674 sancta:
3174 4618 3452 4673 Trinitatis
3482 4635 3586 4673 una

2013 4721 2263 4776 persona.
2317 4705 2470 4776 Quod
2531 4707 2713 4776 itaque
2781 4709 3018 4764 ﬁdelium
3066 4709 3240 4778 pietas
3284 4709 3486 4777 abjicit,
3533 4719 3588 4762 et

2014 4798 2330 4853 orthodoxa:
2360 4798 2480 4851 ﬁdei
2528 4799 2710 4868 regula
2757 4814 2863 4854 non
2913 4800 3169 4854 admittit.
3213 4800 3432 4868 Absque
3479 4799 3584 4853 ulla

2013 4895 2270 4950 nimirum
2316 4893 2589 4950 dubietate
2620 4896 2944 4949 credendum
2975 4905 3077 4958 est,
3101 4894 3242 4962 quod
3283 4893 3445 4947 Pater
3471 4893 3585 4962 ple-

2014 5002 2135 5050 nus,
2167 4993 2222 5040 et
2248 4983 2533 5054 perfectus
2569 4993 2654 5038 est
2705 4983 2876 5048 Deus;
2908 4983 3076 5038 Filius
3127 4982 3318 5052 plenus
3357 4993 3414 5036 et
3463 4997 3586 5051 per-

2013 5077 2188 5131 fectus
2224 5083 2308 5129 est
2345 5073 2520 5138 Deus;
2554 5073 2787 5142 Spiritus
2829 5081 3048 5127 sanctus
3071 5072 3261 5140 plenus
3281 5113 3293 5136 ,
3321 5082 3374 5124 et
3401 5070 3582 5140 perfea

2011 5177 2133 5223 ctus
2159 5174 2248 5224 est
2274 5166 2433 5218 Deus.
2472 5162 2586 5218 Non
2621 5171 2798 5222 tamen
2827 5171 2938 5218 tres
2962 5163 3054 5225 dii,
3093 5162 3271 5227 Pater,
3313 5171 3366 5217 et
3393 5157 3438 5216 Γ
3439 5163 3580 5225 ilius,

2003 5271 2064 5318 et
2093 5259 2326 5329 Spiritus
2347 5265 2584 5319 sanctus,
2610 5255 2702 5309 sed
2744 5269 2886 5309 unus
2929 5264 3010 5310 est
3036 5255 3174 5310 Deus
3199 5255 3388 5323 plenus
3418 5262 3583 5322 atque

2011 5349 2304 5420 perfectus.
2345 5348 2455 5402 Nec
2506 5345 2705 5413 aliquid
2741 5345 2914 5413 majus
2947 5345 3254 5415 signiﬁcant
3291 5353 3398 5398 tres
3422 5344 3582 5398 simul

2003 5440 2159 5505 dicti,
2206 5438 2394 5503 Pater,
2423 5446 2476 5492 et
2506 5435 2693 5501 Filius,
2751 5445 2804 5490 et
2851 5436 3086 5504 Spiritus
3126 5444 3363 5500 sanctus,
3418 5449 3578 5501 quam

2003 5529 2234 5601 quilibet
2265 5545 2419 5592 unus,
2464 5527 2578 5581 sive
2606 5527 2790 5591 Pater,
2832 5527 2947 5582 sive
2989 5526 3174 5593 Filius,
3205 5527 3320 5579 sive
3347 5525 3581 5595 Spiritus

1997 5629 2230 5677 sanctus
2301 5618 2647 5689 singulariter
2720 5618 3048 5672 nominetur.
3109 5617 3306 5671 Eadem
3385 5615 3581 5683 quippe

2011 5710 2322 5782 magnitudo
2376 5700 2484 5766 est'
2511 5711 2562 5766 in
2596 5722 2918 5780 unaquaque
2968 5725 3195 5778 persona
3236 5706 3581 5778 singulariter
