4080 5346
529 343 600 396 23
947 337 1004 392 S.
1045 336 1246 392 PETRI
1281 333 1560 390 DAMIANI
1600 331 1748 388 01⁵1).
1791 331 2026 388 TOMUS
2065 329 2193 385 SEU
2235 329 2412 384 PARS
2450 330 2534 384 ill.
2567 360 2636 371 —
2673 329 3031 387 OPUSCCLA
3071 331 3297 387 VARIA.
3681 329 3752 384 94

527 451 694 514 dicta,
723 440 842 519 quae
871 457 954 504 est
990 451 1043 505 in
1081 457 1190 504 tota
1235 434 1496 504 Trinitate
1530 449 1886 504 communiter
1919 447 2091 502 nomi-
2120 448 2164 506 Α
2198 452 2412 507 ternus,
2441 429 2681 510 ejusdem
2709 444 3090 499 immensitatis
3117 453 3170 500 et
3199 445 3480 515 potentiae,
3513 443 3756 512 ejusdem

531 549 656 594 nata
685 555 699 594 :
731 540 964 608 alioquin
990 554 1109 594 cum
1143 539 1266 609 jure
1294 539 1526 604 dicatur,
1555 538 1716 594 Pater
1739 538 1902 604 Deus,
1923 538 2094 594 Filius

533 630 699 695 Deus,
722 630 954 700 Spiritus
976 640 1196 697 sanatus
1220 631 1383 695 Deus,
1403 629 1648 700 singulas
1675 631 1869 685 horum
1902 630 2096 700 impero

529 722 700 776 fectus
733 729 875 776 esset
912 723 1056 776 Deus
1087 739 1100 773 :
1130 721 1174 776 si
1204 719 1412 790 plenior
1444 720 1584 775 Deus
1626 720 1679 774 in
1711 721 1902 785 tribus,
1932 733 2093 789 quam

527 811 584 865 in
616 825 716 864 una
745 812 1018 866 videretur
1044 825 1166 865 esse
1210 824 1458 879 persona.
1499 808 1603 863 Sed
1633 810 1772 864 absit
1798 808 1900 864 hoc
1925 823 1954 862 a
1981 809 2095 878 pie-

528 908 636 955 tate
664 899 919 966 fidelium,
948 902 1038 970 qui
1069 900 1295 970 simplici
1335 908 1540 955 naturae
1577 901 1872 956 divinitatis
1899 899 2092 967 majus,

526 990 612 1044 vel
633 991 809 1045 minus
838 991 1036 1060 aliquid
1068 1006 1174 1046 non
1205 991 1501 1047 ascribunt.

597 1084 729 1138 Cum
778 1084 957 1152 itaque
1003 1093 1187 1160 lautus
1229 1083 1374 1140 solus
1400 1085 1472 1139 sit
1500 1083 1677 1145 Pater.
1710 1085 1794 1139 vel
1835 1084 1982 1139 solus
2008 1083 2096 1137 Fi-

527 1173 650 1235 lius,
698 1172 784 1227 vei
827 1174 974 1228 solus
1005 1173 1238 1242 Spiritus
1273 1183 1494 1228 sanctus
1534 1183 1771 1244 quantus
1813 1184 1901 1229 est
1935 1172 2095 1228 simul

525 1261 705 1327 Pater,
731 1271 782 1317 et
805 1263 994 1327 Filius,
1019 1273 1074 1317 et
1104 1262 1338 1332 Spiritus
1359 1273 1600 1328 sanctus,
1627 1263 1774 1319 nullo
1814 1264 1970 1318 modo
2003 1263 2096 1318 tri-

524 1351 646 1421 plex
672 1353 929 1408 dicendus
956 1362 1037 1407 est
1061 1353 1220 1417 Deus,
1237 1353 1359 1422 quia
1385 1368 1506 1408 cum
1535 1354 1966 1424 minuinequeat,
1989 1369 2094 1411 non

525 1449 609 1496 est
641 1441 827 1506 etiam,
849 1456 960 1512 quo
995 1457 1208 1511 semper
1242 1444 1428 1511 eadem
1453 1442 1542 1496 illa
1561 1457 1785 1497 summae
1813 1443 2094 1500 Trinitatis

523 1529 788 1600 perfectio
837 1539 1067 1586 crescat.
1134 1530 1332 1586 Plenus
1371 1530 1550 1600 igitur,
1606 1540 1768 1601 atque
1824 1533 2095 1602 perfectus

525 1618 688 1681 Deus,
713 1617 826 1674 sive
854 1619 1016 1675 Pater
1041 1620 1348 1691 singillatim
1373 1620 1600 1683 dicatur,
1629 1622 1742 1676 sive
1772 1621 1960 1688 Filius,
1983 1624 2096 1679 sive

525 1705 763 1777 Spiritus
790 1718 1010 1766 sanctus
1039 1720 1094 1765 et
1123 1711 1332 1780 plenus,
1365 1719 1528 1781 atque
1557 1713 1831 1781 perfectus
1851 1717 1991 1771 Deus
2013 1726 2096 1771 est

2194 533 2484 588 voluntatis
2503 533 2984 603 inseparabilisque
3005 542 3228 588 naturai.
3253 533 3386 601 Quia
3415 548 3759 604 nequaquam

2194 621 2299 675 illis
2338 621 2390 675 in
2431 621 2613 691 aliquo
2650 623 2828 676 minor
2863 631 2946 676 est
2968 662 2983 687 ,
3017 637 3048 676 a
3085 623 3280 693 quibus
3315 624 3434 692 ipse
3465 623 3755 693 procedit:

2193 714 2287 769 sed
2317 730 2436 768 cum
2470 715 2576 770 illis
2607 715 2765 770 simul
2804 724 2864 769 ut
2894 729 3081 771 revera
3120 717 3260 770 Deus
3288 716 3636 784 omnipotens
3665 731 3758 771 co-

2195 801 2347 868 litur,
2400 819 2521 857 cum
2578 803 2687 859 illis
2731 804 3014 873 aquai-iter
3067 805 3342 860 aduratur.
3393 805 3561 860 Totus
3613 805 3759 861 enim

2194 901 2376 947 manet
2426 893 2478 946 in
2526 893 2722 958 Patre,
2776 902 2919 948 totus
2958 894 3010 947 in
3048 894 3224 959 Filio;
3269 903 3414 950 totus
3449 895 3690 963 procedit
3729 910 3760 948 a

2195 983 2356 1040 Patre
2376 1025 2390 1048 ,
2426 992 2570 1039 totus
2601 985 2848 1054 procedit
2876 1001 2906 1039 a
2936 985 3094 1040 Filio.
3124 986 3178 1040 ln
3207 986 3401 1055 quibus
3433 987 3510 1042 sic
3539 994 3759 1048 manet,

2194 1082 2253 1127 ut
2285 1090 2500 1144 semper
2529 1075 2597 1130 ab
2625 1084 2857 1144 utroque
2883 1077 3177 1146 procedat;
3209 1077 3287 1132 sic
3314 1077 3588 1147 procedit,
3620 1085 3681 1130 ut
3707 1077 3762 1130 in

2195 1161 2274 1216 eis
2301 1163 2729 1231 inseparabiliter
2755 1174 2954 1219 manet.
2984 1165 3117 1220 Cum
3145 1167 3338 1235 quibus
3365 1166 3576 1221 scilicet
3605 1171 3766 1220 natu-

2196 1253 2916 1319 ralem,etcoesseutialem
2966 1259 3132 1312 habet
3160 1268 3215 1313 et
3242 1259 3468 1314 unitatis
3526 1257 3770 1328 plenitu-

2193 1343 2402 1411 dinem,
2433 1355 2486 1402 ct
2511 1347 2866 1416 plenitudinis
2891 1350 3171 1406 unitatem.
3203 1350 3268 1405 Et
3297 1352 3410 1407 haec
3436 1366 3642 1406 summa
3669 1349 3764 1406 illa

2195 1437 2434 1490 charitas
2462 1447 2580 1504 est,
2613 1453 2714 1507 qua
2744 1441 2953 1508 genitus
2982 1455 3009 1494 a
3037 1440 3284 1511 gignente
3315 1441 3554 1511 diligitur
3579 1456 3767 1495 suum-

2195 1539 2306 1592 que
2342 1525 2515 1595 diligit
2551 1527 2873 1597 genitorem.
2916 1517 3150 1598 ideoque
3190 1545 3295 1584 non
3335 1530 3563 1600 amplius
3600 1543 3764 1599 quam

2197 1616 2296 1670 tria
2347 1627 2502 1684 sunt,
2554 1627 2608 1671 et
2656 1620 3017 1675 essentialiter
3063 1621 3335 1686 indivisa,
3386 1631 3438 1678 et
3489 1621 3763 1690 tripartita

2198 1707 2530 1775 proprietate
2575 1709 2850 1764 distincta.
2903 1710 3058 1766 Unus
3095 1711 3322 1782 diligens
3362 1728 3519 1778 eum,
3563 1712 3654 1781 qui
3698 1713 3770 1768 de

527 1798 688 1854 simul
717 1799 901 1865 Pater,
933 1810 988 1855 et
1010 1800 1198 1869 Filius,
1234 1811 1288 1857 et
1319 1802 1552 1873 Spiritus
1581 1814 1802 1861 sanctus
1833 1825 1844 1859 :
1873 1807 2096 1877 ideoque

2200 1800 2290 1854 illo
2316 1810 2438 1866 est;
2469 1810 2524 1857 et
2554 1818 2693 1857 unus
2727 1802 2954 1872 diligens
2980 1817 3101 1856 eum
3125 1842 3140 1865 ,
3179 1819 3208 1856 a
3247 1817 3354 1872 quo
3392 1812 3516 1867 est;
3556 1811 3611 1856 et
3648 1802 3771 1872 ipsa

525 1887 700 1946 Irinus
725 1888 888 1955 Deus,
911 1903 1018 1946 non
1046 1890 1233 1960 triplex
1260 1905 1378 1946 esse
1401 1891 1660 1948 dicendus
1685 1903 1788 1950 est.

594 1980 861 2038 Praeterea
910 1997 1017 2040 non
1043 1993 1129 2039 est
1169 1984 1224 2038 in
1252 1985 1354 2040 hac
1390 1993 1579 2039 sancta
1608 1983 1875 2040 Trinitate
1903 1985 2103 2057 gradus

524 2072 803 2141 temporis,
837 2087 946 2126 non
984 2073 1241 2128 discretio
1267 2073 1677 2144 magnitudinis,
1725 2090 1833 2130 non
1863 2075 2100 2131 varietas
2136 2097 2140 2101 ’

528 2159 825 2228 dignitatis.
859 2160 1004 2216 Nihil
1029 2163 1172 2217 enim
1197 2162 1306 2218 illic
1340 2175 1424 2220 est
1457 2165 1508 2235 5
1537 2167 1808 2237 antiquius
1835 2179 2099 2240 tempore,

524 2256 604 2310 nil
630 2256 774 2326 quod
823 2257 1123 2328 quantitate
1159 2258 1393 2325 diﬂ'erat,
1426 2259 1503 2314 nil
1545 2262 1688 2330 quod
1725 2262 1930 2320 honore
1965 2281 2100 2335 prte-

525 2347 685 2401 cellat
710 2365 725 2402 :
761 2349 854 2404 sed
881 2356 992 2403 tota
1023 2348 1114 2403 illa
1139 2349 1436 2406 divinitatis
1463 2353 1694 2407 essentia
1733 2352 1806 2409 ita
1835 2355 2099 2424 simplicis

526 2446 612 2491 est
639 2445 866 2504 natum,
891 2447 949 2493 ut
973 2439 1210 2509 exceptis
1250 2442 1528 2497 vocabulis
1564 2459 1684 2514 qua
1707 2454 2098 2515 praprietatem

525 2525 768 2582 indicant
809 2543 1185 2598 personarum,
1222 2531 1482 2603 quidquid
1513 2534 1578 2588 de
1613 2550 1719 2589 una
1746 2550 1976 2605 persona
2007 2553 2100 2607 po-

525 2624 636 2671 test
661 2618 1019 2674 essentialiter
1045 2619 1151 2676 dici
1213 2623 1279 2677 de
1324 2624 1498 2678 tribus
1520 2625 1685 2680 etiam
1738 2627 2096 2683 valeatindif-

528 2709 767 2766 ferenter
811 2711 1054 2784 intelligi.
1087 2714 1390 2771 Notandum
1421 2731 1572 2782 sane,
1619 2719 1761 2787 quod
1801 2721 1960 2774 homo
1989 2736 2094 2775 non

527 2799 594 2854 ad
620 2800 781 2856 unius
803 2816 1071 2871 personae,
1106 2806 1199 2859 sed
1230 2806 1298 2861 ad
1330 2807 1496 2862 totius
1542 2807 1821 2864 Trinitatis
1848 2809 1918 2865 sit
1938 2826 2095 2866 crea-

523 2896 612 2943 tus
659 2889 970 2960 imaginem.
1015 2893 1167 2950 Unde
1198 2911 1302 2950 non
1333 2897 1528 2968 legitur
1559 2917 1572 2951 :
1611 2897 1829 2954 Faciam
1865 2901 1930 2954 ad
1960 2901 2094 2956 ima-

526 2979 702 3045 ginem
748 2996 940 3045 meam,
998 2985 1092 3040 sed
1124 3003 1138 3040 :
1176 3005 1193 3032 ι
1231 2986 1538 3054 Faciamus,
1596 2990 1788 3060 inquit,
1817 2991 2092 3047 hominem

527 3067 593 3122 ad
618 3068 903 3141 imaginem
932 3084 1170 3131 nostram
1199 3075 1350 3148 (Gen.
1381 3079 1440 3148 ι).
1483 3099 1502 3132 ο

1147 3167 1376 3225 CAPUT
1415 3170 1476 3225 11.

779 3253 1010 3309 "(cresia
1038 3257 1152 3309 Arii
1182 3270 1228 3310 et
1269 3257 1489 3312 Sabellii
1518 3264 1842 3330 confutatur.

598 3340 801 3406 Porro,
859 3344 997 3398 sicut
1045 3346 1431 3404 confundentes
1479 3349 1702 3416 Arium,
1751 3368 1912 3406 unam
1952 3368 2102 3408 eam-

536 3429 766 3499 demque
805 3433 968 3487 totius
1005 3433 1287 3490 Trinitatis
1323 3451 1447 3492 esse
1485 3438 1838 3494 substantiam
1877 3441 2100 3497 conlite-

529 3536 698 3588 mur;
748 3523 821 3579 ita
867 3524 1215 3580 nihilominus
1262 3536 1312 3581 et
1361 3529 1695 3598 impietatem
1748 3531 1966 3587 Sabellii
2000 3532 2097 3586 de-

531 3612 838 3677 clinantes,
874 3625 982 3671 tres
1030 3633 1293 3688 personas
1350 3621 1661 3676 inconfusas
1710 3631 1766 3676 et
1823 3623 2100 3693 signanter

533 3718 854 3771 expressas,
887 3707 988 3762 sub
1023 3723 1122 3762 sua
1160 3709 1422 3779 cujusque
1453 3711 1780 3780 proprietate
1807 3712 2096 3782 distingui-

529 3806 670 3846 mus.
709 3792 825 3848 Non
865 3797 1044 3862 enim,
1084 3807 1141 3851 ut
1182 3800 1435 3856 haeretica
1475 3811 1869 3858 commentatur
1905 3804 2099 3875 impie-

529 3887 657 3945 tas,
706 3882 821 3951 ipse
876 3885 1020 3941 Deus
1061 3886 1242 3952 Pater,
1299 3892 1514 3960 quando
1568 3892 1710 3957 vult,
1763 3893 1926 3950 Pater
1973 3905 2097 3962 est;

531 3973 750 4038 quando
799 3975 949 4042 vult,
997 3978 1165 4034 Filius
1221 3991 1345 4048 est;
1403 3985 1617 4052 quando
1668 3985 1810 4051 vult,
1865 3985 2102 4056 Spiritus

535 4074 758 4119 sanctus
785 4076 870 4120 est
899 4084 918 4121 :
947 4071 1042 4124 scd
1076 4087 1410 4143 unaquaeque
1448 4089 1674 4142 persona
1697 4117 1712 4141 ,
1752 4077 1831 4133 sic
1869 4081 2100 4150 quadam

536 4157 608 4209 ab
647 4157 769 4211 aliis
800 4162 1132 4230 proprietate
1167 4165 1514 4236 distinguitur
1544 4207 1560 4232 ,
1598 4176 1656 4221 ut
1693 4168 1853 4225 Pater
1890 4187 2104 4242 semper

535 4243 608 4297 sit
637 4243 818 4308 Pater,
850 4257 907 4303 et
934 4265 1208 4320 nunquam
1241 4253 1437 4321 Filius,
1469 4257 1553 4311 vel
1586 4257 1820 4327 Spiritus
1848 4269 2100 4327 sanctus;

545 4332 716 4389 Filius
764 4345 944 4393 autem
999 4354 1214 4412 semper
1263 4345 1332 4399 sit
1367 4345 1567 4409 Filius,
1619 4356 1675 4403 et
1719 4357 1990 4420 nunquam
2034 4353 2104 4406 sit

537 4421 724 4488 Pater,
757 4428 842 4480 vel
877 4429 1117 4498 Spiritus
1140 4443 1394 4501 sanctus;
1437 4438 1672 4508 Spiritus
1717 4453 1934 4497 sanctus
1973 4459 2103 4499 vero

535 4527 813 4582 nunquam
845 4518 916 4571 sit
942 4517 1123 4586 Pater,
1155 4523 1238 4577 vel
1266 4523 1462 4588 Filius,
1495 4528 1587 4581 sed
1627 4541 1840 4597 semper
1869 4529 2103 4598 Spiritus

541 4613 780 4659 sanctus.
848 4605 1207 4672 Quamobrem
1268 4627 1373 4666 non
1429 4615 1756 4668 attendenda
1814 4625 1900 4670 est
1963 4619 2104 4672 nuda

542 4693 805 4748 duntaxat
853 4697 1141 4752 diversitas
1194 4702 1510 4768 nominum,
1566 4703 1659 4757 sed
1711 4705 1982 4760 subtiliter
2030 4707 2108 4761 di—

539 4785 856 4854 stinguenda
886 4791 1189 4860 proprietas
1220 4807 1592 4860 personarum.

608 4875 770 4932 Pater
799 4877 977 4947 itaque
1007 4888 1108 4937 hoc
1135 4882 1296 4937 habet
1323 4884 1598 4954 proprium
1622 4926 1638 4950 ,
1665 4888 1809 4954 quod
1835 4901 1898 4940 ex
1933 4887 2105 4941 omni-

541 4962 645 5018 bus
671 4980 1025 5038 quaecumque
1065 4979 1235 5034 sunt,
1272 4972 1419 5027 solus
1457 4982 1540 5028 est
1565 5015 1578 5036 ,
1621 4976 1712 5044 qui
1752 4977 1820 5030 ab
1859 4976 1965 5030 alio
1998 4993 2104 5032 non

479 5049 496 5060 “
543 5061 672 5106 est:
727 5068 790 5108 ac
838 5071 933 5124 per
981 5058 1082 5114 hoc
1133 5061 1280 5116 solus
1331 5065 1643 5133 agnoscitur
1678 5065 1731 5118 in
1767 5067 2108 5135 paternitatis

547 5156 667 5190 esse
715 5157 981 5190 nersnna.
1033 5165 1141 5190 nnn
1187 5151 1334 5190 αηιηε
1368 5162 1445 5190 ραι
1489 5154 1541 5190 tn
1581 5155 1796 5190 alnilnﬁc

1851 5157 2086 5190 occanein

2126 3138 2174 3201 C

2133 4475 2181 4534 D

2200 1889 2453 1954 dilectio,
2494 1892 2558 1945 de
2595 1908 2700 1961 qua
2735 1893 2975 1946 dicitur:
3014 1909 3032 1942 ι
3063 1893 3198 1958 Quia
3238 1894 3377 1948 Deus
3413 1893 3650 1947 charitas
3682 1901 3769 1948 ist

2198 1979 2301 2049 (ll
2333 1979 2494 2034 Joan.
2535 1980 2650 2050 Iv).
2689 2001 2706 2031 ›
2744 1980 2804 2036 Et
2844 1983 2960 2037 inec
2996 1991 3078 2038 est
3115 1997 3358 2046 summa,
3389 1981 3678 2038 incll‘abilis
3713 1991 3770 2037 et

2201 2073 2761 2146 incomprehensibilis
2800 2074 3071 2140 Trinitas,
3103 2089 3208 2129 non
3239 2075 3412 2129 dicam
3444 2074 3602 2130 unius
3640 2073 3769 2140 Dei,

2202 2170 2295 2225 sed
2334 2186 2473 2226 unus
2512 2173 2672 2228 Deus.
2715 2171 2828 2227 Nec
2865 2185 3004 2227 unus
3039 2169 3282 2233 vertitur,
3317 2167 3399 2222 vel
3434 2174 3674 2221 mutatur
3713 2167 3768 2221 in

2202 2261 2434 2316 alterum
2464 2277 2478 2326 ;
2515 2263 2608 2317 sed
2648 2264 2790 2333 quod
2829 2271 2950 2326 est,
2989 2261 3106 2316 sine
3141 2257 3384 2327 qualibet
3420 2258 3720 2314 mutatione
3749 2300 3763 2324 ,

2197 2351 2256 2422 ϐ
2284 2351 2484 2423 iugiter
2523 2362 2806 2422 permanet
2840 2353 3125 2406 illibatum.
3158 2348 3247 2401 Ait
3272 2348 3415 2401 enim
3456 2348 3715 2416 propheta
3751 2363 3766 2402 ε

2207 2461 2225 2492 ι
2273 2443 2596 2514 Egredietur
2625 2445 2691 2499 dc
2729 2459 2824 2500 ore
2859 2457 2978 2497 meo
3010 2441 3236 2508 iustitiae
3272 2440 3492 2494 verbum
3522 2479 3538 2504 ,
3569 2449 3624 2494 et
3659 2455 3773 2492 non

2198 2544 2503 2588 revertetur
2537 2535 2707 2604 (Isai.
2736 2551 2838 2590 xcv
2860 2534 2899 2604 ).
2954 2552 2972 2584 ι
3005 2531 3141 2599 Quid
3181 2540 3265 2585 est
3297 2548 3316 2581 ς
3381 2547 3486 2585 non
3528 2539 3764 2585 reverte-

2201 2625 2333 2679 tur?
2365 2644 2382 2675 ι
2413 2624 2490 2680 Ne
2520 2625 2858 2680 Sabellianus
2885 2623 3027 2676 dicat
3057 2620 3181 2690 quia
3214 2620 3324 2690 ipse
3353 2629 3435 2674 est
3462 2620 3642 2682 Pater,
3673 2621 3772 2689 qui

2196 2725 2251 2768 et
2283 2715 2450 2771 Filius
2481 2725 2566 2770 est
2595 2733 2609 2768 :
2641 2715 2724 2768 vel
2757 2713 3193 2781 Patripassiauns
3213 2751 3226 2774 ,
3264 2713 3480 2778 quando
3501 2752 3514 2776 ,
3555 2712 3769 2780 inquit,

2198 2806 2311 2859 vult
2333 2847 2348 2870 ,
2384 2805 2544 2859 Pater
2572 2814 2657 2858 est
2681 2844 2694 2867 ,
2727 2814 2782 2858 et
2810 2801 3023 2871 quando
3051 2800 3188 2864 vult,
3228 2800 3396 2854 Filius
3424 2809 3524 2855 est.
3567 2801 3765 2871 Egres—

2199 2912 2316 2950 sum
2348 2896 2512 2964 igitur
2549 2894 2772 2948 verbum
2802 2907 2909 2946 non
2947 2891 3251 2952 revertitur,
3284 2891 3409 2960 quia
3440 2890 3600 2945 Pater
3625 2905 3768 2946 sem-

2202 3004 2297 3058 per
2327 2987 2492 3042 Pater
2521 2994 2605 3042 est
2625 3027 2640 3052 ,
2670 2993 2724 3041 et
2750 2985 2918 3039 Filius
2949 3000 3158 3054 semper
3185 2984 3354 3039 Filius
3377 2993 3482 3039 est.

2819 3074 3042 3130 CAPUT
3081 3074 3166 3128 lli.

2392 3170 2469 3224 De
2489 3178 2814 3224 sacramento
2847 3168 3134 3222 ﬂaminica:
3161 3168 3570 3226 lncarnatiouis.

2269 3261 2552 3316 Credimus
2578 3262 2766 3325 etiam,
2794 3259 2918 3328 quia
2947 3259 3034 3314 Dei
3061 3255 3254 3326 Filius,
3282 3277 3442 3332 quem
3465 3279 3529 3319 ex
3553 3267 3771 3335 propria

2200 3351 2498 3406 substantia
2517 3351 2654 3405 Deus
2674 3351 2838 3406 Pater
2857 3360 2980 3406 ante
3004 3353 3195 3407 saecula
3216 3355 3400 3425 genuit
3417 3397 3432 3419 ,
3458 3372 3642 3410 verum
3669 3375 3766 3412 na-

2201 3448 2336 3494 tura:
2358 3450 2557 3496 nostra:
2579 3441 2851 3498 hominem
2878 3442 3069 3505 induit,
3097 3458 3159 3498 ac
3180 3445 3244 3499 de
3270 3447 3527 3501 maternis
3551 3448 3768 3503 visceri-

2199 3529 2300 3584 bus
2324 3531 2641 3586 intemerata
2662 3531 2972 3601 virginitate
2995 3535 3273 3601 processit.
3300 3535 3433 3589 Nam
3459 3538 3548 3605 qui
3571 3535 3636 3592 de.
3658 3537 3774 3593 Deo

2201 3619 2365 3686 Deus,
2378 3621 2442 3676 de
2455 3621 2822 3691 omnipotente
2842 3631 2959 3677 erat
2984 3625 3352 3695 omnipotens;
3381 3643 3485 3683 non
3506 3628 3771 3700 posterior

2202 3717 2464 3780 tempore,
2486 3726 2590 3767 non
2615 3711 2838 3767 inferior
2862 3711 3140 3780 majestate
3157 3757 3174 3780 ,
3197 3731 3301 3771 non
3327 3726 3471 3772 certe
3497 3718 3779 3773 dissimilis.

2201 3800 2394 3870 gloria,
2419 3815 2522 3854 non
2546 3801 2749 3857 divisus
2767 3804 3031 3871 essentia;
3060 3805 3198 3859 idem
3221 3807 3530 3875 sempiterni
3553 3807 3772 3862 Genito-

2204 3890 2281 3946 ris
2303 3890 2611 3962 unigenitus
2633 3893 3013 3962 sempiternus,
3039 3904 3197 3949 natus
3219 3904 3303 3951 est
3324 3896 3391 3951 de
3417 3895 3619 3966 Spiritu
3643 3911 3770 3951 san-

2202 3988 2292 4035 cto
2326 3989 2380 4036 et
2405 3980 2617 4051 virgine
2639 3980 2828 4035 Maria.
2882 3982 3017 4050 Quia
3045 3984 3123 4038 sic
3151 3986 3440 4054 assumpsit
3468 3985 3777 4049 hominem,

2197 4082 2387 4128 utnon
2409 4083 2741 4144 permutaret
2763 4075 2814 4128 in
2837 4075 3015 4144 aliquo
3035 4076 3286 4132 deitatem
3313 4095 3328 4131 :
3356 4093 3538 4131 veram
3570 4077 3772 4132 scilicet

2204 4177 2456 4228 carnem,
2490 4171 2545 4218 et
2577 4177 2764 4218 veram
2807 4164 3026 4219 sibimet
3072 4165 3306 4219 animam
3346 4165 3774 4220 substantialiter

2204 4251 2463 4314 connivit,
2497 4260 2555 4304 ut
2583 4253 2880 4306 secundum
2921 4253 3091 4322 ipsam
3133 4253 3518 4307 humanitatem
3546 4263 3772 4308 mortem

2204 4339 2484 4393 moriendo
2510 4339 2830 4400 destrueret,
2860 4347 2913 4392 et
2943 4339 3234 4404 diabolum,
3268 4342 3356 4410 qui
3389 4343 3577 4395 mortis
3606 4341 3742 4394 habe
3761 4373 3774 4382 -

2205 4427 2298 4481 bat
2324 4427 2605 4495 imperium
2629 4468 2642 4489 ,
2673 4435 2970 4496 superaret.
3004 4427 3123 4482 Non
3149 4430 3291 4482 enim
3324 4431 3400 4483 sic
3431 4430 3772 4501 intelligenda

2207 4525 2290 4570 est
2318 4516 2404 4568 illa
2433 4517 2708 4585 generatio
2743 4518 3089 4588 singulariter
3118 4519 3469 4583 admirabilis,
3509 4529 3564 4574 et
3605 4523 3769 4576 mira-

2209 4604 2385 4658 biliter
2434 4605 2738 4674 singularis,
2786 4617 2844 4660 ut
2886 4623 2983 4677 per
3010 4609 3300 4663 novitatem
3325 4611 3617 4667 creationis
3646 4627 3773 4680 pro-

2207 4697 2410 4764 prietas
2451 4695 2630 4750 ablata
2675 4697 2746 4750 sit
2785 4698 3019 4767 generis.
3070 4700 3322 4770 Virgineo
3366 4701 3573 4756 scilicet
3622 4712 3775 4756 utero

2204 4784 2446 4855 Spiritus
2491 4795 2709 4841 sanctus
2753 4786 3139 4842 fecunditatem
3173 4789 3420 4853 contulit,
3467 4791 3667 4845 veritas
3697 4799 3776 4846 ta—

2211 4890 2335 4930 men
2383 4877 2629 4947 corporis
2665 4892 2728 4930 ex
2780 4885 3038 4932 maternae
3067 4888 3277 4933 natura:
3306 4879 3612 4934 conditione
3648 4896 3776 4949 pro-

2209 4968 2399 5032 .cessit,
2431 4983 2592 5036 quam
2635 4983 2758 5023 mox
2801 4969 3082 5024 rationalis
3103 4970 3227 5024 vitae
3253 4971 3476 5038 spiritus
3500 4971 3774 5024 animavit.

2211 5055 2647 5112 Condemnamus
2677 5059 2820 5112 enim
2859 5058 3245 5126 Apollinarem,
3276 5059 3368 5128 qui
3402 5074 3506 5112 non
3543 5059 3777 5113 hominis

2212 5155 2448 5188 maniam
2503 5147 2594 5188 cmi
2625 5147 2796 5188 eniam
2827 5148 2944 5188 cina
2976 5149 3181 5188 ralinna
3215 5149 3448 5186 animant
3479 5150 3777 5186 cucnnnicca
