4106 6310
259 351 329 406 23
736 364 857 387 -

1309 336 1550 394 OPUSC.
1593 337 1632 390 1.
1673 365 1742 378 -—
1780 334 1868 388 DE
1903 331 2058 388 FIDE
2093 325 2501 386 CATHOLlCA.
3453 314 3524 370 i0

265 478 315 522 et
347 442 604 519 animalia
647 458 831 518 bruta.
881 455 973 512 sed
1019 454 1287 509 rationem
1314 466 1420 508 non
1467 449 1686 514 habent,
1727 444 1844 516 qua?
1873 447 1924 506 Α
1954 461 1974 494 ι
2005 443 2060 496 In
2105 440 2217 496 sole
2261 438 2432 502 calor,
2473 444 2530 490 et
2567 432 2820 504 splendor
2851 431 2904 486 in
2933 445 3038 485 uno
3067 429 3214 484 radio
3245 435 3393 494 sunt,
3431 430 3528 484 sed

267 552 468 608 mentis
487 558 573 606 est
604 547 846 618 propria.

342 641 451 698 Sed
475 640 521 695 si
553 636 854 694 detestandi
888 644 1012 690 sunt
1040 626 1346 697 Mauichtei,
1383 631 1476 703 qui
1507 643 1630 686 eum
1658 641 1846 682 verum

265 745 472 800 corpus
519 715 799 791 habuisse,
851 727 995 796 quod
1038 725 1282 779 inﬁmum
1328 733 1411 778 est
1452 723 1506 775 in
1553 720 1846 781 hominem,

268 823 575 890 denegant:
606 825 810 887 quanto
837 815 1012 885 magis
1048 813 1138 868 isti
1167 810 1557 868 condemnandi
1589 817 1734 874 sunt,
1760 807 1850 876 qui

269 910 486 965 scilicet
518 909 622 963 hoc
654 921 801 969 eum,
829 905 974 974 quod
1003 905 1267 973 optimum
1292 902 1451 956 estin
1477 899 1716 961 homine,
1749 911 1852 950 non

270 1001 533 1056 habuisse
573 995 933 1053 conﬁrmant?
979 995 1138 1048 Absit
1183 993 1379 1063 igitur,
1433 1001 1494 1044 ut
1534 988 1851 1051 credamus,

270 1096 421 1163 quod
447 1090 710 1148 conﬁnxit
736 1087 1026 1142 temeraria
1055 1085 1291 1146 accitas,
1319 1093 1374 1138 et
1397 1082 1630 1149 superba
1672 1079 1857 1146 loqua-

272 1188 438 1239 citas.
484 1183 662 1246 Absit,
713 1181 958 1248 inquam,
1005 1177 1102 1232 Dei
1147 1177 1314 1232 Filius
1357 1175 1535 1228 minus
1564 1172 1764 1240 aliquid
1794 1171 1860 1223 de

273 1279 521 1331 humana
557 1272 864 1342 suscepisse
903 1279 1118 1333 natura,
1161 1277 1216 1323 et
1255 1267 1338 1322 vel
1385 1268 1436 1320 in
1478 1279 1660 1325 carne,
1692 1261 1773 1316 vel
1805 1261 1858 1314 in

275 1368 498 1431 anima,
547 1365 633 1419 vel
685 1364 738 1418 in
783 1376 945 1418 sensu
997 1369 1330 1429 assumptum
1382 1357 1657 1412 hominem
1704 1352 1862 1408 nobis

281 1460 456 1514 fuisse
506 1455 864 1520 dissimilem;
914 1467 1079 1521 quem
1119 1452 1321 1519 absque
1357 1450 1469 1504 sola
1507 1447 1715 1518 peccati
1745 1460 1860 1500 ma-

277 1548 431 1612 cula,
473 1561 595 1616 quae
642 1543 907 1599 naturalis
947 1558 1052 1597 non
1085 1551 1167 1596 est
1207 1542 1310 1605 his,
1352 1547 1570 1611 propter
1606 1553 1742 1607 quos
1779 1551 1865 1591 as-

283 1651 538 1712 sumptus
561 1648 663 1701 est.
688 1640 1046 1694 confiteamur
1070 1637 1290 1692 omnino
1315 1635 1480 1688 fuisse
1505 1633 1861 1688 conformem.

277 1730 421 1785 Nam
474 1730 676 1784 idcirco
723 1727 817 1782 Dei
869 1727 1156 1791 mediator,
1196 1734 1252 1779 et
1298 1725 1577 1780 hominum
1622 1721 1860 1776 dicitur:

1953 530 2104 587 calor
2149 529 2410 591 exsiccat,
2461 523 2720 594 Splendor
2766 521 3070 583 illuminat;
3117 528 3172 573 et
3219 534 3342 572 cum
3387 516 3532 573 aliud

1954 626 2106 681 calor
2132 625 2262 693 agit,
2295 620 2442 678 aliud
2473 617 2748 688 splendor,
2779 623 2834 668 et
2863 625 3040 668 tamen
3081 612 3147 666 ab
3171 610 3400 668 invicem
3431 624 3529 663 ne-

1954 726 2162 788 queunt
2210 712 2475 785 separari.
2513 709 2606 764 Sic
2632 717 2685 762 et
2713 705 2882 760 Filius
2926 703 3162 773 suscepit
3199 715 3440 764 carnem,
3480 707 3536 753 et

1959 827 2068 867 non
2102 807 2344 864 deseruit
2373 805 2610 859 Patrem.
2644 801 2698 854 In
2728 798 2945 854 Cithara
2991 809 3204 866 quoque
3250 809 3372 848 cum
3422 808 3532 855 ars,

1958 915 2152 958 manus
2199 907 2254 954 et
2299 895 2499 952 chorda
2550 891 2830 960 cooperari
2871 902 2975 942 non
3022 885 3354 947 dubitentur,
3397 898 3535 936 unus

1957 1006 2141 1048 tamen
2183 1004 2348 1046 sonus
2386 987 2622 1042 auditur.
2666 983 2742 1036 Ita
2771 981 2954 1042 Pater,
3003 986 3058 1032 ct
3101 975 3292 1038 Filius,
3331 983 3384 1029 et
3414 972 3536 1042 Spi-

1958 1088 2098 1140 ritus
2145 1091 2388 1142 sanctus,
2457 1075 2614 1133 simul
2668 1073 2872 1130 Christi
2930 1067 3204 1137 cooperati
3249 1073 3371 1120 sunt
3431 1065 3534 1118 hu-

1959 1175 2317 1239 manitatem,
2382 1170 2476 1225 sed
2542 1167 2689 1223 solus
2745 1166 2916 1222 Filius
2987 1161 3224 1231 suscepit
3284 1159 3535 1214 humani-

1957 1277 2149 1320 tatem.
2180 1284 2198 1316 ι

2036 1354 2190 1422 Quod
2233 1371 2278 1408 SI
2323 1363 2380 1409 et
2426 1354 2531 1408 hoc
2581 1351 2722 1405 forte
2765 1356 2984 1413 movet,
3031 1344 3301 1416 quomodo
3358 1357 3538 1396 verum

1965 1447 2168 1504 Christi
2211 1461 2408 1515 corpus
2439 1444 2563 1505 fuit,
2605 1441 2933 1514 quodsalva
2963 1437 3292 1508 tirginitale,
3335 1450 3400 1492 ex
3430 1449 3544 1487 ma.-

1968 1538 2140 1593 ternis
2189 1535 2489 1590 visceribus
2532 1533 2715 1600 egredi
2765 1528 2958 1599 p0tuit.
2997 1526 3150 1592 Quod
3196 1525 3249 1578 in
3291 1530 3542 1592 promptu

1968 1637 2071 1690 est,
2129 1626 2304 1682 oculis
2349 1624 2566 1688 adhibe,
2621 1631 2678 1677 et
2730 1637 2797 1676 ex
2845 1618 3085 1674 minimis
3125 1617 3384 1671 immensa
3424 1628 3545 1681 pcr-

1970 1719 2164 1789 pende.
2207 1717 2352 1773 Solis
2383 1715 2570 1770 radius
2599 1715 2674 1769 ita
2702 1711 2954 1783 specular
2979 1719 3252 1779 penetrat,
3277 1717 3332 1761 et
3355 1715 3414 1762 ut
3434 1704 3545 1760 obi-

278 1822 412 1889 quia
462 1821 604 1875 sicut
644 1833 809 1874 verus
853 1819 1016 1882 Deus,
1063 1819 1135 1870 ita
1174 1830 1337 1870 verus
1366 1825 1449 1871 est
1469 1816 1633 1868 homo
1660 1813 1866 1867 habens
1901 1819 1941 1877 ῃ
1971 1826 2086 1864 cem
2113 1810 2230 1879 ejus
2256 1807 2552 1862 insensibili
2579 1805 2880 1861 subtilitate
2903 1808 3342 1872 pertranseat,et
3368 1807 3546 1852 tamen

279 1913 533 1968 eamdem
556 1927 680 1966 cum
703 1910 866 1966 Patre
887 1909 941 1964 in
969 1908 1250 1962 divinitate
1273 1914 1544 1967 naturam,
1563 1913 1618 1957 et
1641 1903 1695 1956 in
1720 1901 1866 1955 nullo

287 2004 566 2058 diversam
595 2001 948 2056 humanitatis
973 2015 1097 2055 cum
1129 2005 1302 2053 matre
1334 1996 1722 2060 substantiam;
1764 1991 1864 2046 ha,

283 2099 423 2154 hens
449 2112 519 2151 ex
549 2093 705 2148 nobis
744 2107 916 2164 usque
944 2092 1011 2146 ad
1042 2100 1272 2145 mortem
1320 2087 1626 2158 iniquitatis
1667 2094 1868 2139 nostra:

284 2201 544 2257 pinnam,
615 2183 820 2238 habens
873 2179 1369 2235 incommutabilem
1423 2192 1489 2231 ex
1547 2176 1657 2230 Deo
1707 2175 1870 2228 Patre

287 2278 339 2347 7
359 2275 658 2346 justitiam,
710 2293 728 2324 ‹
749 2273 840 2343 qui
880 2272 1174 2328 cruciﬁxus
1213 2281 1297 2326 est
1330 2285 1397 2325 ex
1428 2269 1740 2324 inﬁrmitate
1771 2281 1868 2321 no-

286 2379 426 2433 stra,
467 2367 565 2422 sed
611 2367 743 2421 vivit
771 2381 836 2420 ex
868 2365 1067 2419 virtute
1095 2379 1190 2418 sua
1225 2362 1277 2433 (Ι
1308 2363 1432 2416 Cor.
1461 2360 1602 2418 nul.
1636 2379 1653 2410 ι
1687 2358 1872 2415 Sensit

283 2461 436 2513 enim
464 2457 880 2527 participatione
906 2455 1127 2509 hmnaui
1166 2452 1390 2508 aii‘ectus
1427 2462 1676 2515 mortem,
1709 2465 1872 2520 quam

286 2558 492 2621 sponte
518 2556 867 2618 susceperat;
901 2562 1008 2601 non
1035 2555 1244 2601 natura:
1267 2561 1377 2601 sua:
1403 2554 1723 2617 potestatem
1751 2557 1874 2614 per-

289 2643 452 2705 dens,
477 2653 576 2711 per
597 2654 759 2709 quam
785 2647 980 2694 cuncta
1005 2638 1261 2693 viviﬁcat.
1291 2637 1408 2708 ipse
1433 2638 1871 2703 scilicet-auctor,

289 2743 350 2788 et
377 2748 519 2804 opus
547 2731 809 2795 auctoris,
846 2731 974 2801 quia
1007 2730 1120 2800 ipse
1151 2746 1208 2784 se
1238 2731 1392 2798 quasi
1419 2725 1674 2785 sacerdos
1702 2729 1874 2784 sacri-

292 2826 482 2880 ﬁcium
520 2822 860 2888 obtulit;'et
895 2822 1036 2876 idem
1071 2822 1184 2890 ipse
1217 2821 1362 2876 velut
1395 2822 1571 2876 hostia
1595 2821 1878 2876 suavitatis

295 2917 349 2970 in
381 2929 549 2970 cruce
573 2913 844 2984 pependit.
870 2911 1031 2967 Salva
1057 2912 1310 2966 nimirum
1332 2913 1659 2982 proprietate
1679 2912 1878 2967 utrius-

293 3019 404 3073 que
431 3013 667 3066 naturae,
697 3002 829 3056 etin
863 3016 1024 3056 unam
1059 3009 1288 3056 coeunte
1315 3016 1604 3071 personam
1629 3010 1878 3071 suscepta

294 3102 382 3146 cst
410 3106 441 3145 a
473 3089 760 3159 majestate
798 3089 1098 3154 humilitas,
1137 3105 1167 3144 a
1202 3091 1405 3145 virtute
1450 3091 1762 3154 inﬁrmitas,
1812 3092 1879 3145 ab

1968 1899 2084 1968 ejus
2126 1899 2456 1954 soliditatem
2504 1897 2846 1966 aliquatenus
2875 1909 2979 1948 non
3006 1893 3301 1960 infringat:
3331 1898 3386 1944 et
3427 1888 3548 1942 talis

1969 1991 2304 2046 intrinsecus
2361 1988 2640 2050 cernitur,
2684 1985 2860 2057 qualis
2911 1983 3126 2038 videtur
3185 1981 3543 2036 extrinsecus.

1967 2085 2154 2153 itaque
2193 2098 2317 2138 cum
2358 2080 2678 2152 ingreditur,
2707 2093 2882 2147 neque
2925 2091 3046 2132 cum
3085 2074 3364 2144 egreditur
3391 2071 3548 2126 dissi-

1971 2185 2061 2248 pat
2086 2194 2097 2229 :
2127 2175 2252 2245 quia
2275 2183 2326 2229 et
2351 2175 2624 2245 ingressu,
2652 2181 2706 2226 et
2728 2185 2952 2240 egressu
2981 2168 3100 2237 ejus
3127 2165 3376 2235 specular
3411 2164 3548 2218 inte.

1970 2285 2127 2342 grum
2148 2268 2208 2338 8
2233 2273 2560 2338 perseverat.
2592 2261 2852 2334 Specular
2881 2261 3064 2329 itaque
3095 2274 3202 2313 non
3237 2256 3438 2327 frangit
3463 2269 3553 2310 ra-

1971 2361 2096 2416 dius
2133 2358 2294 2423 solis,
2327 2366 2382 2412 et
2419 2354 2792 2426 integritatem
2829 2351 3059 2420 virginis
3087 2360 3415 2404 conservare
3444 2359 3550 2399 non

1974 2448 2152 2518 potuit
2188 2445 2466 2502 nascentis
2500 2441 2897 2512 omnipotentia
2947 2435 3368 2507 Redemptoris?
3417 2432 3553 2488 Nam

1974 2537 2260 2610 virginalis
2313 2533 2600 2606 integritas
2646 2532 2726 2587 sic
2771 2531 3081 2598 incorrupta
3124 2525 3370 2596 peperit,
3414 2524 3556 2580 sicut

1978 2628 2237 2684 inviolata
2267 2625 2536 2694 concepit.
2570 2621 2740 2678 Verus
2765 2621 2947 2685 enim,
2977 2627 3031 2672 ct
3061 2617 3248 2688 plenus
3271 2614 3414 2669 Deus
3441 2621 3555 2676 est,

1979 2721 2120 2776 sicut
2151 2733 2310 2775 verus
2332 2758 2346 2782 ,
2380 2726 2435 2772 et
2465 2715 2655 2784 plenus
2690 2713 2854 2768 homo
2875 2751 2890 2774 ,
2921 2711 3013 2781 qui
3053 2723 3121 2764 ex
3156 2723 3220 2762 ea
3255 2717 3414 2761 natus
3449 2712 3554 2759 est.

1979 2810 2303 2878 Nullumque
2349 2817 2433 2864 est
2481 2807 2535 2860 in
2591 2805 2696 2860 hac
2749 2803 2954 2858 unitate
3003 2799 3378 2864 mendacium,
3430 2796 3557 2851 dum

1982 2903 2210 2957 invicem
2254 2912 2498 2955 connexa
2549 2903 2706 2960 sunt,
2759 2902 2814 2950 et
2863 2892 3140 2948 humilitas
3189 2888 3458 2953 hominis,
3505 2893 3561 2940 et

1981 2990 2290 3046 sublimitas
2325 2986 2568 3042 deitatis.
2612 2983 2766 3038 Sicut
2800 2983 2945 3038 enim
2982 2981 3126 3036 Deus
3163 2993 3269 3034 non
3301 2976 3563 3032 minuitur

1987 3081 2374 3145 inclinatione,
2404 3078 2494 3132 sic
2535 3078 2698 3131 homo
2742 3091 2848 3130 non
2897 3072 3235 3130 consumitur
3279 3069 3559 3138 dignitate.

296 3182 604 3235 artemitate
650 3180 958 3234 mortalitas
988 3198 999 3232 :
1035 3188 1090 3234 et
1119 3181 1189 3235 ad
1220 3180 1638 3250 persolvendum
1683 3181 1879 3234 Acoudi-
1910 3169 1953 3228 Ε
1985 3172 2112 3241 Agit
2160 3170 2306 3225 cnim
2364 3179 2594 3236 utraque
2647 3174 2876 3227 natura.
2928 3165 3070 3234 quod
3118 3161 3398 3232 proprium
3447 3166 3562 3222 est.

299 3271 468 3326 tionis
499 3279 697 3325 nostra:
720 3270 981 3332 debitum,
1013 3279 1220 3325 natura:
1247 3270 1544 3325 inviolabili
1584 3280 1773 3323 natura
1797 3277 1882 3325 est

299 3363 453 3416 unita
487 3361 764 3431 passibilis
793 3379 806 3414 :
837 3370 898 3414 ut
935 3377 1093 3427 unus,
1128 3360 1380 3429 idemque
1411 3359 1674 3415 mediator
1711 3361 1803 3412 Dei
1829 3368 1886 3414 et

301 3451 586 3506 hominum
613 3460 670 3506 et
698 3451 833 3506 mori
859 3460 1040 3522 posset
1070 3466 1136 3504 ex
1161 3467 1291 3517 uno,
1318 3460 1375 3506 et
1401 3451 1536 3506 mori
1571 3465 1674 3505 non
1703 3463 1886 3519 posset

302 3560 370 3598 ex
401 3544 602 3600 altero.
868 3557 888 3586 ο

921 3633 1148 3691 CAPUT
1187 3634 1274 3689 IV.

309 3729 590 3795 Quomodo
632 3727 775 3782 solus
818 3725 990 3781 Filius
1037 3743 1248 3780 carnem
1295 3729 1538 3796 suscepit,
1570 3735 1630 3781 etv
1672 3735 1890 3781 mortem

993 3798 1205 3850 subivit.

381 3908 490 3964 Sed
521 3908 612 3962 hic
641 3905 766 3970 tibi,
797 3906 870 3960 ﬁli
894 3947 908 3971 ,
937 3907 1194 3976 cogitatio
1224 3908 1471 3964 fortassis
1495 3909 1744 3978 obrepat,
1773 3923 1893 3978 qua:

313 4001 465 4052 velut
505 4014 574 4052 ex
613 3998 995 4067 consequentia
1035 3999 1262 4052 rationis
1305 3997 1568 4066 objiciat:
1624 3999 1749 4054 dum
1806 3997 1895 4052 Fi-

317 4090 449 4149 lius.
478 4090 758 4159 inquiens,
792 4090 952 4146 unius
989 4107 1110 4145 cum
1145 4091 1308 4146 Patre
1345 4092 1693 4157 substantiae,
1730 4101 1786 4146 et
1821 4092 1897 4146 in-

317 4181 638 4250 separabilis
679 4182 932 4236 credatur
980 4196 1101 4237 esse
1148 4193 1355 4237 natura!
1382 4223 1397 4248 ,
1459 4185 1730 4251 quomodo
1778 4183 1896 4237 sine

322 4272 485 4326 Patre
509 4267 700 4338 Filius,
724 4271 808 4326 vel
834 4273 1184 4326 humanitatis
1207 4272 1380 4341 potuit
1400 4270 1624 4325 induere
1643 4270 1896 4337 formam,

324 4364 408 4418 vel
451 4363 598 4419 solus
633 4364 900 4433 passionis
945 4350 1196 4418 toleravit
1232 4361 1490 4432 ituuriam
1512 4363 1538 4415 ?.
1566 4360 1723 4428 Quod
1745 4363 1747 4365 ’
1769 4341 1898 4431 quia

324 4456 567 4510 divinum
591 4464 650 4509 et
677 4456 1047 4511 iuaccessibile
1061 4465 1163 4519 est,
1178 4440 1319 4524 quod
1339 4470 1406 4510 ex
1427 4455 1595 4523 ipsms
1616 4450 1901 4508 ineﬂ‘abilis

329 4548 570 4602 materia:
613 4547 913 4602 manifestis
951 4548 1335 4616 comprehendi
1384 4547 1571 4617 nequit
1600 4545 1835 4610 indiciis,
1870 4560 1903 4599 a

329 4638 614 4693 catholicis
655 4652 797 4707 saepe
837 4638 1150 4695 doctoribus
1191 4637 1486 4692 visibilium
1516 4650 1700 4690 rerum
1726 4634 1906 4688 decla-

332 4739 484 4783 ratur
523 4730 808 4800 exemplis.
858 4729 1010 4784 Unde
1052 4739 1107 4783 οι
1147 4729 1340 4783 beatus
1374 4726 1613 4793 loquitur
1637 4727 1898 4794 Angust.:

338 4837 355 4869 ι
384 4819 544 4874 Aliud
575 4828 678 4884 est,
709 4819 900 4890 inquit,
938 4820 1140 4882 anima,
1173 4818 1316 4872 aliud
1348 4820 1516 4883 ratio;
1549 4825 1605 4870 et
1635 4826 1812 4870 tamen
1849 4832 1904 4868 in

338 4912 516 4965 anima
549 4921 639 4966 est
678 4913 936 4966 ratiozet
983 4927 1090 4964 una
1138 4911 1355 4979 quidem
1406 4918 1492 4963 est
1538 4909 1750 4971 anima,
1808 4906 1904 4962 sed

338 5003 482 5056 aliud
513 5003 695 5058 anima
746 5003 880 5073 agit,
925 5003 1071 5056 aliud
1109 5002 1268 5055 ratio.
1299 5000 1434 5054 Nam
1466 4999 1644 5052 anima
1677 4982 1826 5062 vivit,
1852 5005 1909 5051 et

341 5094 477 5148 ratio
505 5093 666 5162 sapit,
691 5103 746 5148 et
772 5095 839 5149 ad
861 5095 1097 5148 animam
1126 5094 1366 5164 pertinet
1392 5091 1520 5154 vita,
1549 5089 1615 5143 ad
1643 5089 1910 5142 rationem

339 5187 574 5256 pertinet
603 5188 900 5256 sapientia;
927 5197 979 5242 et
1009 5196 1186 5242 tamen
1207 5201 1306 5240 nec
1328 5186 1505 5239 anima
1533 5183 1650 5237 sine
1677 5182 1908 5248 ratione,

339 5295 445 5333 nec
482 5281 620 5335 ratio
666 5281 783 5336 sine
825 5281 1024 5334 anima.
1063 5279 1126 5332 Et
1161 5292 1286 5332 cum
1324 5291 1488 5331 unum
1543 5275 1672 5339 sint,
1729 5272 1910 5327 anima

341 5368 459 5423 sola
486 5354 940 5439 suseeprﬁvitam,
977 5368 1115 5422 ratio
1138 5367 1250 5422 sola
1289 5367 1528 5436 suscepit
1571 5364 1911 5435 sapientiam.

343 5459 436 5513 Sic
461 5468 514 5512 et
539 5460 702 5514 Pater
724 5471 779 5514 et
805 5460 996 5523 Filius,
1018 5459 1144 5514 licet
1171 5474 1332 5512 unum
1361 5459 1490 5522 sint,
1522 5468 1575 5510 et
1606 5472 1744 5510 unus
1773 5455 1916 5508 Deus

348 5554 437 5611 sit.
470 5553 536 5605 ad
559 5553 732 5608 solum
757 5553 1031 5608 Christum
1060 5560 1296 5620 pertinet
1321 5566 1473 5618 caro,
1497 5552 1636 5606 sicut
1659 5551 1724 5604 ad
1745 5548 1914 5604 solam

345 5642 608 5695 rationem
651 5643 884 5711 pertinet
921 5641 1208 5711 sapientia,
1257 5640 1383 5695 licet
1425 5655 1531 5693 non
1587 5639 1802 5693 recedat
1847 5636 1914 5690 ab

348 5730 594 5786 auium.)
661 5733 800 5791 Ecce
856 5733 1050 5786 iterum
1108 5731 1250 5784 aliud
1300 5733 1504 5802 puniret
1563 5729 1910 5800 exctupium‘:

1990 3265 2169 3320 Verbo
2203 3263 2410 3318 scilicet
2447 3268 2741 3332 operante,
2779 3258 2923 3328 quod
2959 3255 3120 3312 Verbi
3157 3263 3277 3317 est,
3313 3260 3368 3306 et
3401 3263 3565 3304 carne

1989 3357 2312 3413 naturaliter
2360 3363 2732 3426 exsequente,
2792 3349 2938 3422 quod
2991 3347 3176 3404 carnis
3226 3353 3330 3400 est.
3383 3342 3565 3399 Unum

1989 3457 2132 3512 enim
2159 3456 2354 3510 horum
2382 3460 2637 3510 coruscat
2668 3448 2965 3512 miraculis,
2997 3445 3230 3500 alterum
3261 3438 3565 3496 succumbit

1993 3546 2234 3615 injuriis.
2267 3545 2373 3600 Sed
2405 3559 2505 3599 nec
2535 3550 2784 3598 creatura
2817 3541 2870 3594 in
2897 3537 3232 3594 divinitatem
3260 3547 3438 3595 versa,
3469 3544 3569 3584 nec

1993 3635 2046 3689 in
2075 3643 2380 3689 creaturam
2407 3632 2665 3686 divinitas
2689 3639 2774 3684 est
2801 3635 3027 3682 mutata.
3057 3625 3134 3678 Ex
3159 3623 3366 3678 duabus
3389 3620 3529 3676 enim
3553 3659 3570 3683 ,

1999 3736 2054 3781 et
2085 3726 2138 3780 in
2179 3725 2390 3779 duabus
2426 3723 2638 3777 naturis
2671 3722 2754 3774 sic
2787 3717 3100 3774 mediatoris
3132 3715 3260 3778 Dei,
3301 3721 3357 3768 et
3395 3711 3569 3766 homi-

1999 3832 2128 3870 num
2160 3829 2394 3885 persona
2425 3812 2708 3875 consistit,
2744 3819 2803 3864 ut
2831 3817 3115 3879 postquam
3150 3805 3242 3859 Dei
3281 3803 3448 3857 Filius
3483 3801 3568 3855 fa-

1999 3919 2120 3962 ctus
2149 3916 2234 3961 est
2263 3907 2426 3959 homo
2446 3945 2462 3970 ,
2489 3917 2838 3972 nequaquam
2870 3901 3012 3954 sicut
3038 3898 3292 3953 heretica
3319 3894 3570 3966 blasphe-

1999 4006 2110 4052 mat
2164 3996 2446 4066 impietas,
2496 3993 2580 4048 vel
2629 3993 2919 4047 humanam
2965 3999 3216 4044 naturam
3266 3986 3569 4043 divinitatis

1999 4088 2276 4161 plenitudo
2301 4094 2683 4149 consumeret,
2709 4085 2794 4139 vel
2823 4084 2876 4137 in
2903 4081 3255 4136 humanitatis
3279 4078 3571 4134 essentiam

1999 4181 2253 4236 divinitas
2281 4179 2631 4249 demigraret.
2674 4175 2807 4230 Nam
2838 4191 2960 4230 cum
2989 4172 3262 4228 hominem
3305 4170 3446 4223 Deus
3480 4182 3570 4222 as-

2000 4272 2264 4340 sumpsit,
2322 4267 2779 4324 incommutabilis
2830 4265 3083 4326 omnino,
3139 4269 3192 4314 et
3231 4255 3578 4328 impassibilis

2000 4363 2183 4416 divina
2212 4360 2351 4429 .ejus
2397 4367 2590 4412 natura
2639 4356 2954 4425 permansit.
3007 4353 3086 4405 Ex
3135 4349 3344 4403 duabus
3388 4348 3572 4414 itaque

2004 4455 2250 4517 naturis;
2279 4450 2536 4521 quoniam
2566 4457 2852 4515 utramque
2881 4440 3276 4498 indivisibiliter
3305 4437 3577 4500 counivit;

2011 4549 2064 4602 in
2103 4545 2312 4601 duabus
2349 4550 2530 4596 autem
2557 4579 2572 4603 ,
2612 4538 2866 4608 quoniam
2899 4535 3264 4602 incorruptam
3295 4537 3582 4596 utramque

2015 4637 2278 4693 servavit.
2340 4624 2665 4702 Unigenitus
2721 4627 2865 4682 enim
2921 4625 3016 4679 Dei
3067 4623 3236 4678 Filius
3287 4616 3584 4688 perfectam

2010 4725 2248 4783 hominis
2285 4724 2558 4786 animam,
2599 4732 2930 4787 carnemque
2966 4714 3300 4783 suscipiens,
3339 4719 3394 4765 et
3443 4723 3579 4763 con-

2012 4817 2388 4876 substantialis
2417 4822 2500 4869 est
2531 4812 2676 4866 Patri
2705 4811 2756 4865 in
2789 4811 2960 4864 forma
2987 4808 3081 4862 Dei
3106 4847 3119 4870 ,
3149 4816 3203 4859 et
3228 4803 3584 4858 consubstan-

2015 4911 2158 4964 tialis
2195 4916 2280 4962 est
2318 4903 2511 4966 matri,
2556 4903 2609 4956 in
2649 4900 2824 4954 forma
2858 4897 3022 4953 servi.
3063 4895 3171 4949 Nec
3200 4893 3326 4962 quia
3356 4889 3584 4945 infirmi—

2018 5000 2145 5054 tatis
2175 4995 2417 5063 suscepit
2446 4995 2700 5047 ltnmante
2729 4987 3059 5044 consortium
3078 5025 3092 5049 ,
3128 4985 3248 5038 ideo
3278 4989 3586 5035 nostrorum

2015 5093 2290 5162 particeps
2339 5089 2515 5141 laetus
2560 5091 2646 5138 est
2697 5082 3035 5138 delictorum.
3087 5074 3394 5143 Assumpsit
3441 5071 3584 5125 enim

2019 5181 2250 5236 formam
2302 5176 2442 5232 servi
2493 5174 2613 5229 sine
2648 5169 2970 5240 contagione
3005 5164 3223 5226 servili,
3261 5162 3439 5216 divina
3479 5173 3587 5213 non

1986 5321 1988 5324 ,
2021 5273 2249 5336 minuit,
2294 5272 2530 5324 humana
2567 5261 2833 5336 provexit.
2874 5259 3164 5325 Assumpta
3202 5252 3465 5321 siquidem
3503 5256 3589 5301 est

2023 5365 2087 5419 de
2129 5372 2301 5426 matre
2343 5356 2550 5413 Domini
2592 5361 2818 5413 natura,
2861 5362 2967 5403 non
3005 5346 3179 5416 culpa.
3225 5341 3336 5396 Nec
3369 5335 3588 5407 propria

2020 5456 2192 5526 potuit
2223 5462 2403 5508 errata
2430 5446 2781 5506 contrahere,
2812 5442 2902 5511 qui
2930 5439 3080 5494 venit
3105 5436 3277 5493 aliena
3306 5429 3587 5485 mundare.

2023 5547 2116 5602 Sic
2145 5544 2288 5599 enim
2333 5542 2386 5594 iu
2420 5555 2484 5593 eo
2514 5535 2860 5605 cognoscitur
2889 5533 3169 5591 humana),
3204 5534 3365 5592 atque
3393 5518 3591 5571 divina:

2023 5647 2231 5693 natura:
2279 5630 2582 5702 proprietas
2631 5623 2904 5680 individua
2953 5629 3308 5689 permanere;
3363 5616 3422 5670 ut
3469 5619 3592 5661 cum

2023 5729 2302 5784 videamus
2353 5723 2403 5777 in
2460 5735 2523 5792 eo
2577 5713 2897 5792 naturaliter
2946 5707 3090 5765 aliud
3141 5704 3540 5781 Verbum‘esse
3571 5733 3587 5757 ,
