4106 6310
583 325 652 378 27
1013 320 1070 376 S.
1114 321 1315 377 PETRI
1351 319 1630 376 DAMIANI
1667 319 1814 375 ()Pl'.
1850 318 2085 376 TOMUS
2126 317 2256 376 εει]
2297 311 2478 371 PARS
2512 315 2595 370 Ill.
2631 347 2700 360 -—-
2739 315 3101 373 OPUSCULA
3143 314 3368 371 VARIA.
3763 314 3830 372 28

581 449 744 502 quam
775 450 992 489 carnem
1018 475 1032 500 ,
1063 451 1225 488 utmm
1258 444 1436 490 tamen
1461 435 1552 490 Dei
1581 434 1807 500 Filium,
1840 443 1896 489 et
1919 432 2157 489 Verbum
2186 431 2236 492 Α
2263 428 2517 482 humanae
2562 435 2770 483 naturae
2799 426 2999 484 veritas
3026 427 3240 494 claruit,
3266 438 3322 482 et
3357 425 3549 484 divina:
3580 428 3781 498 potenti
3801 445 3832 484 ις

585 525 959 596 proﬁteamur,
1001 535 1055 578 et
1091 541 1336 581 carnem.
1378 527 1473 581 Est
1515 527 1660 580 enim
1707 540 1872 580 verus
1919 525 2062 580 Deus
2104 532 2160 578 et
2261 518 2775 573 incommutabilitas
2797 526 2995 572 aeterna
3016 518 3330 588 permansit.
3358 515 3833 588 meristongitur

586 630 750 670 verus
800 617 996 679 homo,
1037 615 1181 670 Deus
1233 615 1515 681 videlicet,
1565 629 1663 685 per
1714 615 1798 681 id,
1846 614 2019 684 quod,
2049 613 2158 668 «1η
2260 617 2576 663 naturarum
2607 608 2991 664 discretionem
3019 608 3278 675 dicimus,
3306 622 3413 663 non
3453 620 3723 676 personce;
3777 605 3832 662 in

583 708 850 776 principio
875 715 994 761 ενοι
1024 705 1281 771 verbum,
1310 717 1362 762 ei
1389 707 1624 763 verbum
1653 717 1770 762 ει-τη
1798 708 1938 776 apud
1964 706 2157 771 Deum,
2261 705 2448 752 sancta
2483 712 2613 754 vero
2659 698 2924 755 Trinitate
2950 701 3300 770 personarum
3347 698 3666 754 conﬁtemur
3714 715 3834 756 esse

583 807 639 852 et
677 800 818 852 Deus
855 811 977 852 erat
1013 797 1248 851 Verbum
1283 796 1482 868 (Joan.
1515 797 1574 869 ι)
1603 815 1618 863 ;
1652 817 1669 849 ι
1696 799 1858 853 homo
1897 811 2025 851 vero
2063 810 2158 866 per

2260 785 2590 849 distantiam,
2625 801 2731 842 non
2763 797 2988 841 naturai.
3020 786 3278 854 Quamvis
3295 787 3438 842 enim
3463 797 3522 842 ut
3551 787 3710 842 homo
3748 788 3833 842 iu-

584 891 667 952 id,
709 889 886 958 quod,
917 907 935 939 ε
967 887 1202 943 Verbum
1243 905 1372 944 caro
1410 889 1612 944 factum
1653 898 1764 957 est,
1805 898 1859 944 et
1897 887 2160 944 habitavit

2261 886 2344 931 tra
2395 877 2552 931 unius
2616 877 2917 948 corpusculi
2973 877 3216 934 latuisset
3254 877 3834 948 angustias.omnium

585 978 638 1032 in
682 979 835 1033 nobis
872 978 1050 1049 (Ibid.
1075 979 1115 1049 ).
1149 1000 1167 1032 ι
1221 981 1362 1036 Deus
1417 996 1511 1050 per
1558 981 1642 1047 id,
1689 981 1831 1051 quod
1858 1021 1872 1046 ,
1913 999 1932 1032 ι
1965 979 2157 1036 omnia
2260 975 2440 1023 tamen
2464 982 2644 1022 rerum
2667 977 2726 1022 ut
2748 968 2911 1036 Deus,
2938 969 3160 1040 regebat
3180 978 3236 1026 et
3261 970 3584 1037 visibilium,
3619 980 3673 1027 et
3701 970 3838 1025 invi-

580 1086 678 1139 per
716 1073 892 1139 ipsum
933 1071 1070 1126 facta
1111 1081 1270 1138 sunt,
1303 1084 1358 1129 et
1387 1075 1504 1129 sine
1533 1075 1650 1145 ipso
1679 1074 1882 1128 factum
1911 1081 1995 1128 est
2027 1072 2158 1126 nihil

2261 1056 2498 1111 sibilium
2536 1066 2837 1114 creaturas.
2872 1057 2981 1114 Nec
3000 1060 3139 1116 alius
3178 1069 3285 1126 est,
3315 1076 3411 1131 per
3455 1074 3613 1130 quem
3652 1070 3835 1116 creata

580 1165 599 1230 (
628 1160 767 1213 Ibid.
797 1162 857 1232 );
896 1182 914 1214 ι
976 1163 1140 1218 homo
1202 1180 1299 1232 per
1351 1166 1433 1227 id,
1468 1166 1641 1233 quod,
1675 1184 1692 1216 ι
1724 1165 1921 1219 Factus
1959 1172 2044 1218 εει
2089 1178 2156 1218 εχ
2259 1147 2620 1213 suntonmia;
2651 1148 2808 1214 alius,
2827 1151 2918 1220 qui
2947 1157 3165 1205 creatus
3195 1159 3279 1206 est
3303 1151 3496 1217 homo;
3523 1151 3662 1206 idem
3686 1165 3838 1205 crea-

583 1253 810 1306 mulicre
835 1294 849 1316 ,
883 1253 1058 1311 factus
1095 1257 1195 1310 sub
1227 1257 1342 1327 lege
1376 1255 1532 1326 (Gal.
1566 1273 1617 1312 tv
1641 1257 1682 1328 ).
1716 1277 1734 1309 ι
1764 1255 1991 1310 Infantia
2023 1270 2160 1324 par-
2262 1247 2351 1293 ποῖ’
2379 1247 2436 1294 ει
2464 1250 2741 1308 Grcam”;
2795 1243 2938 1297 idem
2980 1244 3220 1300 medicus
3267 1254 3322 1300 ei
3365 1245 3666 1300 mediana:
3697 1244 3837 1298 idem

578 1341 693 1395 vuli
746 1344 1054 1399 ostenditur
1089 1347 1141 1400 in
1181 1346 1488 1401 humilitate
1515 1361 1802 1408 cunarmn,
1852 1344 2158 1400 sublimitas

2258 1331 2513 1385 sacerdos
2534 1341 2590 1387 et
2616 1332 2815 1388 hostia.
2840 1333 3182 1391 lmmensitas
3202 1336 3398 1406 quippe
3417 1335 3613 1390 divina:
3632 1333 3837 1404 magni-

581 1429 854 1487 Altissimi
887 1433 1201 1490 declaratur
1232 1436 1285 1489 in
1317 1435 1541 1490 vocibus
1572 1434 1910 1505 angelorum.
2245 1418 2464 1473 ’ῑυδίηίδ
2498 1420 2598 1475 is”
2629 1428 2737 1489 θεῖ»
2761 1430 2821 1476 ui
2851 1421 3216 1494 inlellisamus
3263 1437 3386 1478 eum
3437 1423 3581 1478 ίηῑτει
3631 1421 3834 1488 omnia:

1221 1527 1450 1583 CAPUT
1484 1526 1547 1582 γ,
2259 1509 2354 1564 sed
2386 1524 2493 1564 non
2519 1511 2817 1579 inclusum;
2849 1521 3004 1569 extra
3032 1514 3234 1580 omnia,
3265 1514 3360 1570 sed
3401 1529 3506 1569 non
3536 1513 3834 1569 exclusum.

683 1617 754 1670 In
785 1617 1044 1672 Trinitate
1073 1619 1334 1689 quomodo
1365 1619 1766 1687 distinguantur
1790 1630 2043 1685 personae.
2258 1599 2304 1655 Ῑά

2258 1599 2382 1655 Ideo
2407 1599 2618 1655 scilicet
2646 1601 2895 1670 interior,
2925 1611 2984 1657 ut
3005 1612 3198 1658 cuncta
3229 1603 3536 1668 contineat;
3589 1601 3710 1657 ideo
3737 1617 3835 1657 ex-

650 1708 826 1778 super
855 1708 957 1763 hoc
985 1719 1252 1779 pmlerca
1283 1723 1497 1764 summa
1527 1707 1742 1778 negotio
1767 1706 2153 1776 dispummem,
2262 1689 2448 1754 terior,
2486 1697 2544 1743 ut
2573 1690 2755 1746 omnia
2787 1692 3270 1762 incircumscriptae
3309 1707 3420 1746 sua:
3451 1689 3842 1760 magnitudinis

573 1815 802 1855 necesse
839 1810 924 1855 est
947 1841 960 1866 ,
989 1810 1044 1856 et
1080 1800 1372 1856 discretam
1414 1809 1598 1854 tenere
1623 1797 1922 1862 cautelam,
1952 1806 2005 1849 et
2030 1810 2158 1850 cau-
2188 1780 2194 1837 l

2221 1783 2230 1835 ι
2260 1779 2626 1836 immensitate
2657 1781 2962 1837 concludat.
2994 1783 3098 1837 Per
3127 1781 3181 1838 id
3227 1797 3356 1852 ergo
3402 1782 3544 1851 quod
3603 1781 3842 1836 exterior

569 1901 685 1945 tam
714 1891 913 1946 librare
934 1892 1316 1946 substantiam.
1339 1891 1682 1960 Distinguere
1695 1891 1897 1960 quippe
1919 1886 2156 1958 compel-
2249 1881 2362 1937 ϐεεν
2394 1885 2515 1926 esse
2543 1880 2762 1928 CieaiOi‘
2788 1873 3094 1929 OSlendilul‘
3111 1891 3125 1939 ;
3173 1887 3270 1943 De?
3301 1872 3374 1938 id:
3403 1872 3547 1942 (ιιιοά
3595 1871 3839 1937 inierim.

573 1981 736 2037 limur
764 1983 815 2037 in
845 1983 1131 2038 divinitate
1158 1998 1422 2053 personas
1441 2024 1454 2048 ,
1487 1999 1610 2038 cum
1638 1983 1878 2038 divinam
1921 1999 2027 2038 non
2069 1997 2160 2036 au-

2257 1961 2608 2032 gubernator,
2641 1971 2697 2018 et
2720 1975 2899 2020 rector
2931 1979 3113 2020 rerum
3141 1965 3384 2020 omnium
3413 1965 3840 2022 demonstratur.

572 2072 798 2128 deamus
823 2089 1080 2144 separare
1102 2075 1484 2130 substantiam.
1509 2075 1688 2130 Patris
1709 2075 1854 2129 enim
1874 2115 1889 2140 ,
1917 2084 1970 2128 et
1999 2075 2154 2142 Filii,
2784 2055 2888 2128 10
2946 2055 3173 2113 CAPUT
3225 2055 3314 2114 VI-

571 2175 630 2220 ct
656 2165 894 2236 Spiritus
919 2167 1094 2222 sancti
1127 2177 1238 2222 tres
1271 2167 1545 2222 credimus
1575 2181 1695 2222 esse
1723 2182 2004 2236 personas,
2035 2183 2158 2223 cum
2509 2145 2780 2215 Quon'Odo
2819 2147 3040 2205 Verbum
3065 2168 3096 2206 α
3119 2151 3280 2206 Pam
3303 2161 3594 2222 9e”"emr'

570 2254 629 2324 9
666 2270 826 2308 unam
851 2265 1060 2310 tantum
1091 2255 1392 2326 simplicem
1413 2297 1428 2324 ,
1459 2271 1525 2311 ac
1554 2271 1778 2326 prorsus
1822 2257 2160 2328 inseparabi-

2329 2241 2578 2299 Nonnulli
2607 2260 2737 2302 vero
2767 2247 2895 2302 dum
2939 2247 3132 2303 divinae
3180 2248 3544 2318 generationis
3589 2247 3847 2319 indagare

572 2349 678 2404 lem
715 2349 1074 2405 contiteamur
1099 2352 1412 2406 essentiam.
1455 2350 1496 2404 E
1531 2359 1719 2405 contra
1742 2365 1870 2406 vero
1923 2351 2056 2406 duas
2103 2351 2157 2406 in

2258 2337 2574 2405 mysterium
2604 2338 2848 2409 cupiunt,
2876 2339 3240 2410 corporalium
3261 2340 3645 2412 cogitationum
3667 2340 3846 2410 phan-

569 2437 790 2493 Christo
818 2439 1076 2510 integras,
1107 2450 1271 2511 atque
1298 2439 1571 2510 perfectas
1610 2440 1911 2497 divinitatis
1955 2449 2010 2496 et
2059 2443 2160 2498 bu-

2260 2427 2582 2484 tasmatibus
2609 2429 2924 2484 illuduntur.
2984 2429 3258 2501 Nunquid,
3301 2431 3570 2500 inquiunt,
3601 2431 3853 2502 onttiipo-

574 2529 858 2585 manitatis
885 2531 1231 2600 perhibemus
1255 2546 1376 2588 esse
1407 2533 1764 2602 substantias,
1811 2550 1936 2590 cum
1987 2535 2157 2591 solam
2259 2526 2378 2575 ιθηθ
2405 2521 2548 2577 Deus
2587 2522 2742 2577 ἀυιίι
2768 2537 3014 2589 “mrem,
3053 2523 3178 2593 quia
3222 2524 3406 2592 Βθηυίι
3446 2522 3702 2592 limem?
3739 2521 3851 2580 sed

572 2635 734 2673 unam
760 2635 1069 2676 asseramus
1097 2637 1220 2677 eum
1248 2623 1451 2678 habere
1480 2639 1789 2694 personam.
1818 2625 1930 2682 Nec
1959 2626 2041 2682 fas
2076 2635 2158 2683 est

2255 2625 2325 2667 ex
2353 2622 2535 2669 nostra
2565 2629 2850 2684 possumus
2871 2615 3178 2669 inﬁrmitate
3207 2614 3489 2684 colligere,
3509 2613 3636 2684 quid
3667 2614 3721 2668 in
3755 2629 3849 2669 ar-

568 2710 775 2776 dicere,
803 2710 872 2767 de
912 2711 1095 2775 Patre,
1126 2724 1181 2767 et
1208 2713 1366 2780 Filio,
1397 2724 1453 2768 et
1496 2715 1700 2786 Spiritu
1749 2725 1938 2772 sancto
1989 2717 2154 2785 aliud,

2258 2717 2389 2758 cana
2425 2704 2592 2760 divini
2635 2706 2816 2774 operis
2854 2705 3146 2761 debeamus
3193 2705 3558 2776 profunditate
3595 2720 3846 2777 pensare.

569 2816 694 2854 cum
734 2817 838 2855 una
879 2803 950 2857 είι
985 2803 1228 2858 omnium
1265 2805 1563 2875 eademque
1601 2815 1828 2872 natura;
1879 2808 1972 2863 sed
2019 2808 2158 2864 alius
2257 2791 2416 2848 Prius
2445 2793 2589 2848 enim
2621 2793 2674 2848 in
2713 2793 2998 2850 architecti
3046 2794 3208 2851 corde
3255 2795 3537 2851 consilium
3581 2796 3848 2860 nascitur,

572 2899 808 2960 tantum,
835 2909 956 2948 cum
987 2910 1092 2950 non
1116 2895 1422 2966 ambigatur
1450 2896 1503 2950 in
1531 2897 1612 2950 eis
1643 2913 1996 2966 personarum
2038 2915 2158 2955 esse

2257 2892 2318 2938 ut
2362 2884 2554 2939 futura:
2603 2875 2793 2939 domus
2843 2883 3128 2940 aediﬁcium
3175 2895 3540 2940 construatur.
3589 2884 3695 2941 Cor
3715 2901 3848 2954 ergo

571 2981 850 3038 distantia.
899 2983 954 3038 In
989 2983 1208 3040 Christo
1261 2994 1442 3040 autem
1486 3000 1590 3040 non
1622 2985 1778 3053 alius,
1809 3002 1931 3044 cum
1981 2988 2074 3045 Dei
2103 2997 2158 3043 et
2258 2981 2399 3049 ςθιοίι
2426 2979 2557 3034 hic!
2587 2979 2873 3034 conﬁnium
2903 2989 3123 3050 general
3146 3019 3161 3043 .
3197 2989 3249 3034 ui
3292 2981 3484 3035 domus
3522 2979 3724 3034 fabrica
3751 2993 3851 3048 Per

573 3073 808 3129 homin’s
830 3090 938 3128 una
969 3078 1342 3132 tantummodo
1364 3077 1435 3131 sit
1459 3091 1722 3146 persona;
1755 3079 1848 3133 sed
1879 3078 2022 3134 aliud
2049 3078 2152 3132 dici
2185 3127 2225 3146 η
2259 3071 2468 3127 diversa
2503 3073 2767 3142 parietum
2809 3079 2865 3126 et
2895 3071 3208 3142 angulorum
3265 3070 3588 3126 lineamenta
3620 3084 3846 3124 consur-

570 3162 751 3226 debet,
782 3179 902 3219 cum
932 3165 1144 3234 gemina
1176 3165 1402 3219 diversae
1427 3165 1742 3221 substantiae
1771 3167 1843 3222 sit
1866 3177 2078 3223 natura.
2111 3167 2152 3220 E
2183 3127 2226 3188 Ο
2259 3172 2369 3234 gat.
2421 3162 2718 3218 Consilium
2759 3177 2890 3234 ergo
2930 3162 3085 3232 quasi
3122 3163 3262 3215 illius
3288 3171 3376 3217 est
3401 3161 3578 3216 cordis
3600 3159 3842 3225 humani,

572 3262 762 3307 contra
787 3252 1070 3308 Nestorius
1094 3256 1487 3326 episcopus,et
1534 3257 1806 3328 Eutyches
1845 3259 2154 3313 archiman-
2256 3252 2399 3321 quod
2449 3253 2696 3308 videlicet
2750 3261 2806 3308 et
2857 3253 2924 3307 ad
2982 3251 3404 3308 construendum
3455 3249 3738 3305 aediﬁcium
3791 3249 3845 3302 in

571 3342 713 3395 drita
746 3356 867 3394 cum
893 3342 1150 3396 Dioscoro
1185 3345 1287 3398 hac
1317 3345 1546 3398 invicem
1588 3346 1730 3399 inter
1774 3361 1832 3400 se
1880 3347 2154 3416 discrepa-
2255 3345 2522 3396 exteriora
2570 3343 2834 3410 prorupit,
2887 3350 2941 3396 et
2990 3341 3339 3396 nihilominus
3371 3349 3550 3394 tamen
3593 3348 3758 3394 totum
3791 3338 3845 3392 in

569 3434 1126 3503 tionecompugnant;
1171 3444 1233 3489 ut
1257 3435 1346 3490 ille
1364 3435 1640 3490 Christum
1665 3452 1856 3505 purum
1881 3437 2152 3492 hominem
2255 3432 2543 3501 cegitantis
2581 3431 2744 3486 corde
2781 3431 3096 3500 permansit.
3156 3429 3214 3483 Si
3255 3444 3385 3498 ergo
3428 3445 3522 3498 per
3559 3428 3845 3482 consilium

569 3537 696 3578 csse.
718 3525 1021 3594 perhibent,
1049 3525 1136 3580 isti
1163 3540 1292 3580 vero
1323 3525 1492 3581 solam
1523 3526 1598 3580 illi
1626 3535 1876 3582 naturam
1901 3527 2154 3582 divinita-
2255 3520 2407 3592 quasi
2439 3520 2620 3575 cordis
2646 3519 2836 3584 ﬁlium,
2863 3519 3053 3574 domus
3081 3518 3310 3589 erigitur
3355 3518 3581 3581 fabrica,
3627 3515 3844 3586 qualem

573 3614 642 3667 tis
670 3615 966 3669 aseribant.
993 3615 1140 3681 Quos
1175 3617 1374 3670 merito
1399 3625 1586 3671 sancta
1619 3617 1862 3672 Ecclesia
1893 3633 1923 3671 a
1957 3617 2155 3672 Iimini-
2256 3623 2506 3682 putamus
2560 3610 2649 3664 Dei
2701 3609 2919 3676 Filium,
2959 3610 3194 3664 Verbum
3239 3607 3510 3673 videlicet,
3560 3622 3656 3677 per
3702 3606 3848 3676 quod

569 3704 671 3758 bus
696 3705 810 3759 suis
839 3707 1049 3760 curavit
1085 3705 1406 3772 excludere,
1440 3719 1499 3762 ut
1525 3709 1625 3763 soli
1651 3709 1784 3766 loris
1814 3712 1932 3766 sine
1958 3710 2154 3765 mullo-
2255 3711 2436 3758 creata
2482 3712 2608 3758 sunt
2648 3702 2946 3756 universa?
2991 3701 3122 3756 Cum
3163 3716 3292 3772 ergo
3323 3716 3418 3756 cor
3447 3699 3682 3754 hominis
3728 3699 3848 3753 sine

561 3812 690 3852 rum
715 3797 954 3866 pernicie
977 3799 1374 3869 compellantur
1408 3802 1474 3855 ad
1503 3802 1733 3856 invicem
1767 3804 1997 3874 litigare.
2046 3801 2154 3858 Nos
2255 3803 2430 3850 miier
2465 3794 2644 3848 ‘i'aleal
2671 3807 2932 3864 generare
2960 3791 3267 3860 οοηείιίιιιη.
3300 3801 3502 3861 quanto
3527 3789 3697 3860 magis
3724 3803 3846 3841 01η·-

563 3895 751 3942 Δίιυιειιι
777 3888 858 3943 sie
886 3890 1204 3959 mysterium
1246 3890 1540 3946 Dominicis
1567 3891 1958 3948 incarnationis
1992 3894 2153 3949 indu-
2254 3885 2504 3955 nipolens
2530 3884 2692 3939 Pater
2725 3883 2792 3938 de
2821 3897 2882 3938 se
2911 3882 3028 3938 solo
3054 3883 3272 3952 gignere
3311 3880 3480 3935 valuit
3510 3879 3856 3936 inetl‘abiliter,

565 3978 812 4032 liitanter
847 3978 1196 4046 intelligimus
1215 4019 1232 4044 ,
1256 3989 1314 4034 ut
1341 3981 1589 4049 quamvis
1613 3997 1716 4035 una
1745 3983 2012 4037 veraciter
2035 3999 2156 4052 per-
2231 3974 2537 4030 Verbum?
2597 3973 2748 4040 Ουοά
2787 3973 3040 4028 nimirum
3068 3988 3188 4026 cum
3217 3973 3451 4026 humana
3489 3970 3728 4024 membra
3753 3983 3849 4021 θ’θ’

561 4081 702 4122 .sona
727 4067 822 4121 Dei
844 4069 1121 4134 credatur,
1141 4078 1198 4124 et
1219 4070 1480 4137 hominis,
1512 4087 1618 4126 non
1652 4081 1830 4128 tamen
1867 4089 1973 4128 una
2000 4075 2071 4130 sit
2099 4075 2154 4130 in
2233 4067 2448 4133 -εεευίιν
2477 4080 2816 4136 nequaquam
2839 4074 3078 4134 Palem“:
3101 4063 3323 4118 Deitatis
3341 4077 3538 4117 arcana
3566 4059 3800 4116 deserui!
3824 4075 3848 4123 ἱ,

561 4173 636 4213 eo
662 4167 859 4214 natura
889 4160 1188 4216 divinitatis
1235 4173 1292 4218 et
1341 4163 1544 4218 carnis.
1596 4163 1780 4233 Neque
1831 4166 1886 4220 in
1939 4165 2156 4224 Chrisio
2253 4167 2453 4214 etcum
2482 4157 2749 4213 velamine
2779 4163 2866 4211 est
2893 4163 3092 4210 nostra:
3120 4154 3301 4210 carnis
3332 4153 3566 4215 indutus,
3596 4149 3843 4220 virginali

569 4250 824 4306 divinitas
845 4251 948 4306 hoc
973 4261 1059 4306 est
1086 4255 1230 4322 quod
1267 4269 1416 4318 caro,
1449 4254 1534 4308 vel
1572 4270 1701 4310 caro
1735 4256 1837 4312 hoc
1866 4273 1986 4313 esse
2012 4259 2152 4328 quod

2254 4260 2412 4305 utero
2452 4257 2706 4318 receptus
2741 4255 2846 4311 est,
2879 4260 2987 4300 non
3017 4243 3274 4300 inclusus.
3316 4243 3383 4296 Et
3420 4242 3546 4311 quid
3589 4242 3690 4294 hoc
3739 4241 3841 4292 mi-

561 4342 824 4398 ;divinitas
849 4346 1052 4413 potuit;
1087 4345 1182 4399 sed
1215 4345 1514 4400 divinitatis
1543 4355 1598 4401 et
1621 4347 1974 4404 humanitatis
2007 4360 2159 4404 utra-

2255 4359 2375 4399 rum
2405 4343 2471 4397 de
2503 4341 2679 4397 Verbo
2711 4339 2834 4404 Dei,
2860 4353 2982 4392 cum
3019 4347 3074 4391 et
3109 4352 3288 4392 sermo
3330 4335 3454 4399 iste,
3479 4347 3638 4403 quem
3661 4332 3845 4386 carnis

557 4447 675 4498 .que
703 4441 903 4486 natura
929 4434 1408 4500 incommutabilis,
1436 4444 1490 4490 et
1521 4436 1800 4490 inconfusa
1830 4439 1882 4490 in
1931 4455 2027 4492 sua
2075 4440 2152 4492 ni-
2255 4435 2436 4501 lingua
2487 4430 2874 4499 depromimus,
2933 4427 3007 4482 ita
3057 4427 3191 4481 uber
3236 4426 3482 4480 sensibus
3529 4421 3736 4485 inﬂuat,
3783 4428 3848 4475 ut

554 4521 862 4576 'liilominus
891 4523 1222 4592 proprietate
1248 4525 1568 4593 permansit.
1617 4525 1917 4579 Humanam
1968 4527 2148 4596 itaque
2179 4501 2231 4561 θ
2254 4537 2379 4577 eum
2417 4536 2513 4577 cor
2551 4519 2885 4575 audientium
2922 4525 3123 4586 captat,
3163 4517 3257 4571 sed
3287 4531 3392 4569 non
3426 4513 3691 4576 includat;
3718 4525 3846 4565 nam

557 4613 956 4679 substantiam,
989 4614 1176 4679 idest,
1211 4630 1395 4670 veram
1442 4615 1684 4682 carnem,
1728 4625 1783 4670 et
1831 4617 2147 4672 rationalem
2257 4624 2372 4668 mst'
2391 4619 2697 4680 caperetur,
2730 4609 3002 4664 neminem
3041 4623 3262 4678 prorsus
3298 4607 3620 4669 instrueret;
3671 4601 3718 4656 si
3765 4600 3846 4655 in-

570 4705 808 4760 animam
846 4721 878 4760 a
899 4705 992 4760 Dei
1018 4705 1156 4760 Filio
1178 4705 1502 4761 conﬁtemur
1528 4705 1695 4761 luisse
1743 4720 2048 4778 susceptam
2094 4707 2149 4761 in
2257 4705 2596 4768 cluderetur,
2629 4703 2696 4758 ad
2722 4701 2858 4756 alios
2885 4716 2991 4755 non
3014 4700 3240 4755 veniret.

549 4795 778 4850 unitate
803 4809 1070 4864 personae,
1101 4809 1209 4848 non
1243 4795 1297 4849 in
1324 4795 1531 4849 unitate
1559 4805 1786 4850 naturae.
2326 4796 2490 4850 Multo
2518 4797 2699 4865 itaque
2728 4793 2956 4863 plenius,
2989 4803 3062 4853 et,
3087 4801 3146 4845 ut
3175 4791 3247 4846 ita
3281 4790 3490 4860 loquar,
3521 4784 3844 4841 inetl'abilins

639 4885 1039 4942 lnearnationis
1065 4900 1194 4955 ergo
1238 4885 1533 4941 Dominicae
1557 4898 1958 4943 sacramentum
2009 4889 2150 4944 sicut
2259 4891 2350 4945 Dei
2385 4889 2553 4942 Filius
2578 4887 2646 4942 ad
2671 4901 2768 4940 nos
2797 4901 2892 4956 per
2916 4884 3309 4940 lncarnationis
3330 4880 3644 4952 mysterium
3670 4876 3838 4938 venit,

572 4979 628 5032 in
661 4978 877 5034 Christo
898 4994 1185 5048 personam
1208 4995 1314 5034 non
1335 4979 1467 5035 fecit
1490 4981 1779 5050 duplicem,
1800 4984 1880 5038 sic
1906 4985 2154 5040 humana:
2254 4990 2308 5036 et
2335 4979 2682 5034 nihilominus
2705 4977 2845 5048 apud
2883 4976 3098 5031 Patrem
3129 4976 3182 5029 in
3202 4966 3486 5029 divinitate
3515 4970 3838 5040 permansit.

573 5079 782 5126 natum
813 5072 1210 5140 susceptionem
1233 5081 1435 5126 sancta:
1465 5071 1719 5127 Trinitati
1751 5089 1854 5127 non
1880 5074 2008 5128 fecit
2033 5089 2156 5130 esse
2256 5070 2358 5137 Qui
2381 5085 2564 5125 veram
2599 5082 2816 5124 carnem
2846 5081 2910 5121 ex
2942 5065 3218 5135 virginalis
3247 5063 3386 5118 uteri
3415 5059 3712 5115 visceribus
3753 5059 3838 5111 in-

572 5177 916 5217 connnunem
949 5180 962 5216 :
1004 5173 1357 5231 permanente
1403 5163 1664 5217 duntaxat
1704 5165 1988 5234 utriusque
2031 5182 2157 5235 pro-
2231 5163 2453 5226 .duens,
2496 5162 2574 5216 sic
2607 5169 2892 5229 utramque
2933 5158 3102 5213 voluit
3131 5157 3284 5210 unire
3307 5163 3576 5216 naturam,
3616 5160 3674 5204 ut
3702 5151 3842 5206 idem

573 5255 804 5325 prietate
859 5255 1208 5321 substantim,
1261 5266 1646 5325 perseverante
1705 5257 2054 5312 nihilominus
2102 5269 2158 5314 et
2255 5261 2401 5308 esset
2430 5252 2590 5306 homo
2631 5263 2790 5304 verus
2817 5248 2908 5317 qui
2933 5247 3199 5300 veraciter
3231 5253 3349 5298 erat
3379 5243 3520 5296 Deus
3549 5258 3561 5294 :
3592 5251 3645 5294 et
3679 5240 3837 5302 idem.

551 5343 849 5397 individua
899 5359 1114 5412 semper
1163 5345 1373 5399 unitate
1421 5361 1685 5414 personae.
1737 5347 1816 5400 Ad
1867 5363 2154 5417 personam

2257 5345 2347 5413 qui
2383 5351 2502 5397 erat
2531 5344 2712 5405 homo,
2736 5347 2881 5393 esset
2915 5337 3099 5406 procul
3135 5336 3295 5390 dubio
3325 5334 3484 5390 Deus.
3534 5333 3678 5386 Talis
3699 5330 3840 5385 enim

573 5437 773 5506 quippe
793 5437 915 5490 Filii
943 5436 1313 5492 tantummodo
1346 5439 1556 5493 servilis
1596 5439 1682 5492 illa
1730 5439 1917 5494 fui-mm
1964 5456 2152 5496 susce-
2260 5434 2363 5487 fuit
2389 5431 2474 5486 illa
2500 5421 2792 5498 susceptio,
2823 5442 2944 5495 quae
2971 5435 3024 5478 et
3047 5425 3214 5479 Deum
3240 5424 3512 5479 hominem
3543 5421 3764 5481 faceret.
3788 5429 3843 5472 et

574 5527 688 5596 ptio
727 5526 979 5594 pertinet,
1013 5526 1099 5580 cui
1146 5535 1324 5580 tamen
1375 5527 1510 5580 nihil
1559 5527 1752 5581 divinae
1810 5528 2155 5598 plenitudinis
2260 5527 2530 5583 hominem
2560 5525 2748 5578 Deum.
2798 5523 2931 5576 Dum
2957 5535 3086 5588 ergo
3120 5518 3347 5572 formam
3374 5518 3516 5571 servi
3546 5515 3640 5569 Dei
3671 5511 3845 5567 forma

551 5617 819 5680 abstulit,
850 5618 984 5672 nihil
1025 5618 1360 5674 inexhausta:
1411 5618 1706 5687 maiestatis
1749 5621 1967 5674 ademit.
2021 5619 2156 5672 lline
2261 5618 2518 5686 suscepit,
2565 5623 2851 5682 utrumque
2879 5613 3038 5676 Deus,
3070 5619 3361 5679 utrumque
3399 5623 3556 5663 verus
3582 5615 3663 5660 est
3685 5606 3844 5658 homo

577 5717 680 5778 cst,
706 5711 849 5781 quod
876 5711 929 5766 in
960 5725 1088 5780 uno,
1121 5712 1419 5784 eodemque
1458 5711 1816 5786 licdemptorc
1865 5722 2048 5770 nostro
2102 5722 2155 5766 et
2261 5716 2478 5780 propter
2517 5713 2794 5776 acceptum
2839 5702 3133 5760 Ιιοῐηὶιωιιιο
3177 5702 3513 5772 Quamquam
3558 5698 3718 5768 ίξίίυηῗ
3753 5710 3849 5753 0"
