4106 6310
240 321 312 374 ‘2’)
1288 322 1530 381 OPUSC.
1569 325 1613 379 Ι.
1653 356 1721 364 ———
1761 321 1847 381 DE
1881 327 2036 383 FIDE
2071 327 2482 386 CATHOLICA.
3441 333 3512 388 50

240 433 552 494 (silentium
577 431 804 505 quisque
825 440 1130 490 sanctorum
1159 435 1482 506 prtecipuam
1509 451 1540 490 a
1571 437 1680 491 Deo
1718 451 1829 492 me-
1855 441 1906 499 Α
1933 435 1988 491 in
2017 436 2233 493 coelum.
2282 436 2420 493 Hinc
2454 445 2540 492 est
2575 439 2714 508 quod
2748 438 2823 494 ait
2855 456 2868 493 :
2906 459 2924 492 ‹
2952 439 3120 495 Nemo
3163 441 3404 497 ascendit
3456 443 3511 499 in

240 529 417 581 ruerit
455 524 668 594 assequi
707 523 960 594 gratiam,
1019 539 1179 580 nemo
1223 532 1404 581 tamen
1451 540 1575 581 cum
1620 522 1732 581 Deo
1772 524 1828 582 in

237 633 404 673 unam
432 618 608 686 potuit
635 618 926 672 convenire
947 631 1254 686 personam.
1301 617 1423 673 Sola
1465 633 1594 674 vero
1624 619 1826 687 anima,

234 708 398 768 :lnml
421 719 478 765 et
498 724 626 764 (aro
648 708 847 765 Christi
868 724 990 764 cum
1015 709 1210 774 Verbo,
1236 725 1374 765 u'tus
1393 710 1656 775 Christus,
1690 725 1829 768 unus

234 811 323 856 est
366 800 560 856 Filius.
614 800 685 856 Ut
736 800 915 870 itaque
956 800 1149 857 beatus
1189 801 1476 872 Apostolus
1518 802 1826 859 distantiam

231 901 468 961 poneret
519 890 662 944 inter
699 897 1011 944 sanctorum
1057 892 1295 946 omnium
1325 894 1742 959 multitudinem,
1771 903 1826 950 et

231 984 416 1051 ipsum
461 989 793 1043 sanctorum,
845 994 910 1034 ac
964 981 1128 1036 totius
1175 985 1478 1038 sanctitatis
1525 993 1823 1052 auctorem,

228 1069 352 1123 ait:
381 1087 399 1119 ι
440 1068 807 1133 Multifariam,
851 1069 1144 1140 multisque
1189 1073 1363 1128 modis
1412 1073 1538 1129 olim
1573 1073 1716 1128 Deus
1742 1074 1823 1130 lo-

227 1171 410 1229 quens
453 1160 694 1229 patribus
725 1159 778 1215 in
818 1161 1116 1230 prophetis,
1162 1163 1454 1219 novissime
1483 1165 1670 1220 diebus
1708 1167 1824 1222 istis

224 1247 448 1304 loeutus
484 1258 568 1304 est
588 1250 744 1305 nobis
769 1250 824 1304 in
857 1249 996 1307 Filio
1020 1293 1034 1317 ,
1063 1267 1220 1322 quem
1250 1255 1529 1310 constituit
1555 1255 1820 1311 haeredem

223 1340 636 1408 universorum,
685 1354 784 1412 per
821 1357 983 1412 quem
1027 1342 1153 1399 fecit
1178 1352 1232 1400 et
1255 1346 1452 1402 saecula
1481 1345 1663 1416 (Hebr.
1701 1347 1763 1418 ι).
1794 1365 1816 1402 ι

221 1437 338 1495 Sed
376 1437 525 1494 aliud
583 1441 666 1492 est
717 1434 884 1490 Deum
930 1436 1076 1506 loqui
1119 1453 1216 1508 per
1253 1454 1345 1495 ora
1393 1441 1818 1512 prophetarum;

219 1532 371 1588 aliud
402 1547 501 1603 per
527 1531 704 1604 ipsum
731 1539 1060 1587 consternunt
1093 1528 1219 1597 sibi,
1266 1541 1320 1587 et
1363 1533 1820 1590 consubstantiale

217 1633 356 1680 ante
405 1622 622 1688 saecula,
655 1621 920 1679 Verbum.
969 1623 1128 1679 Aliud
1167 1632 1250 1679 est
1293 1624 1435 1680 enim
1482 1623 1716 1681 Verbum
1764 1627 1818 1680 in

216 1729 433 1777 carne,
479 1713 626 1768 aliud
671 1721 757 1769 est
803 1713 1038 1770 Verbum
1088 1727 1218 1770 caro
1259 1714 1480 1770 factum.
1529 1715 1688 1771 Aliud
1736 1725 1820 1772 est

217 1802 368 1858 Deus
395 1803 448 1855 in
479 1803 696 1857 homine
718 1843 732 1869 ,
775 1802 920 1858 aliud
958 1803 1097 1860 Deus
1126 1805 1305 1861 homo.
1363 1806 1520 1862 Aliud
1551 1817 1634 1862 est
1664 1809 1814 1864 vet-lii

215 1897 495 1962 minister,
539 1895 680 1950 aliud
716 1896 995 1966 magister.
1047 1899 1145 1968 ιι
1192 1898 1342 1953 Alius
1386 1900 1509 1954 ﬁdei
1559 1900 1816 1955 dicendus

213 1997 308 2046 est
357 1996 592 2053 auctor,
656 1988 796 2043 alius
842 1989 1184 2058 praedicator.
1227 1991 1382 2045 Aliud
1429 2001 1512 2047 est
1552 2003 1816 2062 praeterea

215 2079 488 2151 Spiritum
533 2089 780 2134 sanctum
820 2095 919 2150 per
962 2079 1336 2150 Prophetalem
1385 2083 1660 2152 suscipere
1690 2099 1816 2154 gra-

214 2173 350 2227 tiam
368 2213 386 2238 ,
427 2170 572 2226 aliud
599 2185 722 2226 eum
753 2171 956 2228 habere
985 2171 1412 2228 substantialiter
1438 2188 1534 2242 per
1556 2182 1809 2228 naturam

213 2261 440 2331 (Matth.
465 2261 568 2333 ιιι).
618 2261 874 2331 Quamvis
899 2264 1042 2318 enim
1073 2262 1306 2334 Spiritus
1334 2264 1387 2319 in
1411 2263 1688 2320 Christum
1715 2278 1815 2335 per

212 2350 583 2408 (olumbinam
626 2353 968 2410 descenderit
1017 2355 1270 2425 speciem,
1309 2369 1414 2410 non
1465 2364 1643 2412 tamen
1691 2371 1813 2411 eum

209 2443 390 2514 potuit
424 2442 682 2498 divinitas
707 2443 1082 2515 Redemptoris
1123 2445 1389 2515 accipere,
1431 2446 1685 2516 quoniam
1724 2459 1814 2500 se-

208 2534 456 2589 cundum
502 2534 804 2590 divinitatis
849 2536 1143 2591 essentiam
1189 2535 1382 2604 Pater,
1426 2546 1481 2592 et
1529 2537 1717 2606 Filius,
1760 2548 1816 2597 et

208 2621 454 2693 Spiritus
483 2633 726 2692 sanctus,
761 2641 900 2680 unus
930 2635 1015 2681 est
1043 2628 1206 2682 Deus.

286 2714 515 2772 Constat
548 2731 697 2787 ergo,
727 2717 853 2788 quia
887 2716 1150 2787 Spiritum
1197 2729 1445 2777 sanctum
1479 2721 1728 2780 Christus
1757 2723 1812 2778 in

209 2805 400 2861 anima
446 2806 688 2877 suscepit
725 2806 983 2872 humana,
1021 2823 1126 2862 non
1165 2809 1219 2864 in
1262 2811 1566 2878 divinitate,
1597 2830 1701 2884 qua
1731 2816 1810 2869 vi-

210 2896 415 2951 delicet
438 2911 562 2951 cum
587 2897 772 2952 eodem
796 2896 998 2967 Spiritu
1027 2907 1216 2954 sancto
1240 2916 1376 2955 unus
1396 2911 1478 2957 est
1510 2903 1565 2956 in
1595 2917 1809 2960 natura.

208 2985 390 3057 Igitur
430 2994 635 3042 teterna
673 2985 928 3043 divinitas
958 2986 1080 3043 Filii
1113 3004 1236 3044 cum
1273 2990 1434 3060 plena
1475 2993 1814 3049 humanitate

209 3093 338 3143 sua,
377 3086 434 3131 et
469 3079 659 3133 eadem
705 3079 862 3148 plena
915 3080 1222 3136 humanitas
1263 3081 1385 3136 Filii
1435 3096 1556 3137 cum
1611 3092 1810 3138 aeterna

212 3161 508 3222 divinitate
549 3183 671 3233 sua,
703 3183 806 3222 una
835 3177 919 3223 est
943 3169 995 3223 in
1026 3181 1212 3226 sancta
1257 3172 1523 3228 Trinitate
1555 3188 1811 3243 persona,

213 3267 266 3312 et
290 3258 411 3313 base
444 3273 554 3312 non
584 3259 856 3329 adoptiva,
880 3261 975 3316 sed
1003 3263 1252 3330 propria;
1283 3277 1388 3318 non
1425 3266 1810 3335 nuncupativa,

214 3346 310 3400 sed
341 3347 741 3414 eoessentialis,
784 3359 949 3418 atque
990 3349 1250 3420 perfecta.
1299 3351 1369 3407 Et
1413 3352 1527 3422 ipse
1580 3363 1723 3410 totus
1761 3356 1814 3411 in

213 3435 528 3501 divinitate,
567 3445 732 3507 atque
769 3439 1105 3494 humanitate
1143 3457 1237 3496 sua
1279 3443 1608 3511 unigenitus,
1639 3455 1694 3500 et
1726 3461 1814 3500 ve-

213 3540 308 3581 rus
333 3526 432 3582 Dei
464 3526 634 3582 Filius
666 3542 681 3580 :
719 3528 969 3600 idemque
1004 3539 1147 3589 totus
1197 3533 1252 3588 in
1295 3533 1597 3602 divinitate,
1649 3545 1814 3607 atque

213 3607 561 3672 hu‘manitate
599 3633 696 3673 sna
729 3635 890 3675 verus
923 3631 1006 3676 est
1026 3621 1264 3679 hominis
1291 3625 1449 3690 ﬁlius,
1490 3643 1594 3682 non
1626 3629 1812 3699 utique

214 3707 637 3777 nuncnpativus,
660 3712 798 3767 sicut
822 3713 1110 3784 Hispanica
1137 3717 1358 3773 haeresis
1380 3733 1626 3775 asserere
1648 3722 1811 3792 impia

218 3801 526 3855 temeritate
545 3804 916 3874 pnesumpsit;
947 3807 1256 3875 perbibens,
1289 3809 1380 3864 Dei
1413 3810 1609 3866 Filium
1635 3812 1692 3867 in
1724 3812 1808 3867 di-

215 3888 338 3943 vina
372 3900 574 3946 natura
603 3893 771 3949 Deum
800 3911 920 3952 esse
947 3913 1154 3965 verum,
1185 3901 1235 3954 in
1267 3901 1502 3958 humana
1531 3920 1811 3976 nuneupa-

219 3979 407 4045 tivam,
458 3982 542 4036 vel
581 3985 931 4054 adoptivum;
975 3996 1033 4042 ut
1071 3990 1224 4059 quasi
1253 3992 1371 4047 duae
1397 3995 1450 4048 in
1485 3994 1703 4050 Christo
1733 3996 1810 4050 vi-

218 4075 452 4129 deantur
471 4088 590 4130 esse
614 4091 877 4146 personze.
913 4079 980 4134 Et
1015 4081 1129 4150 ipse
1155 4098 1252 4152 per
1279 4085 1616 4143 divinitatem
1645 4105 1807 4145 verus

219 4165 311 4220 Dei
341 4167 420 4220 sit
447 4167 636 4235 Filius,
665 4171 756 4225 sed
787 4171 839 4224 in
870 4173 1209 4230 humanitate
1235 4177 1305 4230 sit
1335 4180 1638 4248 adoptivus.
1670 4183 1805 4239 Cum

216 4265 429 4311 constet
457 4258 641 4328 utique
659 4269 811 4327 juxta
840 4262 1121 4318 catholica:
1149 4264 1268 4318 ﬁdei
1313 4267 1573 4337 regulam,
1620 4272 1806 4340 unige-

215 4347 390 4401 nitum
427 4348 517 4401 Dei
545 4348 738 4403 Filium
761 4349 815 4403 in
840 4351 1045 4406 unitate
1071 4369 1150 4407 sui
1178 4353 1468 4409 humanam
1497 4361 1804 4428 suscepisse

1930 527 2147 594 nmium,
2174 529 2276 585 nisi
2305 529 2398 600 qui
2421 530 2699 586 descendit
2731 531 2798 586 de
2839 531 2998 597 coelo,
3045 532 3214 588 Filius
3253 533 3509 603 hominis,

1929 622 2018 692 qui
2044 630 2127 677 est
2154 623 2208 677 in
2230 623 2366 679 coelo
2391 623 2572 695 (Joan.
2599 624 2705 693 ιιι).
2745 642 2765 676 ι
2822 624 2878 679 lu
2918 633 3059 680 terra
3076 641 3221 686 ,sane
3251 626 3508 696 loquitur,

1927 718 1983 768 et
2010 711 2064 765 in
2093 711 2231 768 cmlo
2255 728 2314 768 se
2336 727 2454 769 esse
2479 712 2700 780 fatetur,
2727 714 2852 784 quia
2879 730 3000 770 cum
3031 715 3094 772 de
3124 716 3262 771 coelo
3289 717 3514 772 descen-

1927 802 2037 868 dit,
2068 803 2418 860 nihilominus
2450 804 2502 859 in
2531 805 2670 860 caelo
2701 805 3016 875 permansit.
3070 805 3136 860 Et
3173 806 3316 861 sicut
3343 807 3514 863 Filius

1927 893 2160 949 hominis
2208 903 2315 961 est,
2361 895 2452 965 qui
2502 895 2571 951 de
2615 895 2752 952 caelo
2799 895 3140 952 descendisse
3178 894 3396 962 dicitur,
3437 897 3514 952 ita

1925 982 2094 1040 Filius
2138 985 2237 1040 Dei
2299 994 2381 1041 est
2411 1026 2429 1054 ,
2476 986 2567 1056 qui
2620 1001 2912 1056 corporeus
2959 985 3015 1040 in
3066 1000 3229 1041 carne
3276 986 3508 1041 videtur.

2521 1093 2750 1150 CAPUT
2800 1093 2910 1149 Vll.

1923 1182 1990 1238 In
2019 1184 2226 1240 Christo
2255 1185 2432 1240 divina
2455 1195 2502 1240 et
2524 1186 2754 1240 humana
2786 1195 2976 1240 natura
2995 1202 3106 1240 sese
3135 1185 3507 1255 manifestavit.

1992 1273 2049 1330 ln
2072 1273 2288 1330 Christo
2313 1275 2477 1346 igitur
2501 1283 2556 1330 et
2577 1275 2754 1331 unitas
2778 1283 2861 1332 est
2882 1291 3144 1346 personae,
3177 1284 3232 1330 et
3255 1275 3374 1331 dna:
3387 1284 3514 1330 sunt

1923 1365 2206 1423 inconfusa
2257 1381 2494 1437 semper,
2530 1376 2693 1436 atque
2733 1367 2990 1423 distincta
3038 1367 3370 1438 proprietate
3413 1382 3514 1422 na-

1924 1468 2058 1513 turae
2076 1477 2086 1512 :
2107 1475 2211 1513 una
2229 1458 2440 1513 scilicet
2457 1458 2507 1512 in
2527 1471 2592 1513 eo
2614 1467 2807 1513 natura
2829 1466 2912 1515 est
2933 1473 3053 1529 qua:
3075 1459 3223 1514 ducit
3249 1458 3514 1529 originem

1921 1564 1989 1605 ex
2011 1558 2162 1605 utero
2182 1549 2464 1618 virginali;
2494 1549 2682 1615 altera,
2705 1564 2826 1620 quae
2848 1549 2964 1604 sine
2983 1547 3093 1604 ullo
3112 1563 3335 1619 prorsus
3361 1548 3514 1604 initio

1923 1650 2186 1696 coaeterna
2205 1649 2287 1696 est
2301 1643 2411 1696 Deo
2426 1638 2593 1695 Patri.
2612 1639 2730 1719 Una
2745 1655 2852 1711 qua
2868 1640 3119 1711 vagiebat
3149 1641 3203 1694 in
3230 1640 3383 1695 cunis
3401 1653 3415 1705 ;
3436 1638 3516 1694 al-

1927 1742 2037 1789 tera
2066 1741 2168 1800 est,
2208 1734 2310 1804 12
2340 1748 2436 1803 per
2467 1747 2629 1802 quam
2657 1731 2988 1788 adorabatur
3016 1747 3046 1787 a
3078 1731 3247 1804 Magis
3277 1729 3512 1803 (Matth.

1922 1845 1984 1894 ti,
2032 1827 2162 1884 Luc.
2206 1830 2290 1900 ιι).
2340 1829 2450 1882 Una
2489 1844 2594 1898 qua
2619 1837 2776 1884 aetate
2797 1829 3190 1899 proﬁciebatet
3214 1827 3510 1898 sapientia;

1919 1919 2113 1984 altera,
2145 1933 2251 1988 qua
2300 1916 2395 1972 Dei
2433 1917 2605 1972 virtus
2663 1917 2778 1986 ipsa
2845 1931 2910 1972 ac
2962 1917 3058 1972 Dei
3106 1924 3190 1971 est
3246 1915 3514 1985 sapientia

1920 2007 1968 2081 (l
1999 2006 2124 2062 Cor.
2151 2006 2296 2079 xm).
2326 2006 2462 2073 Una,
2493 2021 2600 2076 qua
2631 2014 2755 2076 post
2783 2005 3130 2061 continentia:
3156 2004 3510 2075 quadragesi-

1919 2098 2078 2154 malis
2103 2097 2338 2152 inediam
2365 2095 2584 2166 jejunus
2609 2096 2802 2151 esuriit
2831 2094 3046 2168 (Matth.
3083 2094 3182 2165 tv),
3213 2093 3513 2160 altera,cui

1916 2203 2016 2260 per
2043 2187 2395 2259 subiectionis
2415 2185 2650 2242 ollicium
2670 2186 2918 2256 protinus
2943 2184 3180 2256 angelica
3204 2183 3514 2240 sublimitas

1918 2283 2267 2340 ministravit.
2294 2282 2432 2345 Una,
2459 2297 2562 2352 qua
2589 2280 2895 2336 dormiebat
2918 2279 2970 2334 in
2999 2277 3144 2345 navi,
3169 2285 3224 2332 et
3244 2276 3513 2333 excitatus

1917 2383 2001 2432 est
2029 2391 2059 2431 a
2089 2372 2366 2446 discipulis
2396 2373 2590 2445 (Marc.
2626 2372 2732 2443 Iv);
2769 2372 2964 2436 altera,
3013 2385 3120 2440 qua
3149 2368 3509 2440 procellarum

1919 2465 2336 2537 tempestatibus
2380 2464 2702 2535 imperabat,
2731 2475 2786 2520 et
2819 2462 3018 2519 ventis.
3054 2461 3190 2526 Una,
3228 2477 3333 2531 qua
3373 2460 3508 2516 fusis

1914 2557 2173 2628 lacrymis
2217 2564 2493 2610 mortuum
2547 2553 2781 2610 deﬂebat
2831 2553 3103 2619 amicum;
3159 2551 3351 2620 altera,
3403 2565 3510 2622 qua

1917 2649 2154 2704 animam
2206 2646 2325 2716 ejus
2372 2654 2590 2702 revocat
2631 2644 2700 2701 ab
2731 2643 2967 2711 inferno,
2997 2652 3051 2699 et
3084 2643 3511 2714 quatriduanum

1915 2741 2149 2797 cadaver
2177 2739 2447 2796 incolume
2473 2738 2761 2794 resuscitat
2795 2738 2861 2793 de
2901 2735 3150 2808 sepulcro
3194 2734 3375 2807 (Joan.
3405 2735 3508 2799 ιι).

1919 2832 2036 2889 Una
2090 2841 2191 2898 est,
2241 2847 2346 2902 qua
2399 2831 2648 2885 tristatur
2691 2845 2862 2900 usque
2910 2829 2979 2885 ad
3029 2837 3260 2884 mortem
3290 2827 3506 2901 (Matth.

1917 2921 2110 2988 xxvi);
2145 2923 2337 2988 altera,
2367 2937 2472 2992 qua
2504 2921 2759 2992 ponendi,
2802 2927 2858 2975 et
2905 2919 3214 2975 resumendi
3267 2918 3509 2972 animam

1919 3028 2074 3067 suam
2122 3014 2320 3068 habere
2387 3027 2446 3067 se
2490 3011 2740 3082 perhibet
2782 3016 3106 3079 potestatem
3152 3006 3334 3079 (Joan.
3369 3006 3506 3078 xvi).

1841 3130 1887 3191 ρ
1925 3102 2059 3163 Una,
2095 3119 2202 3174 qua
2237 3103 2500 3158 tumentia
2546 3101 2737 3165 maris,
2765 3108 2819 3155 et
2857 3098 3177 3169 confragosa
3232 3097 3509 3151 volumina

1917 3192 2078 3246 siccis
2106 3192 2278 3262 potuit
2321 3192 2537 3246 calcare
2582 3189 2826 3259 vestigiis
2876 3186 3091 3256 (Matth.
3111 3187 3258 3254 xlv);
3311 3184 3505 3248 altera,

1915 3299 2020 3354 qua
2055 3284 2268 3354 fugiens
2309 3283 2359 3337 in
2391 3281 2706 3353 Aigyptum,
2736 3279 3001 3336 saevitiam
3054 3276 3348 3333 declinavit
3397 3275 3504 3329 lle-

1915 3375 2083 3429 rodis.
2121 3373 2237 3429 Una
2263 3382 2367 3437 est,
2396 3389 2499 3442 qua
2526 3370 2672 3426 velut
2699 3369 2790 3425 Sol
2825 3371 2878 3424 in
2917 3376 3104 3423 monte
3149 3365 3507 3436 transﬁgura-

1917 3472 2003 3518 tus
2036 3462 2234 3517 ell‘ulsit
2263 3461 2662 3533 (Maii/LXVII);
2697 3459 3004 3529 altera,per
3022 3471 3186 3527 quam
3213 3456 3505 3511 recedente

1913 3555 2145 3620 visione,
2173 3554 2286 3610 sola
2327 3552 2664 3607 inﬁrmitatis
2709 3553 2957 3607 humanas
3018 3549 3190 3604 forma
3238 3547 3503 3602 remansit

1915 3644 2128 3717 (Matth.
2170 3645 2252 3716 ιι).
2303 3643 2420 3700 Una
2457 3651 2719 3714 praeterea
2750 3641 2826 3696 illi
2858 3648 3050 3696 natura
3081 3646 3182 3704 est,
3216 3651 3315 3708 per
3340 3651 3504 3706 quam

1912 3738 1961 3794 ei
2012 3737 2213 3793 dicitur
2241 3757 2254 3792 :
2303 3757 2320 3788 ι
2368 3737 2538 3793 Filius
2565 3750 2716 3792 meus
2745 3751 2804 3792 es
2835 3745 2910 3800 tu,
2941 3747 3042 3804 ego
3073 3731 3235 3787 hodie
3261 3729 3421 3801 genui
3453 3735 3505 3783 te

1912 3828 2138 3901 (Psalm.
2169 3828 2230 3900 ιι)
2252 3846 2265 3894 ;
2291 3848 2309 3881 ι
2338 3829 2504 3884 altera
2529 3842 2820 3900 perquam,
2839 3825 2944 3880 alio
2965 3824 3228 3895 propheta
3247 3823 3501 3885 testante,

1911 3920 2112 3975 dictum
2136 3929 2256 3976 est:
2291 3939 2309 3972 ι
2343 3919 2546 3976 Servus
2576 3935 2729 3974 meus
2752 3932 2812 3973 es
2843 3926 2919 3982 tu,
2952 3917 3076 3985 quia
3105 3913 3158 3967 in
3199 3919 3249 3966 te
3297 3909 3502 3981 gloria-

1907 4009 2010 4066 bor
2039 4011 2172 4082 (Isa.
2194 4011 2368 4082 sus).
2403 4029 2422 4063 ι
2490 4009 2624 4064 Nam
2655 4009 2952 4065 secundum
2982 4004 3128 4060 aliud
3155 4011 3238 4058 est
3260 4000 3350 4056 illa
3375 4013 3502 4065 vox,

1910 4117 2016 4173 qua
2051 4103 2252 4156 dicitur
2283 4120 2296 4155 :
2328 4121 2346 4153 ι
2382 4101 2462 4156 Ex
2518 4111 2678 4156 utero
2722 4107 2848 4154 ante
2895 4095 3181 4152 luciferum
3229 4090 3392 4162 genui
3453 4096 3505 4144 te

1910 4193 2310 4266 (Psalm.c1x);
2357 4213 2376 4245 ι
2409 4203 2462 4249 et
2491 4191 2786 4249 secundum
2816 4189 2960 4244 aliud
3009 4187 3102 4242 illa
3151 4204 3164 4239 :
3227 4202 3246 4235 ι
3304 4182 3503 4237 Parum

1908 4291 2010 4348 est,
2045 4284 2238 4352 inquit,
2264 4293 2324 4337 ut
2353 4285 2429 4338 sis
2459 4283 2591 4337 mihi
2622 4295 2813 4336 servus
2850 4281 2918 4333 ad
2957 4274 3299 4332 suscitandas
3329 4271 3502 4325 tribus

1906 4372 2093 4439 Jacob,
2111 4382 2165 4427 et
2195 4374 2331 4428 ﬁnes
2361 4371 2525 4427 lsrael
2552 4369 2945 4426 convertendos
2979 4362 3302 4437 (lamnis).
3334 4380 3351 4412 ι
3385 4359 3500 4414 Una

214 4449 490 4503 naturam,
519 4453 730 4496 servata
760 4443 974 4512 quidem
1001 4444 1283 4515 utriusque
1306 4449 1638 4517 proprietate
1667 4453 1801 4507 sub-

215 4531 430 4554 ,ηηεη
478 4532 817 4554 ηηηΑηημ,
843 4549 1061 4554 um“-
1115 4551 1167 4554 η
1226 4538 1236 4548 .
1340 4539 1369 4554 ..
1411 4540 1422 4550 .
1756 4553 1761 4554 κ

1915 4465 2076 4535 igitur
2112 4473 2196 4520 est
2233 4466 2284 4519 in
2315 4464 2538 4520 Christo
2570 4464 2896 4527 substantia,
2952 4459 3040 4514 vel
3091 4470 3344 4528 persona,
3386 4453 3498 4554 sed

214 4531 451 4595 stantim,
477 4533 572 4585 sed
596 4532 820 4588 indivisa
842 4549 1084 4604 prorsus,
1108 4551 1171 4591 ac
1195 4538 1422 4608 simplici
1451 4553 1804 4610 permanente

213 4621 422 4674 unitate
450 4636 730 4689 personae:
759 4623 986 4694 ideoque
1029 4641 1128 4681 nec
1163 4627 1268 4682 duo
1296 4629 1518 4696 Christi,
1569 4633 1650 4686 vel
1697 4633 1804 4690 duo

213 4717 336 4762 sunt
366 4708 526 4769 Filii;
557 4710 654 4764 sed
701 4711 859 4777 Deus,
895 4724 951 4768 et
981 4715 1161 4780 homo,
1198 4733 1336 4772 unus
1364 4720 1633 4786 Christus,
1666 4738 1806 4778 unus

211 4809 297 4853 est
343 4800 700 4872 singulariter
738 4802 927 4858 Filius.
977 4804 1092 4860 Non
1137 4807 1280 4862 enim
1333 4809 1487 4864 locali
1539 4821 1684 4866 motu
1737 4815 1804 4868 ad

217 4892 426 4945 beatam
461 4891 736 4963 Virginem
773 4893 927 4950 Verbi
959 4897 1213 4956 divinitas
1235 4900 1401 4966 venit,
1424 4901 1519 4956 sed
1551 4902 1806 4960 ineﬁ'abili

212 4984 469 5052 potentia:
497 5000 610 5040 sua:
639 4989 898 5052 mysterio
936 4987 1029 5045 Dei
1067 4989 1236 5046 Filius
1272 5001 1327 5047 et
1373 5002 1586 5048 uterum
1618 4994 1805 5051 Matris

212 5075 514 5145 g‘gnendus
547 5077 818 5148 implevit;
861 5089 916 5134 et
946 5081 1293 5139 nihilominus
1316 5085 1369 5139 in
1401 5095 1640 5155 paterna:
1666 5089 1800 5143 divi-

211 5166 400 5219 nitatis
423 5169 628 5222 un‘tate
655 5173 970 5238 permansit.
1017 5173 1245 5230 Veniet:
1272 5177 1338 5231 ad
1365 5192 1496 5242 nos,
1534 5185 1592 5231 ut
1618 5179 1800 5234 aufer-

215 5267 291 5311 ret
317 5274 351 5311 a
388 5259 540 5313 nobis
575 5263 718 5328 quod
766 5265 970 5318 invenit
998 5265 1050 5320 in
1091 5268 1247 5322 nobis
1274 5287 1286 5322 :
1317 5278 1371 5323 et
1416 5269 1636 5324 offerret
1686 5273 1800 5341 ipse

214 5362 308 5413 pro
335 5348 514 5411 nobis,
553 5354 695 5421 quod
717 5357 946 5424 sumpsit
967 5372 1032 5411 ex
1060 5359 1233 5413 nobis.
1292 5359 1401 5414 Nec
1443 5362 1588 5416 enim
1641 5361 1800 5416 Verbi

214 5439 492 5506 divinitas,
526 5443 606 5496 vel
639 5447 690 5498 in
727 5459 905 5515 partes
947 5449 1133 5515 dividi,
1163 5450 1244 5503 vel
1273 5468 1300 5504 a
1326 5451 1488 5505 Patre
1518 5454 1692 5520 potuit
1715 5469 1801 5508 se-

215 5534 390 5599 parari
424 5551 438 5586 :
472 5535 566 5588 sed
599 5537 792 5607 ubique
822 5548 991 5606 totus,
1024 5543 1221 5612 ubique
1251 5544 1540 5612 perfectus.
1587 5545 1663 5599 ita
1694 5562 1798 5602 non

216 5621 454 5679 deseruit
488 5625 701 5683 Patrem
722 5671 734 5694 ,
769 5647 889 5686 cum
917 5635 1190 5691 descendit
1220 5640 1285 5690 ad
1316 5636 1618 5706 Virginem,
1661 5639 1800 5693 sicut

217 5730 318 5773 non
349 5719 593 5777 deseruit
635 5725 912 5797 mundum,
949 5744 1069 5785 cum
1115 5728 1287 5785 victor
1329 5729 1515 5785 mortis
1555 5732 1798 5789 ascendit

1914 4570 2020 4610 non
2044 4570 2150 4609 una
2180 4555 2505 4619 substantia,
2534 4554 2617 4609 vel
2647 4562 2859 4608 natura.
2888 4551 2960 4608 Ut
2988 4562 3316 4620 quamquam
3353 4544 3500 4600 aliud

1912 4646 2114 4711 divina,
2172 4645 2317 4700 aliud
2373 4639 2675 4701 substantia
2737 4645 2810 4699 sit
2867 4644 3126 4705 humana,
3175 4638 3229 4692 in
3279 4634 3500 4690 Christo

1915 4744 2092 4790 tamen
2123 4735 2272 4789 nullo
2294 4736 2452 4792 modo
2475 4735 2612 4790 alius
2637 4733 2780 4789 ﬁlius
2809 4731 3067 4795 hominis,
3085 4729 3221 4783 alius
3243 4724 3499 4782 credatur

1913 4817 2032 4879 e'sse
2056 4825 2197 4879 ﬁlius
2223 4826 2336 4880 Dei.
2361 4825 2442 4880 Ab
2467 4826 2582 4896 ipso
2611 4825 2808 4894 quippe
2840 4821 3136 4877 Dominica:
3165 4812 3496 4870 lncarnatio-

1914 4919 2000 4972 nis
2025 4918 2250 4972 exordio
2273 4925 2327 4972 et
2351 4917 2491 4972 Deus
2517 4917 2570 4970 in
2597 4915 2876 4970 hominem
2905 4909 3142 4974 transiit,
3171 4913 3226 4961 et
3252 4904 3418 4958 homo
3439 4901 3495 4955 in

1914 5012 2116 5076 Deum;
2147 5019 2205 5064 ut
2231 5019 2284 5065 et
2315 5011 2382 5075 is,
2406 5010 2495 5080 qui
2522 5023 2586 5063 ex
2620 5009 2730 5064 Deo
2755 5007 2916 5061 Patre
2946 5010 3071 5057 ante
3100 4997 3296 5054 saecula
3336 5002 3498 5048 natus

1912 5109 2014 5166 est,
2040 5111 2094 5154 et
2119 5116 2247 5154 vere
2277 5100 2348 5154 sit
2378 5099 2613 5153 hominis
2642 5097 2806 5159 ﬁlius,
2834 5103 2889 5149 et
2917 5105 3048 5147 vere
3078 5091 3148 5145 sit
3179 5089 3340 5143 homo
3379 5100 3395 5137 :
3439 5091 3496 5135 et

1912 5194 1978 5257 is,
2007 5193 2097 5262 qui
2124 5192 2176 5246 in
2209 5191 2315 5244 ﬁne
2359 5190 2679 5246 saeculorum
2728 5187 2796 5242 de
2845 5183 3058 5256 virgine
3109 5186 3270 5235 natus
3311 5181 3413 5237 est,
3439 5181 3494 5226 et

1909 5299 2039 5339 vere
2095 5285 2166 5338 sit
2220 5282 2317 5338 Dei
2381 5281 2564 5348 ﬁlius,
2609 5288 2665 5335 et
2727 5291 2890 5333 verus
2956 5275 3029 5330 sit
3088 5269 3280 5343 procul
3329 5264 3492 5322 dubio

1909 5375 2072 5429 Deus.
2096 5384 2098 5386 '

1978 5467 2120 5520 Duas
2150 5481 2278 5536 ergo
2309 5463 2621 5518 nativitates
2648 5471 2797 5517 recte
2823 5459 3148 5514 conﬁtemur
3170 5455 3222 5508 in
3249 5451 3486 5514 Christo,

1906 5573 2070 5610 unam
2109 5557 2174 5610 de
2200 5556 2360 5610 Patre
2386 5556 2502 5610 sine
2531 5555 2708 5618 initio,
2739 5561 2794 5607 et
2842 5552 2960 5607 sine
3008 5558 3249 5616 tempore
3292 5543 3489 5612 sempi-

1910 5653 2139 5711 lernam,
2165 5655 2220 5700 et
2250 5655 2575 5701 comternam
2606 5662 2704 5717 per
2737 5643 2918 5700 omnia
2955 5640 3218 5723 genitori;
3259 5637 3485 5691 alteram

1906 5739 1972 5796 dc
2030 5751 2279 5797 materna
2335 5737 2638 5796 substantia
2692 5739 2792 5795 sub
2855 5732 3128 5793 curriculo
3157 5726 3478 5807 ,ιειπιτοι-ίιιῑ·
