4080 5346
614 260 680 314 ω
1041 259 1101 315 S.
1140 260 1343 317 PETRI
1381 258 1660 314 DAMIANI
1698 258 1846 314 OPP.
1891 256 2126 315 TOMUS
2163 252 2510 311 SEU'PARS
2546 252 2632 308 lll.
2670 283 2739 294 —
2777 249 3139 308 OPUSCULA
3178 248 3404 305 VAlilA.
3795 249 3867 307 32

614 369 999 425 Couvenerunt
1024 369 1169 426 enim
1199 370 1420 424 sibimet
1460 371 1690 429 invicem
1722 371 1775 426 in
1802 350 2022 435 Christo
2049 355 2189 426 divi;
2219 372 2265 431 Α
2295 375 2415 423 etus
2448 365 2599 422 visus
2623 373 2706 421 est
2729 364 2927 436 specie,
2954 372 3009 419 et
3044 372 3300 433 tanquam
3327 362 3420 419 Dei
3446 363 3613 419 Filius
3641 362 3694 419 in
3725 365 3867 420 veri-

612 459 785 522 nitas,
809 468 861 517 et
890 458 1127 519 humana
1152 460 1422 525 conditio;
1454 469 1513 515 ut
1540 470 1596 515 et
1610 459 1840 521 Verbum
1864 474 1991 529 caro
2017 459 2188 527 ﬁeret,

615 558 670 603 et
699 548 751 602 in
787 548 957 605 Deum
983 564 1112 604 caro
1145 550 1421 614 transiret,
1463 561 1739 620 quatenus
1788 567 1930 611 unus
1973 552 2192 607 Emma-

610 639 739 697 nuel
772 653 839 693 ex
884 647 1115 709 utraque
1150 641 1452 696 substantia
1502 642 1833 712 proveniret,
1867 643 1957 714 qui
2006 642 2102 698 Dei
2138 650 2194 701 et

612 726 891 785 hominum
921 729 1149 789 idoneus
1171 730 1441 786 mediator
1452 732 1728 789 existeret.
1746 732 1801 789 ln
1824 748 1931 804 quo
1944 732 2192 788 videlicet

606 817 882 875 naturalia
906 819 1110 887 proprii
1143 819 1344 888 vigoris
1360 821 1483 891 jura
1511 830 1832 889 servantur,
1859 831 1916 878 et
1948 823 2194 879 sublimi-

611 914 697 962 tas
728 907 957 965 Deitatis
978 918 1041 969 et,
1064 910 1340 973 humilitas
1376 914 1579 968 carnis.
1607 913 1726 985 Non
1759 930 1889 985 ergo
1916 915 2078 981 alius,
2097 915 2191 987 sed

612 1013 754 1053 unus
776 999 1028 1069 idemque
1061 1005 1194 1056 duas
1221 1004 1570 1073 operationes
1590 1006 1857 1070 exercuit,
1881 1013 1935 1059 et
1966 1014 2193 1074 utraque

609 1096 832 1157 operata
861 1098 943 1143 est
972 1088 1145 1145 forma
1197 1093 1280 1145 vel
1323 1103 1516 1147 natura
1549 1109 1670 1149 cum
1699 1094 1921 1149 alterius
1947 1109 2193 1150 commu-

608 1177 792 1246 nione,
817 1180 959 1251 quod
1006 1182 1284 1251 proprium
1333 1182 1521 1238 habuit
1572 1199 1586 1237 :
1651 1184 1939 1239 Divinitate
1985 1184 2194 1240 scilicet

576 1271 1049 1325 .communicante
1095 1272 1350 1341 operibus
1394 1274 1593 1339 carnis,
1643 1283 1701 1329 et
1750 1288 1916 1330 carne
1953 1289 2194 1329 commu-

610 1358 828 1414 nicante
877 1362 1133 1430 operibus
1198 1364 1509 1420 divinitatis.
1554 1363 1697 1420 idem
1735 1364 1913 1435 itaque
1941 1364 2112 1430 Deus,
2139 1370 2193 1418 et

609 1450 775 1507 homo
805 1452 858 1519 in
888 1468 991 1507 una
1020 1454 1395 1521 subsistentia,
1427 1455 1507 1510 vel
1543 1472 1795 1526 persona,
1843 1457 1937 1512 sed
1980 1456 2192 1528 gemina

611 1543 893 1620 utriusque
915 1556 1129 1600 servata
1156 1548 1456 1616 proprietas
1480 1548 1818 1613 substantiae,
1838 1557 2191 1617 permanente

608 1640 824 1699 natura,
843 1645 900 1688 ut
917 1644 1201 1706 utramque
1216 1638 1463 1694 videlicet
1489 1654 1661 1707 neque
1676 1638 1897 1700 dividat,
1912 1653 2009 1695 nec
2024 1638 2194 1694 unitio

2295 463 2408 521 tate
2452 455 2631 510 carnis
2680 455 2932 526 dignatus
2974 462 3057 509 est
3083 467 3342 523 apparere
3367 450 3580 524 (Matth.
3607 453 3713 524 ιιι).
3737 451 3866 521 Qui-

2291 546 2415 602 dam
2438 561 2673 617 namque
2696 544 3023 616 persuadere
3047 543 3226 600 conati
3248 553 3392 609 sunt,
3418 542 3510 598 Dei
3538 543 3734 598 Filium
3756 559 3862 599 non

2289 635 2460 709 fuisse
2499 646 2688 691 natum
2718 650 2785 690 ex
2814 633 3012 689 femina
3034 674 3050 699 ,
3080 633 3221 688 sicut
3255 647 3355 687 nec
3383 630 3617 702 Spiritus
3646 642 3866 688 sanctus

2291 734 2448 782 natus
2476 725 2656 783 estde
2688 725 2936 782 columba
2981 722 3175 795 (Marc.
3212 721 3273 795 ι).
3328 722 3446 780 Νοιι
3477 723 3644 789 enim,
3690 723 3864 788 aiunt,

2291 817 2540 873 columba
2571 816 2661 872 illa
2708 817 2775 872 de
2801 831 2905 872 ovo
2938 823 3022 870 est
3061 822 3212 881 nata,
3238 829 3360 868 cum
3392 823 3568 868 tamen
3613 811 3867 868 humanis

2290 907 2464 966 oculis
2508 908 2862 978 corporaliter
2892 907 2964 962 sit
3008 913 3300 975 conspecta
3338 904 3522 977 (Joan.
3566 904 3626 976 ι).
3659 903 3867 971 Quibus

2294 997 2548 1054 nimirum
2580 1014 2611 1052 a
2633 1007 2780 1054 recte
2803 995 3148 1052 credentibus
3174 994 3532 1063 respondetur
3558 1010 3577 1049 :
3602 994 3726 1063 quia
3756 993 3867 1048 illic

2294 1088 2559 1162 Spiritum
2583 1097 2833 1145 sanctum
2853 1087 3165 1158 apparuisse
3186 1085 3377 1141 Joanni
3405 1086 3455 1138 in
3473 1085 3730 1141 columba:
3745 1097 3870 1154 spe-

2294 1181 2377 1237 cie
2404 1180 2650 1251 legimus,
2675 1179 2763 1234 ubi
2789 1188 2843 1236 et
2865 1178 3136 1233 Christum
3163 1184 3346 1232 natum
3376 1177 3542 1233 fuisse
3570 1177 3635 1232 de
3665 1176 3868 1232 femina

2294 1269 2596 1339 reperimus
2625 1267 2778 1340 (Luc.
2827 1266 2934 1339 tu).
2958 1266 3025 1322 Et
3049 1282 3152 1320 non
3183 1274 3397 1336 oportet
3420 1282 3485 1322 ex
3508 1275 3659 1336 parte
3685 1265 3866 1321 Evan-

2290 1355 2435 1426 gelio
2492 1355 2735 1422 credere,
2770 1364 2823 1411 et
2868 1371 2932 1410 ex
2980 1363 3136 1424 parte
3185 1370 3289 1410 non
3335 1356 3576 1412 credere.
3616 1354 3767 1422 Quod
3820 1355 3867 1410 si

2292 1444 2567 1500 credimus
2593 1444 2918 1514 Evangelia,
2953 1443 3217 1513 Spiritum
3244 1453 3488 1500 sanctum
3520 1444 3572 1498 in
3602 1443 3868 1499 columbae

2292 1530 2468 1591 forma
2505 1546 2874 1606 conspectum,
2919 1533 3203 1589 credamus
3250 1548 3465 1603 quoque
3511 1547 3731 1587 necesse
3761 1542 3864 1594 est,

2294 1625 2709 1697 Redemptorem
2736 1634 2983 1683 nostrum
3005 1625 3070 1681 de
3090 1622 3297 1695 virgine
3319 1623 3484 1680 fuisse
3504 1626 3865 1696 progenitum.

608 1720 753 1775 facta
784 1719 1098 1777 eanfnndat.
1130 1724 1364 1780 Verbum
1394 1727 1539 1781 enim
1571 1726 1804 1781 Verbum
1834 1737 1948 1794 est,
1979 1737 2035 1783 et
2081 1744 2188 1782 non
2218 1710 2264 1773 Β
2298 1716 2478 1782 Quare
2520 1725 2699 1772 autem
2731 1715 2968 1786 δυῖτῖιυε
2996 1724 3218 1772 Sanetus
3244 1730 3582 1786 ηθίῐυίυῐίιθῐη
3614 1724 3771 1771 “ams
3799 1729 3866 1769 ex

588 1825 774 1891 (caro:
809 1820 863 1866 et
889 1826 1017 1865 caro
1047 1827 1173 1868 caro
1197 1823 1305 1880 est,
1336 1826 1390 1868 et
1414 1830 1519 1869 non
1557 1812 1788 1871 Verbum
1817 1823 1920 1872 est.
1953 1816 2059 1872 Sed
2089 1826 2194 1872 una

606 1910 688 1954 est
712 1901 958 1970 Operatio
986 1903 1258 1970 earnis,ct
1283 1901 1465 1971 Verbi,
1492 1905 1617 1974 quia
1645 1913 1700 1959 et
1732 1920 1834 1960 una
1859 1913 1940 1960 cst
1966 1920 2194 1975 persona

610 1988 704 2042 Dei
748 2000 802 2043 et
839 1991 1097 2045 hominis.
1129 1989 1283 2046 Unde
1320 1991 1597 2046 Joannes:
1637 2010 1657 2044 ι
1687 1993 1838 2059 Quod
1860 1992 1980 2059 fuit,
2000 1986 2192 2064 inquit,

613 2077 714 2149 l3
747 2079 814 2133 ab
846 2080 1021 2157 initio,
1055 2080 1201 2150 quod
1225 2080 1551 2146 audivimus,
1593 2090 1646 2137 et
1671 2083 1934 2149 vidimus,
1968 2095 2023 2137 et
2052 2088 2179 2154 per-

609 2169 908 2253 aspeximus,
940 2182 994 2226 et
1026 2188 1220 2228 manus
1253 2182 1453 2229 nostra:
1499 2183 1872 2237 tractaverunt
1916 2175 1973 2229 in
1996 2174 2194 2255 IVerbo

612 2260 736 2315 vita:
775 2259 825 2333 (1
854 2259 1018 2316 Joan.
1060 2264 1121 2332 ι).
1153 2283 1173 2316 ι
1213 2263 1346 2318 Cum
1384 2274 1562 2322 tamen
1603 2265 1709 2320 nisi
1750 2280 1850 2336 per
1881 2282 2193 2322 sacramen-

588 2334 726 2402 ‘tum
760 2349 896 2404 uniti
944 2350 1199 2418 hominis,
1237 2351 1403 2407 Deum
1434 2360 1592 2409 nemo
1622 2334 1797 2410 valeat
1837 2371 2081 2419 cernere.
2108 2356 2190 2411 vel

582 2438 753 2513 (quod
803 2438 1189 2508 in'pp'ossibilius
1219 2451 1333 2509 est,
1370 2444 1619 2498 manibus
1654 2455 2016 2501 contrectare.
2041 2446 2195 2501 Divi-

584 2602 587 2609 Ι
613 2530 754 2584 nitas
780 2530 923 2585 enim
967 2532 1295 2588 humanitati
1342 2534 1420 2593 sic
1450 2535 1881 2606 inseparabiliter
1909 2548 1991 2593 est
2018 2540 2189 2605 unita,

612 2619 755 2687 quod
785 2636 905 2673 eam
943 2632 1229 2692 postquam
1275 2624 1328 2678 in
1369 2626 1573 2680 unitate
1610 2641 1857 2696 personae
1900 2629 2067 2683 semel
2098 2642 2191 2684 ac-

584 2708 787 2777 ~repit,
832 2710 901 2764 ab
932 2710 1022 2766 illa
1055 2702 1396 2784 postmodum
1431 2715 1775 2786 aliquatenus
1809 2733 1910 2773 non
1944 2716 2189 2774 recessit.

616 2793 748 2896 liam
780 2801 919 2896 Deus
948 2807 1109 2867 homo
1136 2813 1332 2886 factus,
1365 2819 1433 2875 de
1459 2822 1720 2877 maternis
1746 2823 2041 2879 visceribus
2069 2840 2193 2896 pro-

612 2887 740 2957 diit;
778 2893 917 2953 Deus
950 2900 1110 2961 homo
1153 2905 1351 2979 factus,
1398 2912 1453 2968 in
1502 2914 1681 2971 crucis
1726 2914 1870 2987 ligno
1918 2887 2190 2986 pependit.

578 3070 581 3073 ν
615 2995 720 3051 Sed
753 3006 807 3052 et
838 2999 979 3055 idem
1010 3001 1153 3057 Deus
1178 3004 1342 3060 homo
1369 3009 1668 3065 secundum
1693 3010 1863 3066 solam
1887 3028 2107 3069 carnem
2139 3014 2192 3069 in

578 3160 583 3165 ι
612 3085 866 3154 sepulcro
911 3087 1094 3155 iacuit,
1127 3078 1266 3147 idem
1312 3088 1655 3161 Deusﬂhomo
1685 3099 1979 3155 secundum
2019 3101 2190 3156 solans
2221 3073 2265 3135 δ

576 3178 854 3243 ,δηίιιηιη
896 3181 965 3234 ad
1012 3181 1210 3238 inferni
1259 3186 1526 3255 profunda
1572 3189 1877 3246 descendit.
1930 3178 2193 3249 Divinitas

615 3270 785 3335 enim,
829 3288 950 3343 quas
1000 3275 1054 3328 in
1105 3283 1457 3348 conceptione
1490 3291 1778 3352 utramque
1818 3286 2076 3353 suscepit,
2136 3287 2188 3341 in

615 3369 792 3416 morte
821 3377 1039 3434 quoque
1068 3365 1138 3420 ab
1164 3377 1396 3438 utraque
1438 3384 1497 3425 se
1524 3371 1762 3442 suscepti
1798 3370 2034 3430 hominis
2063 3375 2187 3430 sub-

613 3452 814 3525 stantia
852 3469 960 3509 non
985 3454 1252 3524 abjunxit.

682 3541 814 3609 Quis
866 3553 951 3599 est
994 3562 1144 3617 ergo,
1209 3564 1309 3618 per
1342 3566 1501 3623 quem
1558 3555 1735 3609 factus
1784 3563 1868 3610 est
1919 3559 2189 3614 mundus?

606 3636 861 3693 Christus
906 3638 1104 3696 Iesus:
1158 3646 1254 3721 sed
1296 3645 1348 3701 in
1397 3646 1569 3702 forma
1613 3649 1729 3704 Dei.
1777 3649 1910 3717 Quis
1955 3662 2059 3719 est,
2092 3670 2189 3725 per

609 3744 771 3798 quem
827 3733 1141 3804 redemptus
1188 3746 1273 3792 est
1317 3740 1581 3796 mundus?
1608 3742 1859 3798 Christus
1881 3741 2061 3810 Iesus,
2091 3722 2185 3801 sed

574 3871 585 3875 _
612 3820 664 3875 in
697 3820 868 3877 forma
909 3826 1076 3879 servi.
1102 3825 1361 3892 Quisnam
1405 3839 1490 3886 est
1532 3831 1822 3889 derelictus
1851 3834 1907 3889 in
1938 3835 2189 3890 inferno?

569 3910 865 3979 ,Christus
889 3913 1066 3982 Jesus,
1091 3918 1189 3985 sed
1214 3920 1268 3975 in
1300 3922 1481 3977 anima
1517 3923 1655 3978 sola.
1688 3924 1820 3992 Quis
1849 3934 2186 3983 resurrectu-

609 4015 704 4055 rus
743 4002 923 4059 triduo
943 4004 1194 4075 jacuit-in
1235 4010 1485 4083 sepulcro
1509 4012 1533 4066 ?
1560 4012 1811 4069 Christus
1861 4013 2041 4081 Jesus,
2090 4017 2185 4072 sed

607 4089 665 4144 in
715 4104 880 4155 carne
918 4093 1052 4149 sola.
1085 4095 1227 4168 Ergo
1263 4098 1316 4152 in
1354 4099 1438 4155 his
1481 4101 1706 4172 singulis
1750 4103 2018 4171 Christus,
2048 4117 2103 4160 et
2130 4107 2184 4161 in

607 4181 863 4238 omnibus
888 4198 993 4240 non
1013 4186 1140 4251 duo,
1168 4188 1262 4243 sed
1293 4204 1431 4245 unus
1451 4200 1536 4246 est
1561 4191 1830 4249 Christus.
1859 4194 2001 4265 Ergo
2024 4211 2181 4262 unus,

607 4270 862 4343 idemque
882 4278 1100 4345 gemina
1132 4278 1346 4347 vigente
1376 4290 1572 4337 natura
1607 4284 1958 4354 conspicitur,
1985 4295 2040 4341 et
2063 4266 2185 4361 quis

2295 1808 2567 1874 columba,
2612 1809 2756 1864 sicut
2794 1808 3044 1864 Christus
3081 1808 3392 1877 agnoscitur
3434 1817 3592 1865 natus
3636 1823 3755 1865 esse
3800 1809 3869 1865 de

2294 1898 2530 1955 femina?
2560 1899 2686 1955 llaec
2730 1909 2814 1956 est
2840 1899 3028 1971 procul
3059 1898 3223 1956 dubio
3260 1915 3447 1967 causa,
3479 1900 3603 1972 quia
3632 1899 3867 1972 Spiritus

2294 2001 2515 2048 sanctus
2537 2008 2643 2049 non
2674 1994 2843 2059 venit,
2876 1996 2935 2048 ut
2964 2007 3062 2048 sua
3094 1991 3372 2050 columbas
3400 1995 3733 2065 apparitione
3763 1995 3869 2070 14

2294 2082 2580 2152 redimeret
2618 2101 2630 2136 :
2683 2083 2777 2139 sed
2824 2091 2884 2136 ut
2930 2099 3025 2155 per
3067 2084 3207 2138 hanc
3247 2086 3483 2152 speciem
3529 2085 3869 2155 spiritualem

2294 2189 2575 2240 amorem,
2648 2183 2704 2228 et
2766 2174 3133 2230 innocentiam
3202 2174 3487 2229 visibiliter
3540 2174 3867 2247 designaret.

2294 2262 2387 2317 Dei
2412 2275 2539 2318 vero
2587 2261 2779 2329 Filius,
2835 2264 2925 2333 qui
2966 2273 3214 2317 naturam
3257 2271 3536 2330 nostram,
3575 2274 3630 2320 et
3663 2265 3871 2336 lapsam

2292 2352 2439 2406 venit
2489 2351 2719 2423 erigere,
2781 2358 2838 2406 et
2910 2352 3263 2407 inveteratam
3305 2353 3358 2407 in
3423 2353 3572 2410 vitiis
3633 2355 3870 2426 origina-

2293 2448 2431 2503 libus
2470 2430 2731 2502 renovare
2758 2488 2772 2511 ,
2812 2446 2917 2501 hoc
2958 2445 3145 2501 debuit
3192 2446 3513 2502 naturaliter
3570 2456 3625 2503 et
3681 2462 3871 2504 essen-

2295 2537 2498 2592 tialiter
2537 2536 2591 2591 in
2626 2537 2836 2591 unitate
2880 2549 3126 2606 personae
3165 2536 3479 2606 suscipere,
3533 2536 3676 2607 quod
3721 2535 3872 2591 venit

2289 2644 2386 2701 per
2401 2628 2663 2699 passionis
2676 2637 2731 2683 et
2743 2628 3151 2683 resurrectionis
3163 2642 3273 2683 sua:
3285 2629 3597 2700 mysterium
3614 2628 3870 2684 liberare.

2366 2739 2476 2796 Nec
2519 2749 2692 2794 tamen
2743 2740 2844 2794 hoc
2865 2738 3115 2805 dicimus,
3146 2747 3203 2795 ut
3228 2740 3402 2794 solum
3451 2738 3868 2809 Redemptorem

2276 2835 2542 2907 _nostrum
2570 2840 2790 2881 carnem
2822 2830 3180 2897 assumpsisse
3205 2844 3410 2899 veram,
3462 2832 3719 2902 Spiritum
3746 2854 3878 2895 vero

2300 2923 2549 2971 sanetum
2594 2916 2832 2986 speciem
2877 2915 3146 2973 fateamur
3182 2918 3422 2977 induisse
3452 2922 3870 2991 phantasticam.

2298 3032 2454 3092 Sicut
2477 3038 2754 3093 enimnon
2775 3038 3009 3108 oportuit
3041 3049 3100 3094 ut
3122 3040 3308 3097 oculos
3340 3041 3615 3099 hominum
3652 3045 3747 3101 Dei
3773 3043 3869 3101 Fi-

2295 3127 2401 3184 lius
2422 3128 2648 3195 falleret,
2675 3129 2756 3185 sic.
2778 3129 2998 3186 omnino
3017 3146 3123 3186 non
3147 3131 3345 3198 decuit,
3375 3141 3434 3188 ut
3459 3132 3659 3203 aliquid
3692 3133 3866 3205 Spiri-

2297 3229 2381 3274 tus
2409 3228 2629 3274 sanetus
2656 3219 2938 3276 mendacio
2964 3220 3265 3276 simularet.
3296 3220 3580 3285 Nimirum,
3623 3237 3749 3278 cum
3787 3222 3865 3277 si-

2293 3316 2385 3364 cut
2404 3308 2495 3363 ille
2521 3316 2606 3363 est
2624 3309 2840 3371 veritas,
2868 3308 2941 3364 ita
2962 3308 3310 3365 nihilominus
3330 3318 3385 3373 et
3411 3311 3513 3366 iste
3534 3311 3599 3366 sit
3629 3310 3865 3380 Spiritus

2293 3402 2559 3457 veritatis.
2588 3401 2833 3471 Utraque
2871 3402 3033 3472 igitur
3076 3400 3164 3455 illa
3194 3415 3444 3471 corpora,
3495 3401 3863 3459 columbinum

2291 3495 2521 3560 scilicet,
2553 3494 2946 3556 ethumanum,
2978 3493 3052 3546 ita
3082 3491 3304 3546 fuerunt
3328 3491 3381 3544 in
3408 3491 3654 3545 veritatis
3677 3504 3863 3546 essen-

2292 3589 2388 3652 tia,
2419 3586 2562 3643 sicut
2589 3583 2841 3640 humanis
2859 3582 3137 3637 obtutibus
3158 3590 3287 3636 sunt
3306 3589 3613 3650 conspecta.
3640 3579 3744 3637 Sed
3767 3581 3864 3637 illa

2289 3675 2553 3734 columbae
2572 3674 2804 3745 species,
2830 3681 3075 3743 peracto,
3106 3671 3250 3742 quod
3288 3670 3623 3739 imminebat,
3653 3670 3862 3726 utilita-

2272 3767 2361 3822 —tis
2395 3765 2717 3831 ministerio,
2769 3764 2970 3821 desiit:
3014 3777 3213 3833 corpus
3238 3765 3373 3819 vero
3417 3762 3753 3819 Dominicum
3803 3762 3860 3817 in

2270 3855 2638 3925 suscipientis
2663 3855 2852 3926 utique
2873 3855 3033 3911 Verbi
3056 3853 3237 3911 stabili
3263 3869 3477 3925 semper
3497 3856 3704 3911 unitate
3737 3868 3860 3925 per-

2288 3948 2508 4002 mansit.
2566 3945 2936 4002 Contiteamur
2970 3961 3099 4018 ergo
3140 3960 3366 4003 necesse
3395 3954 3499 4011 est,
3527 3961 3717 4002 verum
3755 3945 3859 4001 De-

2288 4052 2379 4092 um
2427 4036 2831 4094 Emmanuelem
2898 4051 2969 4092 ex
3031 4036 3239 4092 duabus
3296 4037 3611 4092 substantiis
3673 4036 3863 4092 incon-

2287 4128 2431 4193 t‘use,
2477 4137 2641 4199 atque
2680 4128 3076 4186 indivisibiliter
3120 4128 3436 4185 existentem
3476 4145 3488 4182 :
3532 4135 3693 4196 atque
3737 4127 3860 4182 ideo

2260 4220 2499 4276 «beatam
2551 4221 2823 4291 Virginem
2867 4234 2973 4276 non
3014 4219 3176 4275 modo
3218 4218 3474 4281 hominis,
3528 4216 3620 4272 sed
3666 4225 3723 4273 et
3761 4217 3858 4274 Dei

2287 4325 2595 4365 asseramus
2641 4310 2907 4365 veraciter
2949 4309 3299 4365 Genitricem.
3341 4306 3670 4363 Naturaliter
3712 4309 3856 4364 enim

607 4374 736 4420 sunt
774 4369 1055 4439 utriusque
1101 4374 1419 4432 substantia:
1459 4379 1781 4436 naturaliter
1824 4392 2095 4452 operatur,
2128 4369 2185 4439 et

612 4469 834 4480 mm“-
887 4460 1032 4480 ___._-,
1616 4470 1626 4478 .
1686 4460 1689 4461 ν
1798 4471 1810 4480 .
1906 4473 1916 4480 .
2167 4475 2180 4480 -

2289 4410 2451 4469 atque
2481 4399 2775 4455 carnaliter
2799 4400 2987 4468 genuit
3005 4413 3226 4454 carnem
3250 4397 3453 4452 factum
3480 4397 3575 4452 Dei
3602 4397 3854 4455 Verbum.

564 4474 569 4477 -
609 4469 838 4525 quaeque
885 4460 1185 4520 substantia
1212 4481 1336 4520 cum
1360 4460 1737 4525 communione
1762 4471 2009 4537 alterius,
2039 4475 2183 4543 quod

2289 4460 2655 4545 Conﬁteamur
2673 4460 2837 4543 etiam
2862 4487 3096 4544 Verbum
3122 4488 3275 4542 carni
3297 4485 3590 4543 secundum
3615 4485 3861 4541 substan-

607 4559 775 4601 suum.
808 4557 948 4614 erat,
997 4553 1210 4621 agebat,
1255 4557 1553 4613 secundum
1602 4561 1892 4630 unicuique
1938 4563 2186 4619 videlicet

559 4672 565 4679 .
605 4633 826 4690 insitam
852 4640 1199 4697 essentialem
1225 4644 1567 4713 qualitatem,
1599 4648 1682 4704 vel
1726 4650 2028 4705 naturalem
2058 4638 2183 4722 pro-

559 4770 569 4779 .
606 4725 916 4794 prietatem.
948 4728 1040 4786 Sic
1074 4732 1235 4803 igitur
1266 4751 1363 4789 nos
1406 4746 1620 4806 oportet
1657 4740 1839 4794 omnia
1877 4751 2034 4796 caute
2062 4757 2184 4819 pero

603 4818 1154 4892 pendere,.quatenus
1176 4831 1231 4877 et
1252 4823 1410 4893 plena
1438 4815 1748 4883 humanitas
1780 4830 1832 4883 in
1867 4830 2034 4885 Deum
2059 4815 2179 4885 cre-

603 4904 1173 4987 dawr.assumpta,qet
1199 4913 1356 4983 plena
1385 4915 1643 4973 divinitas
1680 4918 1885 4974 homini
1919 4918 2180 4987 intelliga-

604 5001 693 5047 tur
719 4995 893 5050 unita.
937 4998 1053 5055 Hoc
1084 4990 1455 5061 tantummodo
1480 5014 1540 5062 ut
1581 5006 1693 5063 Deo
1746 5010 2036 5065 reddamus
2063 5025 2183 5080 qua:

606 5080 700 5137 Dei
725 5095 889 5143 sunt:
921 5097 975 5142 et
1003 5088 1232 5158 homini,
1264 5109 1385 5164 quae
1410 5109 1538 5151 sunt
1568 5096 1827 5154 hominis.

1191 5208 1270 5242 ΡΛ
1283 5209 1419 5242 Dli'l‘
1460 5211 1570 5242 ινιη

2289 4578 2418 4632 tiam
2444 4577 2765 4632 naturaliter
2810 4576 3180 4647 congenitum,
3211 4588 3485 4643 unumque
3513 4589 3636 4629 esse
3675 4573 3858 4628 Chris—

2289 4676 2402 4725 tum
2428 4685 2440 4720 :
2470 4666 2562 4724 sed
2594 4667 2774 4737 potius
2803 4682 2925 4722 cum
2959 4667 3072 4736 ipsa
3097 4679 3261 4721 carne
3286 4662 3445 4719 simul
3473 4670 3528 4716 et
3564 4662 3744 4715 anima
3772 4674 3863 4723 ve-

2288 4773 2406 4812 rum
2433 4756 2600 4812 Deum
2624 4766 2679 4812 et
2700 4771 2827 4811 vere
2853 4755 3089 4820 unicum,
3117 4762 3173 4808 et
3202 4751 3501 4809 naturalem
3525 4749 3619 4815 Dei
3643 4748 3857 4811 Filium,

2288 4849 2362 4903 ita
2394 4856 2455 4902 ut
2481 4861 2820 4917 nequaquam
2838 4858 3232 4917 prmsumamus
3254 4855 3498 4917 asserere
3525 4846 3859 4908 assumptum

2288 4862 2362 4903 lla
2394 4862 2455 4902 ιιι
2481 4862 2820 4917 nequaquam
2882 4862 3232 4903 rasumamus
3254 4862 3498 4917 asserere
3525 4862 3858 4908 assumpqu

2284 4937 2560 4995 hominem
2596 4862 2902 4999 coadoragi,
2947 4934 3033 4995 vel
3060 4930 3477 5003 ,congloriﬁcari
3526 4929 3639 4983 Deo
3684 4927 3858 4985 Verbo

2287 5028 2517 5085 debere:
2544 5029 2795 5085 videlicet
2821 5038 3076 5097 tanquam
3102 5026 3241 5080 alter
3264 5030 3555 5079 veneretur
3578 5022 3631 5075 in
3661 5020 3853 5074 altero.

2287 5119 2402 5175 Hoc
2424 5119 2592 5182 enim,
2617 5136 2697 5185 ro,
2728 5118 3156 5187 superadjectam
3180 5112 3441 5184 syllabam
3465 5109 3754 5179 persuadet
3775 5109 3857 5162 in-

2288 5209 2452 5242 ΙιιιΙῖηἶ
2502 5207 2605 5242 ξοδ
2626 5225 2730 5242 "IIII
2754 5209 2929 5242 nnlinc
2953 5222 3015 5242 nn
3032 5204 3261 5242 cimnnl‘i
3280 5201 3594 5242 mlnrnlinnn
3616 5200 3857 5242 rnlztmus
