4106 6310
253 442 331 496 εδ
744 444 748 448 -
1303 423 1544 481 orasc.
1579 422 1619 476 ι.
1650 449 1721 461 -
1751 418 1836 474 DE

1956 418 2031 499 ot;
2053 407 2182 472 CA't
2197 413 2467 472 nouus.
3425 409 3490 462 δι

251 565 522 610 ueremur
567 548 760 609 Deum,
811 553 866 598 et
892 542 983 612 qui
1013 540 1288 609 subjectus
1319 546 1403 592 est
1448 534 1638 599 oculis,
1665 530 1840 587 homi-

2003 551 2312 605 Cavendum
2343 561 2425 605 est
2453 553 2708 622 ergo,'ne
2738 569 3022 623 supparem
3058 553 3204 607 Patri
3227 553 3514 612 credamus

259 658 427 706 nem;
457 649 511 695 et
530 654 651 707 qua:
677 637 805 690 latet
827 636 1079 697 interius,
1104 630 1463 698 majestatcm.
1497 626 1620 681 ldeo
1651 625 1848 694 quippe

1956 643 2056 698 Pilii
2096 642 2456 712 tnajestatem,
2485 646 2569 701 his
2599 647 2828 715 decepti,
2861 661 2980 715 qute
3006 647 3071 700 ad
3122 645 3351 700 formam
3384 657 3511 702 sunt

258 733 534 790 mediator
564 738 669 791 est.
716 726 973 796 quoniam
1018 723 1160 778 idem
1187 722 1350 786 Deus,
1377 728 1432 772 (³⁸
1473 718 1636 772 Immo
1663 729 1845 781 "erus,
1935 733 2214 789 referenda
2261 735 2535 800 servilem,
2566 752 2728 805 quam
2773 735 2979 790 scilicet
3021 735 3376 791 humanitatis
3401 735 3514 790 for-

258 823 472 880 habens
520 834 627 874 una
655 816 956 872 divinitatis
1005 829 1129 869 cum
1158 812 1320 866 Patre
1348 821 1622 873 naturam,
1654 816 1710 863 et
1738 822 1846 862 non

258 915 534 970 diversam
592 909 948 966 humanitatis
1001 923 1126 962 cum
1172 905 1344 960 Matre
1381 903 1757 988 substantiam.
1788 899 1848 954 in

259 1015 497 1074 utraque
524 1000 733 1056 scilicet
777 1009 974 1055 natura
1004 999 1145 1053 idem
1196 1006 1281 1052 est
1304 997 1399 1051 Dei
1439 994 1633 1060 Filius,
1661 1001 1846 1048 nostra

258 1095 590 1164 suscipiens,
614 1100 669 1148 et
691 1091 910 1162 propria
935 1106 1041 1146 non
1056 1089 1338 1154 amittens,
1357 1088 1409 1142 in
1433 1087 1652 1142 homine
1675 1084 1848 1139 homi-

258 1201 391 1241 nem
423 1197 717 1246 renovans,
741 1182 795 1236 in
825 1181 1118 1250 semetipso
1147 1193 1360 1248 semper
1391 1173 1850 1233 incommutabilis

260 1289 643 1348 perseverans.
675 1293 694 1326 ι
719 1271 1026 1328 Secundum
1053 1270 1285 1326 fortnam
1306 1270 1503 1340 quippe
1527 1269 1621 1323 Dei
1647 1267 1850 1338 dictqu

262 1376 352 1421 est
383 1385 397 1420 :
436 1383 456 1416 ι
496 1365 638 1419 Aule
668 1379 858 1420 omnes
902 1362 1066 1418 colles
1107 1361 1295 1434 genuit
1322 1375 1406 1415 me
1436 1359 1620 1431 (Prov.
1652 1356 1794 1427 vttt),
1825 1376 1844 1408 ι

265 1458 321 1512 id
351 1465 457 1522 est,
489 1464 616 1511 ante
644 1455 825 1510 omnia
881 1463 1145 1524 tempora,
1177 1461 1232 1508 et
1261 1450 1606 1520 temporalia;
1658 1463 1852 1505 secun-

265 1547 392 1601 dum
445 1560 578 1601 vero
625 1544 854 1600 formam
901 1545 1047 1600 servi
1099 1544 1302 1599 dictum
1352 1551 1480 1596 est:
1535 1558 1554 1591 ι
1591 1539 1852 1595 Dominus

264 1637 581 1692 creavitme
603 1635 658 1690 in
689 1636 844 1691 initio
871 1637 1080 1690 viarum
1100 1649 1321 1692 suarum
1348 1633 1559 1703 (Ibid.).
1596 1651 1615 1683 ι
1644 1631 1849 1686 Secun-

265 1725 397 1780 dum
429 1724 661 1780 formam
706 1725 804 1780 Dei
851 1726 987 1781 dixit
1018 1741 1033 1781 :
1070 1745 1089 1777 ‹
1125 1725 1239 1796 Ego
1270 1740 1388 1779 sum
1420 1723 1624 1778 veritas
1655 1731 1710 1777 et
1741 1721 1852 1775 vita

265 1816 456 1887 (Joan.
482 1816 618 1888 ut);
654 1835 674 1869 ι
701 1819 996 1873 secundum
1020 1817 1249 1872 formam
1273 1816 1412 1871 servi
1443 1833 1457 1869 :
1481 1812 1593 1884 Ego
1608 1825 1723 1868 sum
1745 1811 1846 1864 via.

1932 838 2096 887 mam,
2127 831 2185 876 ut
2209 823 2462 879 ostendat
2489 824 2544 877 in
2575 837 2634 878 se
2654 823 2750 879 Dei
2781 824 2949 878 Filius
2977 839 3084 879 non
3110 825 3380 892 discretae,
3412 840 3515 881 nec

1955 929 1984 968 a
2011 915 2181 972 terius
2209 932 2326 972 esse
2352 931 2618 988 persoua',
2649 921 2848 974 et'cum
2877 935 2937 972 ea
2968 921 3124 974 simul
3153 923 3279 977 dicit
3317 942 3330 976 :
3363 942 3381 976 ι
3417 923 3517 979 Pa-

1945 1015 2032 1064 ter
2066 1007 2239 1075 major
2265 1023 2351 1062 me
2379 1015 2461 1061 est
2493 1007 2675 1077 (Joan.
2707 1011 2852 1077 xw);
2893 1029 2912 1060 ι
2946 1019 2999 1062 et
3029 1024 3148 1062 cum
3176 1012 3360 1066 eadem
3388 1015 3519 1069 nihi-

1943 1098 2178 1154 lominus
2199 1099 2329 1152 dicit
2355 1117 2367 1152 :
2390 1117 2408 1150 ι
2431 1099 2542 1170 Ego
2562 1107 2616 1155 et
2639 1098 2801 1153 Pater
2823 1113 2986 1152 unum
3006 1115 3188 1154 smnus
3207 1101 3384 1171 (Joan.
3406 1105 3512 1174 X).I

1949 1187 2090 1240 Deus
2117 1187 2301 1255 utique
2327 1187 2456 1240 dicit
2486 1205 2498 1239 :
2538 1205 2556 1238 ι
2590 1185 2752 1240 Pater
2782 1185 2954 1254 major
2981 1201 3068 1241 me
3111 1198 3213 1252 est,
3251 1207 3269 1240 ι
3310 1191 3402 1245 sed
3451 1207 3515 1247 ex

1945 1273 2261 1329 infirmitate
2290 1284 2512 1330 nostra:
2543 1285 2597 1330 et
2623 1277 2784 1330 homo
2814 1277 2980 1331 dicit:
3033 1295 3051 1328 ι
3096 1277 3207 1348 Ego
3251 1287 3307 1334 et
3359 1279 3520 1336 Pater

1943 1379 2112 1419 unum
2143 1379 2368 1432 sumus;
2405 1385 2424 1418 ι
2457 1367 2552 1421 sed
2587 1383 2652 1421 ex
2682 1366 2880 1420 virtute
2917 1366 3119 1422 divina.

2545 1456 2776 1512 CAPUT
2815 1457 2907 1513 IX.

1955 1545 2198 1600 Christus
2228 1556 2469 1600 naturam
2499 1549 2722 1615 suscepit
2749 1549 3056 1614 humanam,
3094 1566 3197 1604 non
3221 1567 3520 1620 personam.

2016 1635 2193 1691 Movet
2226 1645 2426 1702 autem,
2456 1652 2576 1691 cum
2615 1638 2708 1692 Dei
2739 1637 2906 1693 Filius
2936 1639 3010 1692 nil
3033 1639 3212 1696 minus
3239 1643 3304 1696 de
3331 1644 3524 1697 huma-

1953 1727 2146 1790 nitate,
2177 1727 2270 1780 sed
2311 1735 2480 1780 totum
2529 1739 2687 1798 atque
2722 1730 2990 1799 integrum
3034 1732 3306 1788 hominem
3338 1750 3522 1791 susce-

1943 1815 2089 1884 pisse
2119 1815 2396 1880 credatur,
2427 1831 2524 1870 cur
2553 1833 2718 1872 unam
2768 1820 3052 1874 dumtaxat
3099 1822 3295 1877 habere
3340 1838 3526 1893 perso-

270 1902 486 1973 σῶά).
515 1901 668 1968 Quod
691 1904 834 1960 enim
869 1922 888 1956 ι
921 1904 1153 1959 Verbum
1177 1919 1303 1959 caro
1325 1903 1523 1958 factum
1548 1919 1657 1968 est,
1688 1923 1706 1955 ι
1742 1917 1846 1956 non
1878 1895 1923 1954 B
1952 1920 2078 1959 nam
2107 1905 2252 1960 Deus
2274 1905 2436 1961 homo
2461 1905 2639 1962 factus
2663 1911 2962 1964 asseritur.
2995 1911 3128 1965 Nam
3153 1917 3422 1982 quomodo
3451 1927 3528 1970 to-

268 1995 376 2049 hoc
401 1994 693 2065 signiﬁcat,
719 1996 862 2064 quod
889 1995 942 2049 in
973 2009 1190 2050 carnem
1219 1994 1396 2048 divina
1424 1993 1496 2048 sit
1518 2001 1705 2047 natura
1731 2009 1845 2046 mu-

272 2091 384 2138 tata
410 2098 423 2133 ;
457 2081 574 2146 sed,
608 2081 750 2150 quod
781 2099 811 2136 a
836 2083 1011 2138 Verbo
1041 2083 1094 2136 in
1121 2083 1327 2136 unitate
1347 2096 1591 2150 persona:
1619 2082 1690 2137 sit
1714 2097 1842 2136 caro

269 2181 544 2241 suscepta.
577 2171 840 2242 Majestati
867 2173 1065 2243 quippe
1094 2173 1288 2228 divinae
1319 2187 1578 2241 corporea
1625 2172 1693 2227 de
1734 2171 1840 2226 Ma»

272 2271 352 2315 tre
379 2261 638 2316 nativitas
666 2261 741 2315 nil
764 2262 1004 2328 abstulit,
1039 2263 1174 2317 nihil
1225 2263 1470 2327 contulit,
1523 2263 1657 2320 nihil
1687 2279 1753 2318 ex
1779 2279 1842 2319 ea

271 2352 325 2404 in
382 2351 530 2404 aliud
577 2353 924 2421 permutavit.
967 2353 1430 2409 lncommutabilis
1477 2369 1671 2424 nempe
1717 2356 1845 2410 sub-

270 2443 471 2496 stantia
504 2445 645 2496 sicut
671 2459 1010 2514 nequaquam
1036 2443 1138 2514 15
1168 2445 1222 2500 in
1249 2445 1460 2500 diversa
1480 2447 1744 2512 converti,
1768 2446 1846 2501 sic

271 2547 372 2587 nec
403 2532 575 2586 minui
601 2535 794 2603 potuitJ
827 2551 924 2591 nec
950 2537 1153 2606 augeri.

342 2621 515 2692 Igitur
538 2625 822 2695 utriusque
850 2636 1059 2682 natura:
1085 2637 1472 2696 cognoscentes
1521 2629 1751 2694 indicia;
1791 2639 1847 2684 et

274 2715 509 2770 Verbum
539 2715 593 2768 in
626 2716 842 2771 homine
883 2716 1118 2782 Christo,
1156 2726 1210 2772 et
1255 2719 1530 2773 Christum
1571 2720 1845 2775 hominem

274 2805 564 2860 adoramus
594 2805 645 2859 in
689 2807 884 2862 Verbo.
916 2808 1150 2863 Verbum
1181 2809 1324 2864 enim
1366 2825 1494 2864 caro
1537 2810 1738 2864 factum
1790 2810 1845 2865 in

275 2896 487 2951 duabus
512 2897 765 2952 essentiis
810 2913 948 2952 unus
974 2910 1058 2954 est
1085 2898 1362 2966 Christus;
1397 2900 1484 2954 ubi
1526 2900 1734 2954 scilicet
1765 2901 1846 2954 ni~

276 2985 348 3039 hil
375 2996 460 3041 est
506 2987 814 3042 utriuslibet
845 2997 1070 3052 notarat,
1103 2989 1244 3058 quod
1277 3005 1382 3043 non
1437 2991 1507 3044 sit
1537 2991 1843 3058 utriusque.

273 3077 417 3132 ldeut
449 3085 533 3130 est
577 3077 630 3130 in
660 3075 831 3132 forma
882 3079 997 3143 Dei,
1047 3080 1138 3149 qui
1184 3079 1238 3132 in
1295 3079 1468 3134 forma
1514 3079 1848 3149 conspicitur

221 3166 224 3167 ⁷
275 3169 449 3234 servi;
479 3168 619 3224 idem
652 3171 924 3238 passibilis
953 3171 1006 3225 in
1037 3170 1328 3240 fragilitate
1357 3180 1560 3234 nostra,
1595 3179 1648 3226 et
1678 3173 1844 3226 invio-

1948 2003 2061 2050 tutn
2089 1997 2326 2064 suscepit
2347 1997 2638 2064 hominem,
2663 1999 2708 2054 si
2733 2014 3020 2069 personam
3045 2003 3278 2058 hominis
3306 2019 3410 2059 non
3435 2021 3524 2059 ac-

1943 2085 2124 2154 cepit?
2150 2084 2258 2138 Aut
2287 2085 2330 2139 si
2363 2085 2456 2140 Dei
2488 2086 2679 2154 Filius,
2731 2088 2822 2157 qui
2870 2099 2956 2144 est
2999 2106 3106 2145 una
3157 2093 3209 2146 in
3258 2093 3526 2150 Trinitate

1943 2189 2196 2245 persona,
2227 2189 2348 2228 cum
2378 2175 2614 2230 hominis
2645 2193 2870 2245 persona
2904 2182 3264 2249 conjungitur,
3301 2198 3529 2252 quomo-

1945 2263 2013 2318 do
2061 2262 2116 2316 in
2167 2277 2329 2317 unam
2381 2266 2702 2320 convenisse
2761 2273 3049 2336 prsouam
3112 2269 3204 2323 Dei
3264 2272 3424 2326 simul
3471 2285 3526 2328 et

1950 2351 2056 2422 16
2095 2351 2329 2407 hominis
2356 2354 2657 2408 substantia
2698 2357 3063 2425 perhibetur?
3101 2359 3252 2424 Quod
3284 2376 3403 2416 cum
3435 2378 3525 2417 so-

1945 2439 2115 2496 lerter
2158 2444 2513 2512 inquirerem,
2558 2453 2613 2498 et
2640 2446 2767 2514 quid
2801 2447 2887 2500 hic
2937 2446 3168 2500 iniretur
3201 2465 3229 2501 a
3271 2449 3528 2506 Patribus

1946 2531 2261 2602 diligentius
2284 2532 2622 2602 indagarem,
2646 2537 2820 2605 reperi
2847 2536 3133 2592 Alcuinutu
3156 2541 3438 2610 scripsisse
3461 2543 3530 2596 ad

1947 2622 2201 2677 Carolum
2229 2623 2634 2693 imperatorem,
2667 2629 2810 2696 quod
2838 2648 2856 2679 ι
2891 2629 2985 2683 Dei
3015 2631 3056 2683 F
3062 2631 3184 2685 ilius
3210 2649 3313 2687 non
3341 2634 3530 2687 huma-

1949 2729 2074 2767 nam
2101 2728 2387 2782 personam
2415 2717 2676 2786 suscepit,
2709 2719 2802 2773 sed
2833 2727 3105 2774 naturam.
3141 2740 3160 2774 ι
3192 2721 3349 2775 Juxta
3381 2721 3534 2791 cujus

1947 2805 2282 2858 sententiam
2323 2814 2528 2870 restat,
2569 2815 2628 2860 ut
2655 2821 2882 2876 persona
2912 2807 3033 2862 Filii
3069 2809 3422 2868 humanitatis
3448 2829 3534 2869 es-

1950 2894 2181 2947 sentiam
2211 2894 2327 2947 sine
2354 2895 2704 2950 bumanitatis
2721 2909 2948 2966 persona
2974 2902 3290 2969 susceperit.
3311 2901 3535 2972 Magnus

1948 2992 2128 3038 autem
2158 2983 2270 3038 Leo
2289 2983 2544 3040 Romana:
2573 2985 2768 3055 praesul
2792 2983 3060 3051 Ecclesiae,
3089 2999 3140 3042 et
3164 2991 3351 3044 doctor
3376 2991 3533 3048 uber-

1952 3074 2119 3126 rimus
2166 3074 2292 3128 ﬁdei
2337 3076 2656 3131 Christiana:
2709 3077 2766 3131 in
2827 3076 3107 3146 cujusdam
3167 3082 3533 3136 declarations

1951 3162 2217 3217 sermonis
2256 3163 2341 3218 his
2383 3165 2554 3218 utitur
2580 3165 2762 3219 verbis
2793 3166 2951 3234 (Vide
2985 3168 3198 3222 Scholia
3238 3171 3307 3222 ad
3339 3171 3532 3223 calcem

275 3257 454 3314 labilis
481 3260 536 3314 in
573 3261 766 3314 virtute
792 3261 1006 3326 divina;
1037 3260 1178 3316 idem
1208 3262 1560 3329 incorporeus
1597 3276 1844 3326 manens,

1956 3250 2214 3319 opusculi)
2239 3267 2257 3304 :
2287 3268 2304 3299 ι
2335 3251 2455 3317 llic,
2487 3254 2582 3317 ait,
2608 3254 2867 3308 mirabilis
2895 3271 3064 3310 sacra:
3092 3258 3322 3328 Virginis
3348 3269 3534 3328 partus

272 3356 328 3399 et
359 3361 563 3416 corpus
589 3363 899 3415 assumens;
933 3350 1078 3403 idem
1103 3350 1298 3418 estqui
1327 3359 1382 3404 ct
1404 3358 1643 3418 paterna:
1667 3349 1856 3420 majesa

273 3437 409 3490 tatis
437 3452 549 3490 non
577 3437 778 3493 divisus
805 3450 888 3494 est
927 3440 1084 3504 solio,
1115 3451 1170 3494 et
1213 3449 1392 3495 tamen
1437 3441 1507 3496 ab
1550 3441 1730 3510 impiis
1775 3453 1857 3497 est

276 3525 581 3580 cruciﬁxus
608 3526 662 3579 in
692 3527 857 3596 ligno.
885 3528 1111 3584 Constat
1129 3531 1274 3585 enim
1302 3539 1588 3600 utramque
1614 3533 1858 3586 substan-

275 3620 410 3673 tiam
459 3618 514 3673 in
565 3635 722 3674 unam
766 3623 1112 3677 concurrisse
1152 3637 1484 3691 personam:
1530 3629 1693 3692 atque
1738 3623 1858 3678 ideo

274 3727 418 3766 unus
462 3711 711 3780 idemque
756 3722 839 3767 cst
887 3728 1052 3782 super
1093 3714 1215 3768 caeli
1265 3713 1636 3768 celsitudinem
1687 3714 1859 3769 victor

276 3803 471 3856 mortis
498 3802 814 3867 ascendens,
839 3811 892 3858 et
909 3819 1092 3878 (usque
1117 3805 1184 3860 ad
1210 3804 1732 3860 consummationem
1760 3818 1858 3859 ste-

276 3892 383 3946 culi
405 3893 715 3947 universam
737 3893 1034 3949 Ecclesiam
1058 3911 1162 3949 non
1187 3894 1516 3964 relinquens.
1541 3894 1766 3965 Utrique
1787 3896 1859 3951 si-

281 3984 504 4052 quidem
537 3992 745 4038 naturae
772 3985 823 4038 in
845 3985 958 4038 suis
983 3987 1170 4055 utique
1198 3987 1619 4056 proprietatibus
1645 4003 1856 4056 perma-

279 4075 456 4138 nenti,
487 4084 636 4128 tanta
662 4083 744 4128 est
770 4075 992 4129 unitatis
1007 4075 1148 4130 facta
1173 4077 1499 4141 communio,
1528 4075 1856 4146 utquidquid

277 4165 350 4217 ibi
383 4164 478 4218 Dei
510 4174 615 4228 est,
653 4179 756 4218 non
788 4165 854 4218 sit
890 4163 957 4218 ab
989 4166 1207 4219 homine
1237 4177 1548 4234 separatum
1579 4183 1593 4220 :
1623 4177 1677 4222 et
1703 4168 1858 4236 quid-

279 4255 409 4322 quid
435 4263 520 4307 est
549 4254 800 4319 hominis,
837 4270 942 4308 non
972 4257 1042 4311 sit
1067 4272 1096 4308 a
1127 4257 1408 4310 divinitate
1438 4257 1690 4311 divisum.
1719 4258 1858 4312 Cou—

277 4354 442 4416 cepto
472 4345 726 4398 nimirum
765 4346 816 4398 iu
865 4354 1020 4400 utero
1066 4347 1312 4417 virginis,
1364 4348 1559 4401 animae
1602 4347 1762 4402 simul
1803 4357 1857 4402 et

282 4434 434 4487 carni
463 4449 533 4488 ne
554 4442 750 4502 puncto
771 4435 988 4503 quidem
1015 4437 1270 4505 temporis
1283 4437 1454 4491 virtus
1467 4436 1637 4491 deluit
1655 4436 1776 4492 V'erl
1797 4438 1815 4491 i
1839 4455 1854 4491 :

281 4539 384 4580 nec
412 4533 542 4578 ante
576 4523 824 4588 formata,
858 4526 940 4580 vel
971 4528 1204 4580 animata
1234 4535 1315 4583 est
1342 4529 1526 4592 vestis,
1564 4544 1724 4598 quam
1756 4529 1854 4583 s'bi

283 4615 397 4669 Rex
426 4631 691 4685 supernus
719 4617 981 4682 indueret,
1013 4619 1109 4673 sed
1155 4633 1252 4687 per
1296 4618 1490 4686 ipsum,
1539 4629 1596 4673 et
1642 4620 1694 4673 in
1742 4620 1857 4689 ip.o

285 4706 428 4775 cepit
455 4705 586 4759 illud
618 4707 835 4760 immani
865 4708 1106 4776 corporis
1133 4707 1415 4776 templum,
1460 4709 1604 4778 quod
1632 4710 1736 4763 sibi
1764 4710 1854 4763 Dei

286 4793 455 4850 Filius
507 4796 870 4852 essentialiter
902 4798 1166 4853 couuiret.
1219 4797 1310 4854 Dei
1339 4799 1534 4868 quippe
1585 4798 1756 4855 Filius
1805 4801 1858 4854 in

287 4895 444 4939 utero
468 4885 694 4956 virginis
727 4889 1110 4958 concipiendas
1132 4891 1383 4959 accessit,
1433 4889 1612 4959 ibique
1639 4891 1856 4945 donmm

286 4975 368 5029 sui
397 4978 646 5044 corporis
672 4978 834 5049 (sicut
883 4981 1142 5035 scriutum
1175 4955 1278 5036 e'stl
1308 4982 1571 5050 sapientia
1628 4981 1860 5036 fabrica-

289 5064 360 5116 vit
387 5061 572 5134 (Pror.
599 5065 698 5135 ix).

355 5154 435 5210 De
458 5157 736 5212 creatione
767 5159 948 5230 itaque
975 5160 1170 5216 futura:
1198 5161 1396 5217 sobolis
1426 5162 1560 5216 nihil
1610 5161 1720 5217 illic
1744 5173 1863 5217 erat

287 5248 585 5315 inceptum,
615 5250 708 5305 sed
737 5237 861 5321 post
894 5253 1175 5308 introitum
1215 5252 1377 5310 Verbi
1423 5255 1476 5309 in
1508 5255 1714 5310 unitate
1755 5257 1862 5318 sui,

291 5351 469 5391 novus
495 5338 654 5394 homo
674 5343 923 5412 concepit
956 5344 1188 5399 initium.
1218 5345 1274 5399 ln
1305 5362 1467 5400 uuam
1496 5347 1697 5401 Christi
1746 5362 1864 5416 per-

290 5440 482 5481 sonam
509 5430 720 5498 gemina
745 5435 1100 5490 conveniente
1125 5445 1332 5499 natura,
1362 5438 1450 5491 cui
1473 5445 1528 5490 et
1550 5437 1728 5490 divina
1755 5449 1868 5491 Vtr-

292 5524 376 5571 tns
400 5517 606 5574 inesset
634 5522 701 5574 ad
726 5523 991 5579 mirabilia
1027 5541 1272 5595 operum,
1303 5537 1357 5581 et
1400 5528 1754 5584 humanitatis
1784 5529 1866 5583 in-

292 5606 522 5665 lirmitas
548 5613 614 5665 ad
664 5613 1003 5671 tolerantiam
1053 5619 1381 5687 passionum.
1429 5619 1536 5676 Sed
1581 5629 1867 5692 utrumque

294 5696 434 5754 Deus
464 5699 532 5755 de
563 5710 830 5771 potestate
855 5708 1221 5778 suscipientis,
1253 5719 1544 5781 utrumque
1590 5710 1753 5767 homo
1803 5711 1869 5767 de

293 5785 598 5847 humilitate
619 5794 874 5863 suscepti.

1959 3355 2085 3395 vere
2133 3342 2447 3408 humanam,
2503 3360 2737 3414 vereque
2785 3347 3022 3401 divinam
3076 3365 3238 3402 unam
3282 3351 3447 3404 edidit
3480 3353 3532 3405 in

1959 3433 2108 3503 prole
2137 3449 2422 3503 personam
2453 3450 2468 3488 :
2498 3435 2622 3505 quia
2651 3450 2757 3491 non
2786 3439 2859 3491 ita
2903 3439 3257 3508 proprietates
3302 3457 3427 3496 snas
3460 3453 3536 3497 te-

1958 3525 2074 3578 nuit
2103 3535 2330 3595 utraquc
2364 3527 2688 3593 substantia,
2722 3538 2778 3581 ut
2801 3541 3154 3598 personarum
3183 3532 3233 3585 in
3261 3531 3340 3586 eis
3367 3533 3538 3601 possit

1957 3627 2079 3668 esse
2129 3615 2406 3670 discretio.
2449 3615 2558 3672 Nec
2609 3619 2687 3671 sic
2725 3630 2972 3672 creatura
3017 3619 3068 3672 in
3109 3621 3423 3676 societatem
3452 3623 3535 3676 sui

1957 3707 2533 3779 Creatorisassumpta
2559 3719 2662 3774 est,
2696 3718 2754 3763 ut
2783 3709 2868 3763 ille
2893 3711 3183 3775 habitator,
3208 3723 3259 3765 et
3290 3713 3376 3766 illa
3393 3721 3538 3768 esset

1958 3797 2365 3865 habitaculum;
2401 3802 2494 3854 sed
2523 3801 2598 3854 ita
2635 3808 2692 3854 ut
2717 3809 2925 3854 natura:
2954 3800 3110 3854 alteri
3144 3802 3312 3857 altera
3344 3804 3534 3859 misceo

1959 3897 2128 3944 retur.
2170 3908 2190 3940 ι
2224 3889 2376 3956 Quod
2413 3891 2665 3942 nimirum
2699 3899 2750 3943 et
2778 3889 3080 3945 luculenter
3109 3899 3192 3944 est
3219 3893 3444 3958 dietum,
3477 3901 3532 3947 et

1960 3979 2277 4036 cautissima
2308 3980 2594 4034 verborum
2625 3980 2978 4050 suspensione
3009 3981 3280 4046 libratum.
3317 3981 3539 4037 Emma—

1961 4070 2083 4125 nuel
2111 4071 2254 4124 enim
2282 4069 2559 4125 nobiscum
2594 4073 2752 4136 Deus,
2781 4085 2888 4123 una
2909 4084 3121 4140 semper
3147 4081 3227 4125 est
3249 4073 3301 4124 itt
3330 4081 3522 4126 sancta

1959 4167 2223 4220 TtiaiLtte
2259 4181 2509 4234 persona,
2537 4181 2656 4234 quae
2680 4165 2820 4219 sicut
2852 4181 3125 4233 nunquam
3153 4180 3179 4217 a
3207 4164 3536 4234 plenitudine

1959 4271 2070 4310 suae
2097 4259 2312 4311 virtutis
2349 4257 2618 4320 imminui,
2666 4257 2739 4310 ita
2792 4271 2889 4310 nec
2941 4257 3113 4323 potuit
3156 4271 3252 4323 per
3279 4255 3530 4324 copulam

1960 4356 2224 4416 suscepta:
2273 4347 2626 4400 humanitatis
2674 4347 2880 4415 augeri.
2921 4346 3045 4398 [an
3071 4347 3250 4413 itaque
3277 4360 3526 4413 persona.

1961 4439 2087 4494 litae
2133 4439 2350 4492 interim
2396 4437 2642 4506 exempla
2684 4451 3030 4507 proponere:
3081 4447 3186 4490 tute
3216 4453 3344 4490 vero
3373 4437 3539 4490 relin-

1963 4539 2162 4600 quatur
2213 4529 2510 4593 industriae,
2561 4529 2604 4581 si
2659 4527 2781 4596 quis
2827 4527 3214 4581 catholicorum
3257 4527 3537 4582 doctorum

1965 4638 2127 4692 super
2158 4623 2260 4676 hoc
2289 4621 2557 4675 climatius
2588 4620 2884 4690 scripserit,
2921 4621 3176 4674 invenire.

2039 4714 2295 4783 Epilogus
2333 4711 2420 4765 hic
2450 4713 2528 4766 sic
2558 4727 2693 4765 nova
2723 4713 3033 4774 denuntiat,
3068 4721 3124 4764 ut
3149 4728 3268 4781 qua:
3294 4712 3543 4782 superius

1965 4806 2106 4860 dicta
2155 4813 2284 4859 sunt
2335 4805 2778 4874 comprehendat.
2821 4805 2926 4859 Sed
2975 4806 3230 4874 quoniam
3281 4805 3332 4858 in
3380 4805 3544 4858 rebus

1966 4896 2209 4966 mysticis
2257 4910 2319 4950 ac
2371 4893 2677 4964 profundis,
2742 4896 2904 4950 rudes
2949 4895 3280 4949 audientium
3333 4895 3542 4949 animos

1966 4987 2090 5058 styli
2147 4987 2429 5056 prolixitas
2483 4986 2716 5048 hebetat,
2767 4997 2820 5039 et
2871 4999 3012 5054 szepe
3069 4985 3193 5038 dum
3239 4985 3544 5039 illuminare

1969 5086 2203 5131 mentem
2257 5085 2507 5139 conatur,
2560 5076 2848 5139 obscurat;
2911 5075 3138 5128 novitati
3184 5083 3324 5138 tum,
3366 5074 3437 5127 lili
3474 5075 3543 5127 mi

1969 5167 2309 5231 charissime,
2343 5167 2706 5228 consulentes,
2737 5164 2987 5217 nolumus
3036 5165 3088 5218 in
3129 5164 3212 5217 his
3249 5173 3300 5218 te
3345 5163 3546 5218 diutius

1971 5257 2233 5327 protrahi,
2267 5266 2325 5311 ut
2376 5258 2524 5312 brevi
2573 5257 2797 5309 decursa
2841 5253 3158 5323 compendio
3203 5253 3465 5307 valcanta
3495 5263 3548 5305 te

1974 5352 2217 5405 tenacius
2253 5348 2658 5419 comprehendi.
2714 5347 2970 5414 Quamvis
3015 5347 3160 5401 enim
3189 5346 3338 5416 vigor
3391 5345 3444 5400 in
3496 5353 3547 5398 te

1973 5443 2169 5512 polleat
2205 5442 2408 5496 vivacis
2437 5439 2661 5510 ingenii,
2693 5437 3063 5493 conversionis
3090 5447 3269 5490 autem
3296 5445 3400 5491 tua:
3421 5451 3543 5506 pro-

1970 5533 2304 5602 spitiemium
2335 5539 2416 5586 est
2453 5529 2698 5608 novitati,
2736 5544 2801 5583 ne
2831 5528 2875 5582 si
2907 5527 3211 5582 cervicibus
3239 5526 3344 5580 tuis
3373 5525 3544 5591 lougre

1972 5621 2349 5690 disputationis
2424 5634 2560 5672 onus
2610 5619 2941 5687 imponitur,
3000 5617 3294 5671 teneriores
3369 5615 3544 5668 adhuc

1972 5715 2115 5766 vires
2143 5724 2263 5764 ante
2291 5711 2390 5762 sub
2440 5711 2583 5763 fasce
2612 5710 2892 5771 deﬁciant,
2922 5721 3083 5776 quam
3115 5714 3330 5775 portare
3373 5702 3544 5758 sarci-

1974 5818 2102 5859 natr.
2135 5803 2365 5858 discant.
2411 5801 2598 5858 Adhuc
2625 5802 2785 5857 etiam
2819 5797 3172 5854 itnbccdlitati
3217 5806 3319 5850 tute
3356 5792 3548 5848 nihilo-
