4106 6310
557 406 630 463 ss
983 397 1042 454 s.
1084 391 1286 451 perm
1321 389 1606 448 omam
1642 386 1791 445 ore.
1834 383 2071 442 renus
2105 383 2238 440 seu
2278 380 2459 439 rans
2491 381 2579 438 ιιι.
2615 411 2686 424 -
2723 377 3088 438 OPUSCULA
3121 378 3354 436 vanu.
3532 360 3536 363 ’
3729 377 3800 433 35

559 515 741 573 minus
766 506 1174 584 prOSpieientes,
1202 503 1467 574 epilogum
1505 500 1558 554 in
1592 499 1698 552 ﬁne
1725 495 2124 584 subnectimus;

2249 493 2329 557 :it,
2354 491 2446 548 sed
2471 506 2570 562 pro
2584 490 2736 546 nobis
2759 491 3010 546 omnibus
3027 489 3244 546 tradidit
3260 487 3408 542 illum
3425 484 3795 558 (Rom.vm).i

559 614 640 671 ut,
671 583 790 675 quae
823 598 1102 672 pratuiissa
1128 601 1256 650 sunt
1294 590 1637 646 uberioribus
1663 585 1866 650 verbis,
1892 598 2035 638 nunc
2064 583 2130 675 (in

558 672 726 750 unum
756 696 1033 746 contracta
1064 684 1342 755 reperias:
1389 689 1443 735 et
1487 677 1642 750 quasi
1673 693 1781 733 non
1816 685 1925 731 tam
1967 672 2130 744 repli-

557 794 705 848 cata,
737 795 899 851 quam
922 777 1101 832 addita
1128 773 1337 828 facilius
1363 769 1755 842 apprehendas.

553 936 556 937 ν
629 870 803 926 Crede
830 867 1012 938 igitur,
1046 863 1144 927 ﬁli,
1168 862 1336 916 Deum
1362 860 1784 929 omnipotentem
1815 855 2136 912 substantia-

560 965 685 1020 liter
707 977 870 1018 unum
888 1000 904 1026 ,
936 957 1291 1028 personaliter
1321 956 1540 1008 trinum.
1571 952 1700 1020 Qum
1731 952 1983 1006 nimirum
2014 966 2136 1020 per-

559 1069 708 1112 sonat
735 1050 978 1122 quamvis
1003 1064 1096 1103 sua
1124 1047 1234 1101 sint
1261 1046 1591 1115 proprietate
1620 1043 1916 1106 distinctae,
1946 1041 2000 1094 in
2022 1040 2136 1094 suis

564 1155 745 1200 tamen
777 1139 1033 1209 operibus
1065 1136 1369 1189 nullatenus
1398 1142 1523 1188 sunt
1553 1132 1753 1186 divisse.
1788 1131 1853 1184 Et
1882 1143 2138 1200 persona-

563 1247 683 1290 rum
729 1229 945 1298 quidem
1000 1225 1314 1280 distantiam
1347 1236 1620 1292 nunquam
1669 1218 1866 1274 clarius
1911 1215 2138 1271 manife-

563 1301 806 1387 stiusque
842 1315 1254 1385 perpendimus,
1295 1327 1457 1381 quam
1508 1325 1628 1365 cum
1678 1307 2003 1377 baptismum
2035 1306 2139 1360 Do-

563 1412 694 1466 mini
725 1410 791 1464 ad
829 1407 1145 1463 memoriam
1191 1418 1528 1459 revocamus.
1576 1401 1834 1455 Videmus
1880 1399 2043 1459 enim,
2085 1403 2140 1452 et

563 1511 822 1572 tanquam
864 1497 1142 1570 pr0posito
1198 1495 1382 1550 divino
1430 1492 1737 1564 spectaculo
1798 1501 2135 1554 contuemur,

563 1592 704 1660 apud
735 1588 1008 1645 Jordanici
1032 1585 1267 1641 ﬂuminis
1287 1586 1572 1656 gurgitem,
1595 1580 1961 1638 commendari
1987 1580 2141 1634 nobis

564 1684 870 1737 divinarum
898 1692 1248 1750 personarum
1277 1677 1609 1732 individuam
1635 1673 1976 1728 Trinitatem.
2005 1671 2140 1724 Nam

565 1788 685 1827 cum
715 1772 1022 1840 baptizatus
1051 1776 1196 1822 esset
1238 1768 1422 1837 Agnus
1456 1766 1569 1830 ille,
1615 1764 1704 1834 qui
1740 1763 1875 1817 tollit
1921 1769 2144 1831 peccata

565 1860 776 1922 mundi,
815 1858 1062 1928 protinus
1102 1857 1276 1929 aperti
1327 1865 1452 1910 sunt
1480 1854 1624 1919 coeli,
1667 1861 1721 1907 et
1751 1851 1985 1922 Spiritus
2011 1865 2140 1905 san-
2173 1860 2218 1921 Β

566 1957 687 2004 ctus
709 1964 873 2017 super
893 1963 1017 2002 eum
1043 1947 1096 2001 in
1120 1947 1302 2016 specie
1325 1945 1588 2002 columbae
1617 1944 1923 2000 descendit:
1947 1942 2140 1998 deinde

563 2056 665 2094 vox
697 2041 870 2094 Patris
899 2040 1136 2094 intonuit
1161 2053 1175 2091 :
1203 2056 1222 2089 ι
1255 2037 1353 2092 llic
1373 2047 1476 2100 est,
1502 2037 1775 2106 inquiens,
1798 2035 1966 2090 Filius
1989 2050 2142 2090 meus

565 2129 818 2192 dilectus,
855 2130 906 2182 in
935 2144 1041 2198 quo
1069 2128 1198 2181 mihi
1232 2128 1368 2182 bene
1397 2127 1694 2196 complacui
1726 2126 1940 2196 (Matth.
1978 2125 2082 2200 ιιι).
2115 2145 2134 2179 ι

568 2219 841 2274 Habemus
875 2234 1004 2288 ergo
1034 2219 1348 2278 distinctae
1383 2219 1663 2288 perspicue
1691 2218 2033 2272 Trinitatem.
2082 2215 2141 2271 In

567 2324 700 2377 voce
727 2309 944 2363 Patrem
963 2349 976 2372 ,
1005 2308 1057 2362 in
1089 2307 1308 2363 homine
1335 2307 1531 2363 Filium
1557 2349 1573 2369 .
1605 2308 1659 2362 in
1696 2307 1946 2363 columba
1974 2305 2146 2378 Spiri-

569 2410 683 2456 tum
714 2411 985 2455 sanctum.

640 2493 766 2549 llaac
824 2494 1008 2564 itaque
1065 2500 1253 2548 sancta
1302 2492 1563 2558 Trinitas,
1594 2492 1736 2548 sicut
1788 2491 1841 2546 in
1895 2490 2008 2546 suis
2051 2504 2148 2545 vo-

571 2583 778 2638 cabulis
839 2591 924 2638 est
984 2582 1269 2649 distincta,
1320 2584 1402 2639 sic
1460 2583 1511 2637 in
1562 2583 1665 2637 hoc
1717 2582 1835 2637 loco
1885 2589 2143 2651 quantum

564 2672 674 2741 ,17
703 2671 771 2726 ad
819 2670 1052 2725 litteram
1091 2671 1145 2725 in
1193 2687 1290 2726 sua
1341 2672 1552 2727 videtur
1581 2672 1896 2741 operatione
1943 2671 2142 2726 divisa.

570 2761 680 2817 Nec
726 2763 829 2817 dici
875 2770 1056 2832 potest
1094 2771 1154 2817 ut
1187 2762 1380 2826 Filius.
1425 2762 1520 2833 qui
1562 2763 1842 2818 videbatur
1885 2763 1938 2817 in
1974 2760 2148 2817 forma

569 2852 711 2908 servi
737 2892 751 2918 ,
779 2852 849 2907 sit
883 2851 1064 2918 Pater,
1113 2861 1206 2907 aut
1253 2851 1487 2923 Spiritus
1517 2860 1770 2918 sanctus;
1805 2860 1900 2906 aut
1923 2867 2028 2907 vox
2059 2851 2148 2906 illa

573 2957 692 3011 qua:
721 2942 785 2996 de
815 2941 953 2997 caelo
981 2941 1122 2997 facta
1157 2950 1262 3008 est,
1301 2943 1372 2997 sit
1400 2942 1546 3005 Filii,
1579 2942 1662 2998 vel
1691 2941 1926 3012 Spiritus
1953 2942 2146 3008 sancti,

572 3041 666 3086 aut
699 3032 946 3086 columba
976 3032 1048 3086 sit
1072 3031 1269 3097 Patris,
1304 3033 1386 3088 vel
1417 3032 1570 3098 Filii;
1603 3048 1725 3087 cum
1759 3033 1933 3101 ipsum
1968 3035 2152 3103 perhi-

573 3124 700 3180 beat
727 3123 1078 3194 Evangelium
1108 3141 1121 3177 :
1162 3141 1180 3175 ‹
1219 3123 1356 3191 Quia
1387 3124 1666 3180 descendit
1690 3139 1852 3194 super
1875 3139 1996 3179 eum
2028 3124 2150 3194 Spi-

2230 583 2384 638 Fecit
2420 591 2477 637 et
2515 581 2704 647 Filius,
2746 582 2888 636 sicut
2934 581 3175 637 dicitur:
3211 599 3229 634 ι
3266 580 3366 646 Qui
3391 594 3476 635 me
3505 580 3716 646 dilexit,
3747 592 3804 636 et

2229 671 2456 728 tradidit.
2478 671 2821 740 semetipsum
2844 685 2943 740 pro
2963 686 3049 726 me
3070 669 3270 741 (Galat.
3298 668 3382 740 ιι).
3411 687 3430 722 ι
3459 669 3613 724 Fecit
3637 672 3804 726 etiam

2231 770 2286 817 et
2313 761 2548 832 Spiritus
2595 769 2811 816 sanctus
2833 802 2848 828 ,
2903 761 2969 815 de
3003 775 3110 829 quo
3140 761 3398 830 scriptum
3428 767 3554 813 est:
3592 777 3611 810 ι
3646 759 3810 815 Beni-

2232 868 2369 922 gnus
2395 861 2479 908 est
2520 852 2754 921 Spiritus
2781 853 3092 924 sapientia,
3129 861 3186 908 et
3227 868 3331 905 non
3358 852 3608 906 liberavit
3636 851 3809 906 male-

2235 945 2434 1001 dictum
2464 959 2494 998 a
2522 943 2678 999 labiis
2709 945 2822 1000 suis
2869 943 3022 1016 (Sap.
3075 944 3138 1015 l).
3168 963 3188 997 ι
3223 943 3538 998 Maledictus
3569 959 3698 998 vero
3733 945 3812 999 di-

2233 1044 2354 1089 ctus
2386 1043 2468 1089 est
2514 1034 2762 1089 Christus
2801 1035 2927 1102 quia
2979 1032 3230 1104 pependit
3265 1034 3316 1087 in
3372 1047 3556 1097 cruce,
3604 1034 3672 1088 de
3700 1047 3809 1103 quo

2235 1123 2367 1178 dicit
2394 1123 2720 1193 Apostolus:
2757 1142 2775 1174 ‹
2807 1123 3058 1178 Christus
3095 1132 3152 1177 ut
3190 1137 3288 1178 nos
3337 1122 3589 1176 liberaret
3633 1138 3662 1174 a
3694 1137 3812 1176 ma-

2235 1211 2430 1268 ledicto
2458 1212 2612 1282 legis,
2641 1212 2815 1268 factus
2841 1221 2925 1268 est
2955 1213 3272 1268 maledictus
3294 1209 3492 1282 (Galat.
3523 1214 3626 1280 ιιι).
3649 1231 3667 1264 ι
3691 1211 3814 1282 Spi-

2237 1305 2377 1359 ritus
2423 1319 2551 1372 crgo
2581 1319 2687 1358 non
2737 1302 2987 1358 liberavit
3031 1303 3374 1357 maledictum
3412 1318 3440 1356 a
3477 1302 3635 1356 labiis
3661 1303 3809 1367 suis;

2239 1393 2364 1463 quia
2389 1392 2657 1462 passionis
2683 1394 2980 1462 mortisque
3001 1393 3284 1464 supplicia,
3313 1410 3431 1462 qua:
3458 1408 3556 1462 per
3576 1395 3812 1463 prophe-

2240 1490 2416 1537 tarum
2459 1498 2552 1538 ora
2598 1483 2878 1552 p'aedixit,
2921 1485 3104 1538 omnia
3145 1483 3420 1539 Christum
3470 1484 3652 1540 subire
3693 1499 3817 1554 per-

2241 1574 2410 1629 misit.
2444 1575 2730 1630 Enimvero
2780 1576 3232 1631 resurrectionem
3284 1575 3408 1630 Filii
3458 1576 3588 1633 fecit
3633 1577 3813 1643 Pater,

2241 1667 2383 1721 sicut
2409 1667 2606 1721 dicitur
2642 1682 2658 1720 :
2692 1686 2712 1719 ι
2743 1668 2970 1737 Propter
3017 1669 3162 1738 quod
3212 1667 3363 1722 illum
3410 1669 3666 1724 exaltavit
3693 1711 3708 1735 ,
3760 1680 3817 1726 et

2243 1757 2463 1812 donavit
2504 1758 2578 1812 illi
2624 1759 3027 1828 nomen,.quod
3075 1769 3159 1814 est
3205 1773 3367 1827 super
3411 1774 3572 1815 omne
3621 1775 3818 1818 nomen

2247 1845 2500 1918 (Philipp.
2533 1849 2618 1918 tt).
2657 1867 2675 1900 ι

2311 1937 2673 1994 Resuscitavit
2695 1956 2823 2013 ergo
2867 1941 3032 1997 Pater
3064 1942 3258 1998 Filium
3287 1985 3301 2009 ,
3326 1957 3485 2014 quem
3516 1956 3547 1998 a
3590 1946 3820 2001 mortuis

2241 2030 2510 2096 excitans,
2541 2047 2705 2100 super
2729 2047 2919 2088 omnes
2951 2034 3298 2104 singulariter
3326 2035 3602 2088 cxaltavit.
3630 2036 3824 2090 Resns-

2242 2121 2426 2175 citavit
2453 2129 2509 2175 et
2535 2123 2881 2192 semetipsum
2924 2123 3193 2191 Christus,
3237 2125 3377 2180 sicut
3409 2127 3521 2194 ipse
3552 2128 3604 2180 in
3653 2127 3823 2198 ﬁgura

2243 2212 2326 2266 sui
2374 2213 2617 2281 corporis
2668 2212 2840 2268 dicit:
2877 2233 2896 2265 ‹
2933 2213 3136 2270 Solvite
3185 2216 3440 2286 templum
3487 2218 3590 2272 hoc
3617 2258 3630 2282 ,
3667 2227 3720 2272 et
3765 2219 3822 2272 in

2246 2305 2424 2360 triduo
2453 2307 2726 2362 suscitabo
2756 2306 2885 2361 illud
2917 2308 3096 2376 (Joan.
3130 2310 3213 2378 ιι).
3245 2330 3263 2362 ι
3313 2311 3484 2364 Porro
3517 2319 3692 2363 autem
3719 2344 3736 2373 ,
3764 2319 3828 2364 ut

2245 2395 2360 2465 ipse
2387 2411 2446 2452 se
2472 2397 2751 2451 evidenter
2798 2401 3048 2452 ostendat
3079 2414 3191 2453 sum
3237 2400 3526 2470 passionis,
3556 2415 3619 2454 ac
3647 2415 3828 2454 resur-

2245 2488 2504 2542 rectionis
2532 2497 2829 2554 auctorem,
2861 2504 2965 2543 una
3000 2490 3238 2544 breviter
3268 2491 3533 2546 sententia
3583 2502 3828 2559 compre-

2245 2579 2478 2632 hendit:
2517 2596 2536 2628 ι
2570 2578 2920 2643 Potestatem,
2953 2579 3167 2651 inquit,
3218 2581 3392 2636 habeo
3436 2582 3666 2652 ponendi
3709 2582 3826 2635 ani-

2245 2680 2389 2720 mam
2426 2681 2622 2734 meam,
2655 2675 2713 2721 et
2757 2676 3078 2736 potestatem
3127 2670 3300 2724 habeo
3333 2672 3526 2726 iterum
3579 2672 3828 2726 sumendi

2248 2770 2367 2810 eam
2391 2755 2576 2826 (Joan.
2602 2758 2678 2827 x).
2703 2776 2721 2809 ο
2750 2757 2902 2825 Quod
2921 2759 3357 2815 rursusinculcat
3375 2761 3589 2817 dicens:
3618 2780 3636 2812 ι
3660 2761 3829 2816 Nemo

2249 2845 2391 2899 tollit
2414 2861 2532 2901 eam
2556 2861 2586 2900 a
2620 2863 2726 2913 me,
2755 2837 2848 2904 Sed
2877 2865 2976 2919 ego
3000 2865 3143 2920 pono
3188 2867 3328 2914 eam,
3369 2860 3426 2907 et
3451 2853 3643 2909 iterum
3676 2869 3830 2909 sumo

2251 2950 2370 2990 eam
2437 2936 2618 3007 (Ibid.
2647 2937 2686 3008 ).
2722 2956 2740 2988 ι
2776 2937 2928 3004 Quod
2980 2950 3157 2995 autem
3213 2951 3269 2996 et
3324 2941 3558 3011 Spiritus
3613 2953 3832 2998 sanctus

2254 3040 2376 3080 cum
2405 3023 2568 3080 Patre
2605 3036 2661 3080 et
2688 3025 2824 3081 Filio
2869 3030 3282 3084 resurrectionis
3325 3039 3515 3084 auctor
3545 3031 3636 3095 sit,
3665 3041 3832 3087 testa-

2255 3123 2342 3168 tur
2369 3114 2676 3184 Apostolus,
2715 3117 2822 3186 18
2846 3117 3032 3174 dicens
3064 3138 3076 3172 :
3109 3137 3128 3170 ι
3165 3119 3317 3186 Quod
3345 3121 3390 3175 si
3423 3119 3657 3191 Spiritus
3682 3120 3830 3190 eius,

574 3212 712 3267 ritus
743 3220 963 3267 sanctus
993 3213 1046 3266 in
1077 3213 1256 3282 specie
1293 3212 1554 3269 columbae
1581 3213 1792 3285 (1ὁ1ι1.).
1835 3232 1854 3266 ι
1887 3215 1994 3270 Sed
2019 3213 2152 3270 ﬁdes
2179 3204 2225 3268 C
2254 3205 2345 3274 qui
2393 3206 2675 3262 suscitavit
2701 3207 2884 3262 Jesum
2916 3226 2946 3263 a
2987 3212 3216 3266 mortuis
3238 3253 3254 3276 ,
3290 3213 3499 3269 habitat
3543 3215 3595 3268 in
3637 3215 3787 3269 vobis
3815 3233 3828 3268 :

571 3311 742 3366 recta,
776 3302 908 3357 ﬁdes
955 3317 1082 3356 vera
1109 3343 1125 3367 ,
1155 3317 1260 3358 non
1300 3304 1506 3360 scilicet
1557 3306 1810 3375 opinione
1856 3321 2152 3377 praesump-

573 3394 739 3448 tionis
761 3393 987 3458 incerta,
1013 3393 1106 3448 sed
1130 3393 1376 3449 lectionis
1403 3395 1712 3450 testimonio
1730 3396 2016 3462 roborata;
2050 3410 2151 3452 nec

575 3484 830 3540 lucretica
861 3485 1166 3538 temeritate
1193 3483 1498 3554 ﬂuctivaga,
1527 3484 1619 3540 sed
1651 3484 1944 3555 apostolica
1973 3485 2152 3554 potius

573 3574 808 3628 veritate
838 3573 1082 3639 fundata,
1127 3574 1228 3629 hoc
1260 3582 1507 3644 patenter
1531 3575 1786 3639 insinuat,
1820 3574 1962 3643 quod
1991 3574 2149 3645 quid-

573 3662 704 3731 quid
742 3661 1001 3717 divinitus
1030 3663 1230 3732 agitur,
1281 3664 1384 3718 hoc
1419 3672 1531 3718 tota
1561 3671 1746 3718 sancta
1785 3663 2026 3717 Trinitas
2063 3663 2148 3716 in-

575 3753 949 3823 separabiliter
992 3763 1270 3823 operatur.
1307 3753 1442 3808 Nam
1490 3769 1612 3808 cum
1671 3753 1817 3809 solus
1864 3753 2031 3808 Filius
2079 3754 2153 3808 sit

574 3852 734 3899 natus
769 3859 835 3899 ex
889 3844 1052 3899 Maria
1101 3845 1308 3915 virgine
1332 3885 1346 3909 ,
1376 3844 1521 3900 solus
1545 3843 1716 3899 Filius
1749 3845 1820 3899 sit
1857 3859 2151 3912 suspensus

576 3931 632 3986 in
664 3946 861 3996 cruce,
897 3931 1046 3986 solus
1090 3932 1156 3985 de
1205 3941 1380 3986 morte
1429 3931 1694 3998 surrexit;
1745 3932 1919 4001 ipsum
1971 3940 2149 3986 tamen

575 4021 968 4076 lncarnationis
994 4021 1186 4076 divinze
1225 4022 1575 4090 mysterium,
1625 4021 1913 4090 passionis,
1963 4037 2026 4077 ac
2064 4037 2151 4077 re-

579 4110 969 4171 surrectionis,
1001 4109 1196 4173 Pater,
1251 4108 1410 4163 simul
1457 4124 1520 4164 ac
1563 4109 1771 4176 Filius,
1817 4118 1872 4164 et
1917 4109 2151 4178 Spiritus

579 4208 798 4254 sanctus
823 4208 1077 4268 operatus
1107 4209 1211 4254 est.
1263 4199 1399 4254 Nam
1444 4201 1586 4271 quod
1616 4216 1739 4256 eum
1775 4201 1936 4257 Pater
1981 4201 2147 4268 misit,

578 4293 682 4347 hoc
710 4300 812 4359 est,
843 4293 1112 4348 incarnari
1134 4294 1436 4360 constituit,
1465 4294 1596 4349 dicit
1619 4294 1908 4364 Apostolus
1932 4312 1946 4348 :
1976 4314 1994 4344 ‹
2017 4293 2150 4349 Cum

581 4394 760 4436 autem
787 4383 934 4436 venit
978 4383 1252 4453 plenitudo
1285 4385 1574 4453 temporis,
1612 4385 1759 4439 misit
1789 4385 1930 4440 Deus
1955 4385 2148 4439 Filium

581 4489 737 4527 Suum
779 4472 978 4526 factum
1008 4487 1071 4526 ex
1105 4473 1350 4540 muliere,
1375 4475 1576 4528 factum
1597 4476 1696 4530 sub
1714 4475 1828 4545 lege
1848 4473 1990 4545 (Gal.
2017 4474 2145 4543 tv)»

2256 3296 2347 3364 qui
2374 3295 2653 3350 suscitavit
2680 3295 2863 3350 desum
2899 3298 3173 3354 Christum
3199 3316 3231 3354 a
3258 3304 3507 3367 mortuis,
3538 3304 3835 3360 viviﬁcabit

2255 3399 2310 3445 et
2338 3390 2587 3444 mortalia
2645 3405 2874 3460 corpora
2940 3403 3122 3447 vestra
3169 3402 3390 3464 propter
3434 3395 3830 3451 inhabitantem

2257 3479 2521 3550 Spiritutu
2551 3479 2671 3550 ejus
2693 3481 2748 3535 in
2787 3482 2938 3536 vobis
2969 3481 3142 3552 (Rom.
3173 3483 3314 3553 vni).
3350 3503 3370 3535 ι

2324 3569 2458 3625 Nam
2486 3571 2532 3625 si
2563 3586 2661 3626 nos
2688 3581 2908 3641 propter
2951 3573 3343 3627 inhabitantem
3374 3574 3528 3629 nobis
3557 3575 3824 3645 Spiritum

2255 3663 2309 3717 in
2338 3664 2442 3717 ﬁne
2469 3660 2777 3718 viviﬁcandi
2805 3679 3012 3728 sumus,
3040 3672 3255 3719 constat
3279 3666 3404 3734 quia
3435 3667 3537 3722 hoc
3576 3664 3702 3736 jam
3723 3672 3834 3740 egit

2256 3753 2490 3822 Spiritus
2516 3763 2736 3809 sanctus
2764 3754 2817 3808 in
2847 3754 3098 3810 Ecclesia:
3117 3756 3319 3826 capite,
3341 3757 3485 3826 quod
3510 3765 3594 3812 est
3615 3768 3834 3816 acturus

2250 3843 2309 3898 in
2342 3858 2589 3913 corpore.

2329 3932 2401 3987 De
2422 3933 2704 3991 miraculis
2726 3949 2964 4005 quoque,
2981 3935 3065 3991 vel
3089 3937 3420 4007 quibuslibet
3441 3938 3560 3994 aliis
3581 3943 3832 4010 operibus

2256 4024 2398 4079 idem
2423 4040 2520 4095 per
2549 4026 2728 4080 omnia
2761 4028 3103 4083 sentiendum
3134 4039 3238 4096 est,
3268 4040 3327 4085 ut
3351 4040 3461 4085 tota
3500 4043 3682 4087 sancta
3707 4034 3824 4089 Tri—

2255 4115 2397 4170 nitas
2426 4115 2554 4171 illud
2580 4117 2786 4187 absque
2815 4119 2980 4174 dubio
3015 4122 3274 4176 credatur
3302 4122 3535 4188 eﬁicere,
3565 4124 3830 4194 quidquid

2256 4203 2324 4258 ad
2380 4220 2541 4258 unam
2593 4220 2882 4276 personam
2928 4208 3144 4263 videtur
3189 4210 3498 4279 specialiter
3541 4213 3830 4279 pertinere.

2257 4296 2498 4352 Virtutes
2523 4312 2673 4361 vero,
2701 4305 2755 4351 et
2777 4299 2930 4367 signa
2952 4314 3073 4368 quae
3087 4300 3339 4356 Christus
3360 4301 3625 4370 exhibuit,
3650 4303 3834 4370 Pater,

2257 4391 2311 4438 et
2337 4383 2523 4449 Filius,
2568 4393 2623 4438 et
2668 4385 2902 4454 Spiritus
2948 4398 3187 4455 sanctus,
3217 4390 3651 4460 inseparabiliter
3686 4394 3832 4448 fecit.

2259 4475 2396 4530 Hinc
2448 4476 2578 4530 illud
2621 4487 2704 4532 est
2735 4495 2749 4531 :
2784 4497 2801 4529 ι
2826 4478 2988 4534 Pater
3025 4481 3077 4534 in
3132 4495 3218 4536 me
3265 4497 3505 4547 manens,
3558 4483 3669 4553 ipse
3705 4483 3837 4541 facit

582 4562 725 4616 Misit
758 4578 988 4631 namque
1017 4562 1177 4616 Pater
1221 4537 1417 4618 Filium
1441 4604 1456 4629 ,
1491 4564 1636 4618 misit
1680 4572 1736 4618 et
1767 4537 2001 4634 Spiritus
2024 4537 2150 4618 san-
2182 4537 2227 4594 υ
2253 4580 2416 4634 opera
2437 4565 2618 4636 (Joan.
2638 4568 2774 4637 xw).
2801 4587 2818 4618 ι
2843 4568 2979 4624 llinc
2999 4570 3064 4624 de
3083 4568 3289 4639 Spiritu
3322 4537 3510 4626 sancto
3540 4537 3707 4630 dicit:

582 4662 722 4710 ctus.
755 4652 906 4719 Quod
953 4652 1066 4720 ipse
1093 4653 1260 4707 Filius
1299 4668 1396 4724 per
1423 4653 1740 4722 prophetam
1773 4654 2038 4722 perhibet,
2071 4655 2150 4706 di-

584 4759 713 4798 cens
743 4761 756 4796 :
791 4762 808 4794 ι
844 4742 1078 4812 Spiritus
1110 4743 1322 4797 Domini
1367 4759 1528 4812 super
1556 4760 1658 4806 me,
1696 4759 1761 4798 eo
1809 4744 1953 4813 quod
2000 4743 2152 4797 unxit

583 4851 699 4897 me,
733 4837 799 4888 ad
831 4834 1257 4888 annuntiandum
1294 4835 1589 4888 mansuetis
1619 4834 1767 4889 misit
1799 4849 1884 4888 me
1909 4875 1924 4900 ,
1957 4841 2015 4887 ut
2044 4849 2155 4889 me-

587 4929 744 4982 derer
773 4928 1021 4983 contritis
1049 4928 1230 4990 corde,
1257 4935 1314 4982 et
1337 4927 1690 4996 przedicarem
1721 4925 1948 4996 captivis
1978 4924 2154 4979 indul-

584 5019 838 5088 gentiam,
862 5027 916 5071 et
943 5017 1140 5070 clausis
1169 5015 1517 5085 aperitionem
1547 5013 1681 5086 (Isai
1705 5017 1840 5084 ωλι).
1869 5033 1886 5065 ι
1916 5016 1992 5070 De
2020 5014 2156 5070 Filio

585 5121 797 5178 quoque
823 5105 955 5159 dicit
990 5105 1282 5174 Apostolus
1321 5123 1333 5158 :
1372 5122 1390 5155 ι
1423 5105 1557 5171 Quia
1603 5121 1722 5159 cum
1767 5105 1816 5159 in
1847 5105 2018 5160 forma
2059 5105 2155 5161 Dei

585 5185 758 5262 esset,
789 5211 892 5250 non
935 5197 1178 5265 rapinam
1208 5196 1504 5250 arbitratus
1535 5205 1618 5251 est
1648 5210 1768 5252 esse
1807 5212 1863 5252 sc
1890 5198 2153 5268 aequalem

587 5287 718 5351 Deo,
751 5285 842 5341 sed
865 5286 1214 5355 semetipsum
1245 5287 1563 5354 exinanivit,
1591 5285 1820 5342 formam
1851 5289 1994 5343 servi
2013 5290 2157 5345 acci-

589 5378 738 5450 piens
768 5376 1021 5447 (Philipp.
1044 5377 1126 5448 ll).
1164 5395 1184 5430 ι

660 5468 793 5526 Cum
820 5483 948 5540 ergo
978 5467 1123 5524 solus
1148 5469 1219 5524 sit
1248 5468 1414 5524 Filius
1447 5470 1761 5526 incarnatus
1786 5513 1800 5536 ,
1827 5471 2155 5527 incarnatio-

590 5575 710 5616 nem
740 5568 917 5615 tamen
939 5559 1058 5615 Filii
1084 5560 1264 5625 Pater,
1293 5570 1348 5615 et
1375 5560 1564 5626 Filius,
1589 5571 1644 5616 et
1673 5562 1906 5632 Spiritus
1934 5574 2158 5618 sanctus

589 5651 748 5705 simul
777 5661 858 5706 est
893 5662 1164 5722 operatus.
1209 5652 1520 5708 Passionem
1572 5669 1786 5724 quoque
1828 5653 1946 5709 Filii
1996 5655 2160 5709 Pater

591 5743 749 5810 fecit,
783 5744 922 5801 sicut
962 5744 1162 5800 dicitur
1199 5763 1210 5799 :
1251 5762 1268 5795 ‹
1301 5744 1400 5812 Qui
1426 5747 1648 5828 proprio
1680 5748 1789 5802 tilio
1819 5763 1925 5804 non
1963 5764 2155 5819 peper-

2259 4659 2311 4710 in
2354 4658 2519 4730 digito
2553 4657 2644 4712 Dei
2695 4658 2852 4727 ejicio
2887 4661 3173 4726 daemonia,
3206 4661 3450 4731 profecto
3484 4664 3626 4719 venit
3660 4667 3712 4719 in
3739 4683 3834 4722 vos

2259 4765 2485 4821 regnum
2511 4749 2606 4805 Dei
2634 4750 2785 4821 (Luc.
2818 4753 2921 4822 ιιι.)
2947 4772 2965 4803 ›
3007 4752 3157 4808 Hanc
3188 4754 3349 4824 igitur
3377 4755 3835 4825 incomprcliensi‘

2257 4839 2423 4894 bilem
2451 4839 2773 4895 Trinitatem
2812 4857 2920 4910 non
2947 4843 3226 4898 brevitatis
3256 4843 3410 4900 limes
3443 4845 3686 4910 includit,
3724 4863 3831 4902 non

2260 4928 2487 4986 latitudo
2533 4929 2719 4986 loculis
2772 4905 3037 4998 exteridit,
3085 4950 3352 5006 nusquam
3405 4937 3579 4999 deest,
3636 4937 3836 5006 ubique

2259 5033 2492 5091 semper,
2528 5030 2582 5076 et
2614 5021 3050 5092 inseparabiliter
3079 5025 3251 5080 adest.
3301 5024 3415 5080 Non
3447 5026 3496 5078 in
3530 5033 3682 5093 parte
3719 5041 3836 5080 ma-

2253 5107 2366 5177 jor,
2410 5124 2516 5164 non
2561 5111 2614 5163 in
2661 5120 2817 5180 parte
2857 5113 3056 5176 minor,
3110 5115 3202 5168 sed
3233 5113 3431 5181 ubique
3463 5120 3590 5175 tota,
3623 5127 3837 5182 semper

2263 5203 2516 5258 indivisa.
2552 5202 2712 5257 Pater
2741 5218 2771 5257 a
2801 5203 2973 5269 nullo,
2995 5204 3164 5258 Filius
3190 5219 3220 5258 a
3245 5202 3406 5258 Patre
3429 5202 3566 5268 solo,
3597 5203 3837 5273 Spiritus

2263 5303 2481 5348 sanctus
2515 5295 2582 5348 ab
2604 5303 2852 5365 utroque.
2885 5295 3055 5362 Quem
3099 5295 3316 5364 plurimi
3345 5293 3836 5364 Grmcorum,~quia

2263 5386 2316 5440 in
2343 5383 2635 5440 Dominicis
2661 5385 3002 5441 sermonibus
3047 5385 3203 5455 quasi
3229 5387 3571 5455 perspicuam
3599 5385 3838 5454 reperire

2262 5482 2534 5544 nequeant
2555 5475 2954 5542 auctoritatem,
2992 5476 3325 5534 arbitrentur
3354 5491 3383 5530 a
3419 5475 3534 5532 solo
3567 5475 3750 5538 Patre,
3785 5483 3840 5527 et

2265 5583 2370 5622 non
2421 5583 2451 5621 a
2503 5565 2640 5622 Filio
2685 5570 3064 5637 procedentem
3096 5565 3258 5636 (Vide
3297 5568 3552 5640 Scholia).
3599 5566 3839 5635 Quorum

2265 5658 2563 5714 doctrinam
2606 5657 2795 5715 beatus
2828 5673 3043 5728 quoque
3089 5658 3448 5731 Hieronymus
3491 5672 3744 5729 sequens,
3787 5656 3839 5711 in

2265 5755 2598 5828 expositione
2643 5755 2766 5812 ﬁdei
2797 5771 2906 5812 sua:
2935 5757 3013 5813 sic
3060 5756 3170 5813 ait:
3203 5775 3220 5810 ι
3243 5757 3524 5814 Credimus
3553 5764 3606 5812 et
3627 5755 3678 5810 in
3710 5753 3834 5825 Spi-
