4106 6310
287 349 360 433 '57

1281 377 1525 435 OPDSC.
1564 379 1606 435 l.
1646 410 1715 420 —
1754 380 1841 435 DE
1875 378 2030 435 FIDE
2068 379 2473 443 CATHOLICA.

3471 406 3544 461 58

288 492 458 546 ritum
489 497 758 552 sanctum,
792 486 964 543 Deum
993 503 1198 564 verum
1252 505 1320 544 ex
1362 489 1526 545 Patre
1577 491 1871 561 proceden-
1903 492 1952 554 Α
1977 489 2220 560 ligendus
2265 496 2337 551 sit
2366 498 2551 569 utique
2588 500 2779 571 Filius,
2827 513 2884 562 et
2920 522 2988 566 ex
3032 511 3136 569 hoe
3185 530 3280 574 ore
3304 522 3549 590 procedit

288 588 419 634 tem.
447 598 464 630 ι
502 578 629 644 Ubi,
652 578 775 647 quia
805 577 1124 647 procederet
1163 595 1190 634 a
1237 579 1394 645 Filio,
1426 581 1610 635 tacuit.
1640 581 1696 634 In
1725 596 1869 651 sym-

283 672 414 726 bolo
459 685 674 740 quoque
717 669 920 724 Nicaani
965 670 1180 726 concilii
1214 671 1516 740 reperitur:
1546 690 1565 724 ί
1590 670 1870 728 Credimus

282 771 341 815 et
371 761 422 812 in
459 758 720 828 Spiritum
754 767 1025 822 sanctum,
1054 759 1146 828 qui
1183 759 1250 812 de
1284 758 1443 812 Patre
1468 759 1711 828 procedit
1737 776 1869 831 pro-

279 848 435 918 prie;
469 857 524 902 et
558 847 698 902 Deus
726 857 808 902 est
832 863 1014 916 verus,
1045 848 1186 903 sicut
1207 848 1396 903 Filius.
1421 868 1441 901 ι

928 960 1156 1018 CAPUT
1183 961 1248 1016 Χ.

280 1053 440 1119 Quod
470 1052 699 1124 Spiritus
721 1064 934 1124 sanctus
973 1053 1330 1124 indubitanter
1355 1072 1387 1108 α
1409 1052 1573 1122 Filio,
1605 1057 1738 1111 sicut
1760 1066 1807 1112 et
1832 1075 1864 1112 a

840 1121 1020 1187 Patre,
1059 1123 1312 1192 procedit.

351 1211 465 1267 Nos
492 1220 696 1277 autem,
746 1213 872 1282 quia
923 1213 1204 1267 beatorum
1251 1213 1534 1269 doctorum
1578 1214 1860 1288 Augustini

274 1308 447 1372 atque
503 1302 772 1370 Gregorii,
824 1303 1162 1374 aliorumque
1212 1305 1596 1361 catholicorum
1647 1319 1858 1375 patrum

271 1377 548 1448 doctrinis
573 1393 909 1457 instrnimur,
945 1397 1091 1466 quod
1123 1395 1384 1465 Spiritum
1416 1410 1661 1455 sanctum
1695 1418 1725 1457 a
1755 1402 1858 1456 Pa-

269 1491 380 1546 tre,
408 1481 567 1535 simul
594 1491 647 1536 et
670 1499 698 1536 a
721 1483 859 1537 Filio
880 1485 1262 1553 procedentem
1292 1489 1516 1544 credere
1539 1491 1853 1558 debeamus,

266 1577 332 1622 nt
363 1570 496 1624 ﬁdes
527 1569 593 1623 de
636 1580 833 1627 caatcro
864 1588 971 1627 non
1021 1575 1378 1645 compellatur
1407 1588 1600 1634 nutare
1627 1583 1850 1637 creden-

270 1654 429 1726 tium,
458 1662 542 1716 vel
579 1678 749 1732 pauca
794 1678 897 1718 non
928 1680 1217 1734 graventur
1243 1682 1516 1738 apponere
1550 1673 1852 1728 testimonia

267 1751 704 1820 Scripturarum.
755 1755 1016 1824 Spiritum
1067 1756 1251 1826 itaque
1295 1769 1541 1814 sanctum
1571 1763 1638 1817 de
1669 1763 1846 1830 Patre,

1976 580 2208 651 Spiritus
2255 596 2470 645 sanctus
2497 630 2513 655 ,
2568 599 2798 650 testatur
2851 597 3137 660 Psalmista
3185 580 3319 664 cum.
3364 611 3544 672 dicit:

1979 688 1996 721 ‹
2028 671 2204 727 Verbo
2247 676 2459 732 Domini
2510 681 2632 736 caeli
2680 687 2880 742 ttrmati
2929 699 3073 759 sunt,
3105 703 3160 750 et
3211 699 3405 768 spiritu
3431 671 3545 760 oris

1970 759 2086 828 ejus
2112 765 2291 820 omnis
2330 768 2504 825 virtus
2544 787 2730 828 eorum
2760 773 2932 846 (Psal.
2963 784 3200 857 sum)»
3238 759 3372 844 i‘iam
3397 794 3540 861 quod

1969 867 2000 905 a
2027 853 2187 910 Patre
2225 861 2482 925 procedat
2515 861 2751 932 Spiritus
2795 877 3035 936 sanctus,
3071 853 3313 947 exempla
3346 853 3541 952 propo-

1968 957 2096 997 nere
2121 947 2449 1016 superiluum
2475 952 2805 1021 judieamus,
2836 975 3065 1027 quorum
3097 967 3304 1034 copiam
3337 947 3433 1038 per
3449 947 3541 1031 ttat

1967 1031 2368 1103 Scripturarum
2399 1044 2622 1112 paginas
2649 1049 2949 1105 exuberare
2990 1056 3372 1123 conspicimus,
3400 1062 3540 1116 sicut

1965 1133 2047 1177 est
2067 1123 2194 1180 illud
2220 1145 2233 1180 :
2257 1147 2274 1180 ‹
2295 1129 2408 1184 Non
2433 1147 2529 1187 vos
2558 1135 2710 1201 estis,
2745 1138 2838 1207 qui
2865 1138 3164 1209 loquimini,
3191 1147 3284 1201 sed
3314 1149 3534 1218 spiritus

1967 1212 2142 1270 Patris
2163 1221 2326 1273 vestri
2377 1223 2468 1290 qui
2518 1224 2755 1294 loquitur
2784 1230 2837 1283 in
2877 1232 3028 1287 vobis
3072 1234 3286 1305 (Matth.
3316 1212 3428 1309 κδ.»
3477 1241 3539 1294 Et

1962 1303 2014 1358 in
2042 1309 2275 1362 secunda
2317 1312 2383 1365 ad
2430 1312 2738 1373 Corinthios
2779 1319 3014 1389 Epistola
3046 1303 3177 1379 dicit
3205 1303 3533 1397 Apostolus:

1966 1411 1984 1443 ι
2005 1392 2104 1460 Qui
2136 1405 2313 1451 autem
2351 1401 2636 1457 conﬁrmat
2664 1420 2780 1470 nos,
2811 1409 3090 1466 nobiseum
3121 1414 3172 1468 in
3209 1392 3449 1484 Christo,
3479 1429 3535 1474 et

1959 1484 2050 1552 qui
2077 1487 2228 1539 unxit
2252 1503 2349 1544 nos
2377 1489 2536 1556 Deus,
2564 1503 2618 1548 ct
2643 1497 2733 1565 qui
2760 1498 2989 1566 signavit
3021 1518 3136 1567 nos,
3171 1514 3219 1559 et
3251 1507 3394 1562 dedit
3425 1510 3538 1578 plc-

1959 1587 2084 1625 num
2112 1575 2358 1642 spiritum
2391 1578 2443 1632 in
2475 1582 2730 1638 cordibus
2753 1588 2954 1642 nostris
2980 1588 3068 1659 (II
3089 1590 3212 1646 Cor.
3246 1593 3285 1664 ι)
3321 1614 3339 1646 ι
3374 1575 3440 1651 Ei
3466 1598 3533 1652 ad

1959 1663 2471 1726 Thessalonicenses
2511 1674 2725 1741 prima:
2759 1678 2988 1748 «itaque
3029 1682 3121 1750 qui
3150 1663 3273 1739 haec
3305 1689 3531 1756 spernit.

1958 1769 2062 1808 non
2096 1757 2370 1812 hominem
2413 1763 2641 1829 spernit,
2693 1766 2788 1820 sed
2829 1766 2996 1829 Detun
3021 1786 3034 1822 :
3061 1772 3153 1838 qui
3182 1773 3344 1828 etiam
3389 1777 3536 1832 dedit

263 1839 520 1910 Filioque
547 1843 861 1910 procedere,
898 1852 952 1898 et
977 1847 1291 1915 prophetica
1325 1856 1591 1903 testantur
1610 1855 1823 1907 oracula

1955 1843 2214 1912 Spiritum
2262 1864 2418 1902 suum
2465 1861 2711 1907 sanctum
2751 1855 2802 1908 in
2856 1858 3012 1912 nobis
3042 1859 3093 1929 (Ι
3138 1861 3315 1916 Thess.
3370 1865 3464 1936 tv).
3508 1885 3527 1917 ι

263 1937 321 1981 ct
365 1929 666 1998 apostolica
715 1932 1001 1986 conﬁtetur
1040 1935 1353 1991 auctoritas.
1399 1937 1562 1993 Isaias
1608 1943 1752 1996 enim
1786 1944 1830 1996 tit

1950 1931 2120 1987 Porro
2150 1937 2291 2005 quod
2323 1935 2586 2006 Spiritum
2617 1951 2863 1996 sanctum
2897 1943 3082 2000 effudit.
3104 1946 3266 2004 Pater
3286 1951 3340 2004 in
3368 1929 3530 2008 disci—

259 2018 404 2072 Filio
432 2020 564 2074 dicit
589 2034 604 2073 :
633 2039 650 2072 ι
671 2019 947 2076 Percutiet
971 2032 1170 2078 terram
1197 2025 1347 2095 virga
1380 2029 1490 2082 oris
1527 2030 1630 2095 sui,
1663 2039 1718 2084 et
1743 2033 1830 2101 spi

1951 2021 2124 2091 pulos,
2163 2027 2425 2094 scriptum
2458 2037 2544 2083 est
2588 2029 2642 2082 in
2684 2031 2912 2099 epistola
2960 2049 3080 2103 quae
3130 2037 3432 2095 destinatur
3461 2044 3530 2098 ad

261 2110 374 2164 ritu
405 2109 672 2165 labiorum
702 2127 922 2166 suorum
947 2113 1234 2169 iuterficiet
1269 2116 1492 2186 impium
1524 2118 1676 2188 (lsai.
1711 2123 1841 2193 31).)

260 2198 339 2253 De
362 2213 471 2266 quo
494 2207 549 2252 et
575 2199 864 2269 Apostolus
887 2200 964 2255 ait
987 2219 1000 2255 :
1032 2222 1049 2252 ι
1071 2201 1239 2270 Quem
1269 2204 1559 2260 interticict
1589 2207 1847 2263 Dmninus

250 2285 418 2342 Jesus
446 2288 702 2344 Christus
731 2292 924 2360 spiritu
954 2292 1064 2347 oris
1095 2294 1200 2359 sui,
1233 2302 1288 2349 et
1327 2296 1568 2352 destruet
1609 2299 1845 2356 illustra-

253 2377 406 2432 tione
439 2378 708 2435 adventus
732 2380 813 2434 sui
845 2379 927 2452 (II
963 2379 1142 2437 Thess.
1167 2383 1310 2453 vni).
1359 2404 1378 2436 ›
1411 2384 1577 2451 Quem
1600 2390 1846 2456 profecto

251 2463 528 2534 Spiritum
579 2481 610 2520 a
668 2483 727 2523 se
769 2471 1061 2538 procedere
1096 2473 1383 2542 perspicue
1413 2474 1662 2533 Salvator
1693 2479 1844 2536 inno-

251 2556 520 2614 tuit.cum
549 2557 824 2628 discipulis
840 2561 1197 2628 praesentibus
1217 2563 1524 2620 insumavit.
1548 2571 1841 2641 «Accipite,

255 2644 530 2714 inquiens,
546 2648 807 2716 Spiritum
823 2662 1068 2707 sanetum
1099 2653 1276 2724 (Joan.
1295 2655 1409 2726 xx).
1426 2677 1443 2708 ι
1463 2657 1701 2715 Joannes
1715 2677 1843 2718 vero

257 2736 314 2788 in
339 2737 670 2810 Apocalypsi
694 2739 824 2794 dicit
850 2759 864 2794 :
895 2759 914 2792 ‹
938 2741 1073 2809 Quia
1102 2743 1167 2798 de
1196 2759 1292 2799 ore
1316 2743 1444 2801 Jesu
1491 2748 1701 2818 gladius
1747 2752 1832 2807 bis

256 2837 453 2884 acutus
481 2831 665 2884 exibat
695 2831 876 2903 (Apoc.
909 2833 969 2905 i).
988 2855 1006 2887 ›
1047 2835 1282 2904 Spiritus
1305 2837 1509 2908 itaque,
1538 2856 1701 2911 quem
1729 2843 1839 2901 illic

253 2918 413 2972 labiis
441 2919 768 2987 exsumavit,
798 2923 913 2994 ipse
954 2933 1038 2980 est
1062 2926 1248 2996 utique
1275 2927 1504 2998 gladius,
1533 2933 1625 3002 qui
1653 2933 1741 2989 hic
1770 2950 1838 2990 ex

253 3009 372 3077 ejus
396 3025 496 3064 ore
516 3014 779 3081 procedit.
813 3014 953 3070 Dicit
983 3032 1198 3088 quoque
1242 3019 1404 3074 Pater
1431 3023 1496 3077 ad
1521 3023 1710 3078 Filium
1741 3040 1838 3095 per

249 3101 573 3182 prophetam
605 3115 620 3155 :
648 3121 668 3154 ‹
692 3102 950 3175 Spiritus,
978 3107 1174 3177 inquit,
1203 3125 1379 3176 meus,
1418 3112 1508 3180 qui
1537 3123 1620 3168 est
1649 3115 1754 3186 19
1775 3116 1826 3170 in

1951 2111 2168 2166 Titum:
2199 2114 2346 2169 «Per
2390 2116 2664 2174 lavacrum
2706 2123 3152 2192 regenerationis,
3208 2137 3263 2181 et
3307 2145 3531 2184 renova-

1951 2201 2111 2258 tionis
2143 2204 2378 2274 Spiritus
2420 2208 2618 2274 sancti,
2651 2210 3028 2278 queurell‘udit
3055 2214 3109 2269 in
3139 2217 3295 2272 nobis
3313 2219 3530 2274 abunde

1944 2305 2044 2360 per
2063 2273 2246 2346 Jesum
2265 2293 2540 2350 Christum
2566 2273 2902 2353 Salvator.em
2931 2309 3176 2356 nostrum
3215 2303 3345 2374 (Tit.
3379 2306 3519 2376 ιιι).›

1947 2380 2099 2447 Quod
2130 2393 2309 2438 autem
2362 2395 2417 2440 et
2457 2385 2628 2441 Filius
2657 2389 2906 2442 eumdem
2937 2389 3190 2448 eﬂ’uderit
3234 2394 3522 2463 Spiritum,

1945 2472 1999 2526 in
2029 2475 2250 2530 Actibus
2269 2476 2529 2532 scribitur
2557 2480 2943 2548 apostolorum.
2978 2484 3119 2540 Dicit
3158 2486 3302 2540 enim
3331 2488 3524 2546 Petrus

1943 2566 2008 2621 de
2037 2566 2256 2624 Christo
2283 2585 2299 2624 :
2337 2589 2354 2621 ‹
2377 2571 2609 2626 Dextera
2633 2571 2725 2627 Dei
2749 2573 3046 2641 exaltatus,
3075 2586 3130 2632 et
3159 2580 3522 2646 promissione

1945 2659 2178 2730 Spiritus
2208 2663 2381 2719 sancti
2414 2674 2634 2734 accepta
2676 2683 2705 2720 a
2743 2667 2925 2733 Patre,
2952 2669 3142 2724 eliudit
3172 2672 3273 2726 hoc
3298 2675 3520 2740 donum,

1943 2751 2084 2822 quod
2116 2765 2210 2805 vos
2236 2752 2451 2818 videtis,
2497 2762 2552 2808 et
2579 2755 2778 2810 auditis
2811 2756 2950 2826 (Act.
3001 2759 3087 2829 ιι).
3132 2779 3151 2812 ί
3173 2760 3324 2828 Quod
3353 2763 3520 2818 etiam

1948 2839 2198 2894 eumdem
2231 2841 2492 2910 Spiritum
2535 2855 2591 2898 et
2617 2843 2796 2911 Pater,
2833 2856 2886 2900 et
2917 2847 3087 2905 Filius
3114 2850 3274 2904 simul
3303 2851 3516 2914 eii‘udit,

1940 2931 2229 3000 utriusque
2255 2947 2355 2987 vox
2386 2949 2483 3005 per
2521 2934 2686 2991 Joelis
2709 2937 2987 2992 oraculum
3031 2939 3228 2995 clamat
3257 2959 3270 2995 :
3299 2960 3317 2992 ι
3343 2940 3521 2997 Elian-

1938 3022 2059 3076 dam
2086 3021 2152 3077 de
2173 3021 2374 3092 Spiritu
2405 3040 2524 3080 meo
2551 3041 2712 3096 super
2734 3043 2950 3084 omnem
2973 3045 3194 3086 carnem
3217 3032 3376 3103 (Ioel.
3394 3036 3510 3099 11).»

1937 3109 2090 3166 Licet
2133 3121 2334 3178 autem,
2364 3115 2504 3170 sicut
2531 3116 2741 3185 praefati
2771 3119 2982 3184 sumus,
3008 3120 3322 3176 Graecorum
3350 3123 3509 3191 pluri-

255 3179 328 3253 ιε,
349 3200 403 3244 et
433 3191 596 3246 verba
627 3208 770 3260 mea,
799 3210 918 3266 quae
945 3175 1100 3266 posui
1154 3199 1206 3253 in
1240 3208 1313 3266 te,
1345 3175 1452 3256 non
1485 3175 1744 3266 recedant
1763 3205 1830 3261 de
1857 3175 1904 3238 Ε
1936 3201 2009 3254 ιιιί
2050 3215 2156 3256 non
2209 3204 2434 3257 credant
2493 3203 2757 3273 Spiritum
2820 3215 3064 3263 sanetum
3142 3226 3172 3264 a
3230 3209 3386 3276 Filio,
3435 3215 3514 3267 si-

233 3294 341 3335 ore
374 3287 490 3344 tuo,
522 3291 578 3337 et
615 3284 682 3339 de
721 3299 819 3341 ore
863 3288 1086 3344 seminis
1129 3290 1205 3344 ttti
1234 3292 1448 3360 amodo,
1480 3302 1536 3349 et
1577 3311 1746 3365 usque
1776 3297 1828 3352 in

246 3375 639 3440 sempiternum
663 3374 820 3447 (lsai.
847 3378 1010 3451 LIX).)
1034 3380 1098 3434 Et
1117 3382 1408 3451 Apostolus
1435 3385 1512 3440 ait
1537 3400 1552 3439 :
1582 3406 1600 3438 ι
1625 3387 1680 3442 Si
1709 3388 1831 3459 quis

241 3459 509 3532 Spiritum
533 3464 734 3521 Christi
770 3483 876 3523 non
918 3470 1104 3538 habet,
1131 3473 1219 3528 hic
1247 3490 1352 3529 non
1386 3484 1468 3532 est
1503 3476 1619 3546 ejus
1648 3477 1827 3549 (Rom.

239 3554 382 3624 un).
407 3575 427 3607 ι
461 3555 530 3609 Et
561 3557 628 3611 ad
665 3557 920 3617 Galatas:
951 3582 969 3614 ι
989 3561 1277 3630 Quoniam,
1304 3567 1550 3634 ait,estis
1581 3571 1676 3625 lilii
1708 3573 1824 3638 Dei,

239 3645 388 3698 misit
410 3643 557 3700 Deus
580 3645 837 3716 Spiritum
861 3650 978 3706 Filii
1009 3653 1092 3708 sui
1119 3653 1169 3707 in
1193 3655 1358 3710 corda
1377 3669 1556 3713 vestra
1587 3659 1827 3715 claman-

239 3745 371 3802 tem,
388 3738 568 3803 Abba,
601 3740 758 3798 Pater
778 3740 920 3814 (Gal.
945 3746 1040 3818 tv).
1055 3767 1072 3799 ι
1091 3747 1290 3804 Beatus
1306 3751 1472 3806 etiam
1487 3752 1680 3810 Petrus
1695 3753 1822 3825 Spi-

241 3829 402 3884 ritum
418 3831 679 3886 Sanctum
702 3833 842 3901 Filii,
857 3835 998 3891 sicut
1018 3846 1073 3892 et
1086 3837 1263 3895 Patris
1279 3855 1402 3896 esse
1415 3841 1685 3914 designat,
1698 3860 1820 3900 cum

240 3919 343 3971 ait:
366 3920 477 3976 «De
497 3935 600 3990 qua
623 3921 793 3978 salute
819 3925 1213 3994 esquisierunt,
1241 3937 1406 4000 atque
1431 3933 1658 3988 scrutati
1695 3942 1820 3990 sunt

242 4009 552 4080 Prophetas,
588 4012 680 4082 qui
707 4014 772 4069 de
801 4014 979 4070 futura
1010 4017 1062 4071 in
1091 4019 1243 4074 vobis
1269 4020 1438 4092 gloria
1468 4024 1819 4094 prophetave-

240 4113 398 4158 runt;
419 4113 729 4160 scrutantes
751 4107 804 4162 in
841 4111 1106 4178 quod,vel
1126 4113 1287 4181 quale
1310 4122 1520 4185 tempus
1552 4118 1825 4188 signiﬁca-

239 4204 340 4259 ret,
358 4197 461 4266 qui
493 4197 547 4251 in
576 4198 656 4253 eis
675 4201 1035 4270 eratspiritus
1054 4202 1282 4268 Christi,
1306 4209 1678 4274 prtenuntians
1706 4225 1818 4276 cas,

238 4300 357 4355 qua:
400 4286 458 4340 in
503 4286 721 4345 Christo
751 4299 875 4345 sunt
908 4296 1207 4363 passiones,
1249 4304 1303 4350 et
1350 4298 1682 4366 posteriores
1709 4300 1820 4370 glo-

237 4374 348 4430 rias
387 4375 442 4446 (1
477 4375 590 4432 Pet.
642 4379 734 4448 1).»
788 4382 855 4437 Ει
908 4385 1167 4440 Dominus
1195 4385 1249 4441 in
1287 4386 1610 4459 Evangelio:
1642 4392 1818 4447 «Cum

1933 3298 2024 3344 cut
2065 3305 2096 3344 a
2142 3289 2303 3346 Patre
2343 3293 2669 3363 procedere;
2715 3295 2910 3350 beatus
2967 3306 3144 3354 tamen
3180 3300 3512 3358 Athanasius

1929 3381 2306 3438 Alexandrinae
2356 3385 2500 3440 sedis
2550 3387 2854 3457 episcopus,
2906 3389 2960 3443 in
3005 3389 3162 3456 libro,
3211 3407 3370 3462 quem
3415 3393 3512 3448 ad-

1931 3485 2122 3526 versus
2177 3471 2366 3528 Arium
2445 3476 2707 3546 scripsit,
2779 3480 2924 3533 inter
2987 3489 3185 3534 cmtera
3251 3483 3330 3537 sic
3381 3482 3506 3538 ait:

1934 3581 1954 3614 ί
1983 3563 2116 3634 Ego,
2168 3564 2362 3633 inquit,
2413 3567 2577 3621 credo
2623 3567 2819 3622 Filium
2873 3570 2925 3623 in
2974 3569 3155 3636 Patre,
3195 3581 3250 3625 et
3291 3572 3506 3629 Patrem

1927 3655 2036 3724 20
2072 3655 2124 3710 in
2172 3655 2310 3711 Filio
2358 3673 2373 3712 :
2424 3656 2687 3728 Spiritum
2720 3675 2939 3730 quoque
2984 3661 3364 3730 Paracletum,
3413 3665 3506 3735 qui

1927 3746 2175 3814 procedit
2208 3761 2238 3800 a
2273 3746 2432 3803 Patre
2458 3760 2513 3803 et
2543 3748 2667 3805 Filii
2696 3765 2834 3816 esse,
2869 3760 2924 3807 et
2950 3752 3148 3819 Patris,
3196 3755 3322 3826 quia
3369 3764 3426 3811 et
3473 3771 3505 3810 a

1927 3839 2063 3896 Filio
2090 3841 2354 3910 procedit,
2382 3841 2524 3897 sicut
2545 3842 2598 3896 in
2624 3843 2915 3915 Evangelia
2940 3847 3204 3915 scriptum
3233 3855 3336 3912 est,
3361 3847 3504 3917 quod

1925 3943 2021 3999 per
2064 3929 2474 3987 insumationem
2507 3948 2658 3988 suam
2684 3933 2893 3991 dederit
2921 3936 3198 4007 discipulis
3229 3938 3340 3992 suis
3382 3937 3495 4009 Spic

1926 4021 2089 4075 ritum
2117 4031 2364 4078 sanctum
2393 4023 2579 4079 dicens
2612 4038 2626 4078 :
2665 4024 2909 4094 Accipite
2947 4025 3207 4096 Spiritum
3252 4036 3500 4083 sanctum

1925 4113 2108 4185 (Joan.
2147 4115 2261 4182 xx).
2295 4136 2314 4169 ι
2351 4115 2582 4172 Sanctus
2633 4115 2866 4188 Cyrillus
2910 4117 3074 4172 etiam
3125 4119 3192 4172 de
3243 4120 3343 4173 hac
3384 4118 3500 4187 ipsa

1925 4205 2158 4274 Spiritus
2190 4207 2363 4262 sancti
2398 4209 2746 4278 processione
2775 4216 2964 4264 contra
2994 4209 3298 4264 Neserqu
3323 4211 3454 4265 dicit
3480 4228 3494 4265 :

1928 4315 1945 4345 ι
1974 4293 2232 4361 Quamvis
2257 4297 2400 4350 enim
2428 4298 2482 4349 in
2509 4312 2607 4351 sua
2649 4298 2720 4351 sit
2749 4298 3047 4352 substantia
3079 4299 3311 4367 Spiritus
3336 4299 3452 4367 ejus
3482 4317 3496 4353 :

1921 4386 2064 4440 haud
2103 4386 2322 4440 dubium
2347 4385 2476 4455 quin
2509 4383 2708 4451 Patris,
2738 4395 2796 4440 ut
2826 4385 3156 4456 intelligatur
3184 4387 3236 4440 in
3265 4403 3494 4457 persona

237 4469 468 4531 venerit,
509 4471 701 4540 inquit,
743 4473 1055 4531 Paracletus
1087 4477 1321 4546 Spiritus
1355 4481 1620 4547 veritatis,
1659 4485 1747 4553 qui
1785 4500 1812 4537 a
1849 4521 1894 4578 Β
1921 4475 2242 4547 proprietas,
2266 4476 2416 4546 juxta
2445 4476 2496 4530 id
2523 4476 2666 4546 quod
2694 4476 2930 4546 Spiritus
2957 4487 3059 4540 est,
3081 4486 3136 4531 et
3167 4493 3272 4531 non
3304 4478 3491 4578 Filius,

242 4557 389 4578 ,μμ
426 4574 551 4578 μ--
698 4563 751 4578 ,.
992 4565 1004 4578 ε
1099 4566 1138 4578 ..
1432 4569 1482 4578 η.
1538 4571 1549 4578 .
1704 4573 1715 4578 -
1962 4576 1991 4578 ,_
2217 4568 2248 4578 ..
2587 4567 2693 4578 .
2780 4566 2819 4578 -.
2936 4568 2966 4578 ..
3014 4569 3026 4578 .
3064 4569 3093 4578 ._

241 4557 396 4612 Patre
425 4562 664 4628 procedit
695 4563 872 4633 (Joan.
918 4565 1062 4637 xv)»
1095 4566 1227 4621 Nam
1273 4584 1393 4623 cum
1426 4569 1672 4627 Christus
1704 4573 1816 4644 ipse

237 4647 304 4703 sit
322 4650 559 4715 veritas,
590 4667 745 4706 suum
777 4670 896 4711 esse
920 4657 1108 4725 procul
1139 4658 1303 4713 dubio
1333 4651 1580 4729 s'piri:um
1610 4664 1812 4732 doetiit,

234 4753 357 4793 eum
393 4755 520 4794 eum
553 4743 804 4812 spiritum
852 4748 1096 4802 veritatis
1119 4762 1239 4803 esse
1262 4751 1554 4819 perhibuit.
1580 4752 1815 4809 Joannes

236 4839 418 4883 autem
445 4831 619 4886 dicit:
647 4850 665 4884 ι
687 4833 743 4888 1η
771 4835 874 4891 hoc
907 4837 1277 4909 intelligimus,
1303 4841 1427 4911 quia
1454 4843 1505 4896 in
1531 4859 1596 4899 eo
1625 4861 1809 4900 mane-

236 4937 376 4988 mus,
398 4934 455 4978 et
481 4923 599 4993 ipse
627 4926 681 4980 in
710 4929 884 4993 nobis,
904 4930 1030 4999 quia
1055 4931 1120 4986 de
1144 4931 1346 5002 Spiritu
1371 4950 1468 4988 suo
1491 4936 1634 4990 dedit
1657 4937 1812 4991 nobis

235 5009 285 5078 (1
314 5011 478 5066 Joau.
532 5012 628 5085 tv).
655 5035 674 5068 ι
717 5017 778 5071 1η
826 5017 964 5074 libro
993 5035 1206 5090 quoque
1248 5021 1387 5078 beati
1433 5022 1532 5080 Job
1577 5025 1807 5097 legitur:

241 5121 260 5151 ε
285 5101 352 5156 Et
378 5105 565 5159 audiet
605 5108 938 5166 auditionem
973 5111 1025 5165 in
1061 5119 1268 5168 terrore
1304 5116 1454 5170 vocis
1481 5115 1615 5185 ejus,
1641 5127 1695 5173 et
1726 5135 1813 5173 so-

234 5205 361 5245 num
392 5192 460 5247 de
493 5208 588 5249 ore
622 5195 764 5252 illius
789 5199 1169 5267 procedentem
1220 5202 1342 5273 (Job
1378 5205 1601 5274 xxxvn).
1639 5226 1656 5257 ι
1705 5207 1808 5264 Ubi

235 5280 449 5335 scilicet
478 5296 540 5338 os
561 5276 738 5342 Patris
775 5287 1159 5359 intelligendus
1185 5303 1269 5347 est
1296 5294 1500 5364 absque
1524 5296 1687 5352 dubio
1713 5297 1804 5352 Fi-

233 5366 366 5438 lius;
395 5386 571 5428 sonus
591 5385 769 5431 autem
794 5393 861 5433 ex
884 5378 1000 5448 ejus
1021 5395 1117 5436 ore
1147 5385 1448 5452 procedens
1469 5397 1551 5441 est
1573 5386 1804 5456 Spiritus

233 5475 490 5520 sanctus:
518 5464 617 5533 Qui
647 5470 903 5527 nimirum
934 5482 1081 5530 recte
1103 5487 1270 5531 sonus
1314 5479 1633 5550 appellatur,
1669 5498 1805 5552 quo-

235 5555 373 5608 niam
421 5565 478 5609 et
522 5572 642 5612 cum
689 5561 865 5616 sonitu
917 5572 1083 5634 super
1121 5566 1404 5635 Apostolos
1444 5571 1608 5634 venit,
1641 5583 1696 5627 et
1736 5589 1804 5628 ex

232 5647 413 5712 corde,
446 5649 592 5716 quod
618 5649 808 5719 replet,
847 5652 900 5708 in
942 5655 1105 5710 verba
1149 5671 1272 5712 mox
1315 5667 1516 5714 sancta:
1546 5661 1806 5728 praedica-

235 5737 390 5792 tionis
416 5742 650 5810 cmmpit
677 5741 814 5812 (Act.
844 5744 926 5815 ιι.)
959 5745 1110 5813 Quod
1141 5758 1318 5805 autem
1350 5765 1410 5806 os
1440 5749 1616 5808 Patris
1647 5754 1804 5810 intel-

1919 4576 2156 4622 attameu
2181 4568 2390 4622 alienus
2419 4583 2526 4622 non
2551 4570 2618 4621 ab
2641 4567 2751 4622 illo.
2780 4566 2910 4621 Nam
2935 4568 3168 4637 Spiritus
3191 4571 3494 4639 appellatus

1917 4669 2002 4714 est
2043 4659 2285 4714 veritatis
2310 4700 2324 4724 ,
2376 4668 2432 4714 et
2475 4661 2676 4714 veritas
2723 4659 2968 4716 Christus
3019 4670 3121 4717 est.
3162 4662 3312 4717 Unde
3349 4673 3399 4718 ct
3427 4670 3494 4718 ab

1917 4749 2031 4819 ipso
2060 4748 2306 4803 similiter
2333 4749 2474 4804 sicut
2496 4764 2526 4803 a
2558 4749 2669 4804 Deo
2695 4750 2877 4814 Patre,
2913 4754 3173 4820 procedit.
3217 4772 3236 4804 ι
3273 4753 3338 4806 Ει
3367 4755 3490 4807 bea-

1917 4849 2002 4895 tus
2060 4841 2201 4894 inter
2248 4841 2413 4894 multa
2475 4841 2553 4896 sic
2599 4842 2676 4894 ait
2724 4842 3083 4898 Ambrosius:
3128 4864 3144 4893 ι
3184 4843 3297 4897 Non
3344 4844 3488 4898 enim

1914 4933 2066 5003 quasi
2097 4947 2163 4987 ex
2195 4932 2312 4986 loco
2363 4932 2594 4992 mittitur
2625 4931 2880 5000 Spiritus,
2915 4943 3008 4986 aut
3056 4935 3211 5003 quasi
3262 4949 3326 4988 ex
3373 4933 3489 4989 loco

1913 5025 2194 5094 procedit,
2241 5023 2454 5092 quando
2503 5025 2746 5094 procedit
2791 5039 2856 5080 ex
2896 5025 3053 5079 Filio.
3086 5042 3110 5078 ἰ
3156 5027 3487 5097 Augustinus

1913 5118 2074 5170 etiam
2102 5115 2360 5169 adversus
2388 5113 2680 5168 Maximum
2713 5113 3110 5188 [Maximinum]
3162 5118 3344 5172 scribit
3383 5121 3486 5172 luv-

1916 5207 2140 5262 reticum
2175 5225 2186 5259 :
2222 5225 2239 5256 ‹
2271 5203 2499 5274 Quaeris,
2530 5205 2726 5274 inquit,
2753 5217 2787 5259 a
2832 5220 2918 5260 me
2968 5206 3012 5261 si
3071 5209 3136 5262 de
3168 5210 3482 5264 substantia

1913 5295 2092 5351 Patris
2119 5305 2202 5351 cst
2248 5295 2437 5360 Filius,
2490 5296 2556 5350 de
2599 5297 2898 5351 substantia
2947 5296 3132 5354 Patris
3181 5309 3266 5354 est
3319 5301 3481 5356 etiam

1915 5385 2145 5456 Spi.itus
2175 5396 2393 5442 sanctus
2415 5427 2430 5451 ,
2462 5399 2560 5441 cur
2603 5398 2742 5440 unus
2772 5387 2942 5442 Filius
2967 5429 2981 5453 ,
3008 5398 3062 5443 et
3092 5391 3230 5445 alius
3260 5405 3365 5443 non
3413 5393 3484 5444 sit

1912 5479 2114 5534 Elius?
2149 5498 2167 5530 ι
2201 5479 2429 5548 Moxque
2453 5477 2732 5549 subjungit
2759 5493 2774 5532 :
2810 5498 2828 5530 ‹
2861 5480 3003 5537 Ecce
3026 5483 3343 5550 respondeo,
3371 5483 3483 5538 sive

1912 5570 2118 5639 capias,
2167 5569 2282 5625 sive
2318 5583 2425 5625 non
2462 5568 2682 5636 capias;
2715 5569 2783 5624 de
2835 5568 2999 5625 Patre
3045 5581 3131 5626 est
3176 5570 3344 5627 Filius
3371 5613 3385 5632 ,
3418 5573 3484 5625 de

1911 5663 2071 5718 Patre
2099 5670 2182 5716 cst
2215 5660 2446 5730 Spiritus
2477 5669 2739 5716 sanctus:
2765 5661 2860 5716 sed
2892 5660 2978 5716 ille
3007 5665 3219 5731 genitus
3248 5673 3351 5728 est,
3382 5664 3482 5717 iste

1912 5753 2227 5826 procedens.
2260 5751 2380 5808 ideo
2434 5752 2521 5807 ille
2569 5749 2736 5809 Filius
2781 5761 2864 5809 est
2911 5751 3088 5808 Patris
3111 5795 3125 5819 ,
3161 5753 3227 5808 de
3265 5769 3372 5825 quo
3399 5765 3482 5808 Cal
