4106 6310
614 392 684 452 '59
1036 384 1093 444 S.
1132 385 1336 443 PETRI
1371 385 1651 441 DAMIANI
1687 382 1837 441 OPP.
1880 383 2114 441 TOMUS
2153 384 2284 441 SEU
2325 386 2504 442 PARS
2540 386 2625 441 lll.
2657 416 2726 430 σ-
2759 382 3123 443 OPUSCULA
3158 384 3389 441 VARIA.
3582 406 3587 413 '
3773 392 3841 444 ιο

617 506 995 580 εθιιίιιιεγίθῑθ
1024 500 1201 556 autem
1236 500 1467 570 Spiritus
1504 499 1801 569 utriusque,
1826 498 2082 567 quoniam
2113 498 2179 552 de
2210 504 2251 560 Α
2284 499 2351 555 tis
2379 510 2633 580 strenuus
2662 508 2918 580 assertor,
2947 508 3026 580 tot
3056 499 3492 580 in__sermonibus,
3519 516 3584 580 ac
3603 504 3842 580 epistolis

615 611 845 669 utroque
870 592 1135 665 procedit.
1182 611 1201 641 ι
1238 590 1304 644 Et
1332 589 1490 659 paulo
1516 597 1638 659 post
1671 606 1683 641 :
1721 604 1740 638 ι
1776 585 2070 642 Amborum
2099 596 2182 641 est

617 705 748 762 ergo
793 672 1028 758 Spiritus
1079 681 1413 753 procedendo
1457 680 1522 735 de
1564 679 1842 734 ambobus.
1879 697 1897 730 ι
1935 677 2004 733 Ut
2051 692 2182 749 ergo

618 787 857 835 ttostram
886 773 1269 831 concludamus
1286 785 1353 826 ex
1379 768 1618 839 ejusdem
1640 768 1917 839 conspicui
1943 767 2183 823 doctoris

616 867 936 924 auctoritate
964 863 1310 929 sententiam,
1338 862 1394 916 in
1419 861 1505 915 illa
1534 868 1718 916 sancta
1748 860 2016 915 Trinitate
2044 873 2182 914 unus

616 959 796 1020 Pater,
850 954 941 1024 qui
1000 953 1147 1008 solus
1197 950 1267 1007 de
1316 951 1493 1021 seipso
1544 949 1908 1006 essentialiter
1958 948 2182 1003 unicum

615 1046 800 1118 genuit
827 1044 1019 1099 Filium
1052 1060 1065 1096 :
1095 1050 1153 1098 et
1201 1056 1340 1096 unus
1386 1040 1555 1095 Filius
1580 1079 1595 1103 ,
1629 1038 1721 1109 qui
1759 1039 1824 1093 de
1862 1052 1972 1093 uno
2018 1036 2183 1091 Patre

616 1137 763 1192 solus
793 1142 879 1190 est
904 1130 1263 1189 essentialiter
1295 1138 1455 1186 natus
1481 1148 1494 1185 :
1532 1138 1589 1186 et
1637 1144 1775 1185 unus
1803 1129 2057 1199 Spiritus,
2090 1128 2183 1197 qui

615 1225 763 1281 solus
805 1221 1167 1279 essentialiter
1198 1220 1266 1275 de
1300 1220 1461 1276 Patre
1488 1219 1733 1289 Filioque
1777 1218 2040 1289 procedit.
2076 1215 2184 1272 Sed

618 1330 741 1371 cum
790 1315 861 1370 de
886 1312 1232 1385 processione
1272 1310 1506 1381 Spiritus
1558 1326 1625 1365 ex
1661 1309 1821 1365 Patre
1842 1317 1899 1365 et
1932 1308 2069 1364 Filio
2094 1324 2187 1365 ve-

617 1413 793 1459 terum
823 1403 984 1459 simul
1029 1409 1191 1471 atque
1218 1416 1479 1457 novorum
1532 1401 1865 1472 permaxima
1895 1399 2187 1454 multitudo

616 1493 907 1549 concordet
933 1532 949 1557 ,
980 1499 1036 1546 et
1076 1507 1173 1563 per
1202 1505 1393 1547 omnes
1419 1489 1535 1547 fere
1562 1491 1705 1546 sacri
1734 1489 1935 1559 eloquii
1964 1490 2189 1560 paginas

617 1582 862 1652 exempla
889 1580 1217 1637 suﬁcienter
1238 1582 1557 1646 exuberent,
1585 1568 1916 1650 superﬂuum
1941 1579 2190 1634 ducimus

617 1671 709 1727 hic
741 1680 992 1726 acervata
1015 1684 1309 1740 congerere
1335 1710 1350 1736 ,
1376 1684 1499 1725 cum
1549 1671 1664 1741 ipse
1705 1668 1889 1725 valeas
1963 1677 2019 1724 et
2049 1667 2188 1723 ultra

617 1774 780 1828 quam
809 1758 1093 1826 suiliciant,
1126 1760 1390 1815 inuenire.

1225 1847 1582 1906 EPILOGUS.

688 1938 813 1995 Haec
842 1939 1022 2009 itaque
1051 1940 1115 1995 de
1144 1939 1248 1994 fide
1275 1940 1542 1995 catholica
1570 1940 1862 2011 disputatio
1888 1981 1902 2007 ,
1951 1939 2027 1996 illi
2056 1939 2190 1997 cha-

618 2027 850 2091 rissime,
893 2028 1028 2083 satis
1055 2037 1139 2084 est
1191 2043 1464 2099 congrua,
1516 2038 1574 2085 et
1620 2031 1751 2085 mihi
1797 2031 1912 2101 jam
1958 2031 2190 2086 stadium

617 2117 823 2185 peracti
853 2115 965 2172 fere
992 2131 1184 2172 cursus
1218 2132 1460 2184 emenso,
1488 2127 1545 2172 et
1589 2119 1687 2173 tibi
1716 2119 2019 2188 spiritualis
2050 2116 2195 2175 mili-

618 2205 710 2260 tia:
731 2208 1069 2277 gymnasium
1092 2220 1262 2276 nuper
1281 2206 1553 2293 iqgresso;
1586 2209 1972 2289 sublimitatem
2001 2212 2196 2283 quippe

620 2305 733 2351 tam
761 2294 1340 2365 incomprehensibilis,
1375 2304 1431 2351 et
1467 2296 1909 2368 incomparabilis
1935 2302 2196 2366 materiae,

619 2388 761 2443 sicut
788 2388 929 2442 inter
948 2387 1064 2457 ipsa
1099 2387 1413 2442 certaminis
1460 2388 1770 2443 rudimenta
1821 2404 1995 2445 novus
2038 2391 2198 2447 debet

620 2477 776 2532 miles
795 2475 1069 2547 inquirere
1090 2494 1105 2543 ;
1129 2477 1204 2531 ita
1226 2476 1329 2531 nisi
1359 2477 1424 2542 is,
1459 2478 1551 2547 qui
1583 2477 1637 2532 in
1665 2479 1837 2534 sacris
1864 2488 1949 2535 est
1976 2480 2198 2538 attritus

619 2577 674 2621 et
696 2568 1027 2622 exercitatus
1055 2567 1305 2637 eloquiis,
1334 2581 1443 2622 nou
1468 2568 1629 2624 debet
1660 2567 1819 2626 facile
1842 2560 2193 2643 respondere.

619 2655 713 2711 Ille
741 2656 986 2721 scilicet,
1038 2664 1100 2710 ut
1153 2664 1314 2711 recta:
1362 2653 1487 2712 fidei
1534 2655 1943 2713 fundamentum
1997 2670 2195 2729 ponat,

620 2759 786 2814 super
814 2745 957 2814 quod
986 2744 1112 2799 boni
1143 2744 1325 2813 operis
1355 2744 1639 2801 :edificium
1669 2756 1978 2815 construat;
2012 2749 2115 2806 iste
2141 2758 2201 2806 ut

618 2835 923 2905 perlonga:
963 2834 1389 2891 conversationis
1432 2832 1754 2892 industriam
1802 2838 2046 2910 mysterii
2095 2854 2203 2895 coe-

623 2924 777 2980 iestis
806 2938 1060 2980 arcanum
1090 2923 1362 2979 subtiliter
1389 2933 1597 2979 cernat.
1629 2925 1787 2981 Fides
1806 2929 1951 2982 enim
1981 2935 2036 2982 et
2063 2928 2203 2984 bene

621 3012 963 3080 operantium
1007 3018 1093 3064 est
1130 3009 1370 3074 initium,
1413 3019 1471 3065 et
1516 3010 1778 3081 perfectio
1828 3023 2201 3069 consummata

625 3100 910 3156 virtutum.
944 3097 1095 3155 Sicut
1129 3100 1194 3155 de
1220 3097 1441 3155 Christo
1474 3100 1607 3157 dicit
1646 3101 1980 3173 Apostolus:
2017 3122 2035 3153 ι
2067 3103 2200 3170 Quia

2282 580 2338 624 et
2365 572 2663 639 persertim
2693 571 2747 624 in
2787 570 3067 641 Epcyclica
3103 571 3191 625 illa
3220 572 3461 625 omnium
3497 570 3845 634 celeberrima

2283 641 2348 714 ad
2426 640 2743 714 Flavianum
2807 639 3456 714 Constantinopolitanutn
3536 644 3845 714 episcopum

2283 709 2471 779 (Leon.
2499 712 2648 779 epist.
2686 708 2774 772 10,
2802 708 2870 762 al.
2906 709 2994 778 12)
3025 726 3038 762 :
3071 708 3181 764 Nec
3205 712 3345 766 enim
3371 711 3450 764 sic
3471 708 3846 769 naturam'na-

2287 791 2419 835 tune
2455 780 2686 840 misceri,
2739 779 2832 840 ait,
2893 787 2952 832 ut
2988 780 3265 834 ambarum
3313 780 3405 832 fiat
3450 782 3715 846 confusio,
3775 784 3849 839 si-

2284 859 2375 904 cut
2399 850 2612 918 quidam
2644 847 2885 918 haeretici
2916 847 3080 917 impie
3100 849 3371 912 dixerunt,
3407 850 3499 903 sed
3522 858 3581 903 ut
3602 852 3850 908 haeresim

2285 917 2512 972 NestOrii
2563 917 2885 980 confutaret,
2936 933 2999 972 ea
3043 918 3224 986 phrasi
3281 934 3410 971 usus
3452 928 3555 973 est.
3606 920 3657 974 is
3705 922 3849 977 enim

2285 986 2589 1060 ailirmabat
2623 986 2786 1060 (quod
2818 987 2999 1060 etiam
3040 987 3540 1060 sancttts_’l‘ltqmas
3594 1004 3653 1043 ιιι
3683 1000 3848 1060 part.,

2284 1065 2477 1126 quaest.
2504 1056 2560 1118 2,
2590 1067 2695 1109 art.
2723 1056 2780 1119 6,
2817 1056 2871 1109 in
2902 1070 3130 1125 corpore
3165 1055 3376 1126 scribit)
3405 1057 3638 1112 Verbum
3668 1055 3853 1115 carnis

2285 1125 2497 1180 unitum
2524 1125 2688 1179 fuisse
2709 1127 3002 1179 secundum
3032 1125 3473 1181 inltabitationem
3504 1142 3519 1191 ;
3555 1143 3619 1182 ac
3647 1129 3691 1182 si
3715 1128 3853 1184 Ver-

2286 1197 2414 1268 bum
2439 1194 2533 1249 Dei
2557 1194 2887 1268 inhabitaret
2910 1195 2961 1268 i_n_
2999 1194 3092 1251 illo
3120 1195 3354 1259 homine,
3380 1195 3520 1268 sicut
3542 1196 3594 1249 in
3628 1200 3852 1268 templo.

2288 1265 2464 1331 Quare
2510 1272 2729 1335 sanctus
2755 1264 2883 1335 Leo
2910 1264 2964 1321 id
2989 1278 3243 1335 expresse
3278 1265 3584 1335 confutans,
3612 1264 3857 1322 cum‘di-

2289 1336 2459 1389 xisset
2487 1350 2503 1400 ;
2539 1352 2559 1386 ι
2594 1332 2703 1389 Nec
2723 1334 2802 1388 sic
2829 1332 3076 1389 creatura
3102 1335 3156 1388 in
3185 1333 3499 1388 societatem
3523 1337 3603 1388 sui
3631 1335 3853 1391 Creato-

2290 1405 2368 1460 ris
2396 1413 2481 1458 est
2509 1412 2806 1472 assumpta,
2837 1412 2896 1457 ut
2925 1404 3027 1457 iste
3055 1402 3353 1472 habitator,
3381 1413 3437 1457 et
3462 1403 3548 1459 illa
3582 1404 3861 1460 habitacu-

2289 1475 2397 1531 lum
2418 1482 2584 1537 esset,
2611 1492 2630 1524 ι
2666 1471 2789 1527 mox
2823 1473 3001 1527 subdit
3030 1491 3042 1526 :
3076 1492 3094 1524 ι
3124 1471 3227 1527 Sed
3257 1472 3330 1525 ita
3362 1480 3420 1525 ut
3447 1482 3652 1527 natura:
3698 1474 3859 1530 alteri

2292 1544 2464 1598 altera
2492 1543 2827 1597 misceretur.
2863 1560 2884 1594 ι
2912 1541 2963 1596 id
2986 1550 3069 1611 est
3089 1542 3371 1611 uniretur;
3394 1551 3672 1611 assumpta
3701 1544 3862 1598 nimi-

2293 1628 2411 1667 rum
2438 1621 2629 1681 natura
2668 1611 2904 1665 humana
2940 1625 2969 1664 a
3019 1609 3195 1681 Verbo
3218 1610 3285 1664 ad
3315 1611 3563 1681 unionem
3585 1609 3862 1681 Vltypostao

2294 1685 2476 1736 ticam.
2526 1679 2676 1734 lianc
2724 1689 2904 1733 autem
2956 1680 3129 1734 sancti
3166 1678 3362 1733 Leonis
3413 1678 3731 1734 sententiain
3784 1682 3861 1735 ita

2294 1750 2693 1819 intelligendam
2758 1764 2901 1819 esse,
2953 1748 3181 1819 ipsemet
3235 1748 3288 1802 in
3348 1749 3573 1803 adducta
3618 1764 3715 1818 sup
3733 1750 3866 1806 rrius

2218 1847 2269 1908 Β
2294 1817 2523 1908 epistola
2595 1819 2674 1873 sic
2700 1896 2713 1908 ⁸
2745 1817 3022 1908 declarato;
3099 1818 3247 1908 satia
3275 1818 3497 1908 ΔίξὶιιιιςΔ
3530 1817 3866 1908 proprietate

2295 1888 2581 1958 utriusque
2626 1896 2864 1958 naturae,
2901 1888 3040 1941 etin
3068 1895 3500 1958 uttaurcoeuttte
3523 1901 3861 1958 personam,

2294 1954 2545 2027 suscepia
2571 1965 2657 2012 est
2686 1971 2715 2010 a
2762 1956 3043 2027 majestate
3075 1954 3384 2027 humilitas;
3426 1970 3463 2027 a
3484 1954 3682 2027 virtute
3705 1956 3863 2027 infir-

2295 2024 2492 2092 mitas;
2526 2026 2594 2080 ab
2620 2025 2918 2080 mternitate
2940 2024 3243 2079 mortalitas
3269 2040 3285 2089 ;
3318 2033 3373 2078 et
3400 2024 3466 2078 ad
3491 2024 3867 2080 resolvendum

2296 2097 2621 2153 conditionis
2652 2103 2848 2150 nostra:
2889 2094 3152 2161 debitum,
3196 2102 3389 2149 natura
3418 2092 3744 2150 inviolabilis
3767 2109 3870 2150 na-

2293 2174 2431 2220 turae
2456 2176 2543 2221 est
2569 2165 2717 2219 unita
2745 2163 3008 2232 passibilig

2367 2234 2473 2304 22
2510 2230 3148 2314 Ριιιετ-αήιιιιολιιῖξιὶιξε
3165 2249 3209 2314 ρ
3244 2230 3404 2285 Patre
3451 2230 3599 2314 solo,_
3634 2231 3871 2314 Spiritus

2295 2300 2508 2360 sarTcHts
2536 2302 2599 2356 ab
2629 2311 2866 2372 utroque.
2896 2300 3122 2355 Plurimi
3160 2300 3481 2372 ercorttm,
3510 2303 3633 2370 quia
3667 2300 3721 2356 in
3758 2303 3871 2359 Do-

2296 2373 2501 2428 minicis
2542 2369 2887 2435 sermonibus,
2939 2372 3089 2441 quasi
3138 2369 3464 2439 perspicuam
3497 2369 3730 2441 reperire
3776 2389 3874 2428 tte-

2297 2453 2486 2513 queant
2502 2441 2918 2513 _attctoritatem,
2951 2438 3295 2513 'arbitfantur
3339 2456 3373 2492 a
3427 2438 3571 2513 solo;
3600 2439 3779 2513 Patre,
3818 2453 3872 2497 et

2300 2506 2405 2566 non
2430 2529 2462 2564 a
2493 2509 2635 2565 Filio
2684 2511 3060 2578 procedentem.
3108 2508 3223 2563 Non
3264 2518 3489 2630 possunt
3532 2506 3728 2575 Caeci,
3766 2506 3874 2582 qui

2300 2581 2631 2630 contendunt
2658 2579 2916 2630 Spiritum
2939 2587 3183 2630 sanctum
3213 2593 3242 2630 a
3288 2577 3401 2630 ‘ilio
3422 2593 3523 2630 non
3555 2580 3873 2630 procedere.

2298 2581 2631 2635 contendunt
2658 2577 2916 2649 Spiritum
2939 2587 3197 2649 sanctum»
3213 2593 3242 2631 a
3266 2577 3405 2649 Filio
3422 2593 3523 2632 non
3555 2577 3875 2649 procedere,

2299 2646 2713 2704 auctoritatibus
2733 2648 2818 2701 vel
2841 2647 3080 2720 Patrum,
3118 2647 3203 2703 vel
3237 2646 3591 2720 concilioruth
3615 2648 3716 2714 uti,
3741 2646 3872 2720 qua

2300 2720 2590 2788 aliquando
2617 2726 2877 2788 asserant
2911 2717 3171 2788 Spiritum
3219 2725 3465 2773 sanctum
3499 2731 3531 2788 a
3563 2717 3720 2788 Patre
3744 2717 3876 2788 pro-

2300 2787 2495 2843 cedere
2519 2803 2534 2840 :
2562 2803 2679 2856 quae
2703 2787 3162 2856 pltrasis‘i‘ortasse
3190 2788 3458 2856 reperitur
3506 2787 3560 2841 in
3592 2787 3723 2843 locis
3748 2787 3867 2843 tam

2301 2858 2514 2929 concilii
2543 2856 2743 2929 Niczeni
2768 2870 2929 2926 quam
2944 2857 3296 2929 ‘Hieronymi,
3316 2870 3468 2929 quos
3486 2858 3843 2929 nostercardi
3863 2886 3876 2901 ο

2302 2927 2442 2982 nalis
2470 2927 2620 2997 citat.
2654 2925 2796 2997 Nam
2839 2925 3179 2997 extPatrumf
3216 2925 3597 2997 declaration},
3631 2926 3880 2997 disputa-

2305 3001 2451 3050 tione
2475 2995 2614 3066 facta
2628 3004 2690 3066 et
2705 2996 2758 3066 iu
2773 2996 3011 3066 concilio
3031 2996 3387 3066 Lugdunensi
3402 2994 3779 3066 squrcgorio
3802 2995 3876 3061 Χ.

2302 3076 2352 3120 et
2380 3066 2433 3119 in
2466 3065 2696 3120 concilio
2724 3065 3033 3120 Florentino
3063 3063 3162 3120 sub
3191 3064 3427 3134 Eugenio
3447 3063 3535 3134 iV,
3565 3063 3780 3120 constat
3806 3081 3878 3121 ex

2303 3148 2388 3199 eo,
2413 3135 2554 3203 quod
2595 3136 2647 3189 in
2687 3135 2856 3200 sacris
2885 3133 3081 3189 litteris
3102 3133 3320 3199 dicitur,
3352 3134 3417 3189 de
3456 3133 3656 3204 Spiritu
3685 3145 3881 3204 sancto

626 3189 1033 3246 ῖυηάυηθηῐιηη
1073 3204 1233 3246 πθωο
1264 3197 1442 3261 Imm“
1486 3206 1691 3262 Ροηενθ
1735 3201 1932 3261 Ιπίεῐθτ
1976 3192 2029 3248 id
2058 3194 2200 3261 quod
2228 3195 2272 3255 C
2303 3189 2402 3274 qui
2427 3189 2455 3274 ξι
2476 3204 2636 3258 Patre
2661 3197 2921 3274 procedit.
2958 3189 3354 3274 consequenter
3380 3189 3530 3272 scqﬁi
3560 3218 3679 3257 cum
3708 3189 3880 3258 etiam

623 3280 859 3351 positum
885 3290 999 3344 est,
1031 3281 1175 3350 quod
1213 3291 1297 3337 est
1327 3281 1578 3338 Christus
1599 3282 1761 3338 Jesus
1794 3282 1846 3354 (ι
1870 3281 1994 3337 Cor.
2034 3285 2140 3351 nt).
2177 3303 2197 3337 ι

626 3368 779 3436 Quod
831 3378 1021 3424 contra
1048 3410 1064 3434 ,
1110 3370 1178 3426 de
1220 3372 1410 3426 eodem
1454 3386 1553 3442 per
1596 3371 1922 3442 Prophetam
1956 3372 2199 3427 dicitur:

631 3479 650 3513 ι
691 3461 950 3531 Lapidem
996 3477 1157 3530 quem
1209 3463 1653 3533 reprobaverunt.
1696 3464 2063 3528 aniilicantes,
2117 3467 2205 3521 hic

627 3550 804 3607 factus
850 3559 934 3608 est
978 3552 1030 3607 in
1062 3561 1224 3622 caput
1250 3551 1441 3622 anguli
1464 3549 1637 3623 (Psal.
1668 3554 1858 3627 cxvn).
1893 3575 1912 3608 ι
1942 3554 2078 3633 Nam
2111 3558 2203 3627 qui

628 3644 697 3698 ad
734 3644 1140 3700 sustentandum
1180 3653 1439 3715 tanquam
1478 3645 1625 3701 basis
1670 3646 1881 3702 aedilicii
1919 3646 1971 3702 in
2014 3647 2207 3704 funda—

633 3741 816 3787 mento
881 3733 1226 3803 supponitur,
1281 3733 1395 3804 ipse
1433 3734 1584 3789 velut
1623 3748 1881 3791 cacumen
1933 3744 1988 3792 et
2042 3740 2206 3793 cardo

636 3839 920 3894 supremus
942 3823 1200 3880 Ecclesia:
1225 3824 1574 3896 principatur.

706 3911 851 3967 Deus
875 3913 1238 3983 omnipotens,
1264 3913 1340 3968 fili
1373 3915 1668 3980 carissime,
1700 3916 1782 3971 sic
1812 3916 1974 3986 pedes
1995 3925 2116 3974 tuos
2152 3918 2204 3973 in

637 4005 919 4060 catholicae
963 4004 1087 4061 fidei
1120 4014 1295 4076 'petra
1350 4006 1680 4073 constituat,
1727 4017 1786 4063 ut
1815 4017 1871 4063 et
1898 4009 2000 4078 21
2034 4008 2205 4064 aciem

638 4095 836 4149 montis
867 4095 919 4149 in
961 4110 1072 4149 sua:
1100 4095 1571 4165 contemplationis
1600 4097 1810 4152 culmen
1837 4097 2065 4151 attollat.

963 4203 1045 4259 Sit
1078 4219 1262 4259 nomen
1289 4205 1511 4276 ,Βουπὶηὶ
1545 4207 1885 4261 benedictum.

1258 4328 1592 4421 SCHOLIA.

713 4450 838 4513 Hic,
865 4452 962 4513 ait,
993 4451 1247 4506 mirabilis
1276 4468 1442 4506 same
1477 4450 1700 4519 Virginis
1738 4465 1921 4520 partus
1968 4473 2083 4511 vere
2110 4458 2209 4510 Itu-

637 4537 901 4595 ηιαιιαηι,Δ
919 4537 1134 4595 verer/tte
1170 4522 1401 4574 divinam
1454 4537 1610 4595 unam
1642 4523 1818 4595 r_didit_
1843 4525 1896 4577 in
1918 4525 2061 4594 prole
2089 4543 2207 4595 per-

636 4606 844 4661 sonam;
870 4588 1143 4661 Sententia
1168 4598 1250 4643 est
1303 4589 1473 4661 sancti
1507 4589 1709 4661 Leonis
1757 4590 1894 4661 (Ser.
1918 4588 1980 4658 ’5,
2012 4597 2064 4647 in
2089 4588 2210 4648 'Na-'

640 4657 773 4741 tiuit.
790 4658 1317 4741 Pomini),lpro.qua
1348 4659 1400 4711 in
1438 4659 1632 4741 primis
1666 4657 2213 4741 animadvertendum

637 4735 742 4787 est,
790 4729 1035 4785 Datuiaui
1077 4730 1359 4784 lectionem
1392 4729 1635 4783 nonnihil
1690 4731 1900 4785 variare
1945 4748 1977 4787 a
2027 4734 2209 4790 verbis

640 4797 807 4867 ipsius
834 4798 890 4852 S.
923 4798 1139 4860 Leonis,
1188 4799 1279 4867 qui
1324 4799 1401 4852 sic
1430 4797 1592 4854 habet
1626 4817 1639 4851 :
1676 4818 1693 4849 ι
1729 4798 1828 4855 Hic
1852 4803 1998 4858 enim
2040 4804 2213 4858 mira-

638 4864 763 4942 bilis
809 4867 867 4921 S.
922 4864 1389 4942 \"it-gini_s__parttts_
1438 4882 1565 4921 vere
1609 4870 1920 4935 humanam,
1973 4888 2206 4942 vereque

642 4934 877 4990 divinam
907 4934 1228 4991 nna'cdidi't
1273 4936 1423 5005 prole
1462 4948 1733 4993 naturain.
1797 4960 1815 4993 ι
1868 4934 2204 4997 Crediderint

642 5013 824 5082 tamen
869 5020 1085 5061 sensum
1128 5007 1546 5082 es_se_enm_detn,
1590 5016 1644 5062 et
1675 5009 1932 5082 facilioris
1966 5013 2201 5082 explica-

643 5075 803 5128 tinnis
831 5090 991 5130 causa
1035 5077 1206 5135 sancti
1251 5076 1445 5131 Leonis
1491 5081 1816 5135 sententiam
1857 5082 1978 5137 aliis
2024 5075 2215 5139 verbis.

640 5143 969 5219 cardin_aleu_t
1012 5155 1254 5219 nostrum
1289 5148 1661 5219 expressisse:
1694 5148 1746 5203 ni
1783 5151 1961 5219 potius
2006 5153 2208 5207 dixeri-

643 5228 780 5275 mus,
818 5215 1133 5269 Damianum
1165 5215 1218 5268 in
1264 5215 1404 5271 aliud
1437 5219 1605 5272 sancti
1643 5215 1838 5275 Leonis
1870 5222 1948 5275 sic
1979 5218 2206 5277 dicentis

641 5283 917 5352 exemplar
967 5285 1240 5339 incidisse.
1292 5290 1420 5353 Qum
1472 5301 1599 5343 vero
1648 5290 1808 5344 verba
1849 5291 2073 5346 inferius
2120 5306 2211 5346 se-

642 5363 883 5419 quuntur
935 5355 1034 5424 ubi
1105 5364 1325 5413 sanctus
1392 5357 1502 5414 Leo
1562 5360 1693 5412 ait:
1757 5380 1794 5424 ι,
1841 5360 1944 5414 Sed
1996 5363 2071 5417 ita
2147 5370 2206 5415 ut

640 5430 847 5492 natura:
899 5421 1051 5478 alteri
1104 5425 1273 5478 altera
1318 5426 1654 5492 misceretur,
1710 5448 1728 5482 ι
1782 5421 1978 5485 uulnus
2043 5446 2203 5486 aures

640 5488 910 5548 oﬂendere
939 5500 1181 5563 possunt,
1208 5509 1326 5549 cum
1349 5506 1566 5553 sanctus
1585 5488 1694 5553 Leo
1711 5500 1957 5555 catholici
1986 5501 2204 5568 dogma-

2307 3272 2337 3328 εἰ
2366 3272 2509 3344 Filio
2523 3272 2812 3342 procedere
2838 3289 2854 3338 ;
2888 3272 3308 3344 Citristus'enim
3337 3274 3613 3344 explicans
3634 3273 3876 3341 seipsum

2306 3344 2408 3397 ait:
2438 3361 2455 3393 ι
2490 3342 2677 3397 Omnia
2703 3358 2824 3411 quae
2846 3343 3005 3413 liabet
3027 3343 3206 3406 Pater,
3238 3358 3357 3413 mea
3378 3342 3503 3397 sunt
3525 3343 3704 3413 (Joan.
3723 3343 3876 3410 xvr);

2306 3422 2592 3493 propterea
2610 3413 2750 3493 dixi,
2778 3411 2901 3493 quia
2924 3411 2990 3466 de
3011 3426 3131 3492 meo
3164 3412 3411 3493 accipiet,
3454 3411 3885 3493 e't_annutttiabit

2306 3479 2459 3564 vobis
2481 3481 2691 3564 ρὸξάε).
2728 3500 2751 3562 ξ
2787 3481 2904 3561 Quo
2936 3495 3095 3564 sensu
3120 3479 3780 3564 in‘coittciliszlorentino-
3801 3480 3885 3564 c_i-

2308 3560 2462 3621 tatur,
2486 3546 2825 3621 Epiphanius
2870 3553 2923 3605 in
2964 3552 3260 3621 Attcoratu,
3295 3550 3524 3621 Cyriltus
3549 3549 3599 3601 in
3619 3546 3881 3621 Epistula

2307 3622 2375 3678 ad
2418 3618 2724 3676 Nestorium
2769 3627 2888 3691 post.
2922 3620 3204 3691 Dydimum
3265 3628 3322 3691 et
3373 3618 3750 3691 Athanasium.
3819 3619 3880 3674 lu

2307 3692 2500 3749 litteris
2529 3705 2654 3746 vero
2705 3689 2918 3743 unionis
2965 3688 3083 3758 cap.
3117 3689 3150 3742 6
3185 3696 3242 3742 et
3292 3688 3322 3740 7
3369 3701 3559 3758 omnes
3596 3688 3881 3742 doctarum

2307 3760 2617 3816 Graecorum
2658 3759 2899 3827 phrases,
2947 3756 3047 3812 ubi
3062 3760 3128 3812 de
3169 3757 3340 3813 sancti
3393 3756 3625 3826 Spiritus
3659 3770 3882 3826 proces-

2308 3830 2459 3885 sione
2499 3829 2807 3898 loquuntur,
2858 3828 3002 3898 idem
3060 3827 3365 3897 signiﬁcare
3415 3827 3748 3898 ostendunt:
3780 3841 3888 3881 eos

2307 3894 2583 3958 nimirutn'
2601 3896 2875 3966 censuisse
2916 3894 3177 3966 Spiritum
3221 3905 3489 3961 sanctum,
3535 3904 3593 3948 ut
3632 3910 3664 3950 a
3690 3894 3878 3961 Patre,

2308 3969 2382 4024 ita
2410 3967 2575 4023 etiam
2624 3982 2654 4020 a
2701 3964 2835 4021 Filio
2874 3964 3185 4037 procedere.
3219 3968 3329 4021 l\ec
3352 3966 3419 4021 ab
3460 3967 3564 4037 hac
3604 3968 3879 4037 sententia

2307 4039 2644 4106 discrepasse
2678 4035 2921 4108 sanctuin
2948 4035 3358 4108 Hieronymum
3382 4036 3626 4108 cumino
3651 4035 3882 4108 creden-

2309 4109 2434 4162 dum
2465 4103 2570 4171 est,
2618 4106 3047 4176 quandoquidem
3095 4103 3208 4161 suis
3248 4106 3448 4176 passim
3496 4107 3548 4159 in
3591 4103 3882 4176 opusculis

2309 4179 2376 4247 de
2398 4174 2649 4247 Spiritus
2687 4174 3274 4247 sanctiprocessione‘,
3320 4192 3478 4247 sensu
3520 4174 3885 4247 catholicoet

2308 4244 2491 4318 pltra'si
2538 4247 2756 4318 Latinis
2777 4244 2986 4302 usitata
3024 4246 3552 4318 semper-timuit“.
3613 4244 3763 4318 Unde
3794 4244 3882 4312 (ut

2310 4310 2411 4371 alia
2469 4333 2612 4373 nunc
2653 4316 2921 4386 omittam)
2971 4316 3036 4369 ad
3088 4310 3381 4386 Ηέὶιιιιίυιιιί
3418 4315 3661 4386 scribens
3690 4310 3877 4386 (litt-in.

2308 4389 2453 4455 epist.
2488 4386 2610 4450 150,
2639 4395 2830 4456 quaest.
2862 4383 2912 4446 9,
2948 4400 3114 4456 prope
3149 4385 3265 4456 lin.)
3294 4402 3306 4437 :
3351 4384 3583 4456 Quando
3604 4383 3737 4436 dictt
3780 4383 3883 4456 Βᾳ-

2310 4452 2488 4509 minus
2509 4452 2669 4509 aliuni
2711 4452 3063 4509 Paracletum'
3095 4452 3302 4509 mittam
3350 4452 3501 4507 v'obis
3529 4452 3710 4521 (Joun.
3740 4453 3880 4521 κεν).

2309 4534 2363 4579 et
2389 4541 2446 4579 se
2472 4526 2704 4580 ostendit
2734 4538 2856 4578 esse
2890 4524 3250 4585 Paraclctunt,
3296 4524 3385 4593 qui
3424 4521 3723 4592 appellatur
3749 4535 3883 4593 cort-

2309 4594 2531 4651 solator.
2597 4593 2747 4654 Unde
2780 4594 2938 4649 .Deus
2978 4594 3138 4648 Pater
3188 4589 3586 4648 ltoc'ceus’r’tur
3638 4589 3878 4653 nomine,

2309 4664 2450 4719 Deus
2476 4664 2875 4718 miserationum
2906 4673 2959 4719 et
2989 4664 3151 4717 totius
3171 4661 3572 4717 consolatimtis.
3605 4659 3660 4713 Si
3695 4668 3878 4712 autem

2308 4745 2362 4788 et
2384 4734 2542 4789 Pater
2567 4732 2895 4809 consolator,
2922 4745 2977 4787 et
3003 4733 3169 4809 Filius
3214 4733 3541 4809 consolator.
3572 4738 3628 4809 et
3646 4728 3880 4809 Spifi‘tus

2309 4814 2529 4860 sanctus
2551 4804 2858 4859 consolator
2888 4812 3001 4859 est:
3030 4812 3085 4859 et
3128 4804 3180 4857 in
3210 4803 3425 4857 nomine
3455 4800 3631 4854 Patris
3659 4808 3713 4852 et
3754 4797 3880 4850 Filii

2309 4883 2363 4928 et
2392 4873 2623 4944 Spiritus
2649 4874 2847 4939 sancti,
2873 4872 3013 4942 quod
3037 4873 3351 4944 intelligitur
3371 4872 3560 4944 Deus,
3604 4866 3882 4944 baptizau-

2312 4952 2397 4998 tur
2424 4935 2705 4998 credentes
2732 4962 2744 4995 :
2768 4935 2994 5013 quorum
3019 4959 3185 4998 unum
3209 4935 3514 4998 divinitatis
3560 4947 3609 4992 cl
3632 4935 3883 5019 consolaf

2312 5022 2399 5068 tor
2425 5023 2509 5068 est
2544 5026 2763 5079 nomen,
2785 5004 2979 5068 'eoruut
3023 5022 3078 5067 et
3116 5028 3221 5068 una
3272 5023 3461 5065 natura
3493 5019 3597 5064 est.
3630 5008 3696 5060 Et
3721 5004 3882 5074 paulo

2312 5092 2487 5157 post:
2542 5102 2559 5135 ι
2619 5083 2731 5139 Nec
2778 5084 2906 5157 sine
2945 5083 3148 5157 Spiritu
3188 5091 3383 5157 sancto
3427 5080 3883 5157 prophetaverunt

2360 5155 2643 5225 t-op'netaa:
2685 5163 2743 5209 ct
2786 5153 3199 5225 VerboDomini
3253 5152 3375 5207 cudi
3422 5152 3621 5204 tirmati
3656 5154 3801 5225 sunt,
3827 5152 3884 5225 et

2332 5212 2514 5293 Spiritu
2544 5224 2656 5279 oris
2692 5225 2808 5293 ejus
2841 5223 3017 5278 omnis
3055 5225 3226 5278 virtus
3256 5235 3445 5293 eorum
3477 5236 3489 5271 :
3524 5226 3575 5271 ct
3620 5212 3884 5293 quidquid

2312 5289 2493 5347 Patris
2515 5304 2569 5348 et
2595 5289 2844 5356 Filii'est,
2878 5294 2979 5347 hoc
3004 5292 3144 5347 idem
3171 5302 3225 5346 et
3249 5290 3485 5359 Spiritus
3511 5295 3733 5359 sanctus
3758 5289 3877 5336 est:

2310 5363 2520 5435 gl._ipse
2554 5362 2796 5435 Spiritus
2833 5354 3064 5435 sanctus
3100 5375 3222 5416 cum
3247 5354 3613 5435 __tnit_titur,na_
3637 5354 3884 5435 Patrenet

2311 5421 2448 5487 Filio
2492 5421 2755 5488 mittitur:
2802 5433 2991 5502 inalio
3013 5442 3175 5502 atque
3212 5431 3317 5502 alio
3366 5430 3482 5484 loco
3522 5424 3757 5497 Spiritus
3785 5421 3884 5475 Dei

2313 5502 2509 5565 Patris,
2534 5512 2582 5556 cl
2614 5501 2812 5559 Christi
2844 5500 3421 5571 Spiritus‘appellatur.
3460 5518 3479 5552 ι

2091 5700 2399 5713 ἡ
