4106 6310
260 280 328 336 Η
1107 266 1348 325 OPUSC.
1390 263 1453 320 ll.
1492 295 1562 304 —-
1599 257 1991 316 ANTILOGUS
2027 256 2304 314 CONTRA
2343 255 2648 314 JUDJEOS.
3451 250 3519 302 1ιί

291 473 1451 506 ..υ-’Μ

855 618 1099 691 23'“
1178 628 1617 747 OPUSC
1638 625 2023 741 ULUM
2111 621 2919 740 SECUNDUM.

509 855 961 921 ANTILOGUS
997 848 1324 916 CONTRA
1369 845 1713 918 JUDJEOS,
1763 844 1871 904 AD
1914 840 2350 901 HONESTUM
2399 841 2648 901 vmuu
2693 838 3286 902 cumssn-iUt-tu

269 1158 675 1210 Aacuunvrou.
701 1177 769 1188 -—-
792 1143 946 1199 rlunc
974 1139 1210 1197 libellum
1230 1136 1712 1213 aoneonfntandos
1738 1132 1956 1213 Judzeos
1979 1129 2351 1213 _coriscrips'it,
2478 1144 2590 1213 quo
2621 1132 2868 1197 pun-imis
2910 1145 3192 1213 sacrarth
3221 1132 3529 1213 litterarum

700 1216 892 1287 probat
920 1198 1006 1274 ea,
1038 1225 1156 1277 qua:
1183 1209 1262 1287 _ab
1290 1206 1397 1287 illis
1443 1206 1604 1273 impie
1645 1211 1930 1287 negantur,
1965 1200 2234 1287 'hoc.est,
2263 1198 2584 1287 'l‘rrinitatem
2623 1215 2978 1279 personarum
3017 1201 3069 1253 in
3118 1201 3306 1287 Divina
3356 1219 3533 1285 essen-

340 1297 417 1349 tia
455 1307 468 1346 :
514 1287 818 1348 Christum,

851 1267 1008 1352 queui
1037 1267 1109 1334 im
1154 1277 1402 1352 Messiam
1427 1267 1617 1352 νοεξηιι
1640 1267 1857 1352 _,.D'eum_
1881 1278 1934 1322 et
1965 1268 2240 1352 hominem
2291 1268 2479 1352 fuisse,
2503 1283 2735 1352 euntque
2758 1267 2874 1352 jam
2897 1271 2952 1323 in
2986 1271 3243 1352 mundum
3289 1276 3532 1329 venisse:

337 1337 997 1429 e't'denivque‘omnia'illis
1014 1343 1716 1437 subterfugiamintercludit,
1750 1341 1944 1409 quibus
1969 1348 2158 1392 contra
2183 1337 2520 1392 Christianos
2549 1339 2772 1392 subdole
2801 1339 2875 1392 uti
2904 1349 3144 1408 possent.

344 1555 555 1599 uomno
617 1549 869 1591 noszsro
929 1543 1233 1586 ctanssuno
1285 1523 1582 1580 secundum
1629 1517 1849 1589 Egypti
1881 1517 2073 1580 Asine
2131 1515 2417 1586 disciplina
2477 1517 2803 1586 quazstioncs
2836 1518 3011 1572 devita
3057 1518 3142 1590 (II
3198 1518 3331 1572 Tim.
3363 1520 3470 1590 n);
3515 1541 3533 1572 ι

276 1635 436 1703 nujus
465 1628 720 1683 tenebras
765 1623 904 1685 viro,
943 1619 1156 1673 PETRUS
1209 1614 1432 1668 ultimus
1464 1610 1856 1666 monachorum

279 1736 486 1784 servus,
512 1723 828 1787 perpetuam
867 1709 1186 1766 cbaritatem
1220 1706 1272 1760 in
1304 1703 1540 1760 Christo.

343 1808 728 1870 Dilectissime,
759 1799 1128 1874 deprecatoria
1151 1797 1307 1852 nobis
1328 1796 1489 1851 verba
1518 1809 1616 1863 per
1633 1791 1859 1846 fratrem

277 1910 528 1958 nostrum
566 1897 804 1951 Leonem
843 1905 1013 1960 nuper
1052 1887 1272 1952 misisti,
1317 1893 1583 1955 quatenus
1630 1880 1724 1936 tibi
1766 1880 1862 1933 ali-

275 1993 410 2064 quid
451 1991 834 2049 scriberemus,
887 1998 994 2053 quo
1043 1995 1184 2050 saepe
1220 1976 1618 2034 decertantium
1645 1973 1740 2028 tibi
1769 1973 1861 2026 .lu-

277 2087 522 2139 dzeorum
561 2093 656 2134 ora
698 2073 1053 2130 rationalibus
1095 2067 1430 2140 argumentis
1463 2065 1780 2128 obstruere;
1807 2070 1863 2116 et

278 2175 345 2228 de
375 2173 599 2227 Christo
622 2169 688 2223 ad
741 2165 1168 2222 controversiam
1202 2161 1506 2223 venientes,
1527 2157 1866 2214 evidentissi-

279 2267 388 2319 mis
430 2276 616 2332 posses
671 2274 839 2314 sacra:
881 2255 1172 2325 Scriptura:
1221 2251 1545 2308 testimoniis
1585 2262 1862 2318 superare.

279 2353 391 2408 Sed
426 2354 470 2407 si
504 2351 703 2405 Christi
733 2348 888 2402 miles
909 2362 1052 2410 esse,
1081 2353 1135 2399 et
1159 2359 1258 2414 pro
1281 2357 1346 2398 eo
1375 2340 1601 2396 viriliter
1626 2351 1866 2408 pugnare

281 2442 582 2503 desideras,
621 2447 810 2494 contra
860 2435 1044 2491 carnis
1093 2433 1243 2496 vitia,
1285 2439 1477 2487 contra
1531 2427 1726 2484 diaboli
1752 2441 1868 2480 ma-

280 2534 478 2587 chinas
513 2529 738 2599 insignis
771 2526 998 2582 bellator
1021 2539 1173 2578 arma
1205 2521 1383 2592 potius
1410 2519 1655 2588 corripe;
1687 2518 1868 2573 hostes

283 2623 580 2686 videlicet,
631 2621 723 2690 qui
774 2632 1050 2688 nunquam
1101 2615 1406 2670 moriuntur
1435 2631 1448 2666 :
1477 2627 1641 2681 quam
1677 2619 1867 2669 contra

284 2717 525 2780 Iudaeos,
557 2715 648 2784 qui
675 2714 787 2783 jam
815 2713 882 2766 de
909 2720 1055 2765 terra
1091 2722 1226 2779 pene
1275 2705 1431 2762 deleti
1469 2712 1611 2760 sunt.
1644 2703 1870 2760 Verum-

286 2819 473 2860 tamen
502 2814 557 2858 et
579 2803 703 2856 huic
727 2802 902 2856 studio
929 2814 1028 2870 ego
1055 2811 1397 2867 nequaquam
1435 2796 1658 2864 derogo,
1687 2792 1795 2845 imo
1815 2798 1869 2845 et

1960 1609 2209 1679 protinus
2265 1610 2502 1665 addidit:
2558 1630 2578 1663 ι
2646 1609 2875 1666 Servum
2933 1623 3109 1666 autem
3174 1613 3385 1668 Domini
3432 1629 3538 1667 non

1960 1706 2419 1776 oportetlitigare,
2447 1706 2540 1761 sed
2569 1716 2909 1762 mansuetum
2942 1721 3062 1762 esse
3104 1709 3170 1761 ad
3199 1722 3410 1772 omnes,
3441 1710 3539 1762 do-

1962 1795 2195 1858 cibilem,
2227 1795 2544 1864 patientem,
2597 1812 2720 1850 cum
2757 1787 2922 1851 omni"
2946 1797 3207 1852 modestia
3236 1797 3540 1866 corripien—

1962 1892 2070 1938 tem
2121 1898 2233 1947 eos,
2276 1883 2368 1953 qui
2415 1883 2696 1949 resistunt,
2742 1900 2808 1939 ne
2847 1885 3062 1954 quando
3118 1886 3209 1939 det
3247 1886 3352 1940 illis
3402 1887 3542 1940 Deus

1960 1973 2338 2041 paenitentiam
2385 1975 2451 2028 ad
2482 1975 2910 2042 cognoscendam
2960 1976 3266 2040 veritatem,
3314 1985 3367 2030 et
3409 1977 3544 2030 resi-

1962 2065 2172 2132 piscaut
2211 2079 2241 2117 a
2274 2064 2471 2120 diaboli
2499 2065 2725 2134 laqueis,
2755 2082 2784 2120 a
2811 2082 2918 2136 quo
2948 2067 3143 2136 captivi
3170 2077 3445 2132 tenentur,
3475 2069 3543 2122 ad

1964 2154 2132 2223 ipsius
2158 2154 2488 2209 voluntatem
2540 2155 2752 2227 (Ibid.).
2809 2177 2826 2209 ι
2878 2157 2983 2213 Sed
3015 2173 3136 2212 cum
3183 2160 3360 2213 omnia
3411 2175 3548 2228 pene

1967 2246 2178 2301 Veteris
2217 2247 2550 2302 Testamenti
2598 2249 2867 2304 volumina
2912 2251 3274 2306 testimonium
3329 2252 3549 2308 Christo

1967 2339 2308 2409 perhibeant,
2370 2356 2470 2396 nos
2515 2343 2815 2412 postposita
2859 2345 3145 2400 verborum
3183 2345 3547 2408 multitudine,

1967 2444 2135 2498 pauca
2170 2439 2224 2484 et
2275 2441 2546 2500 apertiora
2589 2432 2974 2502 prophetarum
3034 2435 3340 2489 testimonia
3391 2450 3553 2490 cura-

1968 2533 2087 2573 mus
2119 2534 2412 2590 apponere,
2439 2521 2637 2590 quibus
2655 2534 2832 2577 tamen
2856 2533 3044 2578 contra
3068 2539 3281 2579 omnem
3312 2526 3554 2580 Judaicze

1967 2611 2251 2680 pravitatis
2299 2611 2591 2677 insaniam,
2649 2622 2705 2666 et
2754 2628 2939 2668 eorum
2975 2624 3195 2670 ventosa
3245 2627 3552 2670 commenta

1970 2703 2148 2760 valeas
2201 2720 2324 2760 cuin
2374 2705 2469 2760 Dei
2522 2704 2788 2773 adiutorio
2825 2707 3072 2762 obtinere
3126 2708 3434 2764 victoriam.
3485 2710 3555 2764 Et

1970 2797 2095 2867 quia
2123 2798 2316 2868 sagitta
2354 2798 2613 2853 directius
2663 2799 2916 2864 mittitur,
2968 2801 3014 2854 si
3083 2810 3254 2865 meta,
3284 2801 3368 2856 cui
3404 2800 3555 2871 inﬁgi

288 2903 486 2949 vestrze
517 2891 763 2962 petitioni
812 2889 1147 2952 satisfacere,
1181 2901 1394 2956 aequum
1440 2899 1558 2940 esse
1613 2883 1862 2938 decerno.
1898 2865 1941 2922 Β
1971 2889 2186 2954 debeat,
2242 2906 2272 2944 e
2307 2889 2522 2944 diverso
2557 2891 2810 2960 primitus
2849 2893 3176 2962 Opponatur,
3227 2909 3326 2948 nos
3379 2894 3554 2962 ipsum

289 2982 642 3037 Inhonestum
689 2981 885 3050 quippe
930 2988 1034 3042 est,
1082 2988 1138 3032 ut
1186 2976 1587 3032 ecclesiasticus
1630 2973 1713 3028 vir
1761 2974 1867 3036 his,

287 3077 381 3146 qui
439 3073 574 3128 foris
619 3081 763 3138 sunt,
821 3071 1300 3135 calumniantibus,
1355 3083 1452 3138 per
1512 3065 1870 3138 ignorantiam

289 3169 666 3223 conticeseat:
701 3176 755 3222 et
782 3167 1127 3222 Christianus
1173 3165 1237 3219 de
1272 3162 1488 3219 Christo
1531 3161 1754 3216 reddere
1781 3175 1871 3214 ra-

292 3261 499 3314 tionem
558 3259 830 3323 nesciens,
889 3257 1121 3311 inimicis
1169 3255 1554 3311 insultantibus
1595 3253 1772 3308 victus
1819 3256 1874 3308 et

293 3352 554 3407 confusus
598 3351 874 3406 abscedat.
932 3350 1048 3404 lluc
1092 3349 1321 3414 accedit,
1369 3348 1511 3417 quod
1550 3360 1690 3416 sazpc
1717 3345 1875 3416 hujus

294 3442 374 3495 rei
403 3443 566 3495 noxia
603 3440 892 3510 imperitia,
922 3448 978 3494 et
1019 3439 1259 3494 cavenda
1299 3437 1618 3506 simplicitas
1646 3450 1750 3490 non
1788 3451 1875 3490 so-

294 3531 408 3584 lum
438 3531 721 3586 audaciam
763 3531 1054 3587 incredulis
1089 3531 1344 3602 suggerit,
1390 3532 1483 3585 sed
1516 3530 1684 3584 etiam
1720 3542 1873 3584 erro-

297 3639 411 3678 rem
441 3633 498 3678 et
524 3624 856 3678 dubietatem
879 3625 932 3677 in
963 3625 1217 3679 cordibus
1248 3623 1487 3679 ﬁdelium
1522 3623 1710 3694 gignit.

368 3714 436 3768 Et
459 3729 584 3769 cum
615 3716 729 3769 hate
753 3715 976 3770 scientia
1000 3715 1066 3768 ad
1095 3716 1253 3770 ﬁdem
1283 3723 1431 3770 certe
1450 3724 1556 3769 tota
1586 3714 1872 3784 pertineat.

301 3805 432 3860 ﬁdes
463 3813 644 3859 autem
671 3806 910 3860 omnium
945 3805 1201 3860 virtutum
1250 3806 1320 3861 sit
1355 3806 1708 3876 proculdubio
1758 3806 1876 3860 fun-

301 3895 651 3960 damentum;
703 3895 790 3949 ubi
824 3895 1228 3950 fundamentum
1280 3898 1536 3966 quatitur,
1593 3906 1700 3952 tota
1754 3912 1877 3951 mox

299 3985 512 4039 :ediﬁcii
545 3983 750 4040 fabrica
777 3987 1131 4056 praecipitium
1178 3988 1382 4043 ruitura
1414 3991 1665 4044 minatur.
1693 3990 1880 4044 Scien-

300 4075 428 4129 dum
477 4086 653 4132 tamen
704 4087 805 4142 est,
841 4080 967 4148 quia
1007 4094 1114 4132 non
1152 4096 1304 4133 vanze
1346 4080 1528 4149 gloriae
1580 4096 1766 4146 causa,
1792 4081 1878 4134 vel

298 4169 416 4224 solo
447 4170 828 4234 jcontentionis
874 4185 1058 4225 amore
1109 4169 1270 4224 debet
1313 4170 1655 4226 Christianus
1693 4172 1776 4225 vir
1810 4171 1878 4225 ad

301 4263 404 4316 hoc
434 4270 711 4316 certamen
751 4261 1039 4316 accedere:
1078 4262 1171 4316 sed
1199 4261 1268 4316 ob
1297 4261 1348 4315 id
1388 4263 1567 4331 potius
1597 4264 1641 4317 si
1678 4277 1736 4317 se
1761 4279 1878 4334 spe-

302 4360 389 4404 rat
427 4350 631 4420 aliquid
689 4352 755 4406 de
792 4351 1162 4406 conversionis
1217 4351 1390 4422 gratia
1430 4353 1570 4421 apud
1618 4353 1882 4423 litigantis

303 4440 545 4492 animum
571 4453 731 4509 posse
770 4440 1045 4508 prodesse.
1089 4439 1242 4495 Unde
1270 4450 1325 4494 et
1371 4441 1567 4497 Paulus
1605 4442 1676 4496 ait
1707 4460 1721 4497 :
1756 4461 1773 4493 ι
1823 4442 1882 4498 Si

306 4530 428 4599 quis
450 4529 563 4582 vult
589 4531 958 4585 contentiosus
1005 4545 1125 4586 esse
1149 4547 1164 4595 ;
1191 4547 1288 4586 nos
1317 4532 1622 4602 hujusmodi
1652 4548 1881 4589 consue-

308 4622 550 4676 tudinem
598 4637 704 4677 non
737 4625 994 4678 habemus
1048 4623 1096 4695 (ι
1129 4623 1254 4678 Cor.
1281 4623 1364 4693 ιι).
1406 4644 1425 4676 ι
1460 4624 1527 4678 Et
1562 4627 1632 4679 ad
1662 4625 1879 4680 Titum:

311 4731 329 4764 ι
378 4713 586 4768 Stultas
614 4723 794 4769 autem
824 4716 1168 4784 quaestiones,
1206 4724 1259 4769 et
1289 4717 1645 4786 genealogias,
1681 4727 1732 4772 et
1754 4732 1885 4772 con-

310 4805 600 4868 tentiones,
623 4816 678 4860 ct
699 4823 906 4876 pugnas
938 4807 1075 4879 legis.
1090 4807 1264 4862 devita
1292 4827 1303 4860 :
1339 4819 1464 4863 sunt
1493 4809 1634 4869 enim
1665 4809 1884 4865 inutiles

311 4906 361 4950 et
391 4913 542 4952 rana:
566 4897 692 4968 (Tit.
727 4898 806 4968 ιι).
841 4919 859 4949 ι
894 4898 960 4952 Et
980 4916 1100 4954 cum
1128 4902 1250 4969 quis
1276 4902 1340 4955 de
1373 4902 1474 4956 hoc
1501 4902 1714 4971 negotio
1738 4903 1884 4957 litem

311 4998 510 5055 movet,
540 4989 910 5045 admonendus
945 5000 1029 5046 est
1079 5001 1136 5046 ut
1174 5007 1282 5046 non
1323 4995 1884 5064 contumelieejurgio.

313 5080 394 5133 vel
434 5080 703 5148 superbia:
739 5083 902 5150 typho
950 5085 1363 5139 contendentem
1410 5098 1735 5155 exasperet:
1791 5086 1887 5140 sed

311 5171 428 5238 ejus
468 5182 704 5228 mentem
751 5175 1015 5230 charitate
1055 5177 1332 5239 benevola.
1399 5186 1454 5232 et
1497 5178 1886 5246 patientissima

312 5264 581 5333 gravitate
626 5266 954 5322 demulceat:
997 5277 1267 5338 quatenus
1309 5268 1575 5338 lapideum
1604 5287 1717 5334 eor,
1744 5272 1887 5340 quod

315 5353 482 5407 ell'usa
532 5356 887 5411 amaritudine
935 5357 1172 5412 deterius
1234 5366 1448 5426 poterat
1506 5360 1886 5426 obdurescere,

315 5447 557 5501 modesta
607 5448 892 5504 verborum
942 5449 1167 5506 dulcedo
1208 5451 1276 5506 ad
1302 5451 1627 5506 credendum
1667 5452 1887 5507 forsitan

1973 2979 2348 3050 eonﬁigeutem
2395 2977 2637 3036 Iudaeum
2689 2979 3226 3043 hic'introducimus.
3267 2993 3324 3036 ut
3367 2983 3554 3036 verbo-

1973 3084 2093 3125 rum
2125 3082 2432 3124 nostrorum
2463 3070 2667 3138 spicula
2695 3085 2803 3125 non
2832 3072 2884 3124 in
2926 3081 3145 3126 ventum
3177 3071 3345 3126 effusa
3382 3071 3554 3124 inani-

1973 3169 2056 3214 ter
2081 3160 2331 3226 defluant,
2366 3163 2459 3216 sed
2479 3163 2546 3216 ad
2578 3171 2778 3216 certam
2804 3163 2980 3231 potius
3004 3165 3286 3217 materiam
3315 3162 3554 3232 iaculata

1975 3251 2304 3321 pertingant.

1997 3381 2001 3384 .
2069 3342 2175 3412 25
2210 3341 2278 3396 In
2303 3345 2508 3398 nomine
2530 3343 2761 3409 Domini,
2789 3345 2967 3414 incipit
2999 3347 3112 3412 ipsa
3141 3348 3456 3415 caiigressio.

2049 3432 2145 3486 Dic
2183 3434 2366 3504 igi:ur,
2402 3449 2435 3488 0
2489 3432 2672 3489 Iudaee
2707 3434 2818 3504 (qui
2850 3435 2977 3488 dum
3013 3435 3334 3490 Trinitatem
3371 3452 3553 3506 negas.

1977 3533 2032 3580 et
2059 3526 2318 3580 unitatem
2349 3533 2744 3593 consequenter
2779 3525 3020 3596 ignoras)
3053 3526 3096 3579 si
3132 3526 3292 3590 Deus,
3318 3537 3374 3580 ut
3405 3543 3554 3582 asse-

1979 3615 2073 3680 ris,
2103 3631 2242 3671 unus
2273 3624 2355 3670 est
2391 3616 2445 3669 in
2480 3631 2732 3684 persona,
2761 3633 2846 3671 Clll
2879 3617 3012 3670 dixit
3041 3631 3054 3668 :
3093 3634 3110 3666 ι
3143 3617 3428 3671 Faciamus
3457 3618 3555 3671 ho-

1980 3709 2177 3764 minem
2225 3710 2290 3763 ad
2339 3710 2648 3778 imaginem,
2704 3721 2760 3764 et
2813 3711 3218 3766 similitudinem
3273 3716 3558 3768 nostram?

1982 3798 2129 3869 (Gen.
2165 3800 2226 3868 l.)
2261 3820 2278 3850 ι
2315 3799 2447 3854 Nam
2479 3801 2524 3855 si
2557 3816 2660 3854 una
2688 3810 2834 3857 esset
2863 3803 2916 3856 in
2949 3801 3146 3856 deitale
3175 3818 3427 3871 persona,
3453 3819 3558 3857 non

1981 3894 2186 3950 diceret
2230 3914 2249 3946 ι
2284 3895 2578 3960 faciamus,
2618 3914 2638 3948 ›
2703 3895 2797 3950 sed
2849 3895 3064 3950 faciam.
3099 3895 3155 3949 Si
3217 3903 3327 3950 tres
3379 3905 3561 3951 essent

1982 3988 2319 4052 substantiae,
2344 4004 2451 4042 non
2485 3989 2690 4042 diceret
2715 3987 3066 4058 singulariter
3095 4005 3114 4038 ι
3151 3988 3437 4058 imaginem
3464 4003 3559 4041 uo-

1982 4087 2185 4140 stram,
2226 4097 2243 4128 ι
2280 4079 2374 4133 sed
2403 4079 2582 4149 potius
2632 4080 2895 4149 imagines
2938 4087 3170 4134 nostras.
3215 4081 3350 4134 Dum
3400 4080 3561 4149 igitur

1990 4187 2006 4218 ι
2039 4169 2298 4224 faciamus
2332 4189 2350 4220 ι
2384 4179 2590 4224 asserat
2618 4172 2838 4236 trinum,
2871 4190 2887 4220 ι
2927 4171 3215 4241 imaginem
3260 4182 3500 4227 nostram
3536 4191 3554 4222 ι

1985 4262 2226 4317 declaret
2260 4279 2422 4316 unum
2445 4303 2458 4327 ,
2492 4273 2706 4317 constat
2735 4263 3135 4317 evidentissime
3168 4264 3334 4318 Deum
3369 4279 3559 4318 essen-

1986 4354 2184 4408 tialiter
2222 4370 2387 4408 unum
2423 4354 2592 4409 tribus
2624 4362 2876 4409 constare
2907 4355 3172 4424 personis.
3203 4355 3318 4416 Eia,
3355 4355 3557 4418 Judaee,

1984 4459 2146 4514 perge
2177 4460 2272 4513 per
2307 4445 2470 4499 silvas
2513 4445 2682 4499 divini
2713 4444 2937 4513 eloquii,
2971 4461 3180 4500 mecum
3210 4447 3369 4501 simul
3415 4447 3560 4502 ince-

1984 4537 2070 4601 de,
2106 4538 2237 4608 legis
2267 4547 2369 4592 tua:
2401 4539 2624 4609 paginas
2677 4539 2915 4594 studiose
2938 4539 3190 4604 revolve,
3230 4541 3468 4610 nunquid
3509 4543 3560 4594 in

1986 4631 2066 4685 eis
2109 4631 2314 4700 aliquid
2351 4631 2480 4687 huic
2529 4639 2730 4686 nostrze
2775 4633 3062 4687 assertioni
3093 4633 3330 4703 reperies
3361 4635 3562 4687 discre-

1984 4735 2116 4788 pare
2141 4720 2164 4773 ?
2189 4720 2327 4774 Audi
2376 4721 2505 4789 quid
2551 4729 2673 4775 tuus
2711 4721 2919 4792 Moyses
2966 4725 3162 4777 iterum
3195 4723 3335 4776 dicat
3364 4740 3376 4777 :
3414 4743 3430 4773 ι
3463 4724 3560 4777 llic

1985 4821 2066 4864 est
2113 4809 2251 4865 liber
2294 4810 2658 4881 generationis
2717 4813 2888 4866 Adam
2942 4814 2992 4866 in
3062 4814 3146 4868 die
3195 4828 3297 4882 qua
3354 4816 3562 4867 creavit

1987 4903 2127 4957 Deus
2166 4903 2462 4968 hominem,
2491 4906 2558 4960 ad
2592 4905 2881 4974 imaginem
2931 4907 3022 4960 Dei
3056 4904 3182 4961 fecit
3212 4906 3359 4960 illum
3400 4925 3412 4960 :
3449 4924 3563 4960 ma-

1987 4992 2192 5048 sculum
2221 5003 2276 5048 et
2301 4993 2557 5054 feminam
2606 4997 2811 5050 creavit
2835 5011 2929 5049 eos
2974 4995 3125 5064 (Gen.
3160 4997 3219 5066 t).
3247 5017 3263 5048 ι
3292 4999 3427 5063 Quid
3455 5009 3559 5062 est,

1988 5085 2128 5152 quod
2166 5099 2272 5138 non
2301 5083 2532 5149 dicitur,
2568 5087 2693 5153 quia
2739 5086 2878 5139 Deus
2923 5085 3128 5140 creavit
3176 5087 3447 5142 hominem
3497 5089 3563 5140 ad

1989 5177 2275 5246 imaginem
2306 5186 2362 5231 et
2383 5180 2786 5233 similitudinem
2815 5194 2965 5233 suam
3013 5198 3026 5234 :
3079 5182 3171 5236 sed
3196 5182 3334 5236 Deus
3361 5184 3556 5240 creavit

1989 5268 2264 5322 hominem
2291 5269 2355 5322 ad
2385 5268 2677 5338 imaginem
2701 5268 2826 5333 Dei;
2859 5266 2964 5324 nisi
2987 5280 3048 5324 ut
3070 5271 3350 5339 perspicue
3375 5272 3565 5326 distin«

1988 5369 2182 5429 goazur
2209 5370 2441 5428 persona
2493 5359 2673 5415 Patris
2702 5369 2754 5415 et
2781 5360 2936 5416 Filii?
2969 5360 3066 5415 Cui
3099 5362 3274 5418 simile
3297 5371 3382 5417 est
3407 5363 3563 5429 illud,

1990 5451 2133 5520 quod
2163 5465 2258 5520 per
2292 5451 2539 5505 eumdem
2590 5451 2826 5523 Moysen)
2866 5453 3063 5509 iterum
3107 5454 3302 5509 dicitur
3344 5470 3359 5508 :
3405 5473 3423 5506 ι
3457 5456 3562 5510 De-

316 5539 491 5594 raleat
523 5539 785 5594 emollire.
819 5540 956 5595 Hinc
989 5551 1089 5604 est,
1135 5541 1276 5611 quod
1324 5541 1464 5596 idem
1507 5542 1793 5611 Apostolus
1820 5544 1885 5599 ad
1914 5565 1966 5625 ι)
1993 5546 2207 5602 scendit
2234 5553 2412 5598 autem
2439 5546 2701 5601 Dominus
2727 5559 2785 5602 ut
2813 5547 2860 5600 vi
2882 5548 3018 5601 feret
3053 5548 3345 5612 civitatem,
3371 5557 3427 5602 et
3455 5557 3567 5602 tur-

317 5630 658 5689 Timotheum
703 5649 821 5687 cum
874 5633 1262 5702 pratmisisset:
1318 5653 1334 5685 ι
1380 5632 1584 5689 Stultas
1622 5646 1800 5690 autem
1833 5649 1885 5694 et

639 5727 911 5788 Ριιτιιυι..
951 5731 1192 5792 CXLV.

1998 5641 2121 5702 rim,
2149 5651 2308 5705 quam
2332 5635 2596 5691 artiiﬁcant
2630 5637 2721 5692 ﬁlii
2753 5638 2918 5690 Adam
2947 5636 3096 5707 (Cen.
3125 5638 3221 5708 XI).
3259 5656 3279 5692 ι
3317 5637 3383 5692 Ει
3410 5638 3567 5708 paulo

3020 5727 3056 5768 ι)

3021 5765 3057 5783 .3
