4106 6310
564 235 625 292 l5

583 357 677 410 zost
708 348 954 403 subditur
986 364 998 399 :

584 413 746 495 bmus
785 439 857 495 ibi
899 438 1131 513 linguam
1178 451 1363 491 eorum
1389 434 1540 505 (Gen.
1572 435 1667 505 xx).
1708 453 1726 486 ι

632 530 793 586 Vides
828 529 1012 600 igitur.
1064 528 1212 598 quia,
1247 545 1265 580 ι
1309 526 1586 582 descendit
1614 524 1872 580 Dominus
1918 543 1938 574 ι
1968 525 2129 575 uitam

555 619 853 674 divinitatis
878 617 1113 673 declaret
1134 617 1457 679 essentiam;
1480 633 1497 665 ι
1518 613 1734 668 venite»
1767 620 1946 666 autem
1984 628 2002 660 ι
2033 609 2127 665 de-

553 706 873 762 scendamus
908 726 926 759 ι
965 714 1074 760 tres
1126 705 1315 761 doceat
1357 718 1480 759 esse
1522 715 1800 772 personas.
1850 698 2127 768 Interroga

552 797 712 851 etiam
750 796 1058 864 Abraham,
1088 809 1256 865 quare
1287 804 1397 849 tres
1427 793 1595 858 vidit,
1636 801 1691 847 et
1731 806 1898 845 unum
1931 788 2126 844 adora-

549 887 664 942 vit?
691 887 961 955 Scriptum
990 886 1186 957 quippe
1212 894 1333 941 est:
1365 901 1383 936 ι
1422 882 1686 953 Apparuit
1714 882 1763 936 ei
1792 880 2049 935 Dominus
2073 878 2125 932 in

551 976 794 1032 convalle
844 975 1084 1031 Mambre
1125 974 1333 1030 sedenti
1375 973 1429 1028 in
1481 972 1623 1027 ostio
1666 967 2000 1024 tabernaculi
2042 968 2124 1022 sui

547 1068 603 1122 in
646 1069 760 1139 ipso
787 1065 999 1122 fervore
1026 1065 1128 1121 diei
1162 1062 1312 1138 (Gen.
1339 1063 1492 1136 XVII!)
1522 1080 1537 1129 ;
1570 1081 1589 1115 ι
1621 1061 1813 1117 deinde
1840 1059 2121 1115 subditur:

556 1180 573 1211 ι
607 1160 848 1230 Cumque
877 1159 1141 1215 elevasset
1163 1158 1348 1213 oculos
1376 1172 1523 1224 suos,
1548 1161 1914 1226 apparuerunt
1939 1151 1987 1207 ei
2015 1160 2123 1206 tres

547 1252 649 1305 viri
680 1259 885 1307 stantes
920 1265 1085 1321 pr0pe
1118 1250 1267 1304 illum
1310 1248 1473 1319 (Ibid.
1502 1249 1543 1319 ).
1586 1267 1603 1299 ι
1640 1246 1777 1304 Ecce
1826 1259 1948 1300 cum
1986 1257 2122 1312 prae-

548 1340 774 1393 missum
805 1340 903 1404 sit,
942 1338 1191 1409 apparuit
1219 1338 1266 1392 ei
1300 1338 1588 1404 Dominus;
1620 1334 1712 1392 ubi
1751 1349 1914 1390 causa
1943 1332 2121 1388 reddi-

547 1439 659 1492 tur,
702 1443 808 1482 non
837 1428 1055 1494 dicitur,
1088 1428 1338 1497 apparuit
1371 1426 1420 1481 ei
1469 1426 1583 1491 vir,
1634 1423 1726 1479 sed
1754 1429 2119 1493 apparuerunt

543 1519 594 1572 ei
640 1525 749 1572 tres
798 1516 920 1571 viri.
961 1515 1061 1571 Ubi
1105 1524 1358 1587 patenter
1394 1513 1715 1578 ostenditur,
1761 1513 1885 1583 quia
1917 1513 1992 1577 is,
2025 1509 2116 1581 qui

543 1607 642 1662 sibi
681 1605 965 1676 apparuit,
997 1614 1053 1660 et
1078 1610 1218 1660 unus
1245 1605 1299 1659 in
1340 1603 1641 1659 substantia
1670 1601 1907 1669 deitatis,
1930 1609 1983 1655 et
2012 1601 2113 1655 tri-

988 224 1045 289 ἐ.
1085 232 1290 289 PETRI
1331 231 1615 289 DAMIANI
1655 229 1813 287 OPP.
1851 227 2088 286 TOMUS
2125 227 2255 284 SEU
2289 226 2472 281 PARS
2506 224 2592 280 Ill.
2629 255 2700 268 -υ-
2738 225 3101 283 OPUSCULA
3141 225 3369 282 VARIA.

1044 365 1056 398 :
1092 365 1109 397 ‹
1142 345 1347 410 Venite,
1378 345 1785 409 descendamus,
1816 351 1870 397 et
1903 341 2128 397 confun-
2160 344 2204 400 Δ
2234 340 2367 394 ﬁnes
2399 349 2556 394 terra:
2580 339 2768 410 (Ibid.)
2803 360 2820 391 ι
2854 341 2941 406 Ει,
2979 351 3038 395 ιιι
3083 342 3208 397 huic
3235 383 3248 407 ,
3283 358 3444 413 quam
3479 359 3577 414 per
3610 360 3671 400 os
3700 347 3806 401 Da-

3733 234 3802 287 ιι

2232 432 2318 485 vid
2352 429 2586 500 Spiritus
2621 440 2841 488 sanctus
2891 433 3165 503 eloquitur
3188 474 3204 500 ,
3244 434 3407 489 aliam
3445 451 3662 507 quoque
3707 441 3804 496 Dei

2230 523 2662 579 benedictionem
2711 524 2940 581 similem
2980 526 3413 582 demonstremus
3437 566 3454 594 ,
3490 530 3559 584 ad
3602 530 3800 587 librum

2229 610 2449 669 Numeri
2498 628 2864 671 recurramus.
2933 615 3011 671 lbi
3066 616 3298 686 denique
3352 619 3618 689 scriptum
3672 633 3798 677 est:

2234 722 2252 756 ι
2288 703 2519 760 Locutus
2548 716 2632 761 est
2658 706 2918 762 Dominus
2948 706 3017 761 ad
3044 706 3286 778 Moysen,
3323 727 3341 760 ι
3385 708 3609 765 dicens:
3645 729 3663 762 ι
3696 701 3837 766 ιο(

2226 810 2392 864 quere
2417 793 2599 851 Aaron
2648 805 2704 851 et
2753 796 2879 852 ﬁliis
2920 794 3036 865 ejus
3076 812 3090 851 :
3135 796 3227 852 Sic
3281 797 3612 854 benedicctis
3673 800 3801 855 ﬁliis

2225 882 2409 950 Israel,
2441 893 2499 939 et
2543 884 2735 940 dicetis
2780 885 2903 940 eis:
2931 884 3221 940 Bcnedicat
3267 886 3365 942 tibi
3409 886 3708 954 Dominus,
3743 902 3799 944 ct
3860 924 3867 929 -

2224 972 2493 1027 custodiat
2523 980 2616 1038 te;
2647 974 2898 1027 ostendat
2940 973 3207 1029 Dominus
3251 972 3447 1028 faciem
3472 990 3628 1030 suam
3677 977 3794 1042 tibi,

2224 1070 2280 1116 et
2302 1062 2625 1118 misereatur
2649 1062 2723 1116 tui
2750 1079 2766 1129 ;
2802 1072 3084 1119 convertat
3111 1064 3371 1120 Dominus
3400 1066 3609 1122 vultum
3639 1084 3795 1125 suum

2223 1148 2289 1204 ad
2310 1154 2382 1214 te,
2411 1149 2570 1204 etdet
2593 1148 2686 1203 tibi
2702 1164 2891 1219 pacem
2916 1150 3104 1221 (Num.
3129 1152 3228 1224 vt).
3252 1172 3273 1207 ι
3301 1153 3389 1221 Ει,
3423 1164 3481 1208 ut
3507 1156 3795 1225 clarescat,

2222 1237 2349 1306 quia
2377 1252 2516 1293 unus
2544 1246 2629 1293 est
2662 1238 2825 1305 Deus,
2852 1238 3008 1310 cujus
3050 1238 3243 1297 nemen
3275 1244 3415 1299 trina
3442 1260 3605 1315 super
3627 1236 3791 1319 popu-

2223 1326 2331 1381 lum
2360 1328 2643 1385 vocatione
2681 1329 2960 1398 repetitur,
2991 1330 3133 1385 illico
3166 1332 3501 1389 subinfertur
3532 1354 3547 1390 :
3584 1354 3603 1388 ι
3642 1338 3796 1394 Invo-

2221 1415 2421 1471 cabunt
2454 1432 2649 1472 nomen
2691 1431 2867 1471 meum
2898 1432 3063 1489 super
3088 1419 3227 1476 ﬁlios
3254 1420 3440 1490 Israel,
3474 1432 3530 1480 et
3572 1441 3671 1497 ego
3696 1428 3793 1483 be-

2221 1498 2472 1564 nedicam
2505 1507 2607 1565 eis.
2642 1528 2661 1562 ι

2288 1600 2446 1666 Ecce,
2483 1614 2516 1656 ο
2539 1600 2744 1668 Judaze,
2780 1603 2905 1657 dum
2941 1612 3134 1660 cuncta
3179 1620 3317 1677 pene
3345 1607 3478 1681 legis
3514 1618 3617 1666 tua:
3647 1614 3794 1669 volu-

542 1714 644 1754 nus
686 1707 769 1754 est
816 1698 871 1752 in
900 1699 1164 1767 personis.
1213 1695 1366 1764 Quod
1419 1696 1586 1766 ipsius
1629 1710 1844 1766 quoque
1886 1694 2118 1750 Abrahae
2144 1685 2191 1744 B
2218 1691 2364 1746 ruina
2393 1692 2718 1749 revolvendo
2748 1695 3137 1764 percurrimus,
3180 1700 3444 1755 unitatem
3487 1702 3681 1760 divina:
3708 1721 3798 1761 es-

542 1793 705 1845 verba
732 1799 1017 1852 testantur,
1052 1804 1173 1844 cum
1207 1789 1337 1844 dicit
1367 1805 1432 1842 τι(
1464 1787 1711 1852 Domine,
1737 1785 1933 1855 inquit,
1963 1785 2009 1840 si
2035 1784 2116 1838 in-

541 1880 662 1933 veni
719 1879 949 1949 gratiam
996 1879 1048 1932 in
1090 1878 1262 1933 oculis
1306 1876 1445 1941 tuis,
1487 1892 1556 1932 ne
1605 1885 1847 1932 transeas
1901 1890 2113 1931 servum

542 1981 692 2026 tuum
721 1991 733 2027 :
758 1974 853 2029 sed
876 1970 1097 2028 oﬁ‘eram
1122 1970 1417 2041 pauxillum
1449 1984 1603 2039 aquae
1620 2010 1633 2033 ,
1667 1976 1723 2024 et
1748 1968 1993 2024 laventur
2016 1982 2113 2038 pe-

542 2064 637 2117 des
672 2063 858 2126 vestri,
906 2072 961 2117 et
1008 2062 1333 2131 requiescite
1402 2064 1502 2115 sub
1573 2060 1764 2114 arbore
1809 2057 1988 2128 (Ibid.
2010 2058 2051 2127 ).
2092 2077 2110 2109 ι

543 2153 639 2205 Cui
681 2153 845 2207 etiam
877 2151 1153 2221 aptissime
1188 2150 1437 2221 congruit
1478 2149 1638 2215 illud,
1684 2148 1824 2217 quod
1867 2148 1933 2203 de
1977 2147 2113 2203 Loth

540 2244 822 2308 serihitur,
860 2242 983 2312 quia
1008 2232 1130 2297 cum
1154 2257 1276 2296 eum
1297 2240 1405 2295 duo
1426 2238 1600 2311 angeli
1629 2252 1694 2293 ex
1715 2238 1962 2295 Sodomis
1990 2255 2115 2294 mox

542 2333 919 2388 subvertendis
952 2334 1269 2399 educerent,
1302 2332 1379 2387 ait
1406 2330 1473 2386 ad
1496 2346 1591 2387 eos
1627 2330 1766 2385 Loth
1802 2348 1817 2385 :
1847 2348 1867 2382 ι
1901 2329 2112 2398 Quaeso,

542 2425 770 2481 Domine
796 2426 891 2492 mi,
916 2426 1042 2496 quia
1074 2427 1283 2480 invenit
1305 2439 1494 2481 servus
1522 2433 1643 2479 tuus
1668 2423 1901 2495 gratiam
1927 2439 2114 2481 coram

540 2529 595 2573 te
644 2514 797 2587 (Gen.
829 2518 1027 2589 x1x);r
1076 2518 1165 2571 ubi
1218 2517 1382 2572 etiam
1430 2515 1590 2586 paulo
1648 2521 1771 2586 post
1825 2515 2111 2572 subditur:

545 2627 562 2658 ι
597 2607 734 2660 Pluil
769 2607 931 2677 igitur
958 2607 1215 2661 Dominus
1243 2621 1406 2675 super
1448 2605 1760 2672 Sodomam,
1798 2614 1852 2660 et
1890 2605 2118 2661 Gomor-

542 2696 696 2750 rham
729 2697 984 2766 sulphur,
1015 2704 1069 2751 et
1091 2696 1268 2768 ignem
1293 2713 1323 2750 a
1353 2697 1578 2752 Domino
1611 2696 1678 2752 de
1707 2695 2111 2768 ctelo(1bid.).t

543 2788 677 2842 Cum
753 2790 894 2844 enim
959 2789 1216 2844 Dominus
1276 2804 1305 2842 a
1372 2789 1596 2844 Domino
1655 2787 1841 2859 pluere
1896 2789 2113 2857 dicitur,

541 2889 691 2947 patet
736 2880 1013 2952 profecto,
1045 2881 1167 2950 quia
1229 2890 1490 2950 utraque,
1537 2880 1713 2936 Patris
1764 2880 2017 2937 videlicet
2063 2890 2119 2937 et

538 2974 682 3040 FilLi,
720 2989 948 3043 persona
1001 2958 1266 3046 signatur.
1325 2973 1461 3028 Hinc
1491 2979 1574 3028 e'st
1617 2973 1792 3038 enim,
1849 2974 1994 3043 quod
2045 2972 2113 3028 ad

2216 1782 2430 1847 sentiae.
2462 1789 2516 1841 et
2540 1783 2859 1839 Trinitatem
2889 1799 3243 1856 personarum
3274 1793 3555 1861 aptissime
3580 1797 3790 1865 reperi-

2217 1887 2359 1927 mus.
2383 1872 2454 1926 Et
2482 1873 2527 1927 si
2557 1883 2772 1940 cuncta,
2798 1891 2921 1946 quae
2951 1877 3108 1933 nobis
3130 1894 3196 1934 ex
3229 1882 3335 1936 tuis
3364 1882 3516 1938 libris
3543 1886 3794 1941 testimo-

2216 1961 2307 2015 nia
2336 1971 2651 2033 suppetunt,
2678 1964 2747 2020 ad
2774 1965 2875 2022 hoc
2920 1966 3301 2024 afﬁrmandum
3347 1972 3601 2043 colligere
3644 1976 3795 2032 volu~

2214 2068 2359 2119 mus,
2414 2054 2566 2124 prius
2623 2054 2849 2113 forsitan
2900 2057 3081 2130 lingua
3133 2060 3420 2119 fatiscente
3462 2066 3787 2135 deﬁcimus,

2219 2156 2379 2211 quam
2405 2144 2777 2213 exemplorum
2831 2149 2987 2219 copia
3032 2165 3334 2208 careamus.
3384 2153 3490 2209 Sed
3535 2157 3794 2225 quoniam

2217 2232 2396 2287 omnis
2431 2241 2626 2289 vestra:
2654 2236 2825 2305 partis
2850 2239 3082 2295 assertio
3110 2241 3164 2295 in
3190 2234 3298 2298 hoc
3318 2244 3590 2314 praecipue
3615 2247 3786 2303 soler-

2216 2329 2300 2379 tes
2322 2321 2605 2390 incumbit,
2633 2332 2692 2380 ut
2715 2324 2988 2383 Christum
3018 2329 3186 2385 Deum
3211 2345 3349 2398 esse,
3366 2334 3450 2390 vel
3479 2335 3573 2392 Dei
3596 2328 3792 2394 Filium

2217 2426 2417 2483 negare
2447 2416 2758 2483 contendat,
2790 2433 2934 2473 nunc
2958 2433 3175 2491 quoque
3208 2433 3409 2480 nostrae
3452 2426 3792 2499 allegationis

2217 2504 2478 2562 articulus
2521 2507 2625 2561 hoc
2671 2508 2866 2564 itinere
2907 2510 3145 2568 directus
3196 2514 3428 2571 incedat.
3488 2517 3568 2574 Tu
3611 2529 3791 2575 autem

2216 2596 2383 2685 nolim
2408 2598 2562 2667 mihi,
2594 2608 2651 2654 ut
2688 2610 2867 2655 vester
2903 2617 3021 2658 mos
3042 2611 3147 2671 est,
3184 2607 3425 2663 subdolis
3469 2610 3794 2682 tergiversa-

2214 2689 2477 2755 tionibus,
2507 2690 2656 2745 velut
2703 2691 2759 2745 in
2787 2692 3064 2748 variarum
3091 2703 3146 2750 te
3197 2694 3499 2754 formarum
3545 2710 3790 2756 monstra

2219 2778 2505 2865 convertas
2531 2820 2547 2846 ,
2590 2781 2696 2837 nisi
2746 2792 2806 2852 _ut
2850 2783 3093 2842 lubricus
3147 2789 3380 2865 anguis,
3433 2805 3557 2846 cum
3601 2800 3792 2862 captus

2216 2861 2405 2937 fabris,
2434 2887 2625 2928 manus
2646 2874 2872 2931 evadere
2899 2878 3117 2948 gestias,
3152 2861 3246 2936 sed
3273 2890 3470 2938 cuncta
3516 2883 3586 2939 ad
3630 2861 3791 2940 intel-

2204 2962 2490 3035 ‘ligendum
2520 2974 2734 3024 tuorum
2759 2984 3016 3026 sensuum
3045 2972 3257 3028 viscera
3280 2982 3500 3043 pateant
3525 3015 3538 3041 ,
3573 2991 3673 3032 cor
3700 2993 3795 3031 an-

538 3060 758 3132 Moysen
821 3062 989 3117 dicit:
1028 3080 1048 3114 t
1100 3063 1214 3134 Ego
1264 3078 1381 3118 sum
1437 3063 1579 3118 Deus
1623 3063 1919 3130 Abraham,
1969 3063 2112 3118 Deus
2140 3053 2185 3103 (λ
2218 3058 2427 3128 tiquum
2458 3058 2776 3130 ignorantim
2810 3063 3055 3119 velamen
3087 3065 3344 3136 abjiciat,
3385 3069 3585 3124 mentis
3632 3082 3795 3125 aures

540 3154 691 3207 Isaac
734 3163 788 3208 et
844 3152 987 3207 Deus
1030 3152 1220 3208 Jacob.
1262 3173 1280 3205 ι
1319 3153 1457 3221 Quid
1504 3162 1588 3208 est
1631 3154 1810 3221 enim,
1868 3154 2009 3225 quod
2055 3168 2114 3209 se

545 3242 707 3296 trium
782 3241 1119 3297 solummodo
1175 3242 1396 3298 Patrum
1462 3245 1629 3298 Deum
1703 3259 1826 3300 esse
1878 3258 2115 3300 comme-

543 3342 737 3398 morat,
788 3342 843 3386 et
886 3349 990 3388 non
1055 3334 1221 3389 etiam
1270 3334 1634 3389 caeterorum?
1694 3333 1945 3406 Nunquid
2004 3352 2111 3396 non

540 3424 703 3477 etiam
773 3422 915 3478 Deus
988 3422 1221 3478 Enoclt?
1285 3422 1534 3493 Nunquid
1594 3439 1700 3479 non
1775 3425 1915 3481 Deus
1958 3424 2110 3491 Noe,

541 3523 596 3567 et
637 3513 864 3567 aliorum
930 3512 1398 3569 innumerabilium
1452 3513 1766 3583 justorum?
1815 3514 1953 3581 Quid
2006 3515 2116 3587 26

540 3615 645 3670 est,
704 3606 944 3677 inquam,
1011 3607 1155 3677 quod
1206 3606 1591 3678 przetermissis
1642 3606 1762 3662 aliis
1810 3605 2110 3673 Patribus.

538 3697 703 3751 trium
734 3712 791 3753 se
819 3698 1060 3754 virorum
1094 3698 1433 3755 solummodo
1460 3698 1630 3754 Deum
1674 3707 1869 3765 vocat,
1923 3699 2027 3754 nisi
2053 3709 2114 3755 ut

542 3804 621 3852 se,
650 3789 740 3857 qui
768 3804 906 3844 unus
933 3797 1015 3844 est
1046 3789 1098 3843 in
1130 3789 1459 3855 substantia,
1493 3789 1697 3843 trinum
1748 3803 1869 3844 esse
1911 3789 1965 3843 in
1988 3803 2111 3859 per-

542 3881 692 3936 sonis
740 3881 1039 3937 ostendat?
1074 3880 1225 3935 Hanc
1263 3893 1476 3950 quoque
1515 3879 1834 3935 Trinitatem
1859 3894 2117 3950 persona-

542 3986 685 4036 rum,
718 3979 878 4040 atque
902 3969 1162 4024 unitatem
1195 3966 1400 4023 natura:
1428 3970 1691 4039 propheta
1718 3969 1886 4025 Isaias
1937 3970 2113 4024 mani-

541 4064 679 4119 feste
705 4063 987 4132 perdocuit
1012 4102 1026 4126 ,
1054 4077 1178 4117 cum
1202 4062 1473 4131 seraphim
1504 4061 1778 4132 perhibuit
1825 4076 1884 4117 se
1917 4062 2114 4119 vidisse

540 4155 832 4211 clamantia
863 4173 874 4206 :
911 4172 930 4205 ι
968 4153 1219 4219 Sanctus,
1246 4153 1497 4221 Sanctus,
1535 4155 1770 4211 Sanctus
1794 4196 1808 4222 ,
1858 4156 2114 4212 Dominus

540 4249 683 4303 Deus
737 4245 973 4301 Sabaoth
1023 4245 1177 4317 (Isai.
1236 4246 1391 4318 “7):!
1446 4246 1516 4303 Ut
1562 4249 1706 4302 enim
1759 4262 2111 4322 personarum

541 4339 781 4394 Trinitas
810 4348 1228 4404 monstraretur,
1265 4341 1427 4397 tertio
1476 4348 1698 4396 sanctus
1749 4341 1966 4397 dicitur.
2006 4340 2112 4396 Scd

540 4438 602 4482 ut
628 4444 789 4483 unam
811 4427 932 4485 esse
955 4431 1309 4485 substantiam
1337 4430 1624 4485 Trinitatis
1662 4440 1961 4501 appareat,
2002 4448 2112 4486 non

540 4520 757 4576 Domini
823 4519 1103 4586 Sabaoth,
1156 4521 1249 4576 sed
1310 4520 1567 4577 Dominus
1614 4534 1733 4576 esse
1779 4519 2112 4592 perhibetur.

543 4609 696 4677 Quod
721 4610 887 4665 David
910 4624 1127 4681 quoque
1166 4609 1415 4665 similiter
1461 4612 1702 4665 sentiens
1734 4612 1848 4665 ait:
1884 4628 1903 4663 ι
1935 4609 2115 4667 Verbo

546 4704 763 4759 Domini
796 4703 918 4759 caeli
969 4703 1170 4757 ﬁrmati
1212 4711 1341 4756 sunt
1368 4700 1540 4773 (Psal.
1573 4703 1789 4773 xum).
1822 4720 1842 4757 ι
1875 4703 2112 4762 Verbum

543 4800 686 4856 enim
714 4797 928 4854 Domini
952 4794 1123 4849 Filius
1153 4803 1235 4850 est
1258 4795 1457 4850 Patris.

614 4891 720 4945 Sed
748 4899 809 4945 ut
834 4888 1051 4945 eosdem
1076 4886 1242 4943 caelos
1274 4896 1382 4942 tota
1415 4885 1577 4942 simul
1598 4879 1837 4941 Trinitas
1860 4887 2112 4941 ostenda-

540 4992 633 5037 tur
660 4988 913 5050 operata,
970 4986 1191 5049 repente
1212 4976 1280 5032 de
1332 4977 1507 5031 sancti
1536 4976 1771 5045 Spiritus
1828 4975 2114 5031 divinitate

544 5070 922 5141 subjungitur:
979 5084 1000 5121 ι
1035 5068 1101 5123 Et
1135 5067 1338 5138 Spiritu
1387 5067 1502 5123 oris
1552 5065 1671 5135 ejus
1715 5067 1895 5122 omnis
1940 5067 2116 5124 virtus

542 5176 731 5220 eorum
759 5159 970 5232 (lbid.).
1010 5178 1031 5212 ι
1067 5159 1143 5214 De
1193 5172 1299 5228 quo
1342 5156 1594 5212 videlicet
1638 5154 1844 5227 Spiritu
1882 5154 2007 5211 alibi
2040 5156 2117 5214 le—

543 5257 688 5329 gitur
717 5270 732 5310 :
770 5271 791 5306 (
820 5252 1056 5323 Spiritus
1076 5250 1193 5320 ejus
1227 5248 1442 5305 ornavit
1488 5247 1655 5303 coelos
1684 5244 1805 5317 (Job
1854 5247 2026 5319 xxvi).
2056 5247 2117 5303 ln

542 5348 651 5405 alio
680 5358 895 5416 quoque
940 5342 1147 5413 psalmo
1194 5341 1335 5396 idem
1385 5338 1556 5394 David
1602 5338 1724 5392 ait:
1765 5354 1783 5389 ‹
1818 5336 2120 5393 Benedieat

543 5456 643 5496 nos
670 5415 847 5506 Deus,
878 5439 1021 5493 Deus
1046 5445 1250 5499 noster,
1285 5434 1569 5489 benedicat
1613 5445 1714 5487 nos
1760 5431 1904 5485 Deus
1939 5415 2115 5499 (Ρςίιι.

545 5533 710 5603 uvl).
743 5550 761 5585 ι
782 5531 885 5598 Qui
912 5543 1035 5587 cum
1061 5528 1221 5583 tertio
1240 5524 1670 5588 dixissetDeum,
1699 5530 1760 5577 ut
1785 5536 1949 5576 unum
1971 5521 2118 5574 hunc

545 5631 689 5679 esset
714 5621 1041 5685 ostenderet,
1066 5616 1339 5675 subdidit:
1371 5634 1390 5668 ι
1431 5614 1497 5672 Et
1521 5619 1763 5671 metuant
1783 5626 1904 5670 eum
1927 5624 2116 5666 omnes

2141 4395 2191 4453 Ι)

2212 3148 2499 3220 vigilanter
2540 3152 2841 3209 intendant.
2889 3155 3026 3211 Cum
3063 3174 3191 3214 vero
3238 3158 3369 3215 mihi
3424 3161 3644 3217 obviare
3688 3178 3795 3217 non

2213 3243 2430 3310 poterit.
2478 3246 2876 3305 rationabiliter
2922 3249 3259 3316 obticescat;
3302 3262 3399 3319 ut,
3445 3253 3492 3308 si
3534 3254 3796 3322 possibile

2215 3340 2321 3397 est,
2349 3332 2439 3401 qui
2468 3333 2621 3399 mihi,
2646 3335 2895 3403 imperito
2920 3337 3168 3393 videlicet
3191 3340 3419 3406 homini,
3456 3342 3521 3395 ad
3548 3350 3796 3397 astruen-

2216 3423 2339 3476 dam
2366 3425 2653 3480 veritatem
2683 3442 2835 3481 suam
2867 3440 3309 3499 argumentorum
3336 3432 3622 3485 materiam
3660 3447 3796 3502 prae-

2215 3520 2342 3577 stat,
2370 3513 2485 3581 ipse
2507 3527 2723 3584 quoque
2744 3518 2941 3573 mentis
2968 3527 3072 3573 tua:
3101 3519 3337 3574 tenebris
3367 3519 3433 3575 ad
3459 3519 3786 3578 credendum

2215 3604 2493 3674 sapientia:
2521 3620 2632 3661 sua:
2664 3606 2844 3662 lumen
2874 3607 3139 3663 infundat.
3215 3639 3219 3643 ν

2650 3695 2756 3765 27
2794 3694 3021 3751 CAPUT
3061 3696 3351 3755 PRIMUM.

2547 3782 2620 3837 De
2652 3783 2880 3848 Christo,
2908 3784 2997 3854 qui
3024 3794 3101 3840 est
3130 3783 3308 3842 Filius
3342 3786 3457 3844 Dei.

2285 3876 2606 3947 Incipiamus
2636 3877 2819 3948 igitur,
2846 3885 2900 3934 et
2927 3877 3065 3948 ejus,
3091 3879 3157 3935 de
3184 3895 3291 3952 quo
3313 3880 3602 3955 loquimur,

2215 3970 2417 4027 torium
2462 3972 2779 4028 ﬁducialiler
2806 3974 3177 4044 imploremus,
3208 3976 3488 4032 dicentes:
3522 3993 3549 4036 ι
3583 3979 3809 4035 ΕΧευΐο’

2214 4071 2306 4135 gat
2334 4062 2475 4117 Deus
2509 4101 2524 4128 ,
2557 4070 2611 4117 et
2656 4063 2984 4133 dissipentur
3014 4066 3217 4123 inimici
3258 4067 3411 4140 ejus;
3440 4076 3495 4123 et
3520 4068 3726 4140 fugiant
3753 4084 3781 4127 ε

2215 4153 2353 4214 facie
2390 4156 2525 4226 ejus,
2550 4155 2641 4225 qui
2688 4157 2919 4212 oderunt
2962 4173 3084 4212 cum
3129 4156 3301 4231 (Paul.
3330 4164 3519 4235 um).
3563 4178 3581 4210 ι
3622 4163 3789 4219 Deum

2216 4248 2398 4316 itaque
2441 4245 2660 4302 Patrem
2705 4248 3133 4317 omnipotentem
3184 4249 3418 4309 Verbum
3452 4253 3517 4307 de
3566 4265 3626 4306 se
3661 4260 3791 4308 ante

2216 4337 2394 4393 omnia
2434 4337 2631 4393 saecula
2657 4338 2905 4408 genuisse
2935 4339 3180 4409 legimus.
3212 4343 3483 4399 credimus
3511 4384 3526 4408 ,
3584 4353 3639 4399 et
3665 4358 3795 4414 pro-

2214 4427 2429 4483 bamus.
2464 4426 2618 4493 Quod
2644 4427 2688 4480 si
2717 4435 2795 4492 tu,
2819 4425 3023 4493 Judree,
3070 4444 3268 4499 negare
3306 4432 3589 4487 contendis
3616 4473 3632 4499 ,
3673 4447 3795 4502 pro-

2216 4519 2302 4574 cul
2333 4517 2495 4573 dubio
2530 4526 2720 4575 contra
2752 4518 2928 4589 ipsum
2959 4559 2975 4585 ,
3004 4535 3163 4590 quem
3193 4530 3243 4575 te
3287 4521 3527 4577 recolere
3562 4524 3790 4586 asseris,

2216 4608 2384 4663 Deum
2412 4623 2654 4679 pugnare
2675 4609 3032 4664 convinCeris.
3064 4610 3183 4680 Ipse
3214 4611 3363 4666 enim
3388 4612 3519 4667 dicit
3549 4631 3562 4665 :
3596 4630 3616 4665 ι
3654 4612 3789 4667 Eru-

2216 4699 2385 4754 ctavit
2418 4712 2514 4756 cor
2557 4713 2736 4753 meum
2778 4699 3005 4755 verbum
3056 4701 3254 4755 bonum
3305 4700 3493 4771 (Paul.
3543 4703 3729 4767 xuv).
3771 4722 3792 4755 ι

2218 4788 2294 4844 De
2324 4790 2428 4845 hoc
2451 4790 2615 4844 verbo
2645 4803 2744 4859 per
2772 4789 3090 4859 prophetam
3118 4790 3284 4845 alium
3312 4791 3513 4847 dicitur
3540 4811 3552 4846 :
3593 4811 3610 4844 ι
3650 4791 3792 4847 Ver-

2220 4883 2346 4937 bum
2378 4881 2590 4937 Domini
2624 4881 2860 4937 validum
2885 4924 2901 4951 ,
2928 4892 2985 4938 et
3017 4879 3157 4939 forte
3185 4924 3201 4949 ,
3238 4885 3360 4953 quis
3399 4883 3602 4955 poterit
3645 4898 3799 4938 coms

2218 4973 2555 5041 prehendere
2609 4969 2785 5025 illud?
2820 4990 2839 5023 ι
2899 4970 3058 5042 (Isai.
3115 4973 3239 5041 LV.)
3312 4973 3388 5028 De
3443 4974 3548 5028 hoc
3599 4972 3794 5026 iterum

2220 5059 2389 5117 Isaias
2417 5060 2689 5128 loquitur,
2725 5060 2816 5118 ubi
2858 5062 2970 5115 ait:
3003 5080 3021 5113 ι
3059 5061 3150 5119 Sic
3192 5063 3297 5117 erit
3347 5064 3571 5120 verbum
3601 5103 3616 5128 ,
3649 5060 3795 5131 quod

2222 5150 2528 5222 egredietur
2552 5151 2617 5204 de
2656 5164 2752 5205 ore
2782 5164 2903 5205 meo
2931 5165 2945 5204 :
2986 5168 3096 5208 non
3126 5149 3434 5208 revertetur
3480 5152 3546 5205 ad
3586 5166 3675 5207 me
3704 5167 3796 5205 va-

2224 5259 2407 5308 cuum,
2434 5243 2525 5298 sed
2548 5241 2712 5296 faciet
2734 5256 3069 5313 quaecunque
3106 5244 3274 5309 volui,
3298 5239 3351 5298 et
3389 5243 3798 5313 prosperabitur

2221 5334 2275 5389 in
2298 5334 2403 5399 his,
2434 5334 2498 5387 ad
2527 5347 2646 5401 qua:
2676 5333 2797 5386 misi
2818 5333 2977 5389 illud;
3016 5354 3035 5388 ι
3072 5334 3177 5402 Qui
3208 5334 3397 5405 utique
3421 5334 3466 5388 si
3512 5334 3579 5389 de
3612 5342 3791 5386 transa

2221 5425 2382 5480 itorio
2428 5422 2594 5478 verbo
2621 5422 2845 5490 diceret,
2872 5442 2980 5480 non
3017 5427 3144 5481 illud
3181 5427 3248 5481 ad
3299 5440 3359 5481 se
3398 5418 3749 5481 reversurum
3776 5463 3791 5485 ,

2221 5513 2303 5569 vel
2336 5512 2600 5568 facturum
2651 5509 2855 5579 aliquid
2883 5514 3178 5569 nuntiaret.
3211 5513 3380 5583 Cujus
3409 5515 3611 5569 virtute
3632 5510 3795 5567 Verbi

2222 5614 2366 5661 terra
2390 5603 2610 5660 fundata
2642 5610 2745 5666 est,
2772 5612 2824 5655 et
2850 5605 2989 5660 omlo
3011 5620 3132 5659 cum
3175 5606 3287 5660 suis
3317 5605 3677 5662 luminarihus
3704 5616 3794 5657 so-
