4106 6310
293 337 365 397 45
1100 340 1339 399 OPUSC.
1383 342 1446 396 Il.
1483 371 1552 382 —
1588 337 1984 396 ANTILOGUS
2024 337 2297 394 CONTRA
2338 337 2645 394 JUDJEOS.
3469 340 3541 396 46

294 445 545 520 lidatum,
578 459 633 506 et
655 465 802 507 mare
832 451 883 506 in
911 451 1033 506 sinu
1077 467 1173 507 suo
1207 452 1479 507 diffusum.
1510 453 1585 509 De
1622 469 1729 524 quo
1758 494 1771 516 ,
1808 463 1864 505 ut
1896 458 1941 516 Α
1968 449 2173 518 absque
2212 449 2340 504 illo:
2377 450 2469 519 qui
2501 450 2706 504 invenit
2752 463 2967 504 omnem
3018 449 3156 503 viam
3187 450 3444 519 scientiae,
3487 463 3547 510 et

296 546 547 615 superius
576 545 776 599 dictum
804 553 907 609 est,
936 543 1131 615 legitur
1156 563 1169 598 :
1200 564 1222 596 ς
1262 545 1440 600 Verbo
1489 544 1701 600 Domini
1749 545 1871 599 υωιὶ

296 638 497 692 firmati
523 646 649 690 sunt
674 633 845 705 (Paul.
895 636 1092 703 χχιιι).
1124 655 1143 688 ι
1180 634 1293 691 Hoc
1332 636 1568 690 Verbum
1618 638 1684 691 de
1714 636 1874 692 Patre

268 729 422 782 ante
459 724 658 780 saecula
688 725 952 795 genitum,
985 723 1039 777 in
1079 733 1235 778 utero
1268 724 1507 792 Virginis
1551 726 1713 780 homo
1753 726 1871 779 fieri

295 820 465 875 voluit
489 821 542 871 in
577 816 680 871 fine
729 815 1074 871 saeculorum.
1102 817 1177 872 De
1219 815 1373 883 cujus
1404 816 1563 873 Verbi
1609 819 1869 871 incarna-

297 912 444 965 tione
512 908 764 962 Habacuc
824 906 1067 974 loquitur
1096 947 1112 972 ,
1148 906 1331 961 dicens
1371 925 1384 960 :
1432 924 1452 959 ι
1501 908 1640 962 Ante
1677 907 1869 962 faciem

295 998 412 1068 ejus
444 998 544 1052 ibit
566 994 823 1059 Verbum,
855 1003 909 1049 et
931 995 1103 1050 exibit
1127 996 1178 1049 in
1208 997 1417 1065 campis
1445 995 1677 1065 (Habac.
1712 996 1818 1066 ιιι).
1845 1017 1865 1049 ι

365 1086 508 1154 Quid
536 1092 717 1139 autem
741 1084 811 1137 sit
842 1083 944 1137 hoc
967 1083 1191 1138 verbum
1220 1124 1235 1149 ,
1286 1084 1331 1139 si
1368 1085 1598 1140 solerter
1644 1087 1871 1156 inquiri-

296 1186 404 1242 tur,
432 1172 595 1246 paulo
615 1180 739 1244 post
763 1172 988 1227 inferius
1018 1172 1305 1238 invenitur,
1334 1190 1458 1229 cum
1487 1175 1620 1229 dicit
1652 1193 1664 1228 :
1704 1193 1722 1226 ι
1760 1168 1871 1245 Ego

294 1276 474 1323 autem
510 1267 566 1321 in
595 1266 822 1320 Domino
849 1263 1143 1335 gloriabor,
1185 1273 1240 1319 et
1260 1266 1507 1335 gaudebo
1535 1266 1588 1320 in
1608 1266 1720 1321 Deo
1741 1267 1870 1323 Jesu

296 1373 416 1412 meo
439 1356 655 1427 (Ibid.).
693 1374 713 1406 ›
744 1354 898 1409 Unde
926 1364 981 1409 et
1007 1353 1179 1409 lsaias
1226 1356 1567 1424 apertissime
1625 1358 1866 1424 clamat,

293 1447 517 1502 dicens:
554 1463 574 1495 ι
608 1446 770 1508 Ecce,
799 1444 993 1512 inquit,
1018 1444 1174 1514 virgo
1204 1445 1259 1499 in
1291 1452 1445 1501 utero
1472 1447 1766 1517 concipiet,
1815 1458 1871 1503 et

292 1538 470 1608 pariet
490 1535 685 1590 Filium
715 1552 729 1588 :
761 1543 816 1590 et
836 1534 1121 1589 vocabitur
1143 1549 1339 1591 nomen
1368 1536 1489 1605 ejus
1519 1537 1864 1603 Emmanuel,

291 1627 437 1698 quod
483 1628 874 1697 interpretatur
919 1626 1202 1683 nobiscum
1242 1627 1700 1698 Deus(lsai.vn).
1738 1652 1757 1685 ι
1794 1633 1870 1688 De

291 1737 425 1791 quo,
452 1734 551 1790 per
594 1720 841 1776 eumdem
897 1718 1219 1788 prophetam
1265 1718 1392 1774 alibi
1437 1720 1675 1777 dicitur:
1712 1742 1731 1775 ι
1763 1723 1868 1779 Do-

1977 539 2125 595 dedit
2150 556 2268 594 eam
2310 538 2476 595 Jacob
2511 553 2681 609 puero
2710 553 2837 604 suo,
2888 548 2943 594 et
2972 539 3133 594 Israel
3164 540 3360 597 dilecto
3394 559 3491 598 suo
3521 563 3539 599 :

1975 639 2097 698 post
2124 631 2237 685 haec
2267 632 2319 685 in
2348 632 2505 686 terris
2538 631 2683 686 visus
2707 639 2807 698 est,
2830 639 2885 685 et
2913 646 3036 686 cum
3068 632 3381 689 hominibus
3416 651 3546 691 con-

1973 731 2221 775 versatus
2245 728 2329 775 est
2358 719 2611 791 (Baruch.
2636 719 2740 788 ιιι).
2772 741 2790 769 ι
2826 718 2955 773 Nam
2986 720 3032 775 si
3062 720 3330 789 Christus,
3363 731 3423 778 ut
3456 739 3544 778 as-

1972 810 2130 874 seris,
2166 810 2305 865 Deus
2345 826 2449 864 non
2508 821 2609 875 est,
2642 811 2866 865 ostende
2918 811 3049 864 mihi
3087 826 3153 866 ex
3196 813 3302 867 tuis
3352 812 3541 880 libris,

1972 900 2188 969 quando
2218 911 2340 970 post
2360 903 2539 957 datam
2565 901 2735 972 legem
2762 901 2948 968 Jacob,
2976 904 3119 959 Deus
3147 904 3201 958 in
3225 913 3364 960 terra
3393 908 3542 963 visus

1971 990 2062 1055 sit,
2095 998 2151 1045 et
2196 1006 2318 1047 cum
2371 993 2679 1047 hominibus
2710 1002 3082 1048 conversatus.
3106 992 3212 1049 Sed
3238 1012 3359 1051 cum
3389 998 3541 1053 inve-

1970 1080 2088 1133 nire
2116 1095 2222 1136 non
2263 1082 2486 1151 poteris,
2516 1081 2822 1137 convictum
2855 1090 2907 1136 te
2952 1082 3006 1135 in
3046 1084 3295 1140 omnibus
3325 1102 3543 1144 necesse

1971 1176 2077 1236 est,
2105 1169 2352 1227 fatearis.

2045 1259 2151 1314 Sed
2206 1277 2272 1315 ne
2316 1262 2494 1331 pOIius
2535 1262 2670 1316 meis
2700 1262 2879 1318 verbis
2911 1262 3329 1333 circumvenire,
3376 1283 3541 1337 quam

1972 1351 2356 1425 prophetarum
2387 1351 2649 1420 exemplis
2682 1366 2939 1421 superare
2972 1361 3027 1407 te
3073 1353 3278 1421 videar,
3326 1358 3549 1413 accedat

1969 1441 2135 1497 etiam
2165 1441 2375 1506 Daniel,
2408 1451 2462 1495 et
2486 1442 2857 1497 testimonium
2883 1444 2950 1498 de
2975 1443 3192 1500 Christo
3220 1448 3543 1517 perhibeat:

1975 1550 1994 1584 ι
2027 1532 2160 1586 Cum
2194 1520 2426 1597 venerit,
2458 1533 2652 1603 inquit,
2683 1533 2916 1589 Sanctus
2939 1542 3281 1604 sanctorum,
3309 1540 3549 1595 cessabit

1969 1622 2174 1677 unctio.
2207 1622 2406 1677 Dicetis
2439 1641 2453 1675 :
2484 1621 2736 1677 Nondum
2760 1624 2905 1677 venit
2942 1622 3177 1680 Sanctus
3204 1636 3542 1694 sanctorum,

1969 1712 2206 1766 nondum
2232 1713 2376 1766 venit
2409 1711 2656 1778 Messias,
2679 1726 2934 1768 venturus
2954 1725 3034 1768 est
3057 1726 3255 1783 autem,
3278 1720 3548 1775 ostendite

292 1810 866 1875 minns’dilexiteum,
895 1808 1059 1863 faciet
1096 1809 1429 1865 voluntatem
1478 1828 1631 1868 suam
1670 1815 1725 1869 in
1762 1815 1867 1869 Ba-

1973 1802 2277 1855 unctionem
2310 1803 2470 1873 (Dan.
2501 1804 2578 1875 vr)
2615 1824 2628 1859 :
2674 1825 2693 1857 ι
2741 1807 2783 1860 si
2818 1817 3023 1873 autem,
3043 1810 3183 1879 quod
3216 1825 3401 1866 verum
3437 1823 3543 1879 est,

291 1903 510 1973 bylone,
536 1909 594 1956 et
617 1901 901 1956 brachium
938 1914 1092 1955 suum
1144 1899 1199 1953 in
1236 1898 1522 1956 Chaldaeis.
1572 1903 1683 1975 Ego
1708 1945 1722 1970 ,
1769 1922 1869 1978 ego

290 1995 505 2050 locutus
539 2009 683 2058 sum,
712 2000 767 2047 et
787 1990 889 2048 feci
918 2012 932 2047 :
961 1996 1148 2050 vocavi
1186 2006 1333 2057 eum,
1375 1993 1574 2048 adduxi
1619 2010 1779 2061 eum,
1814 2005 1871 2051 et

293 2083 503 2138 directa
526 2090 611 2137 est
629 2081 715 2135 via
739 2081 856 2151 ejus
886 2081 1040 2152 (hat.
1069 2084 1279 2155 xum).
1318 2104 1337 2137 ι
1364 2085 1430 2139 Et
1461 2096 1582 2140 mox
1607 2099 1675 2139 ex
1702 2086 1871 2156 ipsius

291 2171 415 2227 Filii
442 2186 674 2241 persona
702 2170 1076 2244 subiungitur:
1112 2193 1131 2227 ‹
1161 2175 1416 2231 Accedite
1458 2175 1524 2229 ad
1544 2191 1629 2230 me
1655 2218 1670 2241 ,
1693 2185 1749 2231 et
1776 2192 1871 2231 au-

294 2261 404 2316 dite
428 2262 564 2316 boc:
588 2278 694 2317 non
719 2277 750 2316 a
772 2263 1034 2332 principio
1061 2265 1113 2319 in
1137 2265 1456 2321 abscondito
1481 2267 1690 2323 locutus
1715 2284 1832 2323 sum
1853 2287 1871 2323 :

294 2366 359 2405 ex
409 2360 656 2421 tempore
702 2362 993 2424 antequam
1051 2356 1247 2411 fierent
1280 2356 1355 2412 ibi
1401 2372 1590 2412 eram:
1624 2367 1679 2413 et
1723 2376 1871 2415 nunc

292 2439 556 2495 Dominus
586 2442 727 2497 Deus
753 2442 1026 2509 misitme,
1058 2455 1115 2500 et
1134 2446 1360 2515 spiritus
1403 2446 1537 2515 ejus.
1576 2448 1704 2504 Iltec
1738 2452 1874 2507 dicit

293 2527 557 2584 Dominus
584 2529 728 2586 Deus
764 2532 1072 2603 redemptor
1108 2544 1330 2590 sanctus
1356 2534 1563 2594 Israel:
1604 2539 1718 2609 Ego
1768 2538 1875 2595 Do-

295 2619 477 2675 minus
503 2621 646 2677 Deus
676 2630 799 2677 tuus
818 2622 1021 2679 docens
1050 2633 1101 2680 te
1147 2625 1297 2681 utilia
1322 2666 1337 2692 ,
1381 2628 1696 2697 gubernans
1726 2641 1782 2686 te
1816 2631 1871 2686 in

294 2710 379 2785 via
393 2726 502 2780 qua
523 2711 795 2768 ambulas:
821 2715 1024 2770 utinam
1048 2716 1379 2773 attendisses
1406 2720 1663 2774 mandata
1682 2736 1822 2786 utea,
1846 2741 1866 2775 ι

1971 1889 2210 1944 cessavit
2243 1899 2420 1945 vestra
2451 1893 2635 1947 unctio
2664 1894 2795 1963 (non
2828 1895 2972 1948 enim
2997 1894 3110 1963 jam
3145 1897 3357 1954 habetis
3407 1908 3546 1955 tem-

1968 1979 2135 2050 plum,
2154 1995 2261 2035 non
2294 1996 2498 2052 regem,
2527 1998 2632 2038 non
2658 1984 3010 2056 sacerdotes),
3041 1988 3311 2056 agnoscite
3331 1991 3547 2046 venisse

1970 2068 2232 2125 Sanctum
2282 2066 2593 2127 sanctorum
2620 2064 2734 2134 ,ide
2771 2090 2880 2144 quo
2929 2090 3025 2144 per
3070 2075 3262 2130 Isaiam
3306 2077 3542 2134 dicitur:

1975 2178 1995 2212 ί
2035 2160 2148 2232 Ego
2195 2177 2317 2216 sum
2375 2162 2517 2219 Deus
2570 2179 2769 2220 vocans
2804 2165 2872 2220 ab
2903 2164 3125 2222 Oriente
3150 2166 3359 2236 avem,
3387 2177 3443 2224 et
3476 2170 3547 2226 de

1970 2264 2117 2311 tet-ra
2143 2256 2435 2327 longinqua
2469 2258 2643 2313 virum
2696 2258 2990 2315 voluntatis
3044 2275 3215 2316 mete:
3250 2271 3305 2316 et
3336 2262 3548 2321 locutus

1970 2362 2113 2413 sum,
2148 2355 2203 2403 et
2233 2348 2497 2403 adducam
2528 2347 2678 2414 illud,
2709 2348 2887 2404 creavi
2915 2358 2971 2403 et
3006 2348 3203 2404 faciam
3235 2350 3387 2406 illud.
3436 2354 3551 2408 Au-

1974 2437 2088 2492 dite
2117 2452 2204 2492 me
2234 2437 2370 2493 duro
2396 2438 2584 2503 corde,
2615 2438 2708 2508 qui
2740 2438 3055 2509 longe'estis
3076 2453 3104 2492 a
3121 2436 3352 2507 justitia,
3379 2455 3548 2512 prope

1972 2527 2078 2582 feci
2098 2525 2367 2595 justitiam
2397 2543 2571 2583 meam
2602 2528 2758 2600 (Isai.
2787 2528 2955 2601 XLVI).
2989 2548 3007 2581 ι
3033 2529 3226 2586 Adhuc
3258 2540 3444 2586 autem
3492 2542 3550 2588 et

1972 2620 2285 2690 patriarcha
2311 2620 2478 2677 Jacob
2506 2623 2728 2677 accedat
2767 2622 2823 2676 in
2871 2623 3105 2677 medium
3137 2640 3152 2677 :
3202 2642 3221 2676 ι
3257 2622 3374 2678 Non
3404 2626 3553 2682 aufe.

1972 2720 2125 2767 retur
2149 2720 2424 2782 sceptrum
2456 2713 2523 2767 de
2547 2711 2706 2778 Juda,
2736 2722 2790 2767 et
2840 2712 2947 2767 dux
2979 2713 3049 2768 de
3087 2711 3383 2770 femoribus
3409 2716 3549 2786 ejus,

296 2811 348 2856 et
388 2800 601 2872 reliqua
649 2801 859 2874 (Μήτι).
891 2804 1032 2860 Audi
1064 2806 1239 2862 adhuc
1270 2808 1432 2862 etiam
1473 2807 1707 2865 mensem
1743 2825 1877 2880 pro-
1973 2800 2145 2858 donec
2172 2805 2356 2859 veniat
2385 2805 2477 2873 qui
2506 2805 2802 2860 mittendus
2828 2813 2952 2861 est:
2983 2815 3039 2860 et
3066 2804 3181 2877 ipse
3221 2807 3327 2863 erit
3362 2820 3549 2880 exspe-

294 2892 474 2962 phetae
503 2892 869 2948 testimonium
896 2894 963 2949 de
999 2894 1256 2951 Christo:
1293 2913 1312 2948 ι
1359 2896 1479 2951 Erit
1501 2938 1516 2962 ,
1566 2898 1777 2967 inquit,
1817 2899 1873 2954 in

293 2981 590 3037 novissimo
624 2982 832 3038 dierum
859 2994 1191 3054 praeparatus
1221 3001 1374 3041 mons
1421 2987 1613 3042 domus
1652 2987 1874 3044 Domini

292 3071 350 3125 in
379 3072 584 3127 vertice
629 3074 893 3129 montium
920 3114 937 3141 ,
966 3084 1023 3130 et
1065 3076 1316 3133 sublimis
1360 3093 1521 3148 super
1564 3079 1730 3135 colles
1755 3120 1771 3144 ,
1817 3089 1874 3136 et

1973 2892 2141 2947 ctatio
2169 2894 2406 2963 gentium
2436 2891 2568 2964 (Gen
2614 2895 2784 2965 κως).
2822 2915 2843 2948 ι

2042 2982 2099 3036 Si
2148 2998 2279 3052 ergo
2303 2982 2415 3052 jam
2458 2999 2557 3054 per
2599 2986 2746 3040 mille
2772 3001 2967 3054 annos,
2997 2996 3052 3042 et
3073 3003 3140 3044 eo
3175 2989 3407 3060 amplius
3433 2990 3553 3046 sine

1975 3088 2101 3144 rege
2127 3075 2361 3138 vixistis,
2394 3085 2447 3131 et
2473 3078 2573 3132 sub
2600 3077 2826 3147 pedibus
2853 3079 3094 3149 gentium
3112 3068 3380 3151 jacuistis,
3406 3082 3550 3136 unde

292 3161 465 3217 ﬂuent
487 3162 556 3217 ad
576 3177 700 3219 eum
729 3166 930 3235 populi,
962 3176 1018 3222 et
1040 3141 1624 3239 properabuntgentes
1662 3141 1868 3232 multm,
1899 3141 1944 3215 C
1973 3179 2120 3222 nunc
2146 3167 2611 3235 exspectationem
2657 3168 2898 3237 gentium
2952 3169 3313 3238 exspectatis?
3358 3169 3438 3224 Ex
3484 3185 3553 3226 eo

293 3264 349 3308 et
377 3253 606 3309 dicent:
633 3255 846 3322 Venite,
882 3260 1242 3315 ascendamus
1266 3260 1337 3316 ad
1367 3270 1609 3316 montem
1658 3262 1872 3319 Domini

294 3353 348 3399 et
384 3346 457 3399 ad
506 3346 724 3401 domum
766 3348 1099 3414 DeiJacob,
1143 3359 1199 3405 et
1246 3352 1463 3408 docebit
1507 3368 1606 3408 nos
1657 3353 1725 3409 de
1767 3354 1872 3409 viis

1975 3257 2136 3317 enim,
2163 3265 2435 3327 tempore,
2480 3272 2589 3328 quo
2636 3256 2849 3312 dixistis
2886 3248 2967 3313 ad
3012 3258 3267 3332 Pilatum,
3304 3260 3549 3315 claman-

1972 3355 2055 3403 tes
2089 3365 2102 3401 :
2136 3367 2154 3400 ι
2189 3347 2307 3405 Non
2358 3349 2618 3404 habemus
2665 3364 2880 3421 regem,
2910 3348 3014 3405 nisi
3054 3349 3324 3407 Caesarem
3363 3351 3545 3422 (lacn.

289 3435 430 3500 suis,
460 3442 512 3489 et
544 3434 743 3503 ibimus
787 3437 841 3491 in
889 3439 1097 3494 semitis
1126 3441 1243 3510 ejus
1274 3457 1288 3494 :
1319 3442 1445 3510 quia
1488 3443 1556 3499 de
1598 3442 1728 3498 Sion
1782 3458 1879 3498 ex-
1975 3442 2124 3511 xu);
2164 3461 2183 3494 ι
2217 3457 2397 3513 regem
2426 3457 2532 3498 non
2562 3443 2831 3498 habuistis
2862 3451 2957 3499 :et
3001 3445 3094 3514 qui
3133 3445 3332 3516 Regem
3361 3462 3546 3518 regum

290 3525 393 3579 ibit
437 3525 550 3591 lex,
609 3536 665 3583 et
710 3529 934 3585 verbum
985 3531 1199 3587 Domini
1250 3533 1318 3588 de
1366 3533 1706 3593 Hierusalem

286 3615 567 3687 iudicabit
586 3619 728 3675 inter
751 3622 976 3691 populos
1002 3624 1201 3680 multos
1228 3666 1243 3691 ,
1290 3634 1346 3681 et
1387 3628 1646 3698 corripiet
1686 3640 1874 3698 gentes

291 3707 464 3763 fortes
512 3725 687 3780 usque
741 3712 796 3766 in
852 3710 1202 3785 longinquum
1250 3718 1459 3789 (Mich.
1503 3719 1595 3791 v).
1650 3740 1667 3773 ι
1722 3720 1874 3788 Quod

293 3798 550 3854 videlicet
577 3801 745 3857 Isaias
789 3819 897 3859 non
939 3807 1098 3862 modo
1140 3809 1240 3863 sub
1288 3808 1477 3865 eodem
1517 3825 1677 3865 sensu
1709 3851 1723 3874 ,
1780 3812 1874 3866 sed

293 3885 540 3955 ejusdem
581 3903 719 3958 pene
753 3892 975 3963 syllabis
1018 3897 1291 3966 protulit:
1322 3914 1423 3953 nec
1463 3914 1561 3954 nos
1606 3901 1672 3954 ad
1718 3900 1874 3955 robo-

1753 3552 1768 3590 ;
1820 3546 1877 3591 et
1976 3532 2162 3586 audire
2200 3533 2471 3599 noluistis,
2513 3547 2736 3604 regnum
2789 3534 2950 3589 simul
2993 3551 3117 3590 cum
3160 3537 3333 3606 patria
3382 3539 3555 3607 perdi-

1973 3624 2149 3681 distis.
2175 3626 2326 3691 Quod
2352 3626 2490 3681 bene
2518 3625 2727 3697 Moyses
2761 3626 3105 3696 praeviderat,
3133 3642 3256 3683 cum
3293 3630 3545 3686 dicebat:

1980 3733 1999 3768 ‹
2036 3715 2363 3787 Prophetam
2400 3718 2554 3773 vobis
2578 3717 2862 3773 suscitabit
2908 3718 3165 3774 Dominus
3190 3719 3256 3775 de
3285 3719 3547 3777 fratribus

1975 3806 2211 3861 vestris:
2238 3806 2414 3861 omnis
2440 3807 2642 3871 anima,
2673 3822 2792 3876 quae
2825 3822 2933 3861 non
2960 3807 3193 3862 audierit
3231 3810 3548 3879 prophetam

1975 3896 2126 3951 illum
2158 3896 2612 3951 exterminabitur
2656 3898 2722 3951 de
2751 3897 2946 3966 populo
2973 3913 3072 3953 suo
3094 3898 3272 3969 (Deut.
3310 3900 3489 3973 xvm).
3524 3921 3544 3954 ι

294 3980 527 4033 randum
567 3980 1030 4052 28'assertionis
1088 3997 1289 4057 nostra:
1347 3990 1673 4045 sententiam
1729 3990 1879 4060 piget
1976 3987 2043 4041 Et
2073 3989 2272 4042 iterum
2316 3988 2461 4043 idem
2501 3986 2715 4058 Moyses
2763 3989 2938 4043 dicit:
2971 4008 2990 4041 ι
3048 3989 3207 4045 Dabit
3255 3991 3401 4046 enim
3451 3992 3550 4048 tibi

293 4068 476 4125 denuo
518 4074 791 4140 scribere,
834 4077 977 4145 quod
1024 4092 1123 4147 per
1163 4094 1260 4135 ora
1304 4080 1532 4135 duorum
1584 4081 1873 4151 propheta-

293 4173 416 4215 rum
466 4160 703 4231 Spiritus
757 4177 980 4222 sanctus
1019 4168 1190 4239 voluit
1220 4171 1533 4240 geminare.
1568 4171 1658 4225 Ait
1697 4187 1870 4241 ergo:

298 4265 318 4297 ι
348 4248 487 4317 Erit,
520 4253 712 4323 inquit,
737 4257 790 4310 in
822 4257 1130 4314 novissimis
1153 4259 1343 4316 diebus
1373 4268 1876 4331 przeparatus‘mons

294 4346 489 4401 domus
542 4346 754 4402 Domini
808 4348 861 4401 in
914 4350 1117 4405 vertice
1167 4352 1541 4419 montinm,.et
1576 4353 1875 4410 elevabitur

293 4452 461 4508 super
483 4437 674 4503 colles,
701 4448 754 4494 et
779 4439 947 4513 ﬂuent
965 4442 1033 4497 ad
1061 4457 1184 4498 eum
1205 4458 1393 4499 omnes
1412 4454 1617 4515 gentes,
1640 4454 1695 4500 et
1718 4446 1871 4501 ibunt

292 4530 499 4600 populi,
531 4541 586 4586 et
626 4531 845 4587 dicent:
878 4534 1091 4601 Venite,
1144 4538 1497 4594 ascendamus
1535 4539 1603 4593 ad
1635 4550 1871 4595 montem

292 4620 548 4687 Domini,
574 4630 629 4676 et
655 4623 723 4676 ad
763 4623 980 4678 domum
1031 4626 1125 4681 Dei
1178 4624 1346 4682 Jacob
1377 4646 1390 4681 :
1419 4637 1474 4683 et
1521 4629 1735 4685 docebit
1773 4647 1872 4689 nos

293 4712 414 4769 vias
444 4729 596 4779 suas,
622 4723 677 4769 et
702 4715 1095 4773 ambulabimus
1129 4719 1184 4773 in
1225 4721 1435 4775 semitis
1463 4721 1613 4791 ejus;
1649 4723 1773 4791 quia
1803 4724 1872 4778 de

295 4805 429 4861 Sion
458 4806 631 4861 exibit
657 4806 741 4862 lex
764 4847 779 4873 ,
809 4818 866 4863 et
890 4810 1112 4865 verbum
1140 4811 1353 4875 Domini
1386 4814 1455 4868 de
1489 4812 1823 4869 Hierusalem
1854 4833 1868 4869 :

295 4904 350 4950 et
368 4895 641 4965 iudicabit
687 4907 897 4969 gentes,
931 4908 987 4954 et
1012 4910 1201 4971 arguet
1228 4901 1454 4972 populos
1491 4902 1689 4957 multos
1716 4902 1871 4973 (Isai.

295 4985 401 5057 u);
437 5006 458 5039 ι
520 4987 612 5041 ubi
656 4996 712 5043 et
739 4990 899 5058 paulo
926 5000 1049 5059 post
1096 4991 1358 5047 additur:
1397 5010 1417 5045 ι
1456 4993 1657 5048 Domus
1682 4992 1872 5059 Jacob,

296 5077 500 5143 venite,
535 5085 597 5131 et
637 5078 974 5135 ambulemus
1004 5081 1058 5135 in
1088 5081 1291 5137 lumine
1333 5083 1546 5139 Domini
1600 5084 1810 5155 (Ibid.).
1847 5104 1866 5136 ι

298 5165 485 5238 Neque
518 5168 661 5223 enim
693 5169 830 5225 alter
871 5172 941 5226 ab
990 5170 1162 5225 altero
1200 5172 1339 5227 hanc
1388 5174 1710 5245 sententiam
1748 5189 1869 5228 mu-

298 5266 484 5314 tuatus
510 5275 628 5317 esse
664 5262 860 5317 merito
893 5263 1151 5335 creditur,
1189 5276 1313 5317 cum
1354 5271 1580 5334 uterque
1609 5266 1872 5335 propheta

299 5364 409 5404 uno
446 5358 720 5420 tempore,
768 5362 825 5407 et
869 5353 970 5408 sub
1016 5334 1220 5409 eisdem
1255 5354 1473 5425 regibus
1518 5334 1870 5425 prophetasse

300 5448 582 5494 noscatur.

365 5527 526 5596 Quod
548 5528 596 5583 si
616 5545 806 5586 omnes
835 5531 871 5586 ii
895 5532 1140 5589 veritatis
1175 5542 1340 5590 testes
1367 5536 1595 5591 necdum
1633 5537 1750 5603 tibi,
1781 5536 1876 5592 .lu-

301 5618 433 5685 dzee,
457 5619 748 5688 sufﬁciunt,
775 5625 899 5679 audi
921 5633 1070 5679 tuum
1096 5642 1308 5698 quoque
1331 5626 1541 5683 Baruch
1564 5629 1828 5683 dicentem
1857 5647 1870 5682 :

309 5725 326 5757 ι
361 5708 463 5766 llic
509 5720 616 5780 cst,
645 5712 837 5783 inquit,
878 5713 1039 5783 Deus,
1072 5724 1126 5770 et
1174 5731 1280 5772 non
1328 5716 1684 5774 mstimabitur
1738 5719 1874 5775 alius

1902 4490 1950 4549 D

1975 4078 2234 4133 Dominus
2261 4093 2359 4133 cor
2388 4073 2671 4149 pavidum,
2698 4088 2752 4134 et
2782 4079 3094 4135 deficientes
3121 4083 3328 4149 oculos,
3357 4093 3412 4139 et
3434 4086 3552 4140 ani-

1976 4184 2121 4223 mam
2162 4182 2405 4235 moerore
2422 4175 2819 4236 consumptam,
2850 4176 2905 4222 et
2929 4170 3031 4224 erit
3064 4170 3173 4224 vita
3202 4180 3285 4225 tua
3311 4174 3552 4241 pendens

1975 4268 2100 4313 ante
2121 4268 2204 4313 te:
2234 4258 2449 4314 timebis
2470 4268 2651 4322 nocte,
2688 4272 2751 4312 ac
2789 4259 2894 4324 die,
2940 4267 2994 4314 et
3040 4274 3147 4313 non
3197 4264 3385 4317 credes
3420 4263 3548 4319 vitae

1972 4357 2076 4403 tua:
2124 4346 2333 4419 (Ibid.).
2362 4366 2380 4399 ι
2414 4347 2638 4414 Quando
2668 4356 2850 4400 autem
2879 4348 2979 4402 fuit
3005 4349 3111 4413 vita
3162 4356 3251 4404 tua
3294 4353 3543 4419 pendens

1974 4439 2084 4510 29
2120 4448 2244 4494 ante
2286 4448 2361 4505 te,
2404 4438 2511 4494 nisi
2553 4445 2680 4492 tunc
2730 4452 2853 4492 cum
2898 4447 3174 4494 moventes
3221 4450 3393 4511 caput
3419 4453 3546 4500 ante

1976 4544 2192 4584 crucem
2223 4529 2481 4585 dicebatis
2510 4543 2525 4581 :
2569 4546 2587 4579 ι
2624 4526 2773 4583 Alios
2801 4526 2979 4589 salvos
3004 4528 3151 4596 fecit,
3181 4532 3415 4601 seipsum
3439 4549 3549 4590 non

1976 4629 2154 4691 potest
2190 4621 2397 4676 salvum
2437 4621 2654 4676 facere?
2694 4619 2905 4692 (Matth.
2938 4627 3094 4692 xvii.)
3140 4622 3200 4678 Si
3244 4623 3417 4680 Filius
3454 4626 3551 4683 Dei

1977 4720 2091 4775 est,
2123 4710 2412 4765 descendat
2438 4723 2580 4763 nunc
2606 4709 2673 4765 de
2696 4724 2878 4773 cruce,
2902 4720 2958 4765 et
2979 4712 3250 4767 credimus
3276 4712 3324 4766 ei
3349 4712 3549 4783 (Marc.

1976 4803 2125 4873 va).
2162 4821 2181 4854 ι
2216 4802 2370 4869 Quod
2407 4802 2845 4858 manifestissime
2877 4818 2973 4875 per
3002 4820 3066 4859 os
3100 4806 3269 4860 David
3304 4807 3420 4875 ipse
3447 4806 3548 4863 Dei

1972 4891 2141 4947 Filius
2163 4892 2419 4962 loquitur,
2443 4892 2630 4948 dicens
2668 4913 2679 4948 :
2719 4912 2737 4945 ι
2769 4893 2999 4961 Omnes,
3031 4896 3122 4964 qui
3157 4896 3411 4952 videbant
3438 4914 3548 4967 me,

1974 4986 2405 5055 aspernabantur
2442 5003 2527 5041 ne
2562 4987 2713 5059 (Luc.
2749 4989 2938 5058 xxm);
2976 4988 3139 5044 locuti
3194 5001 3317 5045 sunt
3366 4991 3545 5057 labiis,

1972 5085 2029 5131 et
2078 5085 2363 5131 moverunt
2402 5086 2582 5152 caput.
2632 5077 2880 5147 Speravit
2933 5078 2989 5131 in
3047 5077 3303 5143 Domino,
3356 5082 3551 5152 eripiat

1975 5183 2119 5233 eum,
2151 5169 2360 5224 salvum
2401 5165 2564 5239 faciat
2602 5184 2753 5239 eum,
2793 5170 3045 5239 quoniam
3074 5172 3189 5225 vult
3223 5187 3343 5226 eum
3374 5172 3548 5245 (Psal.

1978 5264 2115 5328 χχι).
2152 5279 2171 5312 ι
2214 5259 2272 5315 In
2308 5275 2416 5329 quo
2454 5261 2617 5314 etiam
2661 5260 2868 5329 psalmo
2919 5260 3122 5318 fixuras
3169 5263 3444 5320 clavorum
3489 5267 3545 5321 it.

1978 5349 2225 5405 manibus
2264 5350 2377 5405 suis
2410 5359 2465 5405 et
2494 5349 2716 5421 pedibus
2757 5349 2875 5405 luce
2915 5350 3115 5407 clarius
3155 5354 3409 5421 ostendit,
3466 5355 3551 5412 di-

1977 5459 2107 5498 cens
2148 5461 2161 5497 :
2224 5461 2243 5493 ι
2274 5443 2546 5499 Foderunt
2592 5458 2786 5500 manus
2831 5459 2981 5500 meas
3032 5454 3085 5501 et
3133 5448 3297 5515 pedes
3340 5462 3490 5503 meos
3535 5466 3547 5501 :

1978 5530 2452 5588 dinumeraverunt
2477 5532 2656 5587 omnia
2687 5547 2809 5588 ossa
2839 5548 2957 5588 mea
2992 5533 3235 5605 (Ibid.).i
3263 5534 3318 5589 Si
3349 5537 3547 5602 nescis,

1979 5622 2068 5677 ille
2102 5632 2218 5678 erat
2252 5623 2350 5678 bos
2398 5632 2551 5687 tuus,
2596 5622 2797 5689 Judaee,
2831 5624 2923 5694 qui
2958 5633 3089 5679 tunc
3136 5626 3189 5679 in
3236 5640 3329 5680 ara
3377 5627 3552 5681 crucis

1983 5732 2162 5772 coram
2194 5725 2247 5770 tc
2276 5715 2673 5786 immolabatur,
2703 5717 2796 5773 sed
2822 5717 3161 5788 exigentibus
3187 5718 3288 5773 tuis
3322 5717 3543 5781 meritis,
