4106 6310
537 322 604 375 47
968 312 1025 365 S.
1068 308 1273 365 PETRI
1316 305 1600 362 DAMIANI
1638 295 2072 361 OPPfTOMUS
2116 303 2249 360 εει]
2290 306 2470 362 PARS
2509 308 2596 361 III.
2635 339 2703 349 —
2741 307 3108 365 OPUSCULA
3142 308 3370 363 VARIA.
3738 314 3809 368 48

534 451 564 489 a
602 440 655 487 te
684 427 912 484 necdum
951 421 1271 478 comedilur.
1324 420 1399 474 De
1441 434 1547 488 quo
1587 417 1797 489 Moyses
1833 418 2119 471 adversum
2150 423 2196 481 Α
2228 418 2607 488 absconditus,
2658 422 2801 479 Deus
2846 424 3013 480 Israel
3065 424 3332 479 Salvator.
3370 442 3389 477 ι
3424 423 3482 479 Si
3518 440 3649 496 ergo
3677 426 3820 481 Deus

535 533 586 578 te
617 523 670 577 in
704 514 1121 574 Deuteronomio
1152 512 1410 581 loquitur,
1446 512 1671 567 dicens:
1710 529 1728 561 ι
1763 510 1891 577 Bos,
1925 511 2120 581 inquit,

522 610 657 670 ’tuus
692 609 999 666 immoletur
1034 621 1221 678 coram
1267 614 1343 671 te,
1383 613 1438 659 et
1482 620 1589 658 non
1637 604 1888 658 comedas
1934 618 2001 656 ex
2059 618 2123 657 eo

533 706 713 777 (Deut.
754 700 968 771 xxvm).
1011 718 1030 752 ι
1078 697 1170 753 Ille
1222 705 1341 752 erat
1396 698 1607 760 asinus,
1655 696 1721 751 de
1766 711 1873 765 quo
1925 695 2123 751 iterum

530 797 662 853 dici:
694 815 706 849 :
751 814 768 847 ‹
805 793 1008 847 Asinus
1049 801 1173 845 tuus
1210 790 1454 860 rapiatur
1487 789 1538 842 in
1575 797 1866 858 conspectu
1910 796 2022 853 tuo,
2068 796 2124 843 et

531 902 639 941 non
672 884 933 941 reddatur
978 881 1072 936 tibi
1105 879 1315 952 (Ibid).
1352 900 1368 931 ι
1407 879 1537 935 Jure
1567 879 1763 950 quippe
1792 879 2123 949 Redemptor

530 985 713 1032 noster
734 990 832 1044 per
858 974 1083 1044 figuram
1112 971 1299 1026 asinus
1322 970 1543 1035 dicitur,
1570 971 1660 1039 qui
1684 971 1749 1024 ad
1775 970 2120 1041 suscipienda

528 1078 728 1124 nostra:
757 1065 1043 1139 pravitatis
1071 1078 1261 1129 onera,
1303 1063 1699 1133 quodammodo
1729 1073 1880 1134 terga
1921 1078 2121 1133 suppo-

530 1162 668 1226 suit;
713 1158 839 1229 quia
878 1158 1019 1212 sicut
1055 1170 1152 1225 per
1190 1156 1511 1225 prophetam
1553 1155 1791 1209 dicitur:
1829 1173 1849 1205 ‹
1887 1155 2120 1210 Peccata

527 1261 713 1308 nostra
759 1251 875 1319 ipse
914 1246 1150 1319 portavit
1189 1244 1343 1317 (Iani.
1379 1244 1520 1316 Llll).
1559 1266 1577 1296 ι
1615 1245 1719 1300 Ubi
1764 1245 1941 1301 adhuc
1997 1255 2121 1317 apte

527 1341 902 1414 subjungitnr:
927 1358 944 1390 ί
970 1337 1132 1399 Oves,
1156 1336 1354 1406 inquit,
1380 1344 1485 1389 tua:
1503 1335 1701 1390 dentur
1715 1334 1951 1391 inimicis
1971 1336 2078 1392 tuis
2102 1354 2115 1389 :

525 1440 581 1485 et
616 1446 722 1486 non
752 1430 823 1484 sit
852 1429 942 1500 qui
976 1437 1028 1482 te
1056 1426 1279 1496 adjuvet
1307 1425 1522 1495 (Ibid.).
1571 1444 1589 1477 ι

599 1522 729 1589 Qua:
758 1529 938 1574 autem
975 1519 1086 1574 sint
1121 1533 1251 1573 oves
1282 1533 1310 1570 a
1338 1517 1537 1586 quibus
1568 1515 1810 1589 adjuvari
1848 1534 2117 1590 synagoga

527 1613 825 1676 debuerat,
883 1609 1171 1666 manifeste
1224 1608 1567 1671 declaratur.
1619 1625 1742 1663 cum
1799 1611 2050 1664 subditur
2099 1625 2115 1664 :

533 1723 551 1755 ι
583 1703 705 1759 Filii
737 1702 813 1757 tui
835 1711 890 1758 et
911 1701 1035 1756 filiae
1062 1709 1164 1755 tute
1197 1699 1480 1753 tradantur
1503 1698 1658 1754 alteri
1685 1699 1901 1769 populo,
1935 1700 2121 1755 viden—

2227 520 2311 565 est
2334 511 2465 581 ipse,
2493 513 2584 583 qui
2607 512 2876 583 loquitur;
2906 514 3046 569 Deus
3068 515 3155 570 cui
3173 514 3335 571 dicit:
3360 534 3379 567 ι
3404 514 3485 570 Tu
3506 531 3567 572 es
3588 518 3761 583 Deus;
3800 539 3818 572 ι

2227 611 2441 655 constat
2482 602 2749 671 profecto,
2786 605 2912 675 quia
2942 604 3120 661 Patris
3144 606 3212 661 ad
3241 605 3437 661 Filium
3465 623 3697 677 persona
3739 610 3822 665 lo-

2225 690 2430 759 quitur.
2465 691 2601 747 Nam
2642 703 2698 748 et
2739 694 2882 763 quod
2923 710 3031 751 non
3074 696 3293 765 dicitur,
3326 698 3646 768 simpliciter
3665 709 3723 756 tu
3762 717 3821 754 es

2227 781 2368 836 Deus
2386 822 2400 847 ,
2433 783 2527 838 sed
2560 784 2609 837 in
2644 796 2693 839 te
2718 794 2800 840 est
2825 785 2995 851 Deus,
3024 795 3080 842 et
3107 798 3161 841 tu
3189 802 3248 843 es
3276 789 3418 845 Deus
3444 789 3815 857 absconditur,

2224 878 2617 933 humanitatem
2640 879 2812 935 nostri
2836 880 3217 952 Redemptoris
3234 881 3518 940 manifeste
3540 884 3810 955 designat.

2223 969 2278 1023 In
2303 969 2522 1026 Christo
2551 972 2694 1027 enim
2720 972 2867 1039 Jesu,
2893 984 2954 1030 ut
2989 983 3175 1031 uoster
3203 977 3281 1031 ait
3308 976 3631 1047 Apostolus,
3664 978 3817 1033 habi-

2225 1070 2304 1114 tat
2336 1062 2515 1116 omnis
2566 1064 2846 1133 plenitudo
2890 1066 3191 1123 divinitatis
3237 1069 3615 1138 corporaliter.
3661 1070 3814 1136 Quod

2221 1163 2401 1209 autem
2423 1154 2555 1210 dicit
2579 1174 2591 1210 :
2621 1176 2639 1207 t
2670 1156 2849 1212 Labor
2868 1158 3059 1229 Egypti
3080 1199 3095 1223 ,
3125 1167 3182 1214 et
3208 1160 3503 1230 negotiatio
3526 1160 3815 1232 Etlthpia:

2221 1255 2275 1301 et
2298 1245 2536 1311 Sabaim,
2562 1249 2665 1302 viri
2692 1248 2953 1305 sublimes
2984 1250 3053 1305 ad
3086 1259 3137 1305 te
3165 1251 3496 1318 transibunt,
3541 1260 3596 1307 et
3624 1260 3677 1308 te
3720 1254 3815 1308 ad-

2219 1337 2455 1393 orabunt
2505 1338 2732 1410 (Coloss.
2780 1328 2876 1413 ll);
2920 1361 2939 1393 ι
2972 1351 3157 1411 aperte
3202 1343 3489 1399 denuntiat
3539 1345 3607 1400 ad
3653 1346 3814 1401 fidem

2219 1427 2423 1484 Christi
2457 1444 2649 1486 omnes
2677 1432 2927 1487 nationes
2952 1434 3191 1499 gentium
3217 1434 3633 1491 convertendos.
3661 1436 3816 1492 Unde

2219 1528 2274 1575 et
2320 1521 2480 1590 paulo
2526 1531 2649 1591 post
2687 1523 2936 1579 subditur
2979 1542 2993 1579 :
3038 1544 3057 1576 ι
3087 1524 3479 1582 Convertimini
3507 1529 3575 1582 ad
3606 1544 3729 1592 me.
3756 1538 3813 1584 et

2216 1611 2354 1667 salvi
2382 1613 2535 1669 eritis
2559 1630 2748 1669 omnes
2781 1615 2916 1671 lines
2939 1625 3127 1683 terrae;
3164 1617 3289 1687 quia
3323 1632 3424 1688 ego
3452 1618 3592 1674 Dens
3618 1629 3674 1674 et
3702 1635 3811 1675 non

2220 1714 2304 1760 est
2330 1704 2491 1761 alius.
2526 1706 2582 1761 In
2615 1708 2995 1778 memetipsum
3032 1706 3207 1777 juravi
3237 1727 3250 1763 :
3279 1711 3590 1781 egredietur
3616 1710 3685 1766 de
3715 1726 3810 1766 ore

526 1799 673 1854 tibus
717 1794 889 1852 oculis
941 1794 1083 1858 tuis,
1120 1800 1175 1846 et
1223 1790 1599 1847 deficientibus
1650 1791 1718 1844 ad
1771 1802 2120 1859 conspectum
2152 1782 2196 1841 B
2224 1812 2346 1852 meo
2365 1796 2592 1865 justum;
2638 1800 2884 1864 verbum,
2917 1807 2971 1853 οι
3002 1814 3108 1854 non
3142 1810 3473 1867 revertetur;
3522 1801 3647 1871 quia
3680 1802 3813 1857 mihi

525 1905 712 1945 eorum
745 1897 856 1943 tota
884 1888 990 1952 die,
1027 1895 1082 1940 et
1112 1899 1216 1938 non
1247 1883 1318 1937 sit
1363 1882 1624 1936 fortitudo
1666 1881 1721 1935 in
1759 1896 1921 1935 manu
1951 1889 2062 1937 tua.
2092 1902 2112 1935 ι

528 1982 716 2037 Sancti
745 1980 892 2034 enim
936 1974 1190 2048 apostoli,
1219 1974 1313 2043 qui
1351 1987 1479 2028 oves
1512 1989 1610 2042 per
1640 1973 2008 2029 innocentiam
2040 1974 2120 2029 di-

525 2084 744 2137 cuntur,
769 2068 1084 2127 Israeliticae
1129 2066 1306 2136 gentis
1352 2063 1445 2117 filii
1481 2072 1629 2128 sunt,
1670 2063 1798 2133 quia
1833 2079 1898 2118 ex
1926 2078 2119 2119 eorum

526 2167 784 2239 progenie
817 2164 1083 2233 originem
1124 2162 1346 2216 ducunt.
1385 2157 1488 2226 Qui
1526 2158 1782 2213 videlicet
1825 2158 1981 2213 alteri
2019 2173 2119 2228 po.

526 2259 654 2330 pulo
702 2269 829 2313 tunc
882 2254 1193 2315 traduntur,
1240 2265 1364 2306 eum
1412 2248 1615 2306 Judteis
1663 2251 2121 2321 persequentibus

527 2353 766 2407 dicunt:
815 2367 835 2400 ι
874 2346 1040 2403 Vobis
1085 2342 1369 2414 oportebat
1414 2341 1650 2412 primum
1704 2341 1851 2412 loqui
1893 2341 2119 2397 verbum

525 2444 655 2508 Dei;
689 2442 781 2498 sed
810 2441 938 2512 quia
968 2436 1251 2508 repellitis,
1282 2434 1439 2501 illud,
1472 2445 1529 2491 et
1561 2435 1809 2507 indignos
1846 2450 1943 2491 vos
1973 2434 2122 2504 judi-

525 2536 665 2591 catis
689 2544 905 2590 atteram
934 2532 1086 2598 vitm,
1118 2544 1246 2584 ecce
1275 2528 1648 2583 convertimur
1676 2529 1743 2583 ad
1768 2538 1979 2598 gentes.
2009 2528 2123 2583 Vos

524 2637 703 2683 autent
736 2626 851 2680 haec
879 2622 1126 2677 videntes
1159 2635 1267 2675 non
1304 2619 1536 2685 vidistis,
1579 2629 1637 2674 et
1676 2618 1960 2674 audientes
2010 2634 2118 2673 non

525 2717 875 2775 intellexistis
918 2715 1059 2784 (Act.
1099 2711 1243 2783 xm).
1282 2730 1301 2764 ι
1342 2710 1495 2778 Quod
1543 2710 1681 2766 bene
1720 2711 1861 2766 idem
1907 2709 2121 2782 Moyses

525 2809 884 2882 usque'hodie
919 2808 1073 2865 vobis
1110 2806 1468 2875 improperat,
1506 2804 1692 2859 dicens
1726 2822 1739 2858 :
1776 2823 1795 2855 ι
1826 2802 1943 2858 Νοη
1971 2804 2119 2859 dedit

523 2903 679 2959 vobis
704 2901 963 2957 Dominus
987 2914 1082 2954 cor
1116 2896 1423 2966 intelligens
1451 2904 1509 2950 et
1537 2894 1725 2949 oculos
1762 2894 2022 2961 videntes,
2061 2905 2118 2950 et

527 3008 688 3049 :mres
712 3007 832 3063 quae
857 2998 1079 3062 possent
1109 2988 1297 3042 audire
1322 2999 1494 3055 usque
1535 2986 1587 3038 in
1616 2995 1938 3056 praesentem
1972 2985 2115 3040 diem

532 3087 712 3155 (Deut.
744 3082 958 3156 xxvnt).
1007 3102 1025 3135 ι
1055 3081 1290 3150 Idipsum
1335 3078 1498 3132 etiam
1541 3076 1873 3148 imprecatur
1923 3077 2116 3132 adver-

2221 1880 2523 1943 curvanunt
2547 1904 2737 1943 omnes
2762 1905 2924 1959 genu,
2954 1900 3009 1945 et
3033 1891 3238 1960 jurabit
3260 1893 3439 1948 omnis
3466 1891 3646 1964 lingua
3671 1893 3809 1961 (In.

2220 1976 2366 2048 xu).
2410 1997 2427 2029 ι
2467 1976 2533 2031 Et
2558 1994 2684 2032 mox
2718 1979 2852 2049 ipse,
2885 1980 2976 2047 qui
3002 1980 3239 2049 loquitur
3269 1979 3434 2035 Pater
3460 1981 3812 2038 manifestum

2221 2072 2288 2126 de
2343 2070 2478 2125 Filio
2537 2071 2786 2141 perhibet
2851 2071 3260 2136 testimonium,
3314 2084 3437 2126 cum
3489 2072 3808 2144 subjungit:

2226 2179 2245 2213 ι
2277 2160 2419 2231 Ergo
2446 2160 2502 2214 in
2530 2160 2760 2215 Domino
2789 2160 2970 2215 dicent
2998 2180 3010 2214 :
3041 2176 3174 2216 meae
3204 2170 3329 2216 sunt
3350 2161 3595 2231 justitize,
3627 2171 3684 2217 et
3712 2164 3813 2216 im-

2218 2257 2428 2325 perium
2460 2270 2473 2309 :
2505 2257 2586 2311 Ad
2611 2271 2734 2310 eum
2764 2257 2985 2311 venient
3006 2298 3020 2319 .
3067 2265 3124 2312 et
3163 2258 3568 2314 confundentur
3597 2275 3809 2328 omnes,

2222 2347 2313 2416 qui
2345 2355 2647 2419 repugnant
2671 2347 2741 2401 ei.
2771 2346 2826 2401 In
2856 2347 3513 2417 Dominojustificabitur,
3548 2360 3605 2406 et
3628 2352 3811 2407 lauda-

2221 2438 2368 2494 bitur
2395 2453 2553 2492 omne
2583 2452 2768 2494 semen
2794 2438 2960 2493 Israel
2992 2438 3203 2510 (Ibid.).
3243 2459 3262 2492 ι
3298 2439 3395 2495 Cui
3428 2441 3604 2496 simile
3639 2448 3723 2497 est
3748 2440 3813 2495 iis

2220 2529 2333 2595 lud,
2383 2532 2526 2600 quod
2571 2546 2668 2601 per
2718 2533 2968 2587 eumdem
3014 2534 3333 2605 prophetam
3393 2533 3519 2589 alibi
3568 2534 3811 2590 dicitur:

2225 2640 2246 2676 ε
2280 2622 2479 2679 Parum
2508 2634 2613 2688 est.
2644 2626 2838 2695 inquit,
2879 2635 2937 2681 ut
2965 2627 3040 2682 sis
3070 2628 3201 2682 mihi
3232 2644 3425 2684 servus
3452 2629 3519 2684 ad
3542 2629 3803 2686 suscitan-

2219 2718 2317 2774 das
2338 2718 2513 2774 tribus
2537 2718 2728 2786 Iacob,
2760 2733 2813 2775 et
2839 2720 3000 2777 faeces
3023 2722 3188 2778 lsrael
3212 2706 3609 2779 convertendae.
3636 2740 3649 2777 :
3678 2720 3810 2779 Dee?

2220 2820 2275 2866 te
2325 2810 2376 2864 in
2423 2809 2597 2866 lucem
2643 2812 2906 2883 gentium,
2960 2824 3018 2867 ut
3065 2813 3139 2868 sis
3188 2814 3333 2869 salus
3372 2829 3488 2869 mea
3534 2829 3703 2884 usque
3743 2827 3810 2870 eo

2219 2910 2522 2955 extremum
2551 2909 2715 2956 terra:
2750 2900 2905 2970 (Isai.
2938 2902 3108 2973 ms).
3144 2920 3162 2953 ι
3204 2902 3406 2959 Servus
3440 2914 3619 2959 autem
3650 2902 3809 2960 Chr?»

2220 3000 2337 3047 stus
2360 2992 2480 3046 ideo
2509 2992 2724 3057 dicitur,
2756 2993 2881 3063 quia
2924 2995 3067 3050 servi
3105 2995 3336 3050 formam
3369 2996 3636 3066 suscepit;
3670 2995 3812 3049 unde

2220 3097 2284 3137 ex
2311 3092 2465 3153 parte
2506 3084 2861 3139 lmmanitatis
2892 3085 2943 3139 in
2975 3086 3187 3154 psalmo
3228 3084 3447 3141 Patrem
3495 3092 3707 3149 exorat,
3738 3085 3812 3139 di-

526 3192 646 3233 sum
686 3192 782 3230 vos
826 3174 1060 3229 dicens:
1098 3189 1120 3223 ί
1159 3168 1438 3225 Percutiat
1486 3175 1540 3222 te
1582 3168 1723 3223 Deus
1768 3169 2023 3235 amentia,
2064 3177 2117 3223 et

2221 3190 2350 3231 cens
2382 3190 2395 3228 :
2427 3195 2445 3227 ε
2474 3173 2695 3231 Custodi
2752 3176 2990 3230 animam
3041 3191 3237 3240 meam,
3286 3176 3544 3247 quoniam
3594 3184 3813 3230 sanctus

526 3270 805 3332 caecitate,
841 3283 905 3322 ac
954 3266 1137 3319 furore
1174 3266 1375 3320 mentis
1408 3282 1422 3318 :
1455 3274 1509 3320 et
1545 3264 1729 3335 palpes
1774 3266 1827 3320 in
1870 3268 2117 3333 meridie,

524 3363 662 3417 sicut
688 3362 906 3428 palpare
936 3357 1073 3412 solet
1108 3371 1283 3412 caecus
1308 3357 1362 3411 in
1396 3358 1655 3421 tenebris,
1691 3366 1747 3411 et
1777 3374 1881 3412 non
1910 3358 2118 3429 dirigas

525 3453 643 3506 vias
677 3459 795 3505 tuas
826 3445 1035 3518 (Ibid.).
1067 3464 1085 3497 ι
1121 3445 1187 3499 Et
1216 3446 1381 3501 Isaias
1410 3464 1423 3499 :
1459 3464 1477 3495 ς
1509 3445 1738 3510 Audite,
1781 3447 1989 3516 inquit,
2023 3463 2123 3501 au-

531 3542 761 3603 dientes,
809 3546 864 3592 et
903 3535 1070 3590 nolite
1118 3534 1419 3605 intelligere
1461 3549 1476 3587 :
1518 3545 1574 3588 et
1620 3535 1795 3590 videte
1832 3536 2117 3602 visionem,

528 3640 584 3686 et
625 3630 789 3685 nolite
833 3640 1182 3698 cognoscere.
1226 3626 1449 3679 Excaeca
1488 3640 1584 3680 eor
1632 3625 1812 3696 populi
1848 3626 2029 3697 hujus,
2064 3638 2120 3682 et

492 3750 499 3755 -
528 3739 689 3779 aures
719 3722 836 3791 ejus
868 3735 1101 3793 aggrava
1122 3760 1135 3785 ,
1164 3729 1221 3775 et
1246 3719 1433 3776 oculos
1463 3721 1578 3790 ejus
1610 3720 1834 3786 claude;
1874 3738 1942 3776 ne
1978 3722 2120 3777 forte

525 3817 708 3871 videat
749 3813 943 3878 oculis,
980 3820 1035 3866 et
1065 3811 1290 3867 auribus
1330 3811 1443 3866 suis
1491 3812 1693 3876 audiat,
1727 3821 1782 3867 et
1820 3814 1983 3868 corde
2019 3829 2117 3868 suo

531 3908 831 3978 intelligat:
861 3915 915 3959 et
939 3910 1309 3968 convertatur,
1340 3911 1395 3957 et
1428 3916 1612 3957 sancm
1636 3917 1757 3956 eum
1779 3902 1934 3971 (litui.
1967 3904 2061 3973 vt).
2094 3923 2111 3956 ι

600 4000 693 4055 Vis
721 4000 901 4055 adhuc
944 3997 1090 4052 aliud
1140 3995 1292 4051 Isaiae
1341 3996 1707 4051 testimonium
1757 3999 1822 4051 de
1861 3996 2120 4053 Christo?

533 4112 551 4145 ι
580 4092 715 4163 Ego,
748 4089 944 4161 inquit,
987 4086 1246 4144 suscitavi
1276 4102 1399 4143 eum
1445 4085 1511 4140 ad
1535 4085 1824 4155 justitiam,
1848 4098 1903 4144 et
1929 4104 2119 4144 omnes

525 4185 644 4240 vias
673 4185 789 4255 ejus
827 4183 1055 4254 dirigam
1089 4198 1102 4235 :
1133 4181 1250 4252 ipse
1285 4180 1576 4237 aadillcabit
1610 4182 1883 4238 civitatem
1916 4197 2115 4249 meam,

525 4289 581 4335 et
605 4276 978 4350 captivitatem
1006 4289 1181 4329 meam
1208 4274 1464 4340 dimittet,
1488 4291 1596 4329 non
1633 4275 1685 4329 in
1715 4275 1912 4345 pretio,
1943 4292 2117 4347 neque

526 4376 579 4429 in
608 4370 946 4433 muneribus,
978 4366 1110 4422 dicit
1133 4365 1393 4423 Dominus
1420 4367 1779 4422 exercituum.
1835 4367 1959 4421 Ilaec
1985 4368 2118 4422 dicit

490 4451 789 4519 ‘Dominus
836 4478 848 4512 :
897 4458 1072 4511 Labor
1128 4456 1389 4528 Egypti,
1443 4458 1739 4528 negotiatio
1790 4459 2109 4527 1Ethiopim,

2220 3283 2339 3322 sum
2369 3285 2382 3321 :
2416 3267 2625 3322 salvum
2655 3267 2736 3322 fac
2764 3283 2979 3322 servum
3016 3276 3186 3333 tuum,
3213 3267 3357 3323 Deus
3384 3284 3562 3334 meus,
3591 3281 3813 3338 speran-

2220 3367 2325 3413 tem
2351 3358 2404 3411 in
2431 3367 2482 3411 te
2505 3355 2677 3427 (Psal.
2711 3357 2932 3426 uxxv).
2970 3377 2988 3408 ι
3023 3358 3154 3425 Quis
3180 3366 3265 3412 est
3288 3359 3431 3411 enim
3464 3358 3589 3422 iste,
3637 3357 3727 3425 qui
3754 3370 3813 3411 se

2218 3456 2272 3502 et
2305 3454 2551 3502 sanctum
2596 3461 2716 3501 esse
2747 3455 3065 3502 constanter
3092 3444 3357 3510 afﬁrmat,
3409 3452 3465 3499 et
3506 3445 3712 3499 salvum
3753 3459 3813 3499 se

2219 3539 2335 3594 fieri
2367 3539 2646 3593 humiliter
2691 3546 2900 3602 exorat,
2952 3538 3056 3591 nisi
3107 3536 3220 3601 ille,
3266 3550 3428 3606 quem
3471 3549 3569 3604 per
3613 3535 3811 3590 Isaiam

2218 3629 2480 3684 Dominus
2509 3638 2795 3684 venturum
2823 3644 2945 3683 esse
2976 3626 3279 3697 promittit,
3315 3627 3502 3682 dicens
3530 3646 3542 3680 :
3581 3647 3597 3677 ι
3630 3625 3808 3696 Prope

2218 3729 2301 3774 est
2350 3720 2531 3788 justus
2591 3735 2784 3786 meus,
2841 3735 3095 3790 egressus
3155 3727 3238 3774 est
3303 3719 3554 3775 Salvator
3620 3718 3814 3775 meus?

2220 3809 2354 3882 (Isai
2382 3810 2480 3882 ιι.)
2514 3829 2533 3861 ι

2289 3900 2448 3965 Ecce,
2481 3910 2539 3954 ut
2563 3911 2620 3955 et
2644 3900 2997 3958 humanitatis
3028 3902 3313 3959 infirmitas
3337 3944 3353 3970 ,
3400 3910 3455 3959 et
3510 3903 3810 3960 divinitatis

2216 3993 2457 4061 potentia
2484 3992 2535 4047 in
2560 4009 2669 4049 uno
2698 3993 2995 4051 mediatore
3026 3995 3142 4062 Dei,
3167 4006 3222 4051 et
3243 3998 3523 4052 hominum
3554 3998 3809 4053 ostenda-

2221 4091 2328 4147 tur,
2360 4084 2451 4153 qui
2495 4084 2603 4139 illic
2649 4085 2866 4140 sibimet
2911 4086 3011 4157 ipsi
3044 4088 3272 4143 salutem
3316 4098 3669 4160 poposcerat,
3720 4090 3810 4145 hic

2219 4174 2474 4232 Salvator
2497 4190 2619 4231 esse
2644 4177 2983 4247 perhibetur.
3033 4179 3108 4235 De
3150 4196 3258 4252 quo
3307 4180 3448 4236 idem
3480 4181 3647 4237 Isaias
3683 4179 3811 4236 alibi

2220 4276 2466 4331 testatur,
2500 4268 2730 4324 dicens:
2772 4287 2791 4321 ι
2829 4270 2969 4326 Ecce
2997 4272 3110 4327 dies
3138 4273 3398 4341 Veniunt,
3450 4274 3584 4329 dicit
3622 4274 3807 4329 Domi-

2218 4375 2339 4423 nus,
2367 4367 2421 4413 et
2449 4359 2723 4414 suscitabo
2757 4361 2922 4415 David
2948 4377 3167 4431 germen
3206 4362 3415 4432 justum
3444 4383 3458 4418 :
3485 4372 3539 4419 et
3568 4365 3812 4436 regnabit

2220 4465 2338 4511 rex,
2366 4459 2419 4504 et
2448 4451 2666 4519 sapiens
2693 4451 2818 4515 erit,
2853 4460 2907 4506 et
2939 4452 3097 4508 faciet
3118 4454 3381 4525 judicium
3403 4498 3418 4522 ,
3450 4466 3504 4511 et
3539 4455 3808 4524 justitiam

524 4518 580 4608 et
608 4551 861 4614 Sabaim;
905 4547 1003 4600 viri
1043 4518 1300 4601 sublimes
1351 4518 1416 4600 ad
1465 4518 1542 4601 te"
1563 4546 1888 4612 transibunt,
1940 4518 1997 4601 et
2038 4518 2114 4601 tui
2145 4518 2194 4576 θ
2222 4542 2275 4595 in
2305 4551 2447 4597 terra
2483 4518 2615 4613 (der.
2646 4545 2815 4615 uti);
2850 4565 2867 4597 ι
2904 4547 3098 4602 deinde
3134 4550 3450 4621 subjungit:
3486 4569 3505 4601 ‹
3540 4551 3597 4605 In
3621 4550 3811 4605 diebus

525 4654 724 4709 erunt,
790 4647 847 4694 et
903 4646 1028 4709 post
1086 4645 1139 4692 te
1206 4636 1598 4703 ambulabunt;
1670 4637 1831 4692 vincti
1886 4639 2118 4693 manicis

524 4743 785 4806 pergeut,
846 4739 901 4786 ct
958 4738 1010 4785 te
1053 4727 1386 4793 adorabunt,
1449 4737 1608 4799 teque
1659 4730 2113 4800 deprecabuntur.

524 4829 759 4883 Tantum
794 4826 849 4880 in
889 4833 940 4879 te
970 4831 1054 4878 est
1080 4823 1244 4888 Deus,
1278 4832 1333 4877 et
1371 4837 1475 4877 non
1515 4830 1599 4877 est
1624 4823 1830 4892 absque
1861 4831 1911 4876 te
1950 4824 2112 4878 Deus.

524 4920 633 4990 3o
653 4919 791 4973 Vere
826 4926 883 4972 tu
914 4934 974 4973 es
1004 4918 1146 4972 Deus
1173 4915 1519 4971 absconditus
1545 4957 1560 4980 ,
1603 4916 1743 4970 Deus
1791 4915 1955 4970 Israel
2002 4917 2116 4971 Sal-

527 5024 682 5068 vator
711 5011 865 5084 (Isai.
902 5009 1048 5079 xnv).
1090 5029 1108 5063 ι
1141 5010 1408 5078 Loquere,
1434 5007 1632 5074 Iudaee,
1658 5004 1955 5080 responde,
1994 5012 2114 5080 quis

529 5104 742 5168 estille,
765 5103 856 5173 qui
875 5102 1033 5158 dicit:
1062 5121 1080 5151 ι
1120 5101 1231 5172 Ego
1247 5101 1501 5155 suscitavi
1526 5115 1647 5154 eum
1674 5103 1736 5155 ad
1762 5100 2066 5169 justitiam?
2092 5123 2109 5154 ι

530 5197 636 5253 Sed
663 5198 709 5252 si
734 5196 931 5261 nescis,
964 5208 1148 5265 perge,
1198 5193 1355 5249 flecte
1393 5192 1577 5248 oculos
1608 5194 1672 5247 ad
1717 5194 1877 5251 finem
1921 5197 2117 5266 prioris

528 5289 831 5352 sententiae,
862 5296 916 5343 et
946 5286 1087 5349 vide,
1125 5287 1251 5341 auia
1276 5286 1428 5352 dicit,
1462 5306 1479 5337 t
1508 5285 1768 5342 Dominus
1792 5288 1929 5342 Deus
1955 5305 2115 5343 excr-

529 5386 755 5437 citumn.
793 5400 811 5432 ι

600 5471 705 5526 Sed
732 5470 846 5539 jam
889 5470 934 5523 si
981 5470 1142 5531 nosti,
1175 5470 1299 5539 quia
1327 5471 1467 5526 Deus
1510 5473 1748 5542 loquitur
1782 5493 1794 5526 :
1828 5476 2111 5531 considera

529 5563 692 5619 etiam
716 5562 801 5615 cui
835 5561 1090 5630 loquitur.
1116 5562 1393 5616 Descende
1418 5564 1582 5632 igitur
1607 5564 1673 5618 ad
1701 5564 1861 5619 linem
1886 5582 2113 5635 sequen-

532 5657 599 5710 tis
628 5654 783 5708 lineae
812 5661 868 5708 et
896 5654 1039 5718 vide,
1073 5655 1215 5722 quod
1243 5654 1476 5709 dicitur:
1512 5675 1531 5707 ‹
1564 5657 1794 5710 Tantum
1837 5657 1890 5711 in
1936 5668 1986 5712 te
2031 5668 2115 5712 est

530 5745 692 5811 Deus,
734 5752 789 5798 et
829 5759 933 5799 non
965 5753 1047 5799 est
1074 5743 1275 5815 absque
1305 5753 1356 5801 te
1385 5745 1546 5801 Deus.
1582 5748 1721 5803 Vere
1772 5756 1824 5802 tu
1870 5764 1928 5803 es
1975 5748 2115 5803 Deus

2219 4633 2327 4689 illis
2354 4633 2652 4689 salvabitur
2678 4634 2832 4701 Juda,
2863 4646 2918 4692 et
2944 4638 3107 4693 lsrael
3139 4640 3402 4695 habitabit
3432 4643 3806 4697 confidenter:
3896 4716 3899 4717 ν

2220 4735 2274 4781 et
2323 4727 2425 4781 hoc
2467 4735 2553 4782 est
2598 4743 2816 4794 nomen,
2863 4732 3005 4799 quod
3040 4734 3311 4788 vocabunt
3348 4750 3502 4798 eum,
3548 4734 3812 4788 Dominus

2211 4816 2391 4887 justus
2412 4825 2596 4873 noster
2618 4817 2827 4891 (Ibid).
2862 4839 2881 4872 ι
2908 4820 3007 4877 llic
3026 4832 3107 4877 est
3124 4823 3324 4893 justus,
3348 4825 3414 4878 ad
3437 4824 3591 4895 cujus
3613 4825 3813 4878 adven-

2223 4919 2336 4963 tum
2367 4910 2509 4964 idem
2532 4911 2797 4981 propheta
2822 4912 2948 4966 totis
2969 4912 3271 4969 visceribus
3298 4924 3523 4979 aestuat,
3554 4923 3610 4968 et
3636 4915 3810 4969 anhe-

2222 4999 2317 5067 lat,
2345 5002 2531 5059 dicens
2557 5021 2569 5057 :
2606 5022 2624 5053 ι
2664 5003 2887 5071 Rorate,
2913 5005 3035 5060 coeli
3065 5008 3314 5077 desuper,
3345 5021 3400 5062 et
3421 5008 3593 5063 nubes
3621 5007 3813 5078 pluatt

2216 5093 2459 5163 justum;
2491 5096 2768 5167 aperiatur
2790 5108 2959 5162 terra,
2988 5107 3039 5152 et
3063 5100 3332 5169 germinet
3358 5099 3697 5155 Salvatorcm
3717 5142 3730 5161 ,
3755 5109 3810 5154 ct

2212 5186 2424 5255 justitia
2441 5190 2649 5243 oriatur
2671 5188 2861 5255 simul;
2893 5205 2993 5261 ego
3014 5191 3274 5246 Dominus
3295 5192 3474 5246 crcavi
3501 5208 3623 5246 eum
3652 5190 3807 5261 (Isai.

2220 5283 2366 5351 XLV).
2404 5301 2421 5333 ι
2459 5281 2526 5335 Et
2559 5282 2730 5336 alibi:
2767 5301 2785 5333 α
2818 5282 3052 5353 Utinam,
3087 5283 3190 5354 31
3219 5284 3429 5354 inquit,
3471 5282 3810 5353 dirumperes

2220 5375 2405 5439 caelos,
2430 5385 2485 5428 et
2505 5374 2863 5430 descenderes
2886 5391 2900 5429 :
2926 5391 2955 5430 a
2986 5376 3124 5430 facie
3147 5386 3233 5429 tua
3260 5384 3469 5430 montes
3491 5373 3808 5438 defluerent,

2221 5473 2363 5527 sicut
2392 5472 2604 5525 exuslio
2640 5471 2779 5541 ignis
2806 5472 3163 5536 tabescerent,
3197 5478 3361 5540 atque
3386 5472 3640 5525 arderent
3676 5468 3810 5535 igni,

2223 5572 2283 5616 ut
2304 5573 2486 5617 notum
2512 5561 2664 5615 fieret
2680 5575 2871 5616 nomen
2890 5571 3037 5615 tuum
3060 5560 3290 5615 inimicis
3311 5561 3413 5615 tuis
3430 5559 3581 5631 (Isot'.
3604 5554 3765 5625 Lx1v).
3784 5574 3804 5610 ο

2224 5655 2289 5709 Et
2321 5657 2514 5709 iterum
2553 5673 2564 5707 :
2606 5674 2621 5705 ι
2661 5654 2887 5723 Propter
2914 5654 3043 5708 Sion
3077 5667 3181 5707 non
3229 5655 3438 5717 tacebo,
3490 5665 3543 5706 et
3588 5659 3812 5720 propter

2224 5749 2555 5807 Hierusalem
2613 5764 2717 5803 non
2773 5748 3079 5816 quiescam,
3136 5747 3308 5802 donec
3360 5745 3691 5817 egrediatur,
3752 5747 3811 5796 ut
