4080 5346
276 274 357 331 49
1102 275 1342 332 OPUSC.
1384 277 1445 332 ll.
1477 308 1547 317 —
1582 277 1978 334 ANTILOGUS
2014 279 2291 335 CONTRA
2328 283 2635 344 JUDAEOS.
3486 296 3569 350 ’ὅθ

276 393 541 465 splendor
571 390 754 462 justus
780 387 897 458 ejus
918 429 933 456 ,
970 396 1025 445 et
1055 390 1306 448 Salvator
1353 390 1471 461 ejus
1498 432 1513 457 ,
1562 400 1621 446 ut
1666 393 1874 462 lampas
1905 391 1950 451 Λ
1982 393 2196 447 mortali
2226 394 2477 449 videlicet
2506 399 2618 466 regi
2649 397 2761 453 haec
2789 400 3072 471 prophetia
3099 402 3387 458 convenire
3412 420 3571 474 posse

276 482 615 541 accendatur
652 484 813 556 (Isai.
844 485 1001 556 un).
1033 504 1053 538 ι
1083 484 1159 540 De
1181 484 1371 540 eodem
1396 484 1595 540 Christi
1620 488 1876 549 adventu,

275 588 334 633 et
387 577 645 633 Habacuc
705 575 1077 632 testimonium
1136 576 1427 647 perbibet,
1475 578 1705 634 dicens:
1748 597 1766 628 ι
1812 577 1877 631 Et

277 668 562 739 respondit
589 667 851 722 Dominus
876 708 891 733 ,
942 676 997 723 et
1033 667 1169 723 dixit
1203 668 1269 722 ad
1297 683 1384 723 me
1416 683 1430 721 :
1467 667 1658 725 Scribe
1703 670 1875 724 visum

275 763 329 816 in
383 762 533 817 buxu
585 768 775 830 aperte
800 802 816 826 ,
854 768 915 817 ut
942 769 1287 832 assequatur,
1321 761 1412 832 qui
1444 761 1573 832 legit
1620 778 1713 828 ea;
1747 764 1874 832 quia

274 854 458 910 adhuc
488 855 624 910 visio
646 857 716 910 ad
745 863 990 924 tempus;
1022 864 1078 910 et
1101 855 1310 911 orietur
1334 855 1389 909 in
1429 855 1566 920 ﬁne,
1598 866 1653 909 et
1683 872 1791 912 non
1819 857 1873 911 in

273 959 538 1012 vacuum;
580 946 630 1002 si
674 946 996 1013 tardaverit,
1044 947 1251 1002 sustine
1296 961 1443 1011 eum,
1489 947 1617 1016 quia
1648 947 1872 1003 veniens

276 1036 479 1103 veniet,
502 1044 559 1092 et
580 1052 690 1093 non
720 1037 1023 1093 morabitur
1043 1036 1273 1108 (Habac.
1304 1037 1387 1108 η).
1420 1056 1437 1089 ι
1466 1037 1547 1091 Ad
1578 1037 1868 1107 perhiben-

271 1130 402 1183 dum
452 1129 633 1184 adhuc
667 1130 1039 1185 testimonium
1086 1128 1302 1184 Christo
1345 1128 1608 1198 propheta
1652 1144 1871 1200 quoque

269 1219 474 1275 Abdias
499 1220 727 1275 accedat
760 1240 773 1273 :
812 1239 830 1272 ι
862 1220 981 1288 Quo
1010 1220 1171 1275 modo
1195 1220 1364 1283 enim,
1396 1220 1605 1288 inquit,
1657 1220 1871 1276 bibistis

271 1327 433 1382 super
461 1322 704 1368 montem
733 1322 978 1368 sanctum
1001 1326 1200 1378 meum,
1222 1312 1409 1367 bibent
1428 1327 1618 1366 omnes
1633 1311 1864 1383 jugiter;

269 1414 321 1459 et
346 1405 535 1459 bibent
560 1413 616 1460 et
641 1406 1011 1462 absorbebunt
1030 1446 1046 1470 ,
1084 1412 1140 1461 et
1181 1414 1363 1470 erunt,
1413 1406 1566 1474 quasi
1596 1420 1702 1460 non
1724 1406 1863 1471 sint;

268 1507 321 1551 et
350 1498 402 1551 in
432 1507 618 1555 monte
667 1499 799 1556 Sion
847 1500 954 1557 erit
996 1499 1225 1555 salvatio
1247 1540 1261 1564 ,
1305 1507 1360 1554 et
1387 1500 1494 1554 erit
1523 1508 1778 1565 sanctus;
1813 1508 1866 1555 et

1984 501 2091 539 non
2136 488 2408 551 cemitur,
2460 504 2802 561 consequens
2851 504 2935 549 est
2981 503 3039 548 ut
3091 488 3158 550 de
3206 496 3424 552 Christo
3476 498 3567 552 Dei

1982 574 2122 630 Filio
2150 577 2522 635 indubitanter
2555 580 2697 636 dicta
2729 583 3001 639 credatur.
3034 587 3109 641 De
3153 602 3284 657 quo,
3320 588 3571 646 videiicet

1977 675 2182 722 aeterno
2199 669 2389 737 David,
2414 671 2581 727 Isaias
2612 675 2689 729 ait
2720 693 2733 728 :
2769 697 2786 727 ι
2813 677 3024 732 Feriam
3049 680 3326 735 vobiscum
3352 692 3566 751 pactum

1977 756 2406 827 sempiternum,
2463 761 2868 820 misericordias
2938 767 3107 821 David
3180 770 3372 825 ﬁdelis.
3427 771 3569 826 Ecce

1979 860 2169 908 testem
2206 854 2387 923 populi
2436 854 2556 911 dedi
2600 872 2749 924 eum,
2803 859 3017 924 ducem,
3071 876 3138 916 ac
3175 872 3563 933 praeceptorem

1974 944 2245 1014 gentibus.
2293 946 2432 1002 Ecce
2479 956 2718 1019 gentem,
2765 967 2927 1023 quam
2963 954 3267 1017 nesciebas,
3310 957 3561 1018 vocabis;

1973 1046 2028 1089 et
2060 1046 2272 1107 gentes,
2317 1055 2438 1109 quae
2485 1055 2592 1098 non
2634 1053 3008 1113 cognoverunt
3042 1053 3111 1110 te,
3144 1046 3209 1099 ad
3243 1055 3295 1100 te
3323 1057 3566 1102 current.

1974 1128 2202 1195 Propter
2241 1131 2530 1187 Dominum
2578 1132 2749 1189 Deum
2796 1143 3061 1201 tuum,‘et
3099 1146 3349 1192 sanctum
3376 1136 3564 1200 Israel,

1971 1220 2098 1289 quia
2152 1219 2478 1291 gloriﬁcavit
2522 1233 2573 1279 te
2614 1223 2751 1295 (Isai
2784 1229 2892 1295 Lv).
2934 1247 2950 1279 ι
2994 1225 3245 1297 Nunquid
3305 1243 3411 1281 non
3452 1227 3564 1293 jam

1969 1308 2138 1364 David
2166 1326 2235 1365 ex
2264 1312 2366 1367 hac
2413 1312 2535 1368 luce
2580 1315 2930 1386 migraverat,
2977 1333 3099 1372 cum
3151 1319 3267 1373 haec
3301 1318 3563 1388 propheta

1969 1401 2220 1456 dicebat?
2249 1402 2531 1470 Quomodo
2560 1404 2724 1477 igitur
2750 1408 2816 1463 de
2837 1423 2902 1463 eo
2927 1410 3227 1475 diceretur,
3249 1410 3376 1479 quia
3404 1424 3536 1461 voca

1969 1502 2123 1550 turus
2143 1506 2284 1553 esset
2304 1506 2515 1569 gentes,
2530 1500 2661 1555 etad
2684 1515 2808 1555 eum
2830 1510 3018 1572 gentes
3031 1508 3442 1566 concurrerent,
3460 1502 3555 1570 qui

265 1576 568 1657 possidebit
601 1591 795 1647 domus
824 1588 993 1647 Iacob
1021 1605 1116 1647 eos
1135 1632 1149 1658 ,
1181 1591 1275 1661 qui
1303 1605 1366 1646 se
1382 1590 1737 1662 possederant
1762 1610 1777 1646 :
1807 1600 1863 1647 et
1960 1584 2075 1654 jam
2102 1598 2299 1646 exutus
2327 1605 2561 1661 corpore
2604 1607 2729 1647 cum
2771 1593 3099 1650 mortalibus
3127 1608 3235 1648 non
3273 1594 3567 1648 maneret?

266 1682 368 1736 erit
388 1683 588 1739 domus
613 1682 785 1739 Iacob
808 1684 966 1754 ignis,
991 1694 1047 1739 et
1073 1683 1267 1739 domus
1295 1682 1491 1752 Ioseph
1518 1682 1732 1738 ﬂamma
1752 1724 1769 1750 ,
1806 1692 1862 1738 et

1968 1679 2024 1735 Si
2075 1681 2239 1753 igitur
2283 1683 2387 1739 hoc
2441 1685 2775 1755 propheticus
2835 1686 3219 1756 promissionis
3275 1684 3559 1740 oraculum

266 1775 459 1830 domus
490 1775 631 1829 Esau
664 1753 863 1844 stipula
896 1775 1158 1847 (Abdita).
1197 1795 1215 1828 ι
1249 1774 1387 1842 Quid
1429 1774 1573 1830 enim
1622 1790 1720 1846 per
1760 1776 1857 1830 do-
1889 1753 1935 1813 Β
1964 1789 2306 1845 nequaquam
2336 1775 2404 1831 de
2436 1753 2653 1846 eo,_qui
2694 1775 2808 1846 jam
2836 1753 3069 1839 obierat,
3115 1776 3284 1831 David
3316 1775 3421 1830 dici
3456 1789 3557 1843 po-

267 1882 412 1921 mum
439 1866 633 1931 Jacob,
675 1875 732 1922 ct
768 1868 989 1940 .loseph,
1020 1869 1124 1924 nisi
1170 1868 1414 1924 Ecclesia
1443 1868 1686 1923 Christi?
1718 1866 1858 1934 Quid

264 1971 360 2027 per
384 1958 608 2013 domum
638 1959 780 2015 Esau
808 1959 968 2015 debet
996 1958 1249 2031 intelligi,
1295 1959 1398 2016 nisi
1430 1959 1725 2015 inﬁdelium
1764 1972 1860 2028 po-

263 2048 371 2117 puli
394 2049 421 2103 ἲ
447 2049 653 2105 Domus
681 2065 810 2121 ergo
836 2048 1032 2114 Jacob,
1075 2059 1132 2106 et
1171 2050 1369 2121 Joscph
1400 2050 1540 2121 ignis
1572 2048 1712 2104 facta
1743 2060 1855 2115 est;

265 2138 387 2207 quia
417 2150 611 2194 saneta
638 2138 878 2195 Ecclesia
907 2141 1028 2212 igne
1051 2142 1226 2196 sancti
1249 2140 1483 2210 Spiritus
1506 2139 1855 2205 inflammata,

266 2229 330 2281 ad
356 2243 605 2284 amorem
631 2230 728 2285 Dei
765 2230 959 2302 frigida
986 2230 1189 2287 dudum
1219 2231 1518 2287 carnalium
1545 2232 1710 2287 corda
1742 2247 1863 2286 suc-

265 2319 487 2373 cendit:
524 2327 581 2373 et
607 2320 687 2375 sic
720 2335 751 2374 a
791 2322 1229 2392 concupiscentia
1266 2322 1552 2391 praesentis
1588 2320 1768 2377 saeculi
1794 2324 1861 2377 ad

263 2407 597 2464 desiderium
639 2410 916 2467 Creatoris
965 2413 1184 2468 domum
1225 2413 1367 2469 Esau
1410 2414 1560 2470 velut
1605 2414 1861 2483 stipulam

262 2502 655 2556 concremavit.
682 2502 755 2558 De
789 2519 897 2573 quo
926 2505 1179 2561 videlicet
1204 2506 1327 2577 igne
1364 2507 1418 2561 in
1462 2514 1652 2562 nostro
1687 2507 1862 2563 Evan-

261 2592 402 2661 gelio
434 2594 648 2650 Veritas
684 2595 818 2651 dicit
848 2611 863 2650 :
902 2614 922 2648 ί
957 2597 1137 2668 Ignem
1167 2598 1289 2652 veni
1316 2598 1531 2655 mittere
1556 2599 1611 2653 in
1637 2607 1861 2665 terram,

259 2692 311 2734 ct
336 2684 473 2752 quid
494 2686 635 2752 volo,
665 2686 766 2742 nisi
792 2698 852 2742 ut
874 2689 1102 2743 ardeat?
1139 2709 1156 2742 ι
1198 2688 1352 2759 (Luc.
1382 2693 1506 2760 xu.)

894 2779 1121 2835 CAPUT
1161 2781 1239 2847 ll,‘

542 2868 619 2925 De
644 2870 877 2939 Christo,
907 2876 994 2945 qui
1030 2886 1103 2929 cst
1132 2875 1266 2946 lapis
1296 2877 1591 2947 angularia.

327 2959 430 3016 Dic
476 2963 608 3018 mihi
638 2966 740 3019 hoc
773 2966 957 3033 etiam,
992 2985 1024 3022 ο
1053 2966 1260 3029 Iudaee,
1293 2970 1415 3039 quis
1449 2978 1534 3024 est
1564 2969 1668 3025 iste
1702 2969 1855 3040 lapis,

253 3065 417 3118 quem
444 3052 703 3109 Dominus
722 3056 1007 3126 pollicetur
1026 3073 1085 3114 se
1105 3060 1407 3129 positurum
1432 3060 1486 3114 in
1510 3061 1857 3117 fundamento

256 3143 385 3199 Sion
408 3145 436 3197 ?
474 3143 626 3201 Unde
654 3146 819 3202 Isaias
841 3149 957 3203 ait:
992 3168 1010 3201 ι
1043 3150 1183 3205 Ecce
1204 3166 1304 3222 ego
1328 3152 1539 3206 mittam
1571 3153 1625 3207 in
1657 3152 1853 3207 funda-

255 3244 445 3291 mento
475 3234 610 3292 Sion
640 3238 873 3308 lapidem
906 3242 1188 3311 probatum
1215 3285 1230 3309 ,
1272 3244 1608 3312 angularem,
1656 3247 1858 3315 pretio—

255 3341 403 3393 sum,
435 3327 492 3380 in
524 3326 876 3386 fundamento
904 3330 1185 3387 fundatum
1216 3333 1370 3407 (Isai.
1418 3336 1630 3406 xxvm).
1668 3356 1686 3389 ι
1723 3337 1855 3405 Quis

254 3425 354 3479 est,
382 3417 639 3486 inquam,
662 3419 768 3475 iste
795 3420 956 3491 lapis,
980 3422 1082 3477 nisi
1107 3423 1214 3490 ille,
1246 3424 1312 3480 de
1338 3441 1445 3495 quo
1471 3426 1635 3481 David
1664 3430 1808 3483 canit
1839 3446 1855 3485 :

260 3526 279 3557 ι
312 3507 624 3578 Lapidem,
675 3526 836 3581 quem
884 3516 1308 3585 rcprobaverunt
1351 3517 1719 3585 aediﬁcantes,
1768 3521 1857 3574 hic

257 3600 439 3657 factus
470 3610 558 3657 est
590 3603 644 3657 in
674 3613 836 3674 caput
879 3607 1093 3677 anguli?
1140 3591 1313 3679 (Psal.
1345 3610 1539 3680 cxvii.)
1571 3630 1589 3662 ι
1626 3611 1777 3677 Quod
1810 3614 1855 3667 si

256 3692 536 3762 lapideum
591 3710 685 3751 cor
738 3705 888 3752 tuum
944 3699 1172 3768 lapidein
1225 3703 1557 3756 materialem
1606 3704 1676 3757 ab
1721 3703 1855 3759 Isaia

255 3785 462 3840 dictum
488 3786 789 3853 existimat,
814 3790 937 3843 audi
963 3791 1102 3858 quod
1128 3792 1376 3861 sequitur
1400 3807 1414 3846 :
1445 3810 1463 3843 ‹
1496 3793 1671 3863 Super
1695 3810 1853 3864 quem

257 3876 343 3943 qui
378 3876 672 3943 ceciderit,
705 3879 1078 3950 confringetur
1112 3901 1123 3935 :
1166 3898 1331 3953 super
1363 3900 1523 3953 quem
1559 3901 1687 3940 vero
1717 3887 1856 3942 ccci-

254 3967 417 4033 dcrit,
449 3978 699 4025 conteret
726 3986 868 4026 cum.
909 3992 926 4024 ι
958 3973 1215 4045 Lapidem
1242 3962 1419 4042 enim,
1449 3977 1539 4047 qui
1573 3978 1624 4031 in
1657 3978 1854 4033 funda-

254 4068 440 4112 mento
498 4061 724 4129 parietis
774 4064 1022 4131 ponitur,
1056 4081 1162 4119 non
1210 4081 1371 4136 posse
1414 4083 1575 4137 super
1622 4069 1853 4139 aliquem

255 4152 497 4217 cadere,
548 4152 753 4223 liquido
782 4159 1185 4225 comprobatur.
1235 4159 1333 4214 llic
1370 4170 1451 4215 est
1494 4162 1679 4231 utique
1720 4163 1857 4231 lapis

255 4243 381 4307 ille,
432 4260 596 4314 quem
645 4247 832 4302 Daniel
879 4251 1013 4305 vidit
1058 4252 1358 4307 abscissum
1402 4253 1468 4308 de
1512 4261 1695 4309 monte
1738 4257 1856 4310 sine

254 4337 514 4392 immibus
561 4337 723 4410 (Dan.
776 4341 870 4413 Il);
926 4343 1174 4399 Christus
1224 4344 1474 4400 videlicet
1524 4344 1642 4400 sine
1693 4360 1856 4417 opere

252 4425 738 4495 coiiiplecteutium
761 4470 778 4496 ,
821 4432 887 4486 de
934 4432 1242 4502 incorrupta
1273 4433 1479 4503 virgine
1513 4444 1850 4502 procreatus.

250 4517 390 4571 Audi
418 4518 597 4576 adhuc
620 4521 1013 4588 testimonium,
1037 4523 1178 4592 quod
1200 4525 1338 4578 idem
1365 4525 1527 4581 Isaias
1544 4527 1610 4581 de
1630 4526 1845 4582 Christo

1966 1864 2134 1918 tuisse
2177 1863 2542 1934 cognoscitur,
2595 1874 2766 1919 restat
2804 1874 2863 1920 ut
2919 1866 2988 1922 de
3031 1880 3130 1932 eo,
3181 1864 3274 1936 qui
3327 1864 3559 1920 necdum

1961 1962 2207 2019 venerat,
2235 1954 2448 2024 prolata
2477 1954 2649 2011 fuisse
2676 1956 2949 2011 credatur.
3504 1971 3509 1976 '

2033 2044 2272 2099 Rursum
2326 2046 2493 2102 etiam
2547 2046 2614 2101 de
2671 2048 3059 2117 reprobatione
3115 2047 3448 2111 Judaeorum,
3504 2055 3561 2103 et

1965 2136 2245 2192 vocatione
2274 2137 2516 2208 gentium
2562 2137 3067 2194 manifestissimum
3102 2153 3202 2209 per
3239 2138 3560 2192 Zachariam

1963 2228 2225 2284 Dominus
2281 2227 2507 2298 protulit
2556 2229 2904 2292 sententiam,
2955 2230 3194 2284 dicens:
3246 2248 3264 2280 ι
3302 2227 3417 2283 Νοιι
3475 2236 3561 2283 est

1965 2320 2097 2375 mihi
2123 2319 2370 2375 voluntas
2398 2320 2452 2374 in
2470 2320 2789 2387 vobis,dicit
2820 2320 3080 2376 Dominus
3104 2320 3468 2385 exercituum,
3498 2327 3558 2374 et

1964 2427 2161 2467 uiunus
2188 2427 2295 2468 non
2323 2412 2613 2481 suscipiam
2645 2412 2712 2468 de
2741 2428 2905 2468 manu
2933 2421 3130 2469 vestra.
3153 2412 3237 2468 Ab
3265 2421 3386 2467 ortu
3414 2412 3559 2466 enim

1963 2504 2094 2560 solis
2123 2519 2296 2575 usque
2335 2505 2403 2559 ad
2441 2514 2696 2560 occasum
2728 2520 2983 2577 magnum
3024 2514 3108 2560 est
3150 2520 3348 2561 nomen
3378 2519 3557 2560 meum

1964 2596 2018 2650 in
2073 2595 2349 2667 gentibus,
2377 2603 2431 2650 et
2471 2595 2524 2649 in
2553 2595 2700 2651 omni
2731 2597 2852 2653 loco
2880 2596 3224 2653 sacriﬁcatur
3248 2607 3304 2651 et
3329 2595 3558 2651 oﬂertur

1962 2686 2171 2740 nomini
2223 2700 2344 2740 meo
2379 2684 2582 2742 oblatio
2628 2689 2863 2754 munda;
2905 2689 3031 2760 quia
3062 2703 3315 2760 magnum
3348 2696 3429 2743 est
3462 2702 3559 2742 no-

1962 2791 2085 2830 men
2116 2789 2295 2830 meum
2347 2774 2401 2829 in
2446 2776 2718 2846 gentibus,
2759 2777 2892 2833 dicit
2917 2777 3180 2832 Dominus
3218 2778 3559 2833 exercituum

1962 2866 2219 2938 (Malach.
2250 2864 2311 2936 ι).
2352 2885 2370 2918 ι
2413 2866 2481 2922 Ει
2516 2868 2676 2938 paulo
2708 2878 2831 2938 post
2862 2887 2875 2923 :
2913 2889 2931 2922 ι
2967 2870 3033 2924 Et
3079 2870 3134 2923 in
3176 2869 3264 2924 die
3312 2869 3400 2924 illa
3428 2869 3561 2924 dicit

1961 2962 2222 3017 Dominus
2248 2961 2587 3017 exercituum
2609 3005 2623 3027 ,
2653 2963 2965 3033 disperdam
3015 2965 3233 3019 nomina
3290 2963 3560 3019 idolorum

1963 3055 2029 3110 de
2055 3066 2220 3121 terra,
2268 3066 2324 3113 et
2367 3073 2476 3113 non
2521 3057 2968 3112 memorabuntur
3010 3057 3174 3122 ultra,
3217 3066 3271 3109 et
3305 3056 3557 3125 spiritum

1960 3147 2575 3218 pseudoprophetarum,
2604 3155 2659 3201 et
2679 3147 2926 3216 spiritum
2953 3148 3287 3202 immundum
3314 3146 3557 3201 auferam

1958 3237 2025 3293 de
2056 3248 2197 3294 terra
2221 3238 2432 3311 (Ibit).
2477 3259 2495 3292 ι
2524 3239 2620 3294 Dic
2674 3240 2863 3305 etiam,
2891 3239 3096 3305 Judme,
3126 3241 3192 3295 dc
3220 3254 3327 3308 quo
3360 3239 3559 3293 intelli-

1958 3330 2069 3400 gis,
2128 3330 2334 3385 dictum
2383 3323 2572 3395 fuisse,
2627 3330 2770 3399 quod
2816 3329 2992 3401 legis:
3034 3347 3053 3380 ι
3087 3330 3248 3391 Deus,
3289 3327 3553 3396 judicium

1958 3430 2113 3475 tuum
2160 3422 2276 3490 regi
2330 3420 2420 3488 da,
2451 3431 2505 3477 et
2532 3421 2799 3492 justitiam
2840 3430 2986 3475 tuam
3030 3419 3140 3475 ﬁlio
3168 3419 3349 3491 regis?
3374 3417 3551 3489 (Psal.

1958 3512 2131 3585 uxr.)
2178 3532 2196 3565 ι
2234 3514 2366 3581 Quis
2396 3523 2476 3569 est
2523 3515 2622 3570 iste
2664 3528 2755 3569 rex
2799 3514 2938 3583 regis
2968 3512 3060 3568 ﬁlii
3090 3514 3277 3584 pater?
3303 3513 3557 3583 Nunquid

1961 3603 2129 3657 David
2168 3602 2516 3658 Salomonis?
2546 3604 2651 3658 Sed
2700 3604 2817 3674 lege
2861 3618 2956 3674 per
2990 3604 3234 3659 ordinem
3264 3602 3553 3674 psalmum,

1959 3705 2012 3750 et
2041 3697 2162 3751 vide
2201 3698 2329 3766 quid
2374 3697 2660 3767 sequitur:
2697 3717 2714 3747 ι
2746 3698 2809 3750 Et
2863 3696 3206 3767 permanebit
3242 3711 3365 3751 cum
3417 3694 3554 3758 sole,

1958 3799 2011 3844 et
2043 3798 2169 3845 ante
2195 3790 2377 3845 lunam
2408 3791 2462 3844 in
2508 3791 2765 3845 sarculum
2806 3790 3011 3845 saeculi.
3048 3809 3066 3842 ›
3104 3789 3357 3859 Nunquid
3400 3787 3548 3842 Sales

1960 3898 2084 3939 mon
2129 3898 2445 3953 permanere
2490 3883 2541 3938 in
2584 3882 2839 3938 szeculum
2891 3882 3073 3938 saeculi
3123 3882 3227 3937 dici
3280 3881 3545 3935 veraciter

1959 3975 2152 4044 potuit,
2185 3976 2275 4045 qui
2303 3976 2390 4029 vix
2422 3991 2520 4045 per
2539 3975 2897 4046 quadraginta
2932 3989 3196 4028 annorum
3226 3971 3555 4027 curriculum

1959 4064 2111 4134 regni
2143 4062 2511 4134 gubernacula
2550 4063 2762 4119 tenuit?
3246 4048 3253 4053 ’

2031 4154 2173 4225 Lege
2204 4155 2400 4219 adhuc,
2434 4164 2491 4209 et
2525 4154 2779 4208 continua
2813 4162 2982 4207 totum
3022 4151 3311 4222 psalmum,
3339 4156 3392 4204 et
3427 4165 3555 4204 con-

1959 4244 2139 4299 sidera
2192 4244 2463 4311 quomodo
2513 4259 2544 4296 a
2603 4242 2895 4296 Salomone
2950 4243 3255 4311 reperiatur
3312 4241 3551 4304 alienus,

1961 4333 2195 4387 maxime
2231 4332 2339 4385 illic
2377 4332 2466 4386 ubi
2506 4332 2747 4387 dicitur:
2786 4350 2803 4382 ι
2839 4332 2917 4385 Ex
2956 4331 3137 4385 usuris
3167 4339 3221 4385 et
3268 4314 3553 4398 iniquitate

1959 4425 2213 4481 liberabit
2236 4426 2445 4480 animas
2474 4442 2660 4481 eorum
2690 4426 2905 4498 (lbid.).
2942 4446 2961 4479 ι
2993 4425 3126 4480 Nam
3154 4425 3425 4495 quomodo
3455 4424 3555 4479 Sa-

1961 4517 2138 4571 lomou
2165 4532 2231 4570 ex
2264 4516 2553 4586 iniquitate
2587 4517 2820 4571 liberare
2855 4517 3064 4570 animas
3093 4517 3291 4585 potuit,
3331 4515 3458 4584 quia
3488 4531 3555 4569 ex

254 4609 487 4677 profert,
518 4611 745 4668 dicens:
773 4633 792 4666 ‹
825 4614 1165 4686 Egredietur,
1191 4617 1386 4685 inquit,
1408 4617 1556 4689 virga
1578 4619 1644 4672 de
1667 4619 1847 4674 radice

1964 4609 2156 4683 ,ustitia
2177 4649 2192 4673 ,
2222 4622 2387 4679 quam
2416 4609 2670 4679 primitus
2693 4608 2869 4677 cepit,
2895 4609 3033 4663 idem
3059 4607 3173 4677 ipse
3203 4607 3268 4660 ad
3299 4605 3557 4674 iniquita-

252 4701 277 4752 J
302 4719 408 4757 'sse
431 4745 446 4768 ,
476 4714 530 4759 et
568 4706 669 4760 ﬂos
698 4707 764 4762 de
801 4709 980 4763 radice
1001 4708 1118 4777 ejus
1143 4710 1426 4777 ascendet,
1454 4721 1508 4766 et
1546 4713 1849 4781 requiescet

255 4810 423 4863 super
458 4810 586 4850 eum
626 4799 849 4869 spiritus
899 4802 1144 4866 Domini,
1195 4804 1416 4873 Spiritus
1460 4805 1739 4876 sapientiae
1796 4816 1853 4860 et

255 4880 606 4951 intellectus,
679 4890 897 4959 spiritus
948 4893 1157 4947 consilii
1213 4903 1267 4949 et
1316 4894 1686 4962 fortitudinis,
1744 4900 1850 4968 spi-

256 4977 398 5031 ritus
455 4979 696 5036 scicntia:
740 4990 796 5037 et
843 4983 1096 5052 pietatis,
1149 4996 1203 5040 et
1253 4988 1483 5056 rcplcbit
1529 5005 1651 5044 eum
1688 4991 1849 5058 spiri-

254 5074 343 5119 tus
391 5067 603 5124 timoris
652 5071 860 5126 Domini
895 5071 1048 5143 (Isai.
1079 5075 1176 5143 xx).
1213 5095 1231 5127 ι
1286 5074 1404 5129 Jam
1434 5078 1560 5148 quid
1612 5078 1852 5146 apertius

1956 4711 2061 4755 tem
2103 4698 2453 4768 postmodum
2499 4698 2827 4755 declinavit?
2860 4698 2997 4753 Illud
3036 4697 3201 4752 etiam
3240 4695 3324 4749 cui
3353 4709 3556 4749 convc-

1957 4792 2055 4856 uit,
2084 4790 2187 4845 nisi
2236 4789 2336 4845 soli
2380 4790 2521 4859 Deo,
2550 4790 2693 4860 quod
2737 4791 2978 4845 dicitur:
3015 4807 3031 4838 ι
3067 4788 3145 4840 Sil
3193 4798 3389 4840 nomen
3443 4787 3559 4856 ejus

1958 4882 2299 4936 benedictum
2336 4881 2392 4936 in
2444 4877 2678 4944 smcuia?
2708 4902 2725 4934 ι
2760 4881 3018 4952 Sequitur
3068 4878 3244 4931 adhuc
3286 4876 3560 4945 psalmus,

1955 4986 2009 5029 ct
2039 4974 2211 5029 dicit:
2250 4992 2267 5024 ι
2302 4973 2368 5028 Et.
2391 4976 2796 5041 benedicentur
2832 4975 2883 5027 in
2911 4987 2976 5026 co
3017 4981 3205 5022 omnes
3245 4968 3421 5022 tribus
3453 4978 3566 5021 lcr-

1958 5084 2051 5130 rac,
2085 5081 2275 5121 omnes
2318 5083 2533 5137 gemes
2567 5064 2989 5136 magniﬁcabunt
3029 5073 3171 5112 eum.
3212 5079 3228 5110 ι
3269 5057 3381 5110 lloc
3422 5059 3569 5137 idem

253 5171 339 5219 eo,
365 5158 513 5226 quod
534 5159 599 5215 de
619 5159 835 5217 Christo
857 5163 1022 5220 David
1043 5166 1191 5220 canit
1211 5166 1262 5220 in
1287 5168 1526 5236 psalmo?
1546 5187 1565 5219 ‹
1590 5168 1852 5222 Dominus

1964 5161 2063 5227 iam
2111 5158 2237 5213 olim
2284 5159 2453 5224 Deus
2508 5158 2829 5239 promiserat
2867 5152 3125 5211 Abrahm.
3170 5150 3353 5205 dicens
3392 5167 3404 5201 :
3452 5169 3470 5200 ι
3519 5151 3575 5204 lu

255 5244 397 5301 dixit
421 5248 489 5303 ad
512 5265 634 5305 me:
662 5251 831 5308 Filius
868 5269 1018 5311 meus
1055 5251 1116 5311 es'
1152 5266 1232 5322 tu,
1257 5273 1356 5327 ego
1398 5261 1556 5315 hodie
1577 5260 1736 5330 genui
1764 5270 1847 5324 te;

1957 5250 2163 5306 semine
2183 5260 2272 5304 tuo
2295 5250 2716 5317 benedicentur
2729 5265 2917 5306 omnes
2940 5252 3124 5319 gentes
3176 5241 3325 5312 (Gen.
3356 5244 3569 5313 um.»

3227 5334 3259 5346 n
