4106 6310
570 388 634 445 51
995 385 1053 442 S.
1093 384 1299 441 PETRI
1338 382 1623 439 DAMIANI
1661 382 1813 439 OPP.
1854 381 2090 439 TOMUS
2129 376 2263 436 SEU
2298 379 2478 437 PARS
2511 380 2597 435 III.
2639 410 2709 421 --
2746 375 3109 434 OPUSCULA
3149 372 3380 428 VARIA.
3746 370 3815 424 52

569 502 708 556 dixit
735 504 817 554 vir
845 502 933 555 cui
962 504 1315 553 constitutum
1363 506 1444 551 est
1493 496 1558 551 de
1594 495 1809 551 Christo
1859 492 2024 549 Iacob
2054 491 2140 563 (ΙΙ
2168 495 2215 555 Α
2244 506 2391 546 mum
2419 491 2709 562 psalmum,
2739 499 2795 545 et
2824 488 3104 545 considera
3130 485 3474 541 manifestum
3505 479 3717 536 Domini
3747 482 3817 535 ad

569 587 693 658 Reg.
726 587 906 657 xxtu).
947 605 966 637 ι
1002 587 1056 639 lu
1086 586 1223 641 libro
1255 583 1726 652 Paralipomenon:
1778 601 1796 632 ι
1849 582 1914 635 Ει
1941 581 2143 635 factum
2248 583 2415 637 David
2445 584 2510 638 de
2537 581 2752 637 Christo
2787 581 3107 650 promissum
3140 595 3153 632 :
3192 596 3211 628 ι
3239 575 3445 634 Juravi.
3478 574 3672 644 inquit,
3706 572 3814 626 Da-

569 689 673 742 θαι,
705 679 898 747 inquit,
931 678 1154 731 verbum
1187 675 1400 729 Domini
1457 674 1622 727 David
1655 673 1721 727 ad
1750 673 1964 726 Natban
2015 687 2144 740 pro-
2242 673 2332 727 vid
2360 687 2517 727 servo
2543 687 2684 735 meo,
2718 685 2887 739 usque
2916 670 2971 723 in
2998 678 3259 722 aeternum
3289 663 3603 735 praeparabo
3631 676 3817 718 semen

566 769 804 837 phetam,
832 768 1015 821 dicens
1040 783 1053 817 :
1086 764 1251 827 Vade,
1283 774 1338 817 et
1356 764 1440 816 dia
1470 778 1623 819 servo
1641 778 1757 818 meo
1779 762 1947 817 David
1972 780 1984 814 :
2021 761 2147 816 Haec

572 856 705 909 dicit
731 855 1020 908 Dominus:
1055 853 1331 907 Aununtio
1360 853 1476 917 tibi,
1508 853 1650 922 quod
1680 853 2044 907 aedificaturus
2078 852 2148 906 sit

572 946 790 999 domum
821 945 915 999 tibi
953 945 1230 999 Dominus.
1263 943 1507 1013 Cumque
1532 944 1842 1015 impleveris
1866 945 1980 999 dies
2002 952 2146 1010 tuos,

574 1043 634 1087 ut
660 1035 824 1088 vadas
844 1036 910 1087 ad
938 1043 1121 1103 patres
1145 1044 1281 1097 tuos,
1334 1035 1604 1089 suscitabo
1648 1049 1831 1090 semen
1855 1044 2001 1091 tuum
2028 1046 2149 1107 post

576 1136 652 1188 te,
681 1124 821 1193 quod
843 1125 944 1177 crit
989 1124 1054 1178 de
1078 1124 1204 1179 ﬁliis
1232 1124 1429 1187 tuis,et
1459 1123 1729 1179 stabiliam
1759 1132 1981 1196 regnum
2009 1126 2145 1195 ejus;

575 1216 691 1283 ipse
716 1216 1002 1270 aediﬁcabit
1029 1215 1158 1269 mihi
1186 1217 1423 1280 domum,
1455 1224 1508 1270 et
1558 1216 1785 1272 ﬁrmabo
1804 1216 2007 1272 solium
2034 1217 2150 1285 ejus

579 1321 749 1375 usque
779 1307 830 1359 in
862 1307 1268 1375 sempiternum.
1296 1306 1408 1377 Ego
1433 1322 1528 1362 ero
1549 1308 1596 1362 ei
1622 1308 1673 1362 in
1703 1316 1935 1377 patrem,
1957 1317 2010 1364 et
2036 1309 2149 1378 ipse

574 1398 677 1450 erit
703 1397 835 1451 mihi
870 1398 921 1451 in
951 1398 1137 1462 ﬁlium,
1166 1407 1220 1453 et
1248 1399 1675 1454 misericordiam
1703 1415 1876 1454 meam
1904 1415 2007 1455 non
2050 1415 2148 1453 au-

575 1488 745 1542 feram
777 1490 844 1542 ab
871 1504 955 1553 co,
986 1490 1126 1544 sicut
1154 1490 1346 1544 abstuli
1371 1491 1438 1545 ab
1466 1490 1550 1556 eo,
1570 1492 1659 1560 qui
1689 1498 1815 1546 ante
1842 1502 1894 1545 te
1946 1490 2065 1555 fuit,
2097 1499 2152 1545 et

576 1588 809 1633 statuam
839 1595 960 1633 eum
985 1580 1036 1634 in
1066 1580 1225 1635 domo
1253 1596 1396 1647 mea,
1427 1589 1482 1635 et
1530 1582 1582 1635 in
1612 1596 1779 1652 regno
1823 1596 1947 1637 meo
1980 1595 2152 1651 usque

576 1671 631 1724 in
664 1671 1069 1741 sempiternam.
1098 1683 1152 1727 et
1176 1673 1401 1728 thronus
1422 1673 1537 1744 ejus
1559 1675 1664 1729 erit
1714 1673 2053 1729 ﬁrmissimus
2078 1676 2150 1746 ⁸ἰιι

575 1771 891 1830 perpetuum
922 1762 973 1833 (I
1010 1763 1137 1818 Par.
1169 1766 1323 1835 xvu).
1355 1784 1373 1816 ι

1177 1854 1403 1910 CAPUT
1441 1855 1526 1909 ΙΙΙ.

906 1943 1224 2012 Refulanlur
1246 1943 1556 1999 Iudaeorum
1581 1962 1802 2001 errores.

652 2035 782 2102 Quis
812 2046 990 2091 autem
1015 2036 1085 2089 ita
1116 2036 1369 2104 dcsipial,
1392 2036 1511 2106 quis
1543 2036 1616 2090 ita
1653 2037 1909 2101 insaniat,
1932 2046 1993 2091 ut
2039 2037 2155 2092 hmc

580 2129 760 2182 omnia
785 2128 972 2183 credat
1015 2129 1067 2182 in
1102 2127 1388 2183 Salomone
1434 2128 1600 2183 fuisse
1655 2128 1960 2197 completa?
2019 2127 2153 2182 Nam

578 2218 811 2295 qualiter
833 2218 885 2272 in
918 2216 1206 2274 Salomone
1236 2218 1636 2288 intelligendum
1666 2226 1771 2285 est,
1824 2217 1970 2288 quod
2023 2218 2157 2272 dici-

580 2321 698 2366 tur:
736 2329 757 2364 ι
784 2311 1074 2381 Postquam
1099 2311 1382 2366 dormieris
1402 2327 1524 2366 cum
1547 2312 1790 2381 patribus
1818 2312 1946 2376 tuis,
1984 2309 2154 2366 susci-

582 2402 706 2456 tabo
735 2417 918 2458 semen
945 2411 1092 2457 tuum
1122 2410 1243 2472 post
1275 2410 1348 2466 te,
1369 2402 1511 2472 quod
1539 2403 1643 2458 erit
1668 2403 1733 2457 de
1763 2401 1890 2457 ﬁliis
1924 2401 2050 2462 tuis.
2101 2409 2156 2454 et

580 2493 848 2549 stabiliam
874 2509 1102 2561 regnum
1124 2493 1240 2561 ejus
1266 2492 1350 2564 (ΙΙ
1383 2492 1511 2563 Reg.
1545 2491 1665 2555 vn).
1697 2512 1717 2542 ι
1754 2492 2015 2558 Qualiter,
2067 2491 2153 2544 in-

581 2583 891 2652 quam,dici
918 2584 1018 2637 hoc
1047 2583 1113 2637 de
1155 2581 1442 2637 Salomone
1493 2582 1688 2651 potuit,
1732 2582 1824 2651 qui
1875 2596 1980 2636 non
2034 2588 2157 2651 post

585 2678 809 2727 mortem
835 2670 1001 2726 David
1029 2680 1184 2725 natus
1212 2681 1313 2738 est,
1347 2672 1428 2725 vel
1466 2685 1693 2739 regnare
1713 2671 1897 2739 coepit,
1939 2670 2029 2724 sed
2059 2668 2155 2722 ad-

584 2765 690 2819 huc
718 2774 871 2834 patre
896 2765 1112 2820 vivente
1144 2765 1421 2836 regnavit?
1454 2763 1594 2832 Quid
1621 2771 1705 2819 est
1737 2778 1865 2835 ergo
1895 2761 2037 2831 quod
2073 2761 2155 2815 di-

583 2855 754 2909 citur:
788 2873 807 2907 ι
839 2854 1127 2926 Postquam
1151 2856 1437 2911 dormieris
1457 2870 1580 2910 cum
1613 2853 1861 2926 patribus
1883 2853 2014 2915 tuis,
2036 2867 2157 2907 sus‘

584 2945 762 3001 citabo
782 2960 965 3002 semen
1004 2955 1154 2999 tuum
1191 2955 1311 3015 post
1332 2953 1417 3010 te;
1451 2964 1471 2998 ι
1506 2945 1607 2999 nisi
1636 2944 1776 3015 quod
1804 2942 2052 2998 Christus
2075 2949 2157 2995 est

585 3039 639 3090 in
667 3038 768 3091 hac
793 3037 1150 3107 promissione
1170 3037 1434 3106 signatus,
1456 3036 1546 3106 qui
1591 3051 1698 3091 non
1747 3041 1872 3089 ante
1928 3040 2154 3087 mortem

585 3129 776 3192 David,
802 3131 896 3183 sed
918 3128 1076 3197 longe
1090 3135 1209 3198 post
1228 3126 1559 3195 ejusobitum
1589 3126 1766 3182 fuerat
1792 3123 2157 3181 suscitandas?

2248 772 2432 828 tuum;
2480 771 2534 817 et
2560 760 2838 816 aediﬁcabo
2866 760 2921 813 in
2951 757 3207 813 saeculum
3246 755 3426 811 saeculi
3454 752 3640 809 sedem
3670 761 3819 807 tuam

2248 849 2420 922 (Ptol.
2447 850 2731 915 Lxxxvtu).
2761 866 2780 900 ι
2812 848 2879 903 Ει
2905 847 3063 918 paulo
3105 854 3227 916 post
3260 863 3275 899 :
3313 862 3333 897 ι
3364 844 3592 908 Ponam,
3624 840 3818 909 inquit,

2247 942 2302 996 in
2326 942 2463 994 mari
2491 956 2706 993 manum
2732 939 2870 1008 ejus.
2892 948 2947 993 et
2971 939 3026 991 in
3052 935 3360 991 ﬂuminibus
3384 935 3659 990 dexteram
3682 929 3819 999 ejus.

2246 1029 2365 1101 lpse
2394 1030 2662 1085 invocabit
2686 1043 2791 1094 me,
2824 1027 2983 1083 Pater
3020 1041 3172 1082 meus
3199 1040 3260 1080 es
3293 1034 3371 1089 tu,
3398 1024 3539 1079 Deus
3567 1037 3738 1089 meus,
3767 1028 3824 1076 et

2249 1130 2530 1191 susceptor
2551 1119 2740 1175 salutis
2764 1134 2932 1183 meae;
2969 1126 3024 1172 et
3051 1131 3151 1187 ego
3177 1113 3591 1186 primogenitum
3622 1126 3824 1181 ponam

2249 1213 2399 1268 illum
2428 1220 2482 1268 et
2508 1210 2781 1266 excelsum
2827 1224 2938 1279 pra:
2982 1208 3199 1277 regibus
3234 1214 3424 1269 terrae;
3470 1204 3524 1258 in
3557 1210 3822 1257 aeternum

2249 1304 2477 1360 servabo
2523 1302 2598 1357 illi
2648 1298 3074 1357 misericordiam
3117 1312 3317 1362 meam,
3356 1304 3411 1349 et
3437 1300 3820 1350 testamentum

2251 1409 2431 1450 meum
2457 1392 2611 1449 ﬁdele
2638 1392 2770 1463 ipsi;
2799 1398 2854 1444 et
2876 1405 3071 1460 ponam
3101 1389 3155 1443 in
3176 1385 3429 1442 sarculum
3460 1398 3644 1440 semen
3672 1382 3822 1453 ejus;

2251 1492 2307 1539 et
2359 1484 2611 1539 thronum
2654 1481 2771 1550 ejus
2820 1479 2962 1534 sicut
3005 1478 3121 1533 dies
3168 1474 3313 1530 caeli.
3367 1493 3386 1526 ι
3457 1472 3525 1526 Ει
3571 1472 3766 1525 iterum
3805 1486 3823 1522 :

2256 1590 2277 1624 ι
2314 1571 2490 1627 Semel
2512 1570 2687 1641 juravi
2718 1569 2774 1623 in
2822 1575 3011 1622 sancto
3036 1580 3156 1620 meo
3186 1565 3229 1619 si
3258 1563 3426 1618 David
3454 1560 3707 1624 mentiar,
3734 1573 3821 1614 se-

2254 1678 2377 1727 men
2407 1660 2524 1730 ejus
2553 1661 2606 1714 in
2636 1667 2895 1713 aeternum
2922 1656 3185 1721 manebit,
3217 1663 3273 1707 et
3298 1653 3524 1708 thronus
3551 1648 3664 1719 ejus
3687 1649 3833 1704 sicut

2254 1754 2335 1811 sol
2360 1754 2412 1810 in
2439 1760 2726 1823 conspectu
2758 1765 2898 1815 meo,
2921 1758 2976 1806 et
3005 1749 3143 1804 sicut
3170 1746 3293 1803 luna
3322 1744 3559 1816 perfecta
3589 1743 3639 1797 in
3669 1750 3830 1798 aeter-

2184 1852 2232 1912 Β
2259 1862 2410 1914 num,
2441 1855 2497 1901 et
2529 1845 2683 1900 testis
2709 1844 2763 1899 in
2790 1842 2928 1898 caelo
2953 1840 3148 1896 ﬁdelis.
3179 1857 3198 1892 ι

2326 1937 2436 1992 Has
2483 1937 2645 2008 igitur
2690 1950 2878 1990 omnes
2901 1932 3290 2004 promissiones
3331 1928 3401 1984 ad
3441 1926 3609 1983 David
3657 1924 3831 1980 factas

2256 2031 2525 2087 subtiliter
2555 2028 2777 2099 inspice,
2805 2034 2859 2083 et
2883 2025 2969 2081 vel
2994 2038 3175 2095 regem
3200 2022 3266 2078 de
3289 2020 3459 2077 David
3486 2015 3741 2089 progenie
3769 2015 3827 2070 in

2255 2122 2371 2191 ejus
2399 2121 2534 2177 solio
2559 2119 2948 2191 praecedentem
2975 2114 3219 2180 ostende,
3246 2111 3333 2168 vel
3370 2109 3553 2166 omnia
3581 2109 3647 2163 de
3670 2106 3831 2162 Chri-

2255 2225 2339 2270 sto
2368 2213 2647 2283 prmdicta,
2676 2219 2728 2266 et
2758 2211 2811 2264 in
2842 2210 2959 2278 ipso
3003 2204 3269 2276 completa
3316 2200 3626 2258 necessario
3650 2197 3824 2254 conﬁ-

2257 2320 2390 2365 tere.
2420 2309 2590 2378 Perge
2619 2305 2813 2370 adhuc,
2842 2312 2897 2359 et
2932 2302 3139 2358 discute
3183 2297 3348 2353 alium
3376 2294 3666 2365 psalmum.
3696 2288 3835 2356 Quis

2255 2399 2398 2454 enim
2427 2406 2512 2452 est
2540 2395 2627 2450 ille
2649 2434 2666 2459 ,
2715 2394 2781 2448 de
2808 2408 2916 2463 quo
2960 2390 3161 2445 dicitur
3189 2405 3203 2441 :
3236 2403 3256 2438 ι
3282 2385 3454 2440 Mater
3481 2380 3612 2437 Sion
3637 2380 3781 2436 dicet
3807 2398 3825 2432 :

2254 2489 2449 2553 llomo,
2477 2494 2533 2543 et
2578 2486 2739 2541 homo
2788 2483 2964 2538 factus
3005 2488 3088 2537 est
3122 2480 3175 2534 in
3227 2491 3313 2542 ea,
3343 2485 3400 2531 et
3426 2474 3540 2545 ipse
3584 2471 3829 2527 fundavit

2255 2595 2375 2635 eam
2423 2576 2770 2633 Altissimus?
2817 2572 2991 2645 (Psal.
3018 2567 3306 2638 Lxxxvm.)
3357 2584 3376 2620 ι
3417 2563 3551 2632 Quis
3594 2569 3681 2617 est
3724 2561 3828 2615 iste

2255 2671 2605 2737 Altissimus,
2657 2668 2751 2739 qui
2795 2677 2850 2722 et
2909 2667 3071 2721 homo
3117 2662 3334 2726 dicitur,
3384 2667 3439 2713 et
3485 2652 3826 2712 altissimus?

2258 2763 2537 2827 Scrutare,
2588 2758 2813 2829 inspice,
2860 2756 3098 2821 revolve,
3144 2754 3190 2809 si
3236 2751 3431 2821 placet,
3468 2761 3656 2803 omnes
3684 2745 3826 2799 sacri

2257 2857 2454 2927 eloquii
2485 2855 2729 2924 paginas,
2753 2859 2810 2906 et
2831 2848 3122 2921 perpende,
3148 2846 3273 2916 quia
3301 2841 3610 2898 Altissimus
3627 2838 3826 2927 ubique

2257 2949 2324 3003 de
2366 2925 2484 3001 Deo
2531 2944 2750 3007 dicitur,
2797 2953 3059 3009 nusquam
3112 2936 3313 2991 dictum
3351 2934 3418 2988 de
3454 2927 3680 2999 simplici
3728 2925 3833 2979 ho-

2258 3038 2404 3093 mine
2435 3034 2720 3105 reperitur.
2770 3031 2957 3084 Restat
2984 3041 3115 3098 ergo
3142 3034 3201 3079 ut
3239 3039 3362 3079 cum
3408 3019 3739 3079 Altissimus,
3771 3018 3828 3067 et

2259 3130 2421 3186 homo
2465 3126 2622 3184 simul
2663 3125 2948 3197 jungatur;
2994 3119 3155 3183 Deus,
3192 3125 3249 3171 et
3274 3116 3436 3170 homo
3462 3126 3565 3165 una
3596 3120 3833 3179 persona

583 3220 683 3285 Qui
716 3219 963 3275 videlicet
979 3196 1272 3274 aediﬁcaret
1295 3219 1513 3275 domum
1559 3219 1788 3273 Domino
1834 3218 1901 3271 de
1929 3215 2154 3286 parieti-
2184 3196 2228 3257 (ἶ
2259 3219 2434 3274 dictus
2464 3216 2814 3287 intelligatur,
2843 3212 2909 3266 de
2953 3226 3061 3280 quo
3088 3206 3407 3263 mirabiliter
3450 3201 3668 3256 dicitur.
3701 3196 3833 3287 quia

584 3310 686 3364 bus
716 3326 821 3365 non
853 3308 1195 3374 manufactis,
1225 3310 1317 3364 sed
1348 3311 1414 3364 de
1433 3309 1700 3379 lapidibus
1745 3308 1902 3373 vivis,
1953 3316 2007 3363 et
2031 3322 2157 3378 pre-

588 3401 760 3463 tiosis,
792 3401 895 3455 hoc
925 3401 1252 3465 est,sanctis
1278 3409 1333 3456 et
1371 3399 1551 3468 justis.
1602 3399 1733 3454 Illud
1763 3414 1979 3470 quoque
2015 3396 2158 3468 quod

588 3491 863 3546 subditur:
902 3508 921 3542 ι
955 3490 1154 3546 Fidelis
1183 3490 1288 3545 erit
1312 3490 1505 3545 domus
1532 3488 1669 3558 ejus,
1697 3499 1751 3544 et
1776 3505 1998 3561 regnum
2041 3487 2159 3558 ejus

592 3595 758 3650 usque
783 3580 835 3635 in
860 3580 1244 3650 sempiternum
1273 3595 1455 3636 coram
1485 3595 1570 3637 me
1596 3580 1806 3651 (lbid.).
1852 3599 1870 3631 ι
1917 3578 2048 3645 Quis
2093 3578 2161 3632 de

588 3669 878 3727 Salomone
905 3671 1108 3726 dictum
1132 3670 1412 3742 intelligat,
1433 3686 1553 3725 cum
1583 3670 1798 3726 domum
1828 3669 1943 3737 ejus
1967 3667 2159 3723 alieni-

584 3766 739 3835 genis
760 3766 1072 3821 mulieribus
1082 3765 1290 3836 plenam
1313 3764 1479 3821 fuisse
1506 3763 1681 3835 legat?
1696 3762 1812 3830 Quo
1832 3761 1974 3816 enim
2004 3768 2160 3828 pacto

589 3860 782 3911 domus
805 3856 1105 3912 Salomonis
1127 3857 1237 3912 Deo
1260 3856 1430 3911 ﬁdelis
1456 3856 1686 3919 exstitit,
1723 3869 1842 3923 qua:
1873 3850 2161 3922 gentilibus

546 3963 552 3969 '
586 3948 923 4011 mulieribus,
956 3956 1010 4003 et
1028 3948 1328 4003 colentibus
1357 3945 1495 4002 idola
1524 3946 1679 4015 plena
1703 3944 1836 3997 fuit?
1861 3942 1976 4012 Ipse
1997 3942 2159 3996 etiam

590 4042 657 4097 ab
686 4043 765 4097 eis
799 4043 1052 4097 seductus
1078 4042 1128 4096 in
1157 4040 1508 4097 idololatriam
1533 4037 1756 4100 corruit,
1786 4044 1840 4090 et
1865 4036 2038 4090 Lonus
2064 4034 2161 4088 ini-

590 4133 685 4197 tio,
715 4132 851 4201 proh
883 4132 1062 4187 dolor!
1098 4131 1268 4187 malos
1295 4131 1472 4185 exitus
1500 4127 1708 4182 habuit.
1747 4125 1854 4179 Aut
1893 4123 2162 4193 quomodo

590 4223 818 4277 thronus
838 4224 955 4293 ejus
976 4223 1317 4278 ﬁrmissimus
1347 4220 1401 4274 in
1430 4225 1748 4288 perpetuum
1773 4216 1895 4286 jure
1941 4214 2159 4280 dicitur,

588 4314 713 4368 dum
739 4323 945 4369 constet
975 4315 1100 4383 quia
1122 4314 1188 4369 de
1214 4311 1520 4367 Salomonis
1545 4309 1753 4365 semine
1782 4324 1877 4363 rex
1897 4322 2159 4377 nusquam

589 4403 748 4457 hodie
778 4403 1081 4472 reperitur?

662 4489 893 4545 Necesse
916 4498 1000 4544 est
1021 4505 1167 4560 ergo.
1193 4490 1390 4551 Iudaee.
1428 4498 1489 4543 ut
1532 4499 1723 4543 cuncta
1758 4489 1888 4550 hmo,
1914 4502 2034 4557 qua:
2062 4484 2159 4539 Sa-

590 4576 792 4633 lomoni
843 4580 990 4634 vides
1018 4594 1356 4650 nequaquam
1386 4592 1540 4648 posse
1592 4590 1908 4647 congruere,
1942 4574 2159 4629 Christo

591 4671 814 4727 fatearis
836 4686 932 4741 per
953 4673 1131 4727 omnia
1163 4672 1475 4726 convenire.
1506 4670 1581 4726 De
1627 4684 1734 4739 quo
1759 4669 1919 4722 etiam
1950 4667 2157 4721 Zacha—

589 4766 701 4821 rias
729 4773 976 4828 testatur,
1024 4764 1315 4831 dicens:f¢
1371 4763 1495 4817 Haec
1541 4763 1669 4816 dicit
1720 4758 1978 4815 Dominus
2021 4758 2160 4812 Deus

588 4858 957 4913 exercituum:
982 4857 1123 4912 Ecce
1156 4856 1238 4910 vir
1257 4855 1440 4910 oriens
1471 4868 1662 4907 nomen
1692 4851 1833 4921 ejus,
1882 4860 1937 4904 et
1976 4849 2161 4904 subter

589 4964 710 5001 eum
731 4949 957 5014 orietur,
980 4957 1033 5002 et
1058 4946 1417 5002 ludiﬁcabitur
1437 4943 1693 5013 templum
1736 4941 2001 4997 Domino:
2045 4941 2159 5010 ipse

589 5049 834 5095 exstruet
854 5040 1131 5110 templum,
1164 5047 1219 5094 et
1247 5039 1361 5107 ipse
1386 5035 1623 5106 portabit
1652 5033 1897 5104 gloriam,
1926 5041 1980 5086 et
2001 5033 2156 5086 sedc-

594 5131 692 5194 bit,
721 5139 777 5185 et
804 5131 1170 5185 dominabitur
1199 5144 1360 5198 super
1398 5127 1589 5183 solium
1620 5140 1801 5189 suum,
1834 5134 1889 5178 et
1917 5124 2019 5178 erit
2069 5138 2158 5176 sa-

589 5222 781 5277 cerdos
820 5236 983 5291 super
1030 5222 1164 5276 solio
1218 5237 1317 5276 suo
1366 5218 1552 5291 (ΖατΙι.
1600 5218 1697 5287 vt).
1734 5238 1752 5269 ι
1817 5217 1882 5270 Ει
1928 5216 2154 5270 iterum:

597 5331 615 5360 ι
650 5311 804 5376 Ecce,
835 5311 1031 5382 inquit,
1052 5324 1151 5381 ego
1193 5311 1456 5365 adducam
1500 5323 1713 5364 servum
1745 5321 1921 5360 meum
1968 5305 2158 5360 Orien-

596 5413 727 5467 tem,
755 5403 881 5472 quia
911 5417 1037 5458 ecce
1067 5402 1221 5472 lapis,
1252 5416 1409 5471 quem
1429 5400 1549 5455 dedi
1574 5413 1752 5454 coram
1787 5396 1912 5451 .lesu
1969 5393 2155 5465 (Zaclz.

597 5497 701 5564 ιιι).
739 5514 758 5546 ι
786 5493 958 5563 Super
983 5494 1214 5563 lapidem
1266 5507 1427 5548 unum
1454 5503 1656 5563 septem
1680 5490 1819 5545 oculi
1850 5498 1995 5556 sunt,
2040 5488 2159 5558 qui-

595 5586 695 5640 bus
721 5584 971 5641 videlicet
998 5586 1169 5642 oculis
1194 5593 1399 5656 septem
1424 5585 1597 5640 sancti
1636 5583 1870 5653 Spiritus
1896 5584 2037 5637 doria
2087 5581 2158 5635 si-

592 5683 842 5744 guantur.
861 5674 1010 5743 Quod
1033 5673 1141 5748 34
1154 5676 1196 5730 si
1220 5674 1445 5731 necdum
1475 5683 1527 5729 te
1540 5674 1717 5730 omnia
1744 5674 1860 5727 bzec
1874 5670 2160 5740 propheta-

596 5781 712 5820 ru'n
745 5767 982 5835 exempla
1015 5768 1356 5834 convincunt,
1391 5768 1659 5832 interroga
1690 5764 1862 5817 adhuc
1893 5760 2152 5829 octogesi-

2187 4509 2294 4637 θῖἷ

2258 3310 2327 3376 is,
2353 3310 2444 3380 qui
2473 3286 2748 3362 natusest
2776 3305 2830 3358 in
2876 3316 2961 3368 ea,
2986 3302 3091 3355 hoc
3117 3306 3200 3353 est
3227 3298 3280 3351 in
3312 3296 3462 3357 Sion,
3493 3293 3608 3363 ipse
3633 3286 3829 3343 funda-

2258 3405 2335 3457 vit
2360 3375 2500 3456 eam.
2533 3399 2762 3453 Necesse
2790 3404 2873 3451 est
2896 3394 3089 3463 quippe
3109 3390 3258 3460 prius
3285 3387 3557 3441 civitatem
3589 3375 3835 3440 fundari,

2254 3501 2313 3548 et
2356 3491 2435 3546 sic
2478 3488 2819 3558 postmodum
2868 3485 2921 3538 in
2948 3498 3009 3536 ea
3042 3480 3311 3535 homiucm
3351 3472 3520 3528 nasci.
3571 3468 3677 3522 Sed
3705 3468 3832 3535 quis

2257 3582 2400 3637 valet
2430 3556 2578 3651 prius
2604 3578 2789 3630 urbem
2835 3581 3172 3633 construere,
3203 3574 3255 3619 et
3281 3566 3333 3618 in
3376 3577 3438 3616 ea
3486 3556 3831 3629 postmodum

2259 3677 2323 3731 de
2352 3650 2539 3729 ventre
2570 3670 2760 3725 matris
2787 3665 2972 3720 exire?
2998 3663 3149 3729 Quis,
3196 3660 3438 3729 inquam,
3467 3653 3571 3708 nisi
3597 3650 3833 3705 Redem-

2257 3774 2381 3835 ptor
2403 3770 2608 3824 noster,
2636 3757 2724 3828 qui
2754 3756 2805 3808 iu
2829 3755 2914 3808 bis
2945 3767 3063 3824 quae
3105 3749 3253 3815 fecit,
3277 3748 3525 3818 dignatus
3547 3749 3630 3796 est
3666 3738 3779 3795 ﬁeri
3805 3739 3831 3791 ‘3

2329 3852 2467 3920 Quid
2494 3850 2562 3904 ad
2592 3850 2727 3912 hac,
2755 3844 2959 3908 Iudaee,
2981 3841 3093 3911 jam
3126 3838 3359 3895 tentabis
3385 3831 3661 3905 objicere?
3709 3828 3827 3895 Qua

2260 3944 2637 4000 inverecunda:
2663 3939 2860 3995 mentis
2881 3935 3105 3991 audacia
3138 3943 3244 3987 tam
3269 3930 3448 3992 claris,
3472 3936 3580 3981 tam
3606 3922 3829 3995 apertis,

2261 4045 2370 4091 tam
2415 4032 2612 4089 divinis
2660 4029 2864 4100 poteris
2930 4021 3318 4081 assertionibus
3363 4015 3624 4075 obviare?
3676 4012 3829 4074 Esto.

2260 4128 2401 4200 quod
2448 4126 2885 4194 blasphemantes
2933 4116 3152 4181 dicitis,
3198 4113 3473 4169 Christum
3516 4108 3687 4199 dese
3734 4118 3831 4174 po-

2259 4192 2426 4276 tuisse
2450 4192 2726 4274 mendacia
2755 4214 2987 4284 ﬁngere;
3038 4205 3301 4278 nunquid,
3338 4211 3394 4256 et
3421 4192 3706 4269 antequam
3732 4211 3831 4250 na-

2260 4320 2529 4375 sceretur,
2564 4308 2610 4363 si
2646 4307 2788 4361 Deus
2810 4317 2915 4357 non
2947 4306 3110 4364 esset,
3140 4313 3234 4367 per
3261 4295 3487 4349 aliorum
3513 4304 3608 4344 ora
3634 4294 3834 4343 semet-

2261 4404 2438 4473 ipsum
2458 4399 2628 4454 valuit
2653 4391 3010 4466 prophetare?
3032 4387 3165 4443 Illud
3188 4386 3348 4440 etiam
3372 4381 3601 4453 qualiter
3629 4375 3832 4473 intelli-

2297 4466 2380 4557 as,
2406 4490 2591 4545 audire
2619 4486 2849 4540 delectat
2882 4500 2896 4535 ε
2930 4499 2948 4531 ι
2979 4475 3254 4533 Eructavit
3284 4488 3377 4528 cor
3404 4484 3581 4525 meum
3605 4466 3831 4521 verbum

2298 4554 2481 4643 onum,
2505 4578 2625 4633 dico
2648 4591 2746 4646 ego
2767 4588 2928 4644 opera
2958 4585 3073 4625 mea
3107 4568 3217 4636 regi
3245 4562 3417 4635 (Paul.
3448 4559 3614 4630 κων).
3644 4576 3664 4610 ι
3698 4554 3835 4622 Quis

2263 4678 2347 4725 est
2378 4669 2466 4723 ille
2510 4682 2625 4730 rex,
2652 4666 2736 4719 cui
2768 4664 2911 4718 Deus
2957 4675 3120 4730 opera
3165 4672 3259 4712 sua
3311 4654 3477 4709 dicat.
3526 4649 3672 4704 Dicis
3698 4646 3835 4702 mihi

2262 4761 2495 4816 fortasse
2526 4776 2539 4812 :
2572 4756 2774 4820 David;
2822 4754 2915 4808 sed
2945 4753 3061 4822 lege
3089 4758 3299 4805 sextum
3328 4743 3592 4814 psalmum
3621 4753 3718 4810 per
3743 4751 3837 4791 or-

2263 4849 2463 4913 dinem,
2493 4856 2548 4902 et
2576 4860 2765 4902 sensus
2791 4842 3027 4911 intellige
3048 4839 3333 4892 veritatem
3361 4852 3376 4888 :
3407 4832 3673 4887 descende
3694 4842 3838 4898 pau-

2259 4942 2428 4995 lulum
2456 4938 2702 5001 inferius,
2732 4946 2787 4991 et
2821 4935 3093 5001 interroga
3120 4945 3224 4984 non
3258 4941 3365 4989 me,
3393 4923 3487 4980 sed
3516 4922 3691 4991 ipsum
3721 4918 3834 4973 Do-

2258 5034 2484 5098 minum,
2517 5030 2638 5100 quis
2666 5030 2736 5084 sit
2766 5043 2880 5091 rex,
2913 5025 2996 5080 cui
3030 5026 3143 5094 ipse
3169 5035 3333 5092 opera
3364 5033 3465 5075 sua
3497 5016 3662 5071 dicat.
3692 5012 3838 5067 Audi

2258 5125 2386 5195 quid
2416 5122 2671 5192 praedicto
2698 5120 2808 5190 regi
2838 5120 2977 5172 Deus
3012 5117 3126 5185 ipse
3146 5114 3397 5184 loquatur
3429 5128 3446 5164 ;
3481 5125 3501 5159 ι
3529 5105 3718 5168 Sedes,
3746 5104 3836 5158 in-

2262 5214 2400 5283 quit,
2425 5221 2531 5275 tua,
2552 5211 2711 5275 Deus,
2738 5210 2790 5263 in
2816 5206 3069 5262 smculum
3092 5203 3268 5259 saeculi
3289 5219 3304 5268 ;
3324 5202 3472 5271 virga
3495 5195 3836 5257 directionis,

2262 5305 2412 5372 virga
2442 5302 2591 5372 regni
2621 5300 2695 5355 tui
2725 5297 2932 5370 (Ibid.).
2967 5316 2985 5349 ι
3021 5295 3076 5351 Si
3106 5298 3267 5366 igitur
3297 5294 3440 5349 Deus
3467 5299 3551 5346 est
3578 5290 3716 5361 ipse,
3741 5290 3836 5359 qui

2262 5394 2521 5463 loquitur,
2576 5393 2734 5456 Deus,
2769 5391 2835 5445 ad
2882 5404 3040 5455 quem
3087 5402 3266 5442 sermo
3316 5384 3599 5454 dirigitur;
3643 5394 3839 5438 conse-

2263 5499 2439 5555 quens,
2461 5492 2563 5547 cst,
2591 5492 2650 5537 ut
2680 5497 2783 5537 non
2815 5478 3124 5550 temporalis
3153 5477 3240 5532 ille
3269 5476 3460 5539 David,
3494 5473 3588 5528 sed
3617 5481 3839 5526 coaeter-

2263 5593 2366 5631 nus
2393 5577 2538 5630 Patri
2566 5575 2754 5640 Filius,
2786 5574 2877 5643 qui
2910 5586 3036 5627 vere
3062 5580 3147 5625 est
3172 5585 3334 5624 manu
3368 5568 3543 5632 fortis,
3575 5563 3840 5635 intelliga—

2226 5712 2241 5724 .
2264 5677 2371 5722 tur.
2398 5668 2529 5723 Illud
2558 5669 2721 5721 etiam
2751 5666 2892 5736 quod
2923 5663 3172 5719 similiter
3196 5660 3570 5731 interpretaris
3590 5658 3644 5712 in
3667 5656 3837 5711 David

2263 5761 2477 5817 silentio
2520 5758 2951 5819 prmtercundum
2997 5772 3115 5811 esse
3165 5769 3272 5808 uou
3316 5753 3549 5806 arbitror
3586 5766 3599 5803 :
3637 5768 3655 5801 ι
3688 5749 3837 5804 Dtxit
