  <div class='ocr_page' id='page_1' title='image "/cluster/home/n/w/nwhite01/storage/ocr_20150623/145/hvd.32044015471824/034.png"; bbox 0 0 4106 6310; ppageno 0'>
   <div class='ocr_carea' id='block_1_1' title="bbox 274 374 1834 446">
    <p class='ocr_par' dir='ltr' id='par_1_1' title="bbox 274 374 1834 434">
     <span class='ocr_line' id='line_1_1' title="bbox 274 374 1834 434; baseline 0.001 -4"><span class='ocrx_word' id='word_1_1' title='bbox 274 374 346 431; x_wconf 79' lang='grc'><strong>55</strong></span> <span class='ocrx_word' id='word_1_2' title='bbox 1056 377 1295 434; x_wconf 88' lang='lat' dir='ltr'><strong>OPUSC.</strong></span> <span class='ocrx_word' id='word_1_3' title='bbox 1335 378 1396 433; x_wconf 90' lang='lat' dir='ltr'><strong>ll.</strong></span> <span class='ocrx_word' id='word_1_4' title='bbox 1438 411 1506 419; x_wconf 89' lang='lat'><strong>—</strong></span> <span class='ocrx_word' id='word_1_5' title='bbox 1542 379 1834 434; x_wconf 76' lang='lat' dir='ltr'><strong>ANTILOC</strong></span> 
     </span>
    </p>
   </div>
   <div class='ocr_carea' id='block_1_2' title="bbox 1936 374 3510 446">
    <p class='ocr_par' dir='ltr' id='par_1_2' title="bbox 1969 381 3510 446">
     <span class='ocr_line' id='line_1_2' title="bbox 1969 381 3510 446; baseline 0.008 -12"><span class='ocrx_word' id='word_1_6' title='bbox 1969 381 2243 436; x_wconf 69' lang='lat' dir='ltr'><strong>CONTRA</strong></span> <span class='ocrx_word' id='word_1_7' title='bbox 2279 383 2579 439; x_wconf 66' lang='lat' dir='ltr'><strong>JUIUEOS.</strong></span> <span class='ocrx_word' id='word_1_8' title='bbox 3445 393 3510 446; x_wconf 72' lang='grc'><strong>54</strong></span> 
     </span>
    </p>
   </div>
   <div class='ocr_carea' id='block_1_3' title="bbox 269 478 3516 572">
    <p class='ocr_par' dir='ltr' id='par_1_3' title="bbox 269 478 3516 572">
     <span class='ocr_line' id='line_1_3' title="bbox 269 478 3516 572; baseline 0.005 -30"><span class='ocrx_word' id='word_1_9' title='bbox 269 489 528 544; x_wconf 81' lang='lat' dir='ltr'><strong>Dominus</strong></span> <span class='ocrx_word' id='word_1_10' title='bbox 580 488 807 543; x_wconf 91' lang='lat' dir='ltr'><strong>Domino</strong></span> <span class='ocrx_word' id='word_1_11' title='bbox 840 505 957 544; x_wconf 91' lang='lat' dir='ltr'><strong>meo</strong></span> <span class='ocrx_word' id='word_1_12' title='bbox 1001 509 1012 544; x_wconf 93' lang='lat'>:</span> <span class='ocrx_word' id='word_1_13' title='bbox 1045 491 1150 561; x_wconf 82' lang='lat'><strong>35</strong></span> <span class='ocrx_word' id='word_1_14' title='bbox 1193 492 1330 546; x_wconf 86' lang='lat' dir='ltr'><strong>Sede</strong></span> <span class='ocrx_word' id='word_1_15' title='bbox 1374 509 1402 544; x_wconf 85' lang='lat' dir='ltr'><strong>a</strong></span> <span class='ocrx_word' id='word_1_16' title='bbox 1449 493 1652 546; x_wconf 77' lang='lat' dir='ltr'><strong>dextris</strong></span> <span class='ocrx_word' id='word_1_17' title='bbox 1702 493 1837 547; x_wconf 84' lang='lat' dir='ltr'><strong>meis</strong></span> <span class='ocrx_word' id='word_1_18' title='bbox 1865 494 1912 554; x_wconf 76' lang='grc' dir='ltr'>Α</span> <span class='ocrx_word' id='word_1_19' title='bbox 1941 508 2150 561; x_wconf 86' lang='lat' dir='ltr'><strong>gruere,</strong></span> <span class='ocrx_word' id='word_1_20' title='bbox 2181 495 2270 563; x_wconf 87' lang='lat' dir='ltr'><strong>qui</strong></span> <span class='ocrx_word' id='word_1_21' title='bbox 2302 495 2594 564; x_wconf 68' lang='lat' dir='ltr'><strong>Scriptura:</strong></span> <span class='ocrx_word' id='word_1_22' title='bbox 2615 478 2920 554; x_wconf 84' lang='lat' dir='ltr'><strong>considerat</strong></span> <span class='ocrx_word' id='word_1_23' title='bbox 2947 502 3212 566; x_wconf 80' lang='lat' dir='ltr'><strong>ordinem,</strong></span> <span class='ocrx_word' id='word_1_24' title='bbox 3259 503 3378 571; x_wconf 87' lang='lat' dir='ltr'><strong>quis</strong></span> <span class='ocrx_word' id='word_1_25' title='bbox 3419 518 3516 572; x_wconf 86' lang='lat' dir='ltr'><strong>po-</strong></span> 
     </span>
    </p>
   </div>
   <div class='ocr_carea' id='block_1_4' title="bbox 271 579 1842 648">
    <p class='ocr_par' dir='ltr' id='par_1_4' title="bbox 271 579 1842 648">
     <span class='ocr_line' id='line_1_4' title="bbox 271 579 1842 648; baseline 0.005 -18"><span class='ocrx_word' id='word_1_26' title='bbox 271 579 444 648; x_wconf 81' lang='lat' dir='ltr'><strong>(Psul.</strong></span> <span class='ocrx_word' id='word_1_27' title='bbox 476 580 630 648; x_wconf 78' lang='lat' dir='ltr'><strong>cru).</strong></span> <span class='ocrx_word' id='word_1_28' title='bbox 666 599 684 631; x_wconf 81' lang='grc' dir='ltr'><strong>ι</strong></span> <span class='ocrx_word' id='word_1_29' title='bbox 717 579 774 634; x_wconf 91' lang='lat' dir='ltr'><strong>Si</strong></span> <span class='ocrx_word' id='word_1_30' title='bbox 800 581 941 634; x_wconf 89' lang='lat' dir='ltr'><strong>enim</strong></span> <span class='ocrx_word' id='word_1_31' title='bbox 971 581 1072 635; x_wconf 91' lang='lat' dir='ltr'><strong>hoc</strong></span> <span class='ocrx_word' id='word_1_32' title='bbox 1099 583 1165 636; x_wconf 90' lang='lat' dir='ltr'><strong>de</strong></span> <span class='ocrx_word' id='word_1_33' title='bbox 1194 583 1382 647; x_wconf 82' lang='lat' dir='ltr'><strong>David,</strong></span> <span class='ocrx_word' id='word_1_34' title='bbox 1411 593 1470 637; x_wconf 88' lang='lat' dir='ltr'><strong>ut</strong></span> <span class='ocrx_word' id='word_1_35' title='bbox 1496 586 1716 645; x_wconf 86' lang='lat' dir='ltr'><strong>asseris.</strong></span> <span class='ocrx_word' id='word_1_36' title='bbox 1751 587 1842 640; x_wconf 90' lang='lat' dir='ltr'><strong>de-</strong></span> 
     </span>
    </p>
   </div>
   <div class='ocr_carea' id='block_1_5' title="bbox 268 670 1839 745">
    <p class='ocr_par' dir='ltr' id='par_1_5' title="bbox 268 670 1839 745">
     <span class='ocr_line' id='line_1_5' title="bbox 268 670 1839 745; baseline 0.006 -21"><span class='ocrx_word' id='word_1_37' title='bbox 268 672 362 724; x_wconf 88' lang='lat' dir='ltr'><strong>bet</strong></span> <span class='ocrx_word' id='word_1_38' title='bbox 391 671 632 739; x_wconf 74' lang='lat' dir='ltr'><strong>intelligi,</strong></span> <span class='ocrx_word' id='word_1_39' title='bbox 664 670 815 737; x_wconf 88' lang='lat' dir='ltr'><strong>illud,</strong></span> <span class='ocrx_word' id='word_1_40' title='bbox 849 673 991 741; x_wconf 90' lang='lat' dir='ltr'><strong>quod</strong></span> <span class='ocrx_word' id='word_1_41' title='bbox 1021 676 1282 743; x_wconf 88' lang='lat' dir='ltr'><strong>sequitur,</strong></span> <span class='ocrx_word' id='word_1_42' title='bbox 1313 691 1417 745; x_wconf 86' lang='lat' dir='ltr'><strong>qua</strong></span> <span class='ocrx_word' id='word_1_43' title='bbox 1443 678 1651 731; x_wconf 90' lang='lat' dir='ltr'><strong>ratione</strong></span> <span class='ocrx_word' id='word_1_44' title='bbox 1673 676 1839 734; x_wconf 80' lang='lat' dir='ltr'><strong>David</strong></span> 
     </span>
    </p>
   </div>
   <div class='ocr_carea' id='block_1_6' title="bbox 266 761 1840 835">
    <p class='ocr_par' dir='ltr' id='par_1_6' title="bbox 266 761 1840 835">
     <span class='ocr_line' id='line_1_6' title="bbox 266 761 1840 835; baseline 0.007 -23"><span class='ocrx_word' id='word_1_45' title='bbox 266 761 466 828; x_wconf 87' lang='lat' dir='ltr'><strong>poterit</strong></span> <span class='ocrx_word' id='word_1_46' title='bbox 494 761 770 828; x_wconf 87' lang='lat' dir='ltr'><strong>coaptari?</strong></span> <span class='ocrx_word' id='word_1_47' title='bbox 808 779 826 813; x_wconf 72' lang='grc' dir='ltr'><strong>ι</strong></span> <span class='ocrx_word' id='word_1_48' title='bbox 855 761 1052 818; x_wconf 84' lang='lat' dir='ltr'><strong>Tecum</strong></span> <span class='ocrx_word' id='word_1_49' title='bbox 1083 767 1400 835; x_wconf 75' lang='lat' dir='ltr'><strong>principium</strong></span> <span class='ocrx_word' id='word_1_50' title='bbox 1433 767 1484 820; x_wconf 92' lang='lat' dir='ltr'><strong>in</strong></span> <span class='ocrx_word' id='word_1_51' title='bbox 1513 768 1599 822; x_wconf 91' lang='lat' dir='ltr'><strong>dic</strong></span> <span class='ocrx_word' id='word_1_52' title='bbox 1627 769 1840 823; x_wconf 88' lang='lat' dir='ltr'><strong>virtutis</strong></span> 
     </span>
    </p>
   </div>
   <div class='ocr_carea' id='block_1_7' title="bbox 266 848 1840 922">
    <p class='ocr_par' dir='ltr' id='par_1_7' title="bbox 266 848 1840 922">
     <span class='ocr_line' id='line_1_7' title="bbox 266 848 1840 922; baseline 0.008 -21"><span class='ocrx_word' id='word_1_53' title='bbox 266 858 395 911; x_wconf 65' lang='lat' dir='ltr'><strong>tuae,</strong></span> <span class='ocrx_word' id='word_1_54' title='bbox 430 849 482 902; x_wconf 93' lang='lat' dir='ltr'><strong>in</strong></span> <span class='ocrx_word' id='word_1_55' title='bbox 507 848 878 918; x_wconf 87' lang='lat' dir='ltr'><strong>splendoribus</strong></span> <span class='ocrx_word' id='word_1_56' title='bbox 904 864 1234 922; x_wconf 82' lang='lat' dir='ltr'><strong>sanctorum,</strong></span> <span class='ocrx_word' id='word_1_57' title='bbox 1256 869 1320 911; x_wconf 75' lang='lat' dir='ltr'><strong>ex</strong></span> <span class='ocrx_word' id='word_1_58' title='bbox 1345 868 1500 912; x_wconf 87' lang='lat' dir='ltr'><strong>utero</strong></span> <span class='ocrx_word' id='word_1_59' title='bbox 1526 868 1650 913; x_wconf 85' lang='lat' dir='ltr'><strong>ante</strong></span> <span class='ocrx_word' id='word_1_60' title='bbox 1679 859 1840 914; x_wconf 83' lang='lat' dir='ltr'><strong>Luci-</strong></span> 
     </span>
    </p>
   </div>
   <div class='ocr_carea' id='block_1_8' title="bbox 263 936 1844 1015">
    <p class='ocr_par' dir='ltr' id='par_1_8' title="bbox 263 936 1844 1015">
     <span class='ocr_line' id='line_1_8' title="bbox 263 936 1844 1015; baseline 0.009 -24"><span class='ocrx_word' id='word_1_61' title='bbox 263 939 442 992; x_wconf 82' lang='lat' dir='ltr'><strong>ferum</strong></span> <span class='ocrx_word' id='word_1_62' title='bbox 478 940 636 1008; x_wconf 85' lang='lat' dir='ltr'><strong>genui</strong></span> <span class='ocrx_word' id='word_1_63' title='bbox 669 950 740 994; x_wconf 90' lang='lat' dir='ltr'><strong>te.</strong></span> <span class='ocrx_word' id='word_1_64' title='bbox 772 960 790 993; x_wconf 75' lang='grc' dir='ltr'><strong>ι</strong></span> <span class='ocrx_word' id='word_1_65' title='bbox 825 943 890 998; x_wconf 87' lang='lat' dir='ltr'><strong>Et</strong></span> <span class='ocrx_word' id='word_1_66' title='bbox 918 936 1114 1000; x_wconf 85' lang='lat' dir='ltr'><strong>iterum</strong></span> <span class='ocrx_word' id='word_1_67' title='bbox 1147 963 1161 1000; x_wconf 91' lang='lat'><strong>:</strong></span> <span class='ocrx_word' id='word_1_68' title='bbox 1205 963 1224 998; x_wconf 74' lang='grc' dir='ltr'><strong>ι</strong></span> <span class='ocrx_word' id='word_1_69' title='bbox 1249 945 1456 1002; x_wconf 85' lang='lat' dir='ltr'><strong>Juravit</strong></span> <span class='ocrx_word' id='word_1_70' title='bbox 1479 949 1757 1015; x_wconf 89' lang='lat' dir='ltr'><strong>Dominus,</strong></span> <span class='ocrx_word' id='word_1_71' title='bbox 1788 959 1844 1006; x_wconf 85' lang='lat' dir='ltr'><strong>et</strong></span> 
     </span>
    </p>
   </div>
   <div class='ocr_carea' id='block_1_9' title="bbox 272 1029 1842 1098">
    <p class='ocr_par' dir='ltr' id='par_1_9' title="bbox 272 1029 1842 1098">
     <span class='ocr_line' id='line_1_9' title="bbox 272 1029 1842 1098; baseline 0.01 -17"><span class='ocrx_word' id='word_1_72' title='bbox 272 1043 379 1081; x_wconf 82' lang='lat' dir='ltr'><strong>non</strong></span> <span class='ocrx_word' id='word_1_73' title='bbox 415 1029 693 1098; x_wconf 68' lang='lat' dir='ltr'><strong>paenitebit</strong></span> <span class='ocrx_word' id='word_1_74' title='bbox 718 1045 861 1085; x_wconf 91' lang='lat' dir='ltr'><strong>eum.</strong></span> <span class='ocrx_word' id='word_1_75' title='bbox 900 1031 976 1086; x_wconf 90' lang='lat' dir='ltr'><strong>Tu</strong></span> <span class='ocrx_word' id='word_1_76' title='bbox 1010 1049 1068 1089; x_wconf 89' lang='lat' dir='ltr'><strong>es</strong></span> <span class='ocrx_word' id='word_1_77' title='bbox 1107 1037 1363 1092; x_wconf 82' lang='lat' dir='ltr'><strong>sacerdos</strong></span> <span class='ocrx_word' id='word_1_78' title='bbox 1393 1037 1444 1091; x_wconf 92' lang='lat' dir='ltr'><strong>in</strong></span> <span class='ocrx_word' id='word_1_79' title='bbox 1471 1046 1730 1094; x_wconf 63' lang='lat' dir='ltr'><strong>aeternum</strong></span> <span class='ocrx_word' id='word_1_80' title='bbox 1757 1055 1842 1098; x_wconf 82' lang='lat' dir='ltr'><strong>se-</strong></span> 
     </span>
    </p>
   </div>
   <div class='ocr_carea' id='block_1_10' title="bbox 262 1121 1840 1201">
    <p class='ocr_par' dir='ltr' id='par_1_10' title="bbox 262 1121 1840 1201">
     <span class='ocr_line' id='line_1_10' title="bbox 262 1121 1840 1201; baseline 0.015 -33"><span class='ocrx_word' id='word_1_81' title='bbox 262 1122 500 1171; x_wconf 83' lang='lat' dir='ltr'><strong>eundum</strong></span> <span class='ocrx_word' id='word_1_82' title='bbox 531 1121 774 1174; x_wconf 89' lang='lat' dir='ltr'><strong>ordinem</strong></span> <span class='ocrx_word' id='word_1_83' title='bbox 799 1121 1209 1181; x_wconf 84' lang='lat' dir='ltr'><strong>Melchisedech.</strong></span> <span class='ocrx_word' id='word_1_84' title='bbox 1241 1146 1258 1180; x_wconf 76' lang='grc' dir='ltr'><strong>ι</strong></span> <span class='ocrx_word' id='word_1_85' title='bbox 1293 1127 1463 1196; x_wconf 82' lang='lat' dir='ltr'><strong>Igitur</strong></span> <span class='ocrx_word' id='word_1_86' title='bbox 1491 1130 1534 1184; x_wconf 89' lang='lat' dir='ltr'><strong>si</strong></span> <span class='ocrx_word' id='word_1_87' title='bbox 1562 1134 1840 1201; x_wconf 91' lang='lat' dir='ltr'><strong>sequentia</strong></span> 
     </span>
    </p>
   </div>
   <div class='ocr_carea' id='block_1_11' title="bbox 261 1208 1842 1296">
    <p class='ocr_par' dir='ltr' id='par_1_11' title="bbox 261 1208 1842 1296">
     <span class='ocr_line' id='line_1_11' title="bbox 261 1208 1842 1296; baseline 0.013 -36"><span class='ocrx_word' id='word_1_88' title='bbox 261 1209 328 1261; x_wconf 89' lang='lat' dir='ltr'><strong>ad</strong></span> <span class='ocrx_word' id='word_1_89' title='bbox 365 1208 695 1264; x_wconf 88' lang='lat' dir='ltr'><strong>intellectum</strong></span> <span class='ocrx_word' id='word_1_90' title='bbox 728 1213 894 1266; x_wconf 83' lang='lat' dir='ltr'><strong>David</strong></span> <span class='ocrx_word' id='word_1_91' title='bbox 942 1230 1047 1270; x_wconf 88' lang='lat' dir='ltr'><strong>non</strong></span> <span class='ocrx_word' id='word_1_92' title='bbox 1091 1217 1236 1273; x_wconf 84' lang='lat' dir='ltr'><strong>vales</strong></span> <span class='ocrx_word' id='word_1_93' title='bbox 1283 1218 1590 1290; x_wconf 83' lang='lat' dir='ltr'><strong>inﬂectere,</strong></span> <span class='ocrx_word' id='word_1_94' title='bbox 1634 1226 1842 1296; x_wconf 82' lang='lat' dir='ltr'><strong>cogeris</strong></span> 
     </span>
    </p>
   </div>
   <div class='ocr_carea' id='block_1_12' title="bbox 262 1301 1838 1384">
    <p class='ocr_par' dir='ltr' id='par_1_12' title="bbox 262 1301 1838 1384">
     <span class='ocr_line' id='line_1_12' title="bbox 262 1301 1838 1384; baseline 0.012 -30"><span class='ocrx_word' id='word_1_95' title='bbox 262 1301 429 1354; x_wconf 90' lang='lat' dir='ltr'><strong>etiam</strong></span> <span class='ocrx_word' id='word_1_96' title='bbox 479 1304 757 1373; x_wconf 87' lang='lat' dir='ltr'><strong>superiora</strong></span> <span class='ocrx_word' id='word_1_97' title='bbox 798 1307 864 1361; x_wconf 89' lang='lat' dir='ltr'><strong>de</strong></span> <span class='ocrx_word' id='word_1_98' title='bbox 905 1307 1152 1375; x_wconf 89' lang='lat' dir='ltr'><strong>Christo,</strong></span> <span class='ocrx_word' id='word_1_99' title='bbox 1196 1313 1282 1367; x_wconf 91' lang='lat' dir='ltr'><strong>cui</strong></span> <span class='ocrx_word' id='word_1_100' title='bbox 1329 1315 1666 1384; x_wconf 87' lang='lat' dir='ltr'><strong>apertissime</strong></span> <span class='ocrx_word' id='word_1_101' title='bbox 1708 1333 1838 1372; x_wconf 85' lang='lat' dir='ltr'><strong>eon-</strong></span> 
     </span>
    </p>
   </div>
   <div class='ocr_carea' id='block_1_13' title="bbox 259 1396 1840 1480">
    <p class='ocr_par' dir='ltr' id='par_1_13' title="bbox 259 1396 1840 1480">
     <span class='ocr_line' id='line_1_13' title="bbox 259 1396 1840 1480; baseline 0.014 -36"><span class='ocrx_word' id='word_1_102' title='bbox 259 1404 490 1463; x_wconf 84' lang='lat' dir='ltr'><strong>gruunt,</strong></span> <span class='ocrx_word' id='word_1_103' title='bbox 517 1396 656 1450; x_wconf 90' lang='lat' dir='ltr'><strong>dicta</strong></span> <span class='ocrx_word' id='word_1_104' title='bbox 697 1398 934 1454; x_wconf 87' lang='lat' dir='ltr'><strong>ﬁrmare.</strong></span> <span class='ocrx_word' id='word_1_105' title='bbox 967 1401 1042 1457; x_wconf 89' lang='lat' dir='ltr'><strong>De</strong></span> <span class='ocrx_word' id='word_1_106' title='bbox 1067 1418 1174 1473; x_wconf 90' lang='lat' dir='ltr'><strong>quo</strong></span> <span class='ocrx_word' id='word_1_107' title='bbox 1209 1403 1378 1462; x_wconf 86' lang='lat' dir='ltr'><strong>Isaias</strong></span> <span class='ocrx_word' id='word_1_108' title='bbox 1408 1409 1693 1464; x_wconf 80' lang='lat' dir='ltr'><strong>manifeste</strong></span> <span class='ocrx_word' id='word_1_109' title='bbox 1724 1425 1840 1480; x_wconf 88' lang='lat' dir='ltr'><strong>pro-</strong></span> 
     </span>
    </p>
   </div>
   <div class='ocr_carea' id='block_1_14' title="bbox 259 1485 1839 1569">
    <p class='ocr_par' dir='ltr' id='par_1_14' title="bbox 259 1485 1839 1569">
     <span class='ocr_line' id='line_1_14' title="bbox 259 1485 1839 1569; baseline 0.012 -34"><span class='ocrx_word' id='word_1_110' title='bbox 259 1485 534 1550; x_wconf 76' lang='lat' dir='ltr'><strong>nuntiat,</strong></span> <span class='ocrx_word' id='word_1_111' title='bbox 567 1486 827 1542; x_wconf 38' lang='lat' dir='ltr'><strong>dicens-1&#39;</strong></span> <span class='ocrx_word' id='word_1_112' title='bbox 859 1495 883 1540; x_wconf 74' lang='grc' dir='ltr'><strong>ἰ</strong></span> <span class='ocrx_word' id='word_1_113' title='bbox 911 1491 968 1545; x_wconf 88' lang='lat' dir='ltr'><strong>In</strong></span> <span class='ocrx_word' id='word_1_114' title='bbox 1010 1493 1094 1547; x_wconf 91' lang='lat' dir='ltr'><strong>die</strong></span> <span class='ocrx_word' id='word_1_115' title='bbox 1122 1493 1208 1548; x_wconf 90' lang='lat' dir='ltr'><strong>illa</strong></span> <span class='ocrx_word' id='word_1_116' title='bbox 1233 1497 1337 1550; x_wconf 89' lang='lat' dir='ltr'><strong>erit</strong></span> <span class='ocrx_word' id='word_1_117' title='bbox 1365 1499 1516 1553; x_wconf 82' lang='lat' dir='ltr'><strong>radix-</strong></span> <span class='ocrx_word' id='word_1_118' title='bbox 1548 1499 1718 1565; x_wconf 83' lang='lat' dir='ltr'><strong>Jcsse,</strong></span> <span class='ocrx_word' id='word_1_119' title='bbox 1749 1502 1839 1569; x_wconf 88' lang='lat' dir='ltr'><strong>qui</strong></span> 
     </span>
    </p>
   </div>
   <div class='ocr_carea' id='block_1_15' title="bbox 258 1575 1839 1661">
    <p class='ocr_par' dir='ltr' id='par_1_15' title="bbox 258 1575 1839 1661">
     <span class='ocr_line' id='line_1_15' title="bbox 258 1575 1839 1661; baseline 0.012 -34"><span class='ocrx_word' id='word_1_120' title='bbox 258 1583 368 1628; x_wconf 86' lang='lat' dir='ltr'><strong>stat</strong></span> <span class='ocrx_word' id='word_1_121' title='bbox 403 1575 454 1628; x_wconf 90' lang='lat' dir='ltr'><strong>in</strong></span> <span class='ocrx_word' id='word_1_122' title='bbox 487 1576 697 1646; x_wconf 90' lang='lat' dir='ltr'><strong>signum</strong></span> <span class='ocrx_word' id='word_1_123' title='bbox 741 1580 1060 1649; x_wconf 87' lang='lat' dir='ltr'><strong>populorum</strong></span> <span class='ocrx_word' id='word_1_124' title='bbox 1093 1601 1106 1637; x_wconf 91' lang='lat'><strong>:</strong></span> <span class='ocrx_word' id='word_1_125' title='bbox 1145 1585 1315 1654; x_wconf 91' lang='lat' dir='ltr'><strong>ipsum</strong></span> <span class='ocrx_word' id='word_1_126' title='bbox 1366 1597 1549 1658; x_wconf 82' lang='lat' dir='ltr'><strong>gentes</strong></span> <span class='ocrx_word' id='word_1_127' title='bbox 1581 1590 1839 1661; x_wconf 81' lang='lat' dir='ltr'><strong>depreca-</strong></span> 
     </span>
    </p>
   </div>
   <div class='ocr_carea' id='block_1_16' title="bbox 258 1663 1832 1753">
    <p class='ocr_par' dir='ltr' id='par_1_16' title="bbox 258 1663 1832 1753">
     <span class='ocr_line' id='line_1_16' title="bbox 258 1663 1832 1753; baseline 0.013 -39"><span class='ocrx_word' id='word_1_128' title='bbox 258 1663 486 1728; x_wconf 88' lang='lat' dir='ltr'><strong>buntur,</strong></span> <span class='ocrx_word' id='word_1_129' title='bbox 510 1675 563 1720; x_wconf 90' lang='lat' dir='ltr'><strong>et</strong></span> <span class='ocrx_word' id='word_1_130' title='bbox 588 1667 690 1720; x_wconf 90' lang='lat' dir='ltr'><strong>erit</strong></span> <span class='ocrx_word' id='word_1_131' title='bbox 720 1669 1026 1737; x_wconf 88' lang='lat' dir='ltr'><strong>sepulcrum</strong></span> <span class='ocrx_word' id='word_1_132' title='bbox 1054 1672 1170 1740; x_wconf 85' lang='lat' dir='ltr'><strong>ejus</strong></span> <span class='ocrx_word' id='word_1_133' title='bbox 1197 1674 1484 1746; x_wconf 88' lang='lat' dir='ltr'><strong>gloriosum</strong></span> <span class='ocrx_word' id='word_1_134' title='bbox 1518 1679 1651 1750; x_wconf 84' lang='lat' dir='ltr'><strong>(Isa.</strong></span> <span class='ocrx_word' id='word_1_135' title='bbox 1677 1683 1776 1753; x_wconf 76' lang='grc' dir='ltr'>ιιι).</span> <span class='ocrx_word' id='word_1_136' title='bbox 1814 1702 1832 1734; x_wconf 78' lang='grc' dir='ltr'><strong>ι</strong></span> 
     </span>
    </p>
   </div>
   <div class='ocr_carea' id='block_1_17' title="bbox 259 1751 1834 1840">
    <p class='ocr_par' dir='ltr' id='par_1_17' title="bbox 259 1751 1834 1840">
     <span class='ocr_line' id='line_1_17' title="bbox 259 1751 1834 1840; baseline 0.015 -37"><span class='ocrx_word' id='word_1_137' title='bbox 259 1751 436 1807; x_wconf 70' lang='lat' dir='ltr'><strong>Radix</strong></span> <span class='ocrx_word' id='word_1_138' title='bbox 494 1756 690 1825; x_wconf 86' lang='lat' dir='ltr'><strong>quippe</strong></span> <span class='ocrx_word' id='word_1_139' title='bbox 734 1757 888 1813; x_wconf 80' lang='lat' dir='ltr'><strong>Jesse</strong></span> <span class='ocrx_word' id='word_1_140' title='bbox 936 1761 990 1814; x_wconf 94' lang='lat' dir='ltr'><strong>in</strong></span> <span class='ocrx_word' id='word_1_141' title='bbox 1042 1763 1252 1834; x_wconf 83' lang='lat' dir='ltr'><strong>signum</strong></span> <span class='ocrx_word' id='word_1_142' title='bbox 1325 1775 1433 1822; x_wconf 91' lang='lat' dir='ltr'><strong>stat</strong></span> <span class='ocrx_word' id='word_1_143' title='bbox 1493 1751 1834 1840; x_wconf 85' lang='lat' dir='ltr'><strong>populorum,</strong></span> 
     </span>
    </p>
   </div>
   <div class='ocr_carea' id='block_1_18' title="bbox 1948 584 3514 648">
    <p class='ocr_par' dir='ltr' id='par_1_18' title="bbox 1948 584 3514 648">
     <span class='ocr_line' id='line_1_18' title="bbox 1948 584 3514 648; baseline 0.008 -13"><span class='ocrx_word' id='word_1_144' title='bbox 1948 587 2070 638; x_wconf 85' lang='lat' dir='ltr'><strong>terit</strong></span> <span class='ocrx_word' id='word_1_145' title='bbox 2096 584 2375 640; x_wconf 88' lang='lat' dir='ltr'><strong>dubitare?</strong></span> <span class='ocrx_word' id='word_1_146' title='bbox 2398 586 2575 640; x_wconf 86' lang='lat' dir='ltr'><strong>Addat</strong></span> <span class='ocrx_word' id='word_1_147' title='bbox 2601 589 2774 643; x_wconf 89' lang='lat' dir='ltr'><strong>adhuc</strong></span> <span class='ocrx_word' id='word_1_148' title='bbox 2798 587 2951 646; x_wconf 82' lang='lat' dir='ltr'><strong>Jesus</strong></span> <span class='ocrx_word' id='word_1_149' title='bbox 2976 593 3192 646; x_wconf 87' lang='lat' dir='ltr'><strong>tertium</strong></span> <span class='ocrx_word' id='word_1_150' title='bbox 3217 592 3284 647; x_wconf 90' lang='lat' dir='ltr'><strong>de</strong></span> <span class='ocrx_word' id='word_1_151' title='bbox 3325 592 3514 648; x_wconf 84' lang='lat' dir='ltr'><strong>Salva-</strong></span> 
     </span>
    </p>
   </div>
   <div class='ocr_carea' id='block_1_19' title="bbox 1943 676 3579 750">
    <p class='ocr_par' dir='ltr' id='par_1_19' title="bbox 1943 676 3579 750">
     <span class='ocr_line' id='line_1_19' title="bbox 1943 676 3579 750; baseline 0.01 -23"><span class='ocrx_word' id='word_1_152' title='bbox 1943 683 2058 728; x_wconf 89' lang='lat' dir='ltr'><strong>tore</strong></span> <span class='ocrx_word' id='word_1_153' title='bbox 2081 682 2269 730; x_wconf 90' lang='lat' dir='ltr'><strong>nostro</strong></span> <span class='ocrx_word' id='word_1_154' title='bbox 2294 676 2686 745; x_wconf 89' lang='lat' dir='ltr'><strong>testimonium,</strong></span> <span class='ocrx_word' id='word_1_155' title='bbox 2717 689 3005 749; x_wconf 88' lang='lat' dir='ltr'><strong>quatenus,</strong></span> <span class='ocrx_word' id='word_1_156' title='bbox 3033 692 3091 736; x_wconf 92' lang='lat' dir='ltr'><strong>ut</strong></span> <span class='ocrx_word' id='word_1_157' title='bbox 3133 684 3205 736; x_wconf 89' lang='lat' dir='ltr'><strong>ita</strong></span> <span class='ocrx_word' id='word_1_158' title='bbox 3259 685 3511 750; x_wconf 81' lang='lat' dir='ltr'><strong>dixerim,</strong></span> <span class='ocrx_word' id='word_1_159' title='bbox 3577 741 3579 744; x_wconf 83' lang='grc'><strong><em>,</em></strong></span> 
     </span>
    </p>
   </div>
   <div class='ocr_carea' id='block_1_20' title="bbox 1941 765 3514 840">
    <p class='ocr_par' dir='ltr' id='par_1_20' title="bbox 1941 765 3514 840">
     <span class='ocr_line' id='line_1_20' title="bbox 1941 765 3514 840; baseline 0.008 -22"><span class='ocrx_word' id='word_1_160' title='bbox 1941 765 1994 818; x_wconf 93' lang='lat' dir='ltr'><strong>in</strong></span> <span class='ocrx_word' id='word_1_161' title='bbox 2020 779 2116 819; x_wconf 90' lang='lat' dir='ltr'><strong>ore</strong></span> <span class='ocrx_word' id='word_1_162' title='bbox 2139 766 2494 833; x_wconf 89' lang='lat' dir='ltr'><strong>duorum,vel</strong></span> <span class='ocrx_word' id='word_1_163' title='bbox 2537 770 2702 824; x_wconf 91' lang='lat' dir='ltr'><strong>trium</strong></span> <span class='ocrx_word' id='word_1_164' title='bbox 2748 771 2858 825; x_wconf 90' lang='lat' dir='ltr'><strong>imo</strong></span> <span class='ocrx_word' id='word_1_165' title='bbox 2904 773 3358 840; x_wconf 87' lang='lat' dir='ltr'><strong>testimoniorum,</strong></span> <span class='ocrx_word' id='word_1_166' title='bbox 3405 786 3514 830; x_wconf 83' lang='lat' dir='ltr'><strong>stet</strong></span> 
     </span>
    </p>
   </div>
   <div class='ocr_carea' id='block_1_21' title="bbox 1940 858 3511 936">
    <p class='ocr_par' dir='ltr' id='par_1_21' title="bbox 1940 858 3511 936">
     <span class='ocr_line' id='line_1_21' title="bbox 1940 858 3511 936; baseline 0.007 -27"><span class='ocrx_word' id='word_1_167' title='bbox 1940 871 2099 911; x_wconf 91' lang='lat' dir='ltr'><strong>omne</strong></span> <span class='ocrx_word' id='word_1_168' title='bbox 2120 858 2368 912; x_wconf 83' lang='lat' dir='ltr'><strong>verbum.</strong></span> <span class='ocrx_word' id='word_1_169' title='bbox 2398 858 2490 913; x_wconf 82' lang='lat' dir='ltr'><strong>Ait</strong></span> <span class='ocrx_word' id='word_1_170' title='bbox 2517 874 2675 930; x_wconf 90' lang='lat' dir='ltr'><strong>ergo:</strong></span> <span class='ocrx_word' id='word_1_171' title='bbox 2707 879 2727 912; x_wconf 74' lang='grc' dir='ltr'><strong>ι</strong></span> <span class='ocrx_word' id='word_1_172' title='bbox 2759 859 3008 917; x_wconf 89' lang='lat' dir='ltr'><strong>Christus</strong></span> <span class='ocrx_word' id='word_1_173' title='bbox 3029 867 3511 936; x_wconf 88' lang='lat' dir='ltr'><strong>purgavitpeccata</strong></span> 
     </span>
    </p>
   </div>
   <div class='ocr_carea' id='block_1_22' title="bbox 1943 944 3516 1024">
    <p class='ocr_par' dir='ltr' id='par_1_22' title="bbox 1943 944 3516 1024">
     <span class='ocr_line' id='line_1_22' title="bbox 1943 944 3516 1024; baseline 0.008 -26"><span class='ocrx_word' id='word_1_174' title='bbox 1943 944 2129 1015; x_wconf 88' lang='lat' dir='ltr'><strong>ipsius,</strong></span> <span class='ocrx_word' id='word_1_175' title='bbox 2161 957 2216 1004; x_wconf 88' lang='lat' dir='ltr'><strong>et</strong></span> <span class='ocrx_word' id='word_1_176' title='bbox 2239 949 2496 1005; x_wconf 75' lang='lat' dir='ltr'><strong>exaltavit.</strong></span> <span class='ocrx_word' id='word_1_177' title='bbox 2519 947 2574 1004; x_wconf 86' lang='lat' dir='ltr'><strong>ln</strong></span> <span class='ocrx_word' id='word_1_178' title='bbox 2595 961 2854 1010; x_wconf 58' lang='grc' dir='ltr'><strong>κεῖθι-ηοω</strong></span> <span class='ocrx_word' id='word_1_179' title='bbox 2885 968 3052 1008; x_wconf 87' lang='lat' dir='ltr'><strong>cornu</strong></span> <span class='ocrx_word' id='word_1_180' title='bbox 3084 955 3266 1024; x_wconf 88' lang='lat' dir='ltr'><strong>ipsius,</strong></span> <span class='ocrx_word' id='word_1_181' title='bbox 3292 967 3346 1010; x_wconf 89' lang='lat' dir='ltr'><strong>et</strong></span> <span class='ocrx_word' id='word_1_182' title='bbox 3371 959 3516 1012; x_wconf 87' lang='lat' dir='ltr'><strong>dedit</strong></span> 
     </span>
    </p>
   </div>
   <div class='ocr_carea' id='block_1_23' title="bbox 1943 1040 3514 1116">
    <p class='ocr_par' dir='ltr' id='par_1_23' title="bbox 1943 1040 3514 1116">
     <span class='ocr_line' id='line_1_23' title="bbox 1943 1040 3514 1116; baseline 0.004 -20"><span class='ocrx_word' id='word_1_183' title='bbox 1943 1040 2015 1098; x_wconf 91' lang='lat' dir='ltr'><strong>illi</strong></span> <span class='ocrx_word' id='word_1_184' title='bbox 2047 1049 2424 1100; x_wconf 85' lang='lat' dir='ltr'><strong>testamentum</strong></span> <span class='ocrx_word' id='word_1_185' title='bbox 2459 1057 2665 1114; x_wconf 84' lang='lat' dir='ltr'><strong>regum,</strong></span> <span class='ocrx_word' id='word_1_186' title='bbox 2724 1053 2778 1100; x_wconf 88' lang='lat' dir='ltr'><strong>et</strong></span> <span class='ocrx_word' id='word_1_187' title='bbox 2803 1046 2988 1101; x_wconf 90' lang='lat' dir='ltr'><strong>sedem</strong></span> <span class='ocrx_word' id='word_1_188' title='bbox 3041 1045 3226 1116; x_wconf 78' lang='lat' dir='ltr'><strong>gloria:</strong></span> <span class='ocrx_word' id='word_1_189' title='bbox 3270 1048 3324 1100; x_wconf 90' lang='lat' dir='ltr'><strong>in</strong></span> <span class='ocrx_word' id='word_1_190' title='bbox 3349 1046 3514 1102; x_wconf 89' lang='lat' dir='ltr'><strong>Israel</strong></span> 
     </span>
    </p>
   </div>
   <div class='ocr_carea' id='block_1_24' title="bbox 1942 1132 3512 1206">
    <p class='ocr_par' dir='ltr' id='par_1_24' title="bbox 1942 1132 3512 1206">
     <span class='ocr_line' id='line_1_24' title="bbox 1942 1132 3512 1206; baseline 0.003 -20"><span class='ocrx_word' id='word_1_191' title='bbox 1942 1132 2132 1196; x_wconf 69' lang='lat' dir='ltr'><strong>(Ereti.</strong></span> <span class='ocrx_word' id='word_1_192' title='bbox 2183 1134 2373 1204; x_wconf 79' lang='lat' dir='ltr'><strong>vatt).</strong></span> <span class='ocrx_word' id='word_1_193' title='bbox 2411 1151 2429 1186; x_wconf 81' lang='grc' dir='ltr'><strong>ι</strong></span> <span class='ocrx_word' id='word_1_194' title='bbox 2478 1132 2538 1189; x_wconf 90' lang='lat' dir='ltr'><strong>Si</strong></span> <span class='ocrx_word' id='word_1_195' title='bbox 2585 1150 2715 1206; x_wconf 86' lang='lat' dir='ltr'><strong>ergo</strong></span> <span class='ocrx_word' id='word_1_196' title='bbox 2763 1135 3028 1199; x_wconf 88' lang='lat' dir='ltr'><strong>Christus,</strong></span> <span class='ocrx_word' id='word_1_197' title='bbox 3059 1137 3174 1206; x_wconf 82' lang='lat' dir='ltr'><strong>qui</strong></span> <span class='ocrx_word' id='word_1_198' title='bbox 3219 1138 3512 1192; x_wconf 88' lang='lat' dir='ltr'><strong>secundum</strong></span> 
     </span>
    </p>
   </div>
   <div class='ocr_carea' id='block_1_25' title="bbox 1940 1209 3515 1296">
    <p class='ocr_par' dir='ltr' id='par_1_25' title="bbox 1940 1209 3515 1296">
     <span class='ocr_line' id='line_1_25' title="bbox 1940 1209 3515 1296; baseline 0.002 -18"><span class='ocrx_word' id='word_1_199' title='bbox 1940 1239 2158 1278; x_wconf 88' lang='lat' dir='ltr'><strong>carnem</strong></span> <span class='ocrx_word' id='word_1_200' title='bbox 2191 1209 2257 1280; x_wconf 88' lang='lat' dir='ltr'><strong>de</strong></span> <span class='ocrx_word' id='word_1_201' title='bbox 2282 1224 2449 1279; x_wconf 87' lang='lat' dir='ltr'><strong>David</strong></span> <span class='ocrx_word' id='word_1_202' title='bbox 2477 1225 2742 1293; x_wconf 82' lang='lat' dir='ltr'><strong>originem</strong></span> <span class='ocrx_word' id='word_1_203' title='bbox 2771 1225 2944 1290; x_wconf 83' lang='lat' dir='ltr'><strong>duxit,</strong></span> <span class='ocrx_word' id='word_1_204' title='bbox 2970 1227 3083 1296; x_wconf 88' lang='lat' dir='ltr'><strong>ipse</strong></span> <span class='ocrx_word' id='word_1_205' title='bbox 3108 1227 3274 1282; x_wconf 83' lang='lat' dir='ltr'><strong>David</strong></span> <span class='ocrx_word' id='word_1_206' title='bbox 3296 1238 3515 1296; x_wconf 90' lang='lat' dir='ltr'><strong>peccata</strong></span> 
     </span>
    </p>
   </div>
   <div class='ocr_carea' id='block_1_26' title="bbox 1940 1315 3516 1388">
    <p class='ocr_par' dir='ltr' id='par_1_26' title="bbox 1940 1315 3516 1388">
     <span class='ocr_line' id='line_1_26' title="bbox 1940 1315 3516 1388; baseline 0.003 -21"><span class='ocrx_word' id='word_1_207' title='bbox 1940 1315 2210 1386; x_wconf 83' lang='lat' dir='ltr'><strong>purgavit,</strong></span> <span class='ocrx_word' id='word_1_208' title='bbox 2240 1315 2355 1386; x_wconf 92' lang='lat' dir='ltr'><strong>ipse</strong></span> <span class='ocrx_word' id='word_1_209' title='bbox 2384 1331 2551 1370; x_wconf 91' lang='lat' dir='ltr'><strong>cornu</strong></span> <span class='ocrx_word' id='word_1_210' title='bbox 2579 1316 2746 1371; x_wconf 85' lang='lat' dir='ltr'><strong>David</strong></span> <span class='ocrx_word' id='word_1_211' title='bbox 2781 1317 2832 1372; x_wconf 92' lang='lat' dir='ltr'><strong>in</strong></span> <span class='ocrx_word' id='word_1_212' title='bbox 2879 1328 3194 1388; x_wconf 84' lang='lat' dir='ltr'><strong>perpetuum</strong></span> <span class='ocrx_word' id='word_1_213' title='bbox 3237 1320 3516 1382; x_wconf 84' lang='lat' dir='ltr'><strong>exaltavit,</strong></span> 
     </span>
    </p>
   </div>
   <div class='ocr_carea' id='block_1_27' title="bbox 1940 1405 3519 1478">
    <p class='ocr_par' dir='ltr' id='par_1_27' title="bbox 1940 1405 3519 1478">
     <span class='ocr_line' id='line_1_27' title="bbox 1940 1405 3519 1478; baseline 0.001 -20"><span class='ocrx_word' id='word_1_214' title='bbox 1940 1405 2062 1458; x_wconf 90' lang='lat' dir='ltr'><strong>etei</strong></span> <span class='ocrx_word' id='word_1_215' title='bbox 2090 1405 2276 1459; x_wconf 88' lang='lat' dir='ltr'><strong>sedem</strong></span> <span class='ocrx_word' id='word_1_216' title='bbox 2325 1405 2511 1475; x_wconf 68' lang='lat' dir='ltr'><strong>glorite</strong></span> <span class='ocrx_word' id='word_1_217' title='bbox 2538 1407 2801 1471; x_wconf 88' lang='lat' dir='ltr'><strong>contulit;</strong></span> <span class='ocrx_word' id='word_1_218' title='bbox 2847 1416 3062 1462; x_wconf 91' lang='lat' dir='ltr'><strong>constat</strong></span> <span class='ocrx_word' id='word_1_219' title='bbox 3100 1408 3364 1476; x_wconf 87' lang='lat' dir='ltr'><strong>profecto,</strong></span> <span class='ocrx_word' id='word_1_220' title='bbox 3395 1409 3519 1478; x_wconf 85' lang='lat' dir='ltr'><strong>quia</strong></span> 
     </span>
    </p>
   </div>
   <div class='ocr_carea' id='block_1_28' title="bbox 1943 1493 3520 1564">
    <p class='ocr_par' dir='ltr' id='par_1_28' title="bbox 1943 1493 3520 1564">
     <span class='ocr_line' id='line_1_28' title="bbox 1943 1493 3520 1564; baseline 0.001 -18"><span class='ocrx_word' id='word_1_221' title='bbox 1943 1493 2084 1547; x_wconf 86' lang='lat' dir='ltr'><strong>titius</strong></span> <span class='ocrx_word' id='word_1_222' title='bbox 2104 1500 2188 1548; x_wconf 90' lang='lat' dir='ltr'><strong>est</strong></span> <span class='ocrx_word' id='word_1_223' title='bbox 2217 1494 2407 1556; x_wconf 85' lang='lat' dir='ltr'><strong>David,</strong></span> <span class='ocrx_word' id='word_1_224' title='bbox 2436 1503 2489 1548; x_wconf 87' lang='lat' dir='ltr'><strong>et</strong></span> <span class='ocrx_word' id='word_1_225' title='bbox 2522 1494 2634 1564; x_wconf 89' lang='lat' dir='ltr'><strong>ipse</strong></span> <span class='ocrx_word' id='word_1_226' title='bbox 2659 1503 2739 1548; x_wconf 90' lang='lat' dir='ltr'><strong>est</strong></span> <span class='ocrx_word' id='word_1_227' title='bbox 2764 1495 2928 1549; x_wconf 89' lang='lat' dir='ltr'><strong>etiam</strong></span> <span class='ocrx_word' id='word_1_228' title='bbox 2956 1507 3171 1550; x_wconf 86' lang='lat' dir='ltr'><strong>creator</strong></span> <span class='ocrx_word' id='word_1_229' title='bbox 3204 1497 3392 1550; x_wconf 84' lang='lat' dir='ltr'><strong>David.</strong></span> <span class='ocrx_word' id='word_1_230' title='bbox 3448 1496 3520 1548; x_wconf 88' lang='lat' dir='ltr'><strong>De</strong></span> 
     </span>
    </p>
   </div>
   <div class='ocr_carea' id='block_1_29' title="bbox 1942 1582 3522 1654">
    <p class='ocr_par' dir='ltr' id='par_1_29' title="bbox 1942 1582 3522 1654">
     <span class='ocr_line' id='line_1_29' title="bbox 1942 1582 3522 1654; baseline 0.002 -19"><span class='ocrx_word' id='word_1_231' title='bbox 1942 1582 2106 1637; x_wconf 87' lang='lat' dir='ltr'><strong>David</strong></span> <span class='ocrx_word' id='word_1_232' title='bbox 2130 1582 2273 1638; x_wconf 89' lang='lat' dir='ltr'><strong>enim</strong></span> <span class='ocrx_word' id='word_1_233' title='bbox 2304 1584 2408 1638; x_wconf 92' lang='lat' dir='ltr'><strong>dici</strong></span> <span class='ocrx_word' id='word_1_234' title='bbox 2437 1584 2606 1638; x_wconf 89' lang='lat' dir='ltr'><strong>lector</strong></span> <span class='ocrx_word' id='word_1_235' title='bbox 2633 1584 2732 1637; x_wconf 91' lang='lat' dir='ltr'><strong>ista</strong></span> <span class='ocrx_word' id='word_1_236' title='bbox 2764 1585 3090 1648; x_wconf 85' lang='lat' dir='ltr'><strong>considerat,</strong></span> <span class='ocrx_word' id='word_1_237' title='bbox 3134 1586 3178 1638; x_wconf 89' lang='lat' dir='ltr'><strong>si</strong></span> <span class='ocrx_word' id='word_1_238' title='bbox 3229 1585 3522 1654; x_wconf 88' lang='lat' dir='ltr'><strong>superioris</strong></span> 
     </span>
    </p>
   </div>
   <div class='ocr_carea' id='block_1_30' title="bbox 1940 1673 3304 1744">
    <p class='ocr_par' dir='ltr' id='par_1_30' title="bbox 1940 1673 3304 1744">
     <span class='ocr_line' id='line_1_30' title="bbox 1940 1673 3304 1744; baseline 0.001 -18"><span class='ocrx_word' id='word_1_239' title='bbox 1940 1681 2119 1727; x_wconf 81' lang='lat' dir='ltr'><strong>textus</strong></span> <span class='ocrx_word' id='word_1_240' title='bbox 2140 1673 2383 1728; x_wconf 90' lang='lat' dir='ltr'><strong>ordinem</strong></span> <span class='ocrx_word' id='word_1_241' title='bbox 2410 1674 2566 1728; x_wconf 93' lang='lat' dir='ltr'><strong>oculo</strong></span> <span class='ocrx_word' id='word_1_242' title='bbox 2621 1675 2975 1729; x_wconf 88' lang='lat' dir='ltr'><strong>continuante</strong></span> <span class='ocrx_word' id='word_1_243' title='bbox 3004 1686 3304 1744; x_wconf 86' lang='lat' dir='ltr'><strong>percurrat.</strong></span> 
     </span>
    </p>
   </div>
   <div class='ocr_carea' id='block_1_31' title="bbox 2011 1761 3520 1834">
    <p class='ocr_par' dir='ltr' id='par_1_31' title="bbox 2011 1761 3520 1834">
     <span class='ocr_line' id='line_1_31' title="bbox 2011 1761 3520 1834; baseline 0.003 -19"><span class='ocrx_word' id='word_1_244' title='bbox 2011 1761 2125 1817; x_wconf 90' lang='lat' dir='ltr'><strong>Non</strong></span> <span class='ocrx_word' id='word_1_245' title='bbox 2157 1772 2332 1818; x_wconf 83' lang='lat' dir='ltr'><strong>cesset</strong></span> <span class='ocrx_word' id='word_1_246' title='bbox 2353 1764 2529 1819; x_wconf 88' lang='lat' dir='ltr'><strong>adhuc</strong></span> <span class='ocrx_word' id='word_1_247' title='bbox 2557 1765 2723 1819; x_wconf 91' lang='lat' dir='ltr'><strong>lsaias</strong></span> <span class='ocrx_word' id='word_1_248' title='bbox 2744 1766 3028 1834; x_wconf 83' lang='lat' dir='ltr'><strong>perhibere</strong></span> <span class='ocrx_word' id='word_1_249' title='bbox 3058 1766 3422 1820; x_wconf 85' lang='lat' dir='ltr'><strong>testimoniqu</strong></span> <span class='ocrx_word' id='word_1_250' title='bbox 3453 1767 3520 1820; x_wconf 86' lang='lat' dir='ltr'><strong>de</strong></span> 
     </span>
    </p>
   </div>
   <div class='ocr_carea' id='block_1_32' title="bbox 255 1839 1834 1930">
    <p class='ocr_par' dir='ltr' id='par_1_32' title="bbox 255 1839 1834 1930">
     <span class='ocr_line' id='line_1_32' title="bbox 255 1839 1834 1930; baseline 0.016 -36"><span class='ocrx_word' id='word_1_251' title='bbox 255 1845 480 1910; x_wconf 87' lang='lat' dir='ltr'><strong>quando</strong></span> <span class='ocrx_word' id='word_1_252' title='bbox 509 1845 755 1903; x_wconf 85' lang='lat' dir='ltr'><strong>Christus</strong></span> <span class='ocrx_word' id='word_1_253' title='bbox 781 1851 1138 1921; x_wconf 83' lang='lat' dir='ltr'><strong>signaculum</strong></span> <span class='ocrx_word' id='word_1_254' title='bbox 1157 1858 1331 1912; x_wconf 91' lang='lat' dir='ltr'><strong>crucis</strong></span> <span class='ocrx_word' id='word_1_255' title='bbox 1360 1839 1621 1930; x_wconf 80' lang='lat' dir='ltr'><strong>imprimit</strong></span> <span class='ocrx_word' id='word_1_256' title='bbox 1645 1862 1834 1920; x_wconf 78' lang='lat' dir='ltr'><strong>fronti-</strong></span> 
     </span>
    </p>
   </div>
   <div class='ocr_carea' id='block_1_33' title="bbox 1936 1839 3522 1930">
    <p class='ocr_par' dir='ltr' id='par_1_33' title="bbox 1942 1855 3522 1929">
     <span class='ocr_line' id='line_1_33' title="bbox 1942 1855 3522 1929; baseline 0.001 -19"><span class='ocrx_word' id='word_1_257' title='bbox 1942 1855 2192 1910; x_wconf 80' lang='lat' dir='ltr'><strong>Christo:</strong></span> <span class='ocrx_word' id='word_1_258' title='bbox 2230 1873 2250 1906; x_wconf 87' lang='grc'><strong><em>‹</em></strong></span> <span class='ocrx_word' id='word_1_259' title='bbox 2287 1855 2516 1921; x_wconf 89' lang='lat' dir='ltr'><strong>Ponam,</strong></span> <span class='ocrx_word' id='word_1_260' title='bbox 2543 1857 3154 1926; x_wconf 84' lang='lat' dir='ltr'><strong>inquit,superhis,‘qui</strong></span> <span class='ocrx_word' id='word_1_261' title='bbox 3185 1859 3522 1929; x_wconf 85' lang='lat' dir='ltr'><strong>fugeruntde</strong></span> 
     </span>
    </p>
   </div>
   <div class='ocr_carea' id='block_1_34' title="bbox 255 1933 1838 2018">
    <p class='ocr_par' dir='ltr' id='par_1_34' title="bbox 255 1933 1838 2018">
     <span class='ocr_line' id='line_1_34' title="bbox 255 1933 1838 2018; baseline 0.018 -34"><span class='ocrx_word' id='word_1_262' title='bbox 255 1933 360 1986; x_wconf 80' lang='lat' dir='ltr'><strong>bus</strong></span> <span class='ocrx_word' id='word_1_263' title='bbox 391 1935 686 1991; x_wconf 90' lang='lat' dir='ltr'><strong>hominum.</strong></span> <span class='ocrx_word' id='word_1_264' title='bbox 729 1940 1042 2010; x_wconf 88' lang='lat' dir='ltr'><strong>Sepulcrum</strong></span> <span class='ocrx_word' id='word_1_265' title='bbox 1078 1959 1254 2002; x_wconf 68' lang='lat' dir='ltr'><strong>anfem</strong></span> <span class='ocrx_word' id='word_1_266' title='bbox 1287 1947 1401 2018; x_wconf 86' lang='lat' dir='ltr'><strong>ejus</strong></span> <span class='ocrx_word' id='word_1_267' title='bbox 1431 1952 1482 2005; x_wconf 93' lang='lat' dir='ltr'><strong>in</strong></span> <span class='ocrx_word' id='word_1_268' title='bbox 1517 1961 1722 2010; x_wconf 63' lang='lat' dir='ltr'><strong>tantum</strong></span> <span class='ocrx_word' id='word_1_269' title='bbox 1756 1966 1838 2011; x_wconf 87' lang='lat' dir='ltr'><strong>est</strong></span> 
     </span>
    </p>
   </div>
   <div class='ocr_carea' id='block_1_35' title="bbox 255 2021 1838 2110">
    <p class='ocr_par' dir='ltr' id='par_1_35' title="bbox 255 2021 1838 2110">
     <span class='ocr_line' id='line_1_35' title="bbox 255 2021 1838 2110; baseline 0.018 -38"><span class='ocrx_word' id='word_1_270' title='bbox 255 2021 583 2089; x_wconf 82' lang='lat' dir='ltr'><strong>gloriosum,</strong></span> <span class='ocrx_word' id='word_1_271' title='bbox 607 2037 665 2080; x_wconf 89' lang='lat' dir='ltr'><strong>ut</strong></span> <span class='ocrx_word' id='word_1_272' title='bbox 694 2028 841 2084; x_wconf 88' lang='lat' dir='ltr'><strong>salvo</strong></span> <span class='ocrx_word' id='word_1_273' title='bbox 862 2047 946 2096; x_wconf 88' lang='lat' dir='ltr'><strong>eo,</strong></span> <span class='ocrx_word' id='word_1_274' title='bbox 973 2035 1116 2102; x_wconf 89' lang='lat' dir='ltr'><strong>quod</strong></span> <span class='ocrx_word' id='word_1_275' title='bbox 1147 2039 1408 2109; x_wconf 89' lang='lat' dir='ltr'><strong>redempti</strong></span> <span class='ocrx_word' id='word_1_276' title='bbox 1440 2056 1536 2110; x_wconf 91' lang='lat' dir='ltr'><strong>per</strong></span> <span class='ocrx_word' id='word_1_277' title='bbox 1557 2042 1673 2110; x_wconf 86' lang='lat' dir='ltr'><strong>ejus</strong></span> <span class='ocrx_word' id='word_1_278' title='bbox 1701 2060 1838 2100; x_wconf 81' lang='lat' dir='ltr'><strong>mor-</strong></span> 
     </span>
    </p>
   </div>
   <div class='ocr_carea' id='block_1_36' title="bbox 253 2114 1836 2196">
    <p class='ocr_par' dir='ltr' id='par_1_36' title="bbox 253 2114 1836 2196">
     <span class='ocr_line' id='line_1_36' title="bbox 253 2114 1836 2196; baseline 0.015 -32"><span class='ocrx_word' id='word_1_279' title='bbox 253 2123 371 2164; x_wconf 85' lang='lat' dir='ltr'><strong>tem</strong></span> <span class='ocrx_word' id='word_1_280' title='bbox 398 2114 504 2167; x_wconf 87' lang='lat' dir='ltr'><strong>sil:i</strong></span> <span class='ocrx_word' id='word_1_281' title='bbox 533 2117 758 2184; x_wconf 80' lang='lat' dir='ltr'><strong>gloriam</strong></span> <span class='ocrx_word' id='word_1_282' title='bbox 805 2121 933 2176; x_wconf 92' lang='lat' dir='ltr'><strong>totis</strong></span> <span class='ocrx_word' id='word_1_283' title='bbox 961 2123 1260 2182; x_wconf 83' lang='lat' dir='ltr'><strong>visceribus</strong></span> <span class='ocrx_word' id='word_1_284' title='bbox 1303 2129 1642 2196; x_wconf 81' lang='lat' dir='ltr'><strong>exhibemus,</strong></span> <span class='ocrx_word' id='word_1_285' title='bbox 1673 2135 1836 2189; x_wconf 86' lang='lat' dir='ltr'><strong>etiam</strong></span> 
     </span>
    </p>
   </div>
   <div class='ocr_carea' id='block_1_37' title="bbox 252 2203 1838 2291">
    <p class='ocr_par' dir='ltr' id='par_1_37' title="bbox 252 2203 1838 2291">
     <span class='ocr_line' id='line_1_37' title="bbox 252 2203 1838 2291; baseline 0.016 -36"><span class='ocrx_word' id='word_1_286' title='bbox 252 2203 439 2257; x_wconf 88' lang='lat' dir='ltr'><strong>lcum</strong></span> <span class='ocrx_word' id='word_1_287' title='bbox 499 2207 668 2274; x_wconf 88' lang='lat' dir='ltr'><strong>ipsum</strong></span> <span class='ocrx_word' id='word_1_288' title='bbox 736 2211 1009 2270; x_wconf 87' lang='lat' dir='ltr'><strong>miraculis</strong></span> <span class='ocrx_word' id='word_1_289' title='bbox 1071 2228 1444 2274; x_wconf 84' lang='lat' dir='ltr'><strong>coruscantem</strong></span> <span class='ocrx_word' id='word_1_290' title='bbox 1497 2223 1681 2291; x_wconf 69' lang='lat' dir='ltr'><strong>gloriae</strong></span> <span class='ocrx_word' id='word_1_291' title='bbox 1727 2241 1838 2280; x_wconf 82' lang='lat' dir='ltr'><strong>suae</strong></span> 
     </span>
    </p>
   </div>
   <div class='ocr_carea' id='block_1_38' title="bbox 253 2296 1835 2378">
    <p class='ocr_par' dir='ltr' id='par_1_38' title="bbox 253 2296 1835 2378">
     <span class='ocr_line' id='line_1_38' title="bbox 253 2296 1835 2378; baseline 0.017 -34"><span class='ocrx_word' id='word_1_292' title='bbox 253 2306 421 2347; x_wconf 61' lang='lat' dir='ltr'><strong>caus:</strong></span> <span class='ocrx_word' id='word_1_293' title='bbox 455 2296 518 2348; x_wconf 91' lang='lat' dir='ltr'><strong>ad</strong></span> <span class='ocrx_word' id='word_1_294' title='bbox 548 2311 604 2351; x_wconf 70' lang='lat' dir='ltr'><strong>se</strong></span> <span class='ocrx_word' id='word_1_295' title='bbox 631 2313 844 2356; x_wconf 79' lang='lat' dir='ltr'><strong>omnem</strong></span> <span class='ocrx_word' id='word_1_296' title='bbox 893 2307 1147 2360; x_wconf 90' lang='lat' dir='ltr'><strong>mundum</strong></span> <span class='ocrx_word' id='word_1_297' title='bbox 1194 2326 1490 2378; x_wconf 86' lang='lat' dir='ltr'><strong>provocare</strong></span> <span class='ocrx_word' id='word_1_298' title='bbox 1530 2329 1835 2374; x_wconf 88' lang='lat' dir='ltr'><strong>cernamus.</strong></span> 
     </span>
    </p>
   </div>
   <div class='ocr_carea' id='block_1_39' title="bbox 889 2394 1232 2456">
    <p class='ocr_par' dir='ltr' id='par_1_39' title="bbox 889 2394 1232 2456">
     <span class='ocr_line' id='line_1_39' title="bbox 889 2394 1232 2456; baseline 0.012 -6"><span class='ocrx_word' id='word_1_299' title='bbox 889 2394 1115 2453; x_wconf 81' lang='lat' dir='ltr'><strong>CAPUT</strong></span> <span class='ocrx_word' id='word_1_300' title='bbox 1148 2400 1232 2456; x_wconf 73' lang='grc' dir='ltr'><strong>Ν.</strong></span> 
     </span>
    </p>
   </div>
   <div class='ocr_carea' id='block_1_40' title="bbox 404 2477 1698 2554">
    <p class='ocr_par' dir='ltr' id='par_1_40' title="bbox 404 2477 1698 2554">
     <span class='ocr_line' id='line_1_40' title="bbox 404 2477 1698 2554; baseline 0.02 -27"><span class='ocrx_word' id='word_1_301' title='bbox 404 2477 765 2547; x_wconf 70' lang='lat' dir='ltr'><strong>Con/trmatur</strong></span> <span class='ocrx_word' id='word_1_302' title='bbox 790 2483 1051 2542; x_wconf 76' lang='lat' dir='ltr'><strong>Christum</strong></span> <span class='ocrx_word' id='word_1_303' title='bbox 1077 2507 1190 2545; x_wconf 82' lang='lat' dir='ltr'><strong>vere</strong></span> <span class='ocrx_word' id='word_1_304' title='bbox 1216 2509 1326 2548; x_wconf 71' lang='lat' dir='ltr'><strong>esse</strong></span> <span class='ocrx_word' id='word_1_305' title='bbox 1353 2493 1548 2550; x_wconf 71' lang='lat' dir='ltr'><strong>Filium</strong></span> <span class='ocrx_word' id='word_1_306' title='bbox 1584 2498 1698 2554; x_wconf 83' lang='lat' dir='ltr'><strong>Dei.</strong></span> 
     </span>
    </p>
   </div>
   <div class='ocr_carea' id='block_1_41' title="bbox 327 2566 1840 2653">
    <p class='ocr_par' dir='ltr' id='par_1_41' title="bbox 327 2566 1840 2653">
     <span class='ocr_line' id='line_1_41' title="bbox 327 2566 1840 2653; baseline 0.019 -35"><span class='ocrx_word' id='word_1_307' title='bbox 327 2566 454 2621; x_wconf 82' lang='lat' dir='ltr'><strong>1am</strong></span> <span class='ocrx_word' id='word_1_308' title='bbox 487 2586 614 2624; x_wconf 85' lang='lat' dir='ltr'><strong>vero</strong></span> <span class='ocrx_word' id='word_1_309' title='bbox 641 2574 883 2630; x_wconf 63' lang='lat' dir='ltr'><strong>inter-tot</strong></span> <span class='ocrx_word' id='word_1_310' title='bbox 913 2581 1292 2650; x_wconf 85' lang='lat' dir='ltr'><strong>prephetarum</strong></span> <span class='ocrx_word' id='word_1_311' title='bbox 1320 2588 1559 2653; x_wconf 80' lang='lat' dir='ltr'><strong>oracula,</strong></span> <span class='ocrx_word' id='word_1_312' title='bbox 1592 2590 1733 2644; x_wconf 92' lang='lat' dir='ltr'><strong>inter</strong></span> <span class='ocrx_word' id='word_1_313' title='bbox 1764 2600 1840 2647; x_wconf 87' lang='lat' dir='ltr'><strong>tot</strong></span> 
     </span>
    </p>
   </div>
   <div class='ocr_carea' id='block_1_42' title="bbox 250 2658 1834 2752">
    <p class='ocr_par' dir='ltr' id='par_1_42' title="bbox 250 2658 1834 2752">
     <span class='ocr_line' id='line_1_42' title="bbox 250 2658 1834 2752; baseline 0.017 -44"><span class='ocrx_word' id='word_1_314' title='bbox 250 2658 670 2716; x_wconf 74' lang='lat' dir='ltr'><strong>evidentissima</strong></span> <span class='ocrx_word' id='word_1_315' title='bbox 719 2676 1029 2722; x_wconf 86' lang='lat' dir='ltr'><strong>sanctorum</strong></span> <span class='ocrx_word' id='word_1_316' title='bbox 1079 2673 1424 2741; x_wconf 82' lang='lat' dir='ltr'><strong>testimonia.</strong></span> <span class='ocrx_word' id='word_1_317' title='bbox 1475 2683 1716 2752; x_wconf 82' lang='lat' dir='ltr'><strong>nunquid</strong></span> <span class='ocrx_word' id='word_1_318' title='bbox 1759 2693 1834 2750; x_wconf 87' lang='lat' dir='ltr'><strong>tu,</strong></span> 
     </span>
    </p>
   </div>
   <div class='ocr_carea' id='block_1_43' title="bbox 251 2747 1837 2828">
    <p class='ocr_par' dir='ltr' id='par_1_43' title="bbox 251 2747 1837 2828">
     <span class='ocr_line' id='line_1_43' title="bbox 251 2747 1837 2828; baseline 0.019 -29"><span class='ocrx_word' id='word_1_319' title='bbox 251 2747 383 2800; x_wconf 65' lang='lat' dir='ltr'><strong>Iesu</strong></span> <span class='ocrx_word' id='word_1_320' title='bbox 417 2749 491 2802; x_wconf 82' lang='lat' dir='ltr'><strong>ﬁli</strong></span> <span class='ocrx_word' id='word_1_321' title='bbox 523 2752 737 2821; x_wconf 78' lang='lat' dir='ltr'><strong>Sirach,</strong></span> <span class='ocrx_word' id='word_1_322' title='bbox 767 2761 986 2813; x_wconf 87' lang='lat' dir='ltr'><strong>omnino</strong></span> <span class='ocrx_word' id='word_1_323' title='bbox 1029 2765 1250 2828; x_wconf 83' lang='lat' dir='ltr'><strong>tacebis,</strong></span> <span class='ocrx_word' id='word_1_324' title='bbox 1279 2777 1332 2820; x_wconf 75' lang='lat' dir='ltr'><strong>et</strong></span> <span class='ocrx_word' id='word_1_325' title='bbox 1358 2769 1502 2823; x_wconf 89' lang='lat' dir='ltr'><strong>inter</strong></span> <span class='ocrx_word' id='word_1_326' title='bbox 1531 2747 1756 2828; x_wconf 60' lang='lat' dir='ltr'><strong>caeteros</strong></span> <span class='ocrx_word' id='word_1_327' title='bbox 1784 2747 1837 2828; x_wconf 86' lang='lat' dir='ltr'><strong>tu</strong></span> 
     </span>
    </p>
   </div>
   <div class='ocr_carea' id='block_1_44' title="bbox 254 2845 1840 2930">
    <p class='ocr_par' dir='ltr' id='par_1_44' title="bbox 254 2845 1840 2930">
     <span class='ocr_line' id='line_1_44' title="bbox 254 2845 1840 2930; baseline 0.022 -42"><span class='ocrx_word' id='word_1_328' title='bbox 254 2856 478 2909; x_wconf 84' lang='lat' dir='ltr'><strong>quoque</strong></span> <span class='ocrx_word' id='word_1_329' title='bbox 508 2845 869 2903; x_wconf 86' lang='lat' dir='ltr'><strong>testimonium</strong></span> <span class='ocrx_word' id='word_1_330' title='bbox 891 2851 955 2905; x_wconf 86' lang='lat' dir='ltr'><strong>de</strong></span> <span class='ocrx_word' id='word_1_331' title='bbox 979 2853 1201 2911; x_wconf 84' lang='lat' dir='ltr'><strong>Christo</strong></span> <span class='ocrx_word' id='word_1_332' title='bbox 1223 2875 1328 2912; x_wconf 91' lang='lat' dir='ltr'><strong>non</strong></span> <span class='ocrx_word' id='word_1_333' title='bbox 1365 2861 1644 2930; x_wconf 86' lang='lat' dir='ltr'><strong>proferes?</strong></span> <span class='ocrx_word' id='word_1_334' title='bbox 1673 2867 1840 2922; x_wconf 78' lang='lat' dir='ltr'><strong>Aecc-</strong></span> 
     </span>
    </p>
   </div>
   <div class='ocr_carea' id='block_1_45' title="bbox 251 2933 1840 3027">
    <p class='ocr_par' dir='ltr' id='par_1_45' title="bbox 251 2933 1840 3027">
     <span class='ocr_line' id='line_1_45' title="bbox 251 2933 1840 3027; baseline 0.023 -46"><span class='ocrx_word' id='word_1_335' title='bbox 251 2934 349 2984; x_wconf 75' lang='lat' dir='ltr'><strong>dat.</strong></span> <span class='ocrx_word' id='word_1_336' title='bbox 388 2933 504 3002; x_wconf 84' lang='lat' dir='ltr'><strong>jam</strong></span> <span class='ocrx_word' id='word_1_337' title='bbox 551 2934 928 2996; x_wconf 59' lang='lat' dir='ltr'><strong>facundissima</strong></span> <span class='ocrx_word' id='word_1_338' title='bbox 962 2947 1223 3015; x_wconf 78' lang='lat' dir='ltr'><strong>sapientia</strong></span> <span class='ocrx_word' id='word_1_339' title='bbox 1263 2961 1349 3006; x_wconf 92' lang='lat' dir='ltr'><strong>tua</strong></span> <span class='ocrx_word' id='word_1_340' title='bbox 1404 2955 1456 3008; x_wconf 94' lang='lat' dir='ltr'><strong>in</strong></span> <span class='ocrx_word' id='word_1_341' title='bbox 1502 2959 1758 3027; x_wconf 88' lang='lat' dir='ltr'><strong>medium,</strong></span> <span class='ocrx_word' id='word_1_342' title='bbox 1787 2972 1840 3017; x_wconf 86' lang='lat' dir='ltr'><strong>et</strong></span> 
     </span>
    </p>
   </div>
   <div class='ocr_carea' id='block_1_46' title="bbox 251 3023 1840 3113">
    <p class='ocr_par' dir='ltr' id='par_1_46' title="bbox 251 3023 1840 3113">
     <span class='ocr_line' id='line_1_46' title="bbox 251 3023 1840 3113; baseline 0.023 -42"><span class='ocrx_word' id='word_1_343' title='bbox 251 3023 541 3080; x_wconf 78' lang='lat' dir='ltr'><strong>fortiorem</strong></span> <span class='ocrx_word' id='word_1_344' title='bbox 574 3027 777 3095; x_wconf 87' lang='lat' dir='ltr'><strong>Jesum,</strong></span> <span class='ocrx_word' id='word_1_345' title='bbox 831 3033 1032 3089; x_wconf 87' lang='lat' dir='ltr'><strong>fontem</strong></span> <span class='ocrx_word' id='word_1_346' title='bbox 1082 3039 1327 3095; x_wconf 82' lang='lat' dir='ltr'><strong>videlicet</strong></span> <span class='ocrx_word' id='word_1_347' title='bbox 1357 3048 1626 3113; x_wconf 84' lang='lat' dir='ltr'><strong>paradisi,</strong></span> <span class='ocrx_word' id='word_1_348' title='bbox 1669 3023 1840 3106; x_wconf 87' lang='lat' dir='ltr'><strong>inor-</strong></span> 
     </span>
    </p>
   </div>
   <div class='ocr_carea' id='block_1_47' title="bbox 251 3116 1838 3210">
    <p class='ocr_par' dir='ltr' id='par_1_47' title="bbox 251 3116 1838 3210">
     <span class='ocr_line' id='line_1_47' title="bbox 251 3116 1838 3210; baseline 0.02 -46"><span class='ocrx_word' id='word_1_349' title='bbox 251 3116 380 3166; x_wconf 76' lang='lat' dir='ltr'><strong>hem</strong></span> <span class='ocrx_word' id='word_1_350' title='bbox 415 3124 682 3172; x_wconf 89' lang='lat' dir='ltr'><strong>terrarum</strong></span> <span class='ocrx_word' id='word_1_351' title='bbox 732 3124 831 3177; x_wconf 85' lang='lat' dir='ltr'><strong>sub</strong></span> <span class='ocrx_word' id='word_1_352' title='bbox 876 3127 1323 3195; x_wconf 74' lang='lat' dir='ltr'><strong>evangelistarum</strong></span> <span class='ocrx_word' id='word_1_353' title='bbox 1359 3135 1525 3204; x_wconf 76' lang='lat' dir='ltr'><strong>figura</strong></span> <span class='ocrx_word' id='word_1_354' title='bbox 1555 3153 1675 3192; x_wconf 89' lang='lat' dir='ltr'><strong>cum</strong></span> <span class='ocrx_word' id='word_1_355' title='bbox 1705 3158 1838 3210; x_wconf 87' lang='lat' dir='ltr'><strong>qua-</strong></span> 
     </span>
    </p>
   </div>
   <div class='ocr_carea' id='block_1_48' title="bbox 1941 1945 3518 2019">
    <p class='ocr_par' dir='ltr' id='par_1_48' title="bbox 1941 1945 3518 2019">
     <span class='ocr_line' id='line_1_48' title="bbox 1941 1945 3518 2019; baseline 0.001 -21"><span class='ocrx_word' id='word_1_356' title='bbox 1941 1945 2117 2010; x_wconf 84' lang='lat' dir='ltr'><strong>Moab,</strong></span> <span class='ocrx_word' id='word_1_357' title='bbox 2171 1945 2380 2002; x_wconf 88' lang='lat' dir='ltr'><strong>leonem</strong></span> <span class='ocrx_word' id='word_1_358' title='bbox 2421 1957 2476 2001; x_wconf 89' lang='lat' dir='ltr'><strong>et</strong></span> <span class='ocrx_word' id='word_1_359' title='bbox 2526 1948 2781 2017; x_wconf 85' lang='lat' dir='ltr'><strong>reliquias</strong></span> <span class='ocrx_word' id='word_1_360' title='bbox 2821 1959 2997 2003; x_wconf 60' lang='lat' dir='ltr'><strong>terrae.</strong></span> <span class='ocrx_word' id='word_1_361' title='bbox 3052 1949 3248 2003; x_wconf 84' lang='lat' dir='ltr'><strong>Emitte</strong></span> <span class='ocrx_word' id='word_1_362' title='bbox 3302 1964 3518 2019; x_wconf 79' lang='lat' dir='ltr'><strong>agnum,</strong></span> 
     </span>
    </p>
   </div>
   <div class='ocr_carea' id='block_1_49' title="bbox 1944 2038 3519 2111">
    <p class='ocr_par' dir='ltr' id='par_1_49' title="bbox 1944 2038 3519 2111">
     <span class='ocr_line' id='line_1_49' title="bbox 1944 2038 3519 2111; baseline 0.003 -22"><span class='ocrx_word' id='word_1_363' title='bbox 1944 2038 2186 2104; x_wconf 86' lang='lat' dir='ltr'><strong>Domine,</strong></span> <span class='ocrx_word' id='word_1_364' title='bbox 2247 2038 2640 2094; x_wconf 86' lang='lat' dir='ltr'><strong>dominatorem</strong></span> <span class='ocrx_word' id='word_1_365' title='bbox 2701 2050 2860 2095; x_wconf 85' lang='lat' dir='ltr'><strong>terrae</strong></span> <span class='ocrx_word' id='word_1_366' title='bbox 2912 2043 2975 2095; x_wconf 89' lang='lat' dir='ltr'><strong>de</strong></span> <span class='ocrx_word' id='word_1_367' title='bbox 3023 2049 3174 2111; x_wconf 91' lang='lat' dir='ltr'><strong>petra</strong></span> <span class='ocrx_word' id='word_1_368' title='bbox 3207 2041 3406 2097; x_wconf 87' lang='lat' dir='ltr'><strong>deserti</strong></span> <span class='ocrx_word' id='word_1_369' title='bbox 3454 2041 3519 2094; x_wconf 88' lang='lat' dir='ltr'><strong>ad</strong></span> 
     </span>
    </p>
   </div>
   <div class='ocr_carea' id='block_1_50' title="bbox 1941 2127 3522 2204">
    <p class='ocr_par' dir='ltr' id='par_1_50' title="bbox 1941 2127 3522 2204">
     <span class='ocr_line' id='line_1_50' title="bbox 1941 2127 3522 2204; baseline 0.001 -20"><span class='ocrx_word' id='word_1_370' title='bbox 1941 2139 2177 2185; x_wconf 90' lang='lat' dir='ltr'><strong>montem</strong></span> <span class='ocrx_word' id='word_1_371' title='bbox 2202 2129 2324 2185; x_wconf 61' lang='lat' dir='ltr'><strong>tiliae</strong></span> <span class='ocrx_word' id='word_1_372' title='bbox 2347 2129 2478 2185; x_wconf 91' lang='lat' dir='ltr'><strong>Sion</strong></span> <span class='ocrx_word' id='word_1_373' title='bbox 2507 2130 2663 2202; x_wconf 83' lang='lat' dir='ltr'><strong>(Isai.</strong></span> <span class='ocrx_word' id='word_1_374' title='bbox 2696 2133 2830 2202; x_wconf 76' lang='lat' dir='ltr'><strong>xw).</strong></span> <span class='ocrx_word' id='word_1_375' title='bbox 2873 2151 2890 2184; x_wconf 85' lang='grc' dir='ltr'><strong>ι</strong></span> <span class='ocrx_word' id='word_1_376' title='bbox 2930 2133 3006 2188; x_wconf 91' lang='lat' dir='ltr'><strong>De</strong></span> <span class='ocrx_word' id='word_1_377' title='bbox 3037 2135 3140 2188; x_wconf 90' lang='lat' dir='ltr'><strong>hac</strong></span> <span class='ocrx_word' id='word_1_378' title='bbox 3167 2127 3310 2188; x_wconf 86' lang='lat' dir='ltr'><strong>enim</strong></span> <span class='ocrx_word' id='word_1_379' title='bbox 3363 2144 3522 2204; x_wconf 86' lang='lat' dir='ltr'><strong>gente</strong></span> 
     </span>
    </p>
   </div>
   <div class='ocr_carea' id='block_1_51' title="bbox 1941 2221 3518 2295">
    <p class='ocr_par' dir='ltr' id='par_1_51' title="bbox 1941 2221 3518 2295">
     <span class='ocr_line' id='line_1_51' title="bbox 1941 2221 3518 2295; baseline 0.002 -22"><span class='ocrx_word' id='word_1_380' title='bbox 1941 2221 2295 2275; x_wconf 82' lang='lat' dir='ltr'><strong>Moabitarum</strong></span> <span class='ocrx_word' id='word_1_381' title='bbox 2341 2237 2590 2291; x_wconf 85' lang='lat' dir='ltr'><strong>egressus</strong></span> <span class='ocrx_word' id='word_1_382' title='bbox 2654 2233 2735 2277; x_wconf 89' lang='lat' dir='ltr'><strong>est</strong></span> <span class='ocrx_word' id='word_1_383' title='bbox 2765 2225 2948 2295; x_wconf 87' lang='lat' dir='ltr'><strong>Agnus</strong></span> <span class='ocrx_word' id='word_1_384' title='bbox 2996 2225 3392 2290; x_wconf 73' lang='lat' dir='ltr'><strong>imma’culatus,</strong></span> <span class='ocrx_word' id='word_1_385' title='bbox 3431 2225 3518 2294; x_wconf 90' lang='lat' dir='ltr'><strong>qui</strong></span> 
     </span>
    </p>
   </div>
   <div class='ocr_carea' id='block_1_52' title="bbox 1941 2304 3515 2385">
    <p class='ocr_par' dir='ltr' id='par_1_52' title="bbox 1941 2304 3515 2385">
     <span class='ocr_line' id='line_1_52' title="bbox 1941 2304 3515 2385; baseline 0.003 -18"><span class='ocrx_word' id='word_1_386' title='bbox 1941 2315 2075 2368; x_wconf 86' lang='lat' dir='ltr'><strong>tollit</strong></span> <span class='ocrx_word' id='word_1_387' title='bbox 2100 2324 2316 2385; x_wconf 85' lang='lat' dir='ltr'><strong>peccata</strong></span> <span class='ocrx_word' id='word_1_388' title='bbox 2340 2317 2546 2382; x_wconf 80' lang='lat' dir='ltr'><strong>mutuli,</strong></span> <span class='ocrx_word' id='word_1_389' title='bbox 2570 2317 2658 2384; x_wconf 91' lang='lat' dir='ltr'><strong>qui</strong></span> <span class='ocrx_word' id='word_1_390' title='bbox 2683 2317 2988 2372; x_wconf 89' lang='lat' dir='ltr'><strong>dominatur</strong></span> <span class='ocrx_word' id='word_1_391' title='bbox 3010 2319 3204 2374; x_wconf 86' lang='lat' dir='ltr'><strong>inorhe</strong></span> <span class='ocrx_word' id='word_1_392' title='bbox 3230 2304 3515 2373; x_wconf 86' lang='lat' dir='ltr'><strong>terrarum.</strong></span> 
     </span>
    </p>
   </div>
   <div class='ocr_carea' id='block_1_53' title="bbox 1942 2405 3520 2481">
    <p class='ocr_par' dir='ltr' id='par_1_53' title="bbox 1942 2405 3520 2481">
     <span class='ocr_line' id='line_1_53' title="bbox 1942 2405 3520 2481; baseline 0.003 -22"><span class='ocrx_word' id='word_1_393' title='bbox 1942 2405 2073 2460; x_wconf 81' lang='lat' dir='ltr'><strong>Nam</strong></span> <span class='ocrx_word' id='word_1_394' title='bbox 2098 2407 2194 2476; x_wconf 80' lang='lat' dir='ltr'><strong>qui</strong></span> <span class='ocrx_word' id='word_1_395' title='bbox 2227 2406 2309 2461; x_wconf 88' lang='lat' dir='ltr'><strong>leo</strong></span> <span class='ocrx_word' id='word_1_396' title='bbox 2337 2416 2556 2476; x_wconf 89' lang='lat' dir='ltr'><strong>propter</strong></span> <span class='ocrx_word' id='word_1_397' title='bbox 2575 2408 2942 2463; x_wconf 80' lang='lat' dir='ltr'><strong>fortitudinem</strong></span> <span class='ocrx_word' id='word_1_398' title='bbox 2966 2409 3326 2477; x_wconf 86' lang='lat' dir='ltr'><strong>dicitur,-ipse</strong></span> <span class='ocrx_word' id='word_1_399' title='bbox 3351 2425 3520 2481; x_wconf 89' lang='lat' dir='ltr'><strong>agnus</strong></span> 
     </span>
    </p>
   </div>
   <div class='ocr_carea' id='block_1_54' title="bbox 1939 2499 3520 2568">
    <p class='ocr_par' dir='ltr' id='par_1_54' title="bbox 1939 2499 3520 2568">
     <span class='ocr_line' id='line_1_54' title="bbox 1939 2499 3520 2568; baseline 0.003 -17"><span class='ocrx_word' id='word_1_400' title='bbox 1939 2506 2160 2566; x_wconf 88' lang='lat' dir='ltr'><strong>propter</strong></span> <span class='ocrx_word' id='word_1_401' title='bbox 2206 2499 2673 2553; x_wconf 89' lang='lat' dir='ltr'><strong>mansuetudinem</strong></span> <span class='ocrx_word' id='word_1_402' title='bbox 2728 2500 3064 2568; x_wconf 89' lang='lat' dir='ltr'><strong>perhibetur.</strong></span> <span class='ocrx_word' id='word_1_403' title='bbox 3123 2500 3283 2558; x_wconf 88' lang='lat' dir='ltr'><strong>Petra</strong></span> <span class='ocrx_word' id='word_1_404' title='bbox 3341 2509 3520 2555; x_wconf 89' lang='lat' dir='ltr'><strong>autem</strong></span> 
     </span>
    </p>
   </div>
   <div class='ocr_carea' id='block_1_55' title="bbox 1941 2586 3521 2661">
    <p class='ocr_par' dir='ltr' id='par_1_55' title="bbox 1941 2586 3521 2661">
     <span class='ocr_line' id='line_1_55' title="bbox 1941 2586 3521 2661; baseline 0.004 -21"><span class='ocrx_word' id='word_1_405' title='bbox 1941 2589 2139 2644; x_wconf 84' lang='lat' dir='ltr'><strong>deserti</strong></span> <span class='ocrx_word' id='word_1_406' title='bbox 2174 2588 2314 2643; x_wconf 87' lang='lat' dir='ltr'><strong>Ruth</strong></span> <span class='ocrx_word' id='word_1_407' title='bbox 2339 2590 2675 2658; x_wconf 84' lang='lat' dir='ltr'><strong>intelligitur,</strong></span> <span class='ocrx_word' id='word_1_408' title='bbox 2712 2607 2832 2659; x_wconf 72' lang='lat' dir='ltr'><strong>quze</strong></span> <span class='ocrx_word' id='word_1_409' title='bbox 2856 2591 3070 2646; x_wconf 89' lang='lat' dir='ltr'><strong>deserta</strong></span> <span class='ocrx_word' id='word_1_410' title='bbox 3108 2586 3308 2661; x_wconf 86' lang='lat' dir='ltr'><strong>prioris</strong></span> <span class='ocrx_word' id='word_1_411' title='bbox 3345 2603 3521 2648; x_wconf 89' lang='lat' dir='ltr'><strong>morte</strong></span> 
     </span>
    </p>
   </div>
   <div class='ocr_carea' id='block_1_56' title="bbox 1940 2679 3522 2753">
    <p class='ocr_par' dir='ltr' id='par_1_56' title="bbox 1940 2679 3522 2753">
     <span class='ocr_line' id='line_1_56' title="bbox 1940 2679 3522 2753; baseline 0.002 -20"><span class='ocrx_word' id='word_1_412' title='bbox 1940 2679 2205 2750; x_wconf 88' lang='lat' dir='ltr'><strong>conjugis,</strong></span> <span class='ocrx_word' id='word_1_413' title='bbox 2234 2680 2382 2736; x_wconf 90' lang='lat' dir='ltr'><strong>Obcd</strong></span> <span class='ocrx_word' id='word_1_414' title='bbox 2409 2684 2474 2735; x_wconf 89' lang='lat' dir='ltr'><strong>de</strong></span> <span class='ocrx_word' id='word_1_415' title='bbox 2533 2681 2674 2736; x_wconf 86' lang='lat' dir='ltr'><strong>Booz</strong></span> <span class='ocrx_word' id='word_1_416' title='bbox 2706 2684 2914 2753; x_wconf 80' lang='lat' dir='ltr'><strong>genuit,</strong></span> <span class='ocrx_word' id='word_1_417' title='bbox 2967 2684 3031 2737; x_wconf 91' lang='lat' dir='ltr'><strong>de</strong></span> <span class='ocrx_word' id='word_1_418' title='bbox 3081 2699 3308 2753; x_wconf 84' lang='lat' dir='ltr'><strong>quorum</strong></span> <span class='ocrx_word' id='word_1_419' title='bbox 3359 2685 3522 2738; x_wconf 89' lang='lat' dir='ltr'><strong>etiam</strong></span> 
     </span>
    </p>
   </div>
   <div class='ocr_carea' id='block_1_57' title="bbox 1940 2772 3517 2845">
    <p class='ocr_par' dir='ltr' id='par_1_57' title="bbox 1940 2772 3517 2845">
     <span class='ocr_line' id='line_1_57' title="bbox 1940 2772 3517 2845; baseline 0.001 -18"><span class='ocrx_word' id='word_1_420' title='bbox 1940 2772 2188 2827; x_wconf 83' lang='lat' dir='ltr'><strong>Christus</strong></span> <span class='ocrx_word' id='word_1_421' title='bbox 2217 2774 2385 2841; x_wconf 89' lang='lat' dir='ltr'><strong>stirpe</strong></span> <span class='ocrx_word' id='word_1_422' title='bbox 2409 2773 2702 2828; x_wconf 84' lang='lat' dir='ltr'><strong>descendit.</strong></span> <span class='ocrx_word' id='word_1_423' title='bbox 2731 2774 2882 2839; x_wconf 86' lang='lat' dir='ltr'><strong>Quod</strong></span> <span class='ocrx_word' id='word_1_424' title='bbox 2913 2783 3091 2829; x_wconf 88' lang='lat' dir='ltr'><strong>autem</strong></span> <span class='ocrx_word' id='word_1_425' title='bbox 3122 2790 3250 2845; x_wconf 87' lang='lat' dir='ltr'><strong>ergo</strong></span> <span class='ocrx_word' id='word_1_426' title='bbox 3275 2776 3362 2829; x_wconf 91' lang='lat' dir='ltr'><strong>hic</strong></span> <span class='ocrx_word' id='word_1_427' title='bbox 3387 2791 3517 2845; x_wconf 90' lang='lat' dir='ltr'><strong>pro-</strong></span> 
     </span>
    </p>
   </div>
   <div class='ocr_carea' id='block_1_58' title="bbox 1941 2862 3522 2933">
    <p class='ocr_par' dir='ltr' id='par_1_58' title="bbox 1941 2862 3522 2933">
     <span class='ocr_line' id='line_1_58' title="bbox 1941 2862 3522 2933; baseline 0.002 -19"><span class='ocrx_word' id='word_1_428' title='bbox 1941 2863 2222 2933; x_wconf 72' lang='lat' dir='ltr'><strong>phetarum</strong></span> <span class='ocrx_word' id='word_1_429' title='bbox 2261 2863 2403 2917; x_wconf 91' lang='lat' dir='ltr'><strong>dicta</strong></span> <span class='ocrx_word' id='word_1_430' title='bbox 2430 2864 2750 2932; x_wconf 92' lang='lat' dir='ltr'><strong>permisceo,</strong></span> <span class='ocrx_word' id='word_1_431' title='bbox 2775 2873 2829 2918; x_wconf 90' lang='lat' dir='ltr'><strong>et</strong></span> <span class='ocrx_word' id='word_1_432' title='bbox 2851 2880 2993 2919; x_wconf 91' lang='lat' dir='ltr'><strong>nunc</strong></span> <span class='ocrx_word' id='word_1_433' title='bbox 3021 2864 3180 2933; x_wconf 86' lang='lat' dir='ltr'><strong>hujus</strong></span> <span class='ocrx_word' id='word_1_434' title='bbox 3200 2862 3522 2919; x_wconf 74' lang='lat' dir='ltr'><strong>testimonia</strong></span> 
     </span>
    </p>
   </div>
   <div class='ocr_carea' id='block_1_59' title="bbox 1943 2927 3521 3023">
    <p class='ocr_par' dir='ltr' id='par_1_59' title="bbox 1943 2927 3521 3023">
     <span class='ocr_line' id='line_1_59' title="bbox 1943 2927 3521 3023; baseline 0.001 -19"><span class='ocrx_word' id='word_1_435' title='bbox 1943 2927 2178 3020; x_wconf 53' lang='lat' dir='ltr'><strong>protero,</strong></span> <span class='ocrx_word' id='word_1_436' title='bbox 2210 2968 2351 3006; x_wconf 91' lang='lat' dir='ltr'><strong>nunc</strong></span> <span class='ocrx_word' id='word_1_437' title='bbox 2372 2951 2436 3006; x_wconf 86' lang='lat' dir='ltr'><strong>ad</strong></span> <span class='ocrx_word' id='word_1_438' title='bbox 2461 2951 2624 3017; x_wconf 89' lang='lat' dir='ltr'><strong>illius,</strong></span> <span class='ocrx_word' id='word_1_439' title='bbox 2652 2968 2811 3022; x_wconf 88' lang='lat' dir='ltr'><strong>quem</strong></span> <span class='ocrx_word' id='word_1_440' title='bbox 2830 2952 2942 3021; x_wconf 90' lang='lat' dir='ltr'><strong>jam</strong></span> <span class='ocrx_word' id='word_1_441' title='bbox 2972 2953 3315 3023; x_wconf 85' lang='lat' dir='ltr'><strong>reliqueram,</strong></span> <span class='ocrx_word' id='word_1_442' title='bbox 3358 2954 3521 3007; x_wconf 87' lang='lat' dir='ltr'><strong>verba</strong></span> 
     </span>
    </p>
   </div>
   <div class='ocr_carea' id='block_1_60' title="bbox 1943 3043 3522 3113">
    <p class='ocr_par' dir='ltr' id='par_1_60' title="bbox 1943 3043 3522 3113">
     <span class='ocr_line' id='line_1_60' title="bbox 1943 3043 3522 3113; baseline 0.001 -17"><span class='ocrx_word' id='word_1_443' title='bbox 1943 3058 2182 3107; x_wconf 84' lang='lat' dir='ltr'><strong>recurro,</strong></span> <span class='ocrx_word' id='word_1_444' title='bbox 2209 3043 2310 3097; x_wconf 90' lang='lat' dir='ltr'><strong>hoc</strong></span> <span class='ocrx_word' id='word_1_445' title='bbox 2338 3060 2402 3097; x_wconf 79' lang='lat' dir='ltr'><strong>ex</strong></span> <span class='ocrx_word' id='word_1_446' title='bbox 2429 3045 2586 3098; x_wconf 75' lang='lat' dir='ltr'><strong>tzedio</strong></span> <span class='ocrx_word' id='word_1_447' title='bbox 2615 3059 2797 3113; x_wconf 90' lang='lat' dir='ltr'><strong>agere,</strong></span> <span class='ocrx_word' id='word_1_448' title='bbox 2822 3045 3054 3098; x_wconf 80' lang='lat' dir='ltr'><strong>vitandae</strong></span> <span class='ocrx_word' id='word_1_449' title='bbox 3081 3045 3330 3098; x_wconf 82' lang='lat' dir='ltr'><strong>videlicet</strong></span> <span class='ocrx_word' id='word_1_450' title='bbox 3355 3046 3522 3098; x_wconf 90' lang='lat' dir='ltr'><strong>satic-</strong></span> 
     </span>
    </p>
   </div>
   <div class='ocr_carea' id='block_1_61' title="bbox 1946 3135 3520 3213">
    <p class='ocr_par' dir='ltr' id='par_1_61' title="bbox 1946 3135 3520 3213">
     <span class='ocr_line' id='line_1_61' title="bbox 1946 3135 3520 3213; baseline 0.001 -26"><span class='ocrx_word' id='word_1_451' title='bbox 1946 3135 2069 3188; x_wconf 92' lang='lat' dir='ltr'><strong>tatis</strong></span> <span class='ocrx_word' id='word_1_452' title='bbox 2096 3150 2279 3200; x_wconf 90' lang='lat' dir='ltr'><strong>causa,</strong></span> <span class='ocrx_word' id='word_1_453' title='bbox 2311 3137 2605 3201; x_wconf 88' lang='lat' dir='ltr'><strong>contendo;</strong></span> <span class='ocrx_word' id='word_1_454' title='bbox 2637 3151 2702 3190; x_wconf 88' lang='lat' dir='ltr'><strong>ne</strong></span> <span class='ocrx_word' id='word_1_455' title='bbox 2733 3137 2778 3191; x_wconf 95' lang='lat' dir='ltr'><strong>si</strong></span> <span class='ocrx_word' id='word_1_456' title='bbox 2810 3138 2967 3190; x_wconf 77' lang='lat' dir='ltr'><strong>tutius</strong></span> <span class='ocrx_word' id='word_1_457' title='bbox 2996 3137 3150 3213; x_wconf 89' lang='lat' dir='ltr'><strong>plura</strong></span> <span class='ocrx_word' id='word_1_458' title='bbox 3175 3138 3332 3190; x_wconf 85' lang='lat' dir='ltr'><strong>simul</strong></span> <span class='ocrx_word' id='word_1_459' title='bbox 3373 3139 3520 3190; x_wconf 79' lang='lat' dir='ltr'><strong>testi-</strong></span> 
     </span>
    </p>
   </div>
   <div class='ocr_carea' id='block_1_62' title="bbox 253 3197 3518 3303">
    <p class='ocr_par' dir='ltr' id='par_1_62' title="bbox 253 3197 3518 3303">
     <span class='ocr_line' id='line_1_62' title="bbox 253 3197 3518 3303; baseline 0.004 -37"><span class='ocrx_word' id='word_1_460' title='bbox 253 3218 380 3261; x_wconf 80' lang='lat' dir='ltr'><strong>tuor</strong></span> <span class='ocrx_word' id='word_1_461' title='bbox 428 3212 546 3275; x_wconf 59' lang='lat' dir='ltr'><strong>suis,</strong></span> <span class='ocrx_word' id='word_1_462' title='bbox 573 3209 882 3271; x_wconf 84' lang='lat' dir='ltr'><strong>ﬂuminibus</strong></span> <span class='ocrx_word' id='word_1_463' title='bbox 915 3220 1219 3276; x_wconf 75' lang='lat' dir='ltr'><strong>introducat</strong></span> <span class='ocrx_word' id='word_1_464' title='bbox 1258 3242 1272 3278; x_wconf 76' lang='grc' dir='ltr'><strong>ε</strong></span> <span class='ocrx_word' id='word_1_465' title='bbox 1321 3245 1338 3276; x_wconf 68' lang='grc' dir='ltr'><strong>ι</strong></span> <span class='ocrx_word' id='word_1_466' title='bbox 1370 3226 1562 3300; x_wconf 64' lang='lat' dir='ltr'><strong>Legem</strong></span> <span class='ocrx_word' id='word_1_467' title='bbox 1583 3271 1595 3293; x_wconf 69' lang='grc'><em>,</em></span> <span class='ocrx_word' id='word_1_468' title='bbox 1641 3197 1833 3301; x_wconf 45' lang='lat' dir='ltr'><strong>inquit,</strong></span> <span class='ocrx_word' id='word_1_469' title='bbox 1865 3197 1910 3257; x_wconf 79' lang='lat' dir='ltr'><strong>C</strong></span> <span class='ocrx_word' id='word_1_470' title='bbox 1945 3223 2121 3276; x_wconf 93' lang='lat' dir='ltr'><strong>monia</strong></span> <span class='ocrx_word' id='word_1_471' title='bbox 2148 3232 2526 3292; x_wconf 84' lang='lat' dir='ltr'><strong>congerantur,</strong></span> <span class='ocrx_word' id='word_1_472' title='bbox 2555 3226 2895 3279; x_wconf 88' lang='lat' dir='ltr'><strong>audientibus</strong></span> <span class='ocrx_word' id='word_1_473' title='bbox 2918 3219 3194 3279; x_wconf 81' lang='lat' dir='ltr'><strong>fastidium</strong></span> <span class='ocrx_word' id='word_1_474' title='bbox 3213 3237 3518 3303; x_wconf 86' lang='lat' dir='ltr'><strong>generetur.</strong></span> 
     </span>
    </p>
   </div>
   <div class='ocr_carea' id='block_1_63' title="bbox 253 3302 1838 3386">
    <p class='ocr_par' dir='ltr' id='par_1_63' title="bbox 253 3302 1838 3386">
     <span class='ocr_line' id='line_1_63' title="bbox 253 3302 1838 3386; baseline 0.019 -36"><span class='ocrx_word' id='word_1_475' title='bbox 253 3303 540 3355; x_wconf 83' lang='lat' dir='ltr'><strong>mandavit</strong></span> <span class='ocrx_word' id='word_1_476' title='bbox 569 3302 778 3374; x_wconf 79' lang='lat' dir='ltr'><strong>Moyses</strong></span> <span class='ocrx_word' id='word_1_477' title='bbox 809 3309 860 3361; x_wconf 91' lang='lat' dir='ltr'><strong>in</strong></span> <span class='ocrx_word' id='word_1_478' title='bbox 890 3315 1172 3382; x_wconf 67' lang='lat' dir='ltr'><strong>praeceptis</strong></span> <span class='ocrx_word' id='word_1_479' title='bbox 1197 3316 1546 3386; x_wconf 88' lang='lat' dir='ltr'><strong>justitiarum,</strong></span> <span class='ocrx_word' id='word_1_480' title='bbox 1580 3332 1633 3376; x_wconf 89' lang='lat' dir='ltr'><strong>et</strong></span> <span class='ocrx_word' id='word_1_481' title='bbox 1669 3324 1838 3380; x_wconf 80' lang='lat' dir='ltr'><strong>haere-</strong></span> 
     </span>
    </p>
   </div>
   <div class='ocr_carea' id='block_1_64' title="bbox 253 3394 1838 3475">
    <p class='ocr_par' dir='ltr' id='par_1_64' title="bbox 253 3394 1838 3475">
     <span class='ocr_line' id='line_1_64' title="bbox 253 3394 1838 3475; baseline 0.016 -31"><span class='ocrx_word' id='word_1_482' title='bbox 253 3394 430 3446; x_wconf 87' lang='lat' dir='ltr'><strong>ditate</strong></span> <span class='ocrx_word' id='word_1_483' title='bbox 467 3395 648 3448; x_wconf 89' lang='lat' dir='ltr'><strong>domui</strong></span> <span class='ocrx_word' id='word_1_484' title='bbox 676 3395 874 3465; x_wconf 82' lang='lat' dir='ltr'><strong>Jacoh,</strong></span> <span class='ocrx_word' id='word_1_485' title='bbox 914 3411 967 3456; x_wconf 87' lang='lat' dir='ltr'><strong>et</strong></span> <span class='ocrx_word' id='word_1_486' title='bbox 1003 3403 1169 3458; x_wconf 86' lang='lat' dir='ltr'><strong>lsracl</strong></span> <span class='ocrx_word' id='word_1_487' title='bbox 1217 3409 1608 3475; x_wconf 82' lang='lat' dir='ltr'><strong>promissionis.</strong></span> <span class='ocrx_word' id='word_1_488' title='bbox 1653 3413 1838 3469; x_wconf 82' lang='lat' dir='ltr'><strong>Posuit</strong></span> 
     </span>
    </p>
   </div>
   <div class='ocr_carea' id='block_1_65' title="bbox 257 3486 1839 3571">
    <p class='ocr_par' dir='ltr' id='par_1_65' title="bbox 257 3486 1839 3571">
     <span class='ocr_line' id='line_1_65' title="bbox 257 3486 1839 3571; baseline 0.015 -34"><span class='ocrx_word' id='word_1_489' title='bbox 257 3486 427 3538; x_wconf 79' lang='lat' dir='ltr'><strong>David</strong></span> <span class='ocrx_word' id='word_1_490' title='bbox 478 3501 648 3553; x_wconf 90' lang='lat' dir='ltr'><strong>puero</strong></span> <span class='ocrx_word' id='word_1_491' title='bbox 695 3505 792 3544; x_wconf 87' lang='lat' dir='ltr'><strong>suo</strong></span> <span class='ocrx_word' id='word_1_492' title='bbox 839 3493 1078 3549; x_wconf 79' lang='lat' dir='ltr'><strong>excitare</strong></span> <span class='ocrx_word' id='word_1_493' title='bbox 1108 3493 1405 3566; x_wconf 69' lang='lat' dir='ltr'><strong>regem&#39;ex</strong></span> <span class='ocrx_word' id='word_1_494' title='bbox 1455 3502 1569 3571; x_wconf 86' lang='lat' dir='ltr'><strong>ipso</strong></span> <span class='ocrx_word' id='word_1_495' title='bbox 1607 3503 1839 3561; x_wconf 82' lang='lat' dir='ltr'><strong>fortissi-</strong></span> 
     </span>
    </p>
   </div>
   <div class='ocr_carea' id='block_1_66' title="bbox 255 3579 1832 3664">
    <p class='ocr_par' dir='ltr' id='par_1_66' title="bbox 255 3579 1832 3664">
     <span class='ocr_line' id='line_1_66' title="bbox 255 3579 1832 3664; baseline 0.016 -37"><span class='ocrx_word' id='word_1_496' title='bbox 255 3592 401 3630; x_wconf 80' lang='lat' dir='ltr'><strong>mum</strong></span> <span class='ocrx_word' id='word_1_497' title='bbox 440 3579 492 3631; x_wconf 92' lang='lat' dir='ltr'><strong>in</strong></span> <span class='ocrx_word' id='word_1_498' title='bbox 524 3579 718 3635; x_wconf 87' lang='lat' dir='ltr'><strong>throno</strong></span> <span class='ocrx_word' id='word_1_499' title='bbox 744 3584 965 3640; x_wconf 89' lang='lat' dir='ltr'><strong>honoris</strong></span> <span class='ocrx_word' id='word_1_500' title='bbox 1001 3587 1272 3642; x_wconf 83' lang='lat' dir='ltr'><strong>sedentem</strong></span> <span class='ocrx_word' id='word_1_501' title='bbox 1329 3591 1380 3644; x_wconf 92' lang='lat' dir='ltr'><strong>in</strong></span> <span class='ocrx_word' id='word_1_502' title='bbox 1423 3595 1832 3664; x_wconf 68' lang='lat' dir='ltr'><strong>sen&#39;tpitcrnum.</strong></span> 
     </span>
    </p>
   </div>
   <div class='ocr_carea' id='block_1_67' title="bbox 252 3668 1835 3758">
    <p class='ocr_par' dir='ltr' id='par_1_67' title="bbox 252 3668 1835 3758">
     <span class='ocr_line' id='line_1_67' title="bbox 252 3668 1835 3758; baseline 0.016 -40"><span class='ocrx_word' id='word_1_503' title='bbox 252 3668 351 3733; x_wconf 85' lang='lat' dir='ltr'><strong>Qui</strong></span> <span class='ocrx_word' id='word_1_504' title='bbox 392 3670 585 3738; x_wconf 85' lang='lat' dir='ltr'><strong>implet</strong></span> <span class='ocrx_word' id='word_1_505' title='bbox 611 3675 765 3742; x_wconf 91' lang='lat' dir='ltr'><strong>quasi</strong></span> <span class='ocrx_word' id='word_1_506' title='bbox 799 3675 995 3733; x_wconf 84' lang='lat' dir='ltr'><strong>Phison</strong></span> <span class='ocrx_word' id='word_1_507' title='bbox 1019 3681 1303 3748; x_wconf 73' lang='lat' dir='ltr'><strong>sapientia,</strong></span> <span class='ocrx_word' id='word_1_508' title='bbox 1335 3695 1386 3737; x_wconf 89' lang='lat' dir='ltr'><strong>et</strong></span> <span class='ocrx_word' id='word_1_509' title='bbox 1419 3687 1557 3740; x_wconf 82' lang='lat' dir='ltr'><strong>sicut</strong></span> <span class='ocrx_word' id='word_1_510' title='bbox 1583 3687 1757 3758; x_wconf 78' lang='lat' dir='ltr'><strong>Tigris</strong></span> <span class='ocrx_word' id='word_1_511' title='bbox 1786 3692 1835 3743; x_wconf 93' lang='lat' dir='ltr'><strong>in</strong></span> 
     </span>
    </p>
   </div>
   <div class='ocr_carea' id='block_1_68' title="bbox 255 3759 1837 3847">
    <p class='ocr_par' dir='ltr' id='par_1_68' title="bbox 255 3759 1837 3847">
     <span class='ocr_line' id='line_1_68' title="bbox 255 3759 1837 3847; baseline 0.016 -39"><span class='ocrx_word' id='word_1_512' title='bbox 255 3759 449 3814; x_wconf 83' lang='lat' dir='ltr'><strong>diebus</strong></span> <span class='ocrx_word' id='word_1_513' title='bbox 525 3777 783 3820; x_wconf 91' lang='lat' dir='ltr'><strong>novorum</strong></span> <span class='ocrx_word' id='word_1_514' title='bbox 850 3780 864 3818; x_wconf 92' lang='lat'><strong>:</strong></span> <span class='ocrx_word' id='word_1_515' title='bbox 923 3769 1016 3836; x_wconf 91' lang='lat' dir='ltr'><strong>qui</strong></span> <span class='ocrx_word' id='word_1_516' title='bbox 1085 3771 1268 3839; x_wconf 83' lang='lat' dir='ltr'><strong>implet</strong></span> <span class='ocrx_word' id='word_1_517' title='bbox 1322 3777 1473 3841; x_wconf 83' lang='lat' dir='ltr'><strong>quasi</strong></span> <span class='ocrx_word' id='word_1_518' title='bbox 1535 3777 1837 3847; x_wconf 75' lang='lat' dir='ltr'><strong>Euphrates</strong></span> 
     </span>
    </p>
   </div>
   <div class='ocr_carea' id='block_1_69' title="bbox 253 3855 1835 3930">
    <p class='ocr_par' dir='ltr' id='par_1_69' title="bbox 253 3855 1835 3930">
     <span class='ocr_line' id='line_1_69' title="bbox 253 3855 1835 3930; baseline 0.015 -29"><span class='ocrx_word' id='word_1_519' title='bbox 253 3865 471 3904; x_wconf 70' lang='lat' dir='ltr'><strong>s-nsum</strong></span> <span class='ocrx_word' id='word_1_520' title='bbox 505 3893 520 3914; x_wconf 94' lang='lat'><strong>,</strong></span> <span class='ocrx_word' id='word_1_521' title='bbox 587 3855 677 3922; x_wconf 91' lang='lat' dir='ltr'><strong>qui</strong></span> <span class='ocrx_word' id='word_1_522' title='bbox 731 3857 1051 3926; x_wconf 71' lang='lat' dir='ltr'><strong>multiplicat</strong></span> <span class='ocrx_word' id='word_1_523' title='bbox 1097 3864 1249 3930; x_wconf 87' lang='lat' dir='ltr'><strong>quasi</strong></span> <span class='ocrx_word' id='word_1_524' title='bbox 1307 3863 1556 3922; x_wconf 69' lang='lat' dir='ltr'><strong>Iordanis</strong></span> <span class='ocrx_word' id='word_1_525' title='bbox 1605 3869 1653 3922; x_wconf 91' lang='lat' dir='ltr'><strong>in</strong></span> <span class='ocrx_word' id='word_1_526' title='bbox 1706 3879 1835 3924; x_wconf 86' lang='lat' dir='ltr'><strong>tem-</strong></span> 
     </span>
    </p>
   </div>
   <div class='ocr_carea' id='block_1_70' title="bbox 255 3943 1837 4026">
    <p class='ocr_par' dir='ltr' id='par_1_70' title="bbox 255 3943 1837 4026">
     <span class='ocr_line' id='line_1_70' title="bbox 255 3943 1837 4026; baseline 0.017 -37"><span class='ocrx_word' id='word_1_527' title='bbox 255 3955 385 4006; x_wconf 87' lang='lat' dir='ltr'><strong>pore</strong></span> <span class='ocrx_word' id='word_1_528' title='bbox 420 3943 634 4006; x_wconf 88' lang='lat' dir='ltr'><strong>messis,</strong></span> <span class='ocrx_word' id='word_1_529' title='bbox 664 3947 753 4012; x_wconf 92' lang='lat' dir='ltr'><strong>qui</strong></span> <span class='ocrx_word' id='word_1_530' title='bbox 788 3949 950 4002; x_wconf 88' lang='lat' dir='ltr'><strong>mittit</strong></span> <span class='ocrx_word' id='word_1_531' title='bbox 984 3951 1321 4020; x_wconf 89' lang='lat' dir='ltr'><strong>disciplinam</strong></span> <span class='ocrx_word' id='word_1_532' title='bbox 1357 3957 1497 4011; x_wconf 91' lang='lat' dir='ltr'><strong>sicut</strong></span> <span class='ocrx_word' id='word_1_533' title='bbox 1529 3959 1698 4014; x_wconf 88' lang='lat' dir='ltr'><strong>lucem</strong></span> <span class='ocrx_word' id='word_1_534' title='bbox 1727 4002 1742 4026; x_wconf 90' lang='lat'><strong>,</strong></span> <span class='ocrx_word' id='word_1_535' title='bbox 1782 3971 1837 4016; x_wconf 91' lang='lat' dir='ltr'><strong>et</strong></span> 
     </span>
    </p>
   </div>
   <div class='ocr_carea' id='block_1_71' title="bbox 256 4031 1826 4120">
    <p class='ocr_par' dir='ltr' id='par_1_71' title="bbox 256 4031 1826 4120">
     <span class='ocr_line' id='line_1_71' title="bbox 256 4031 1826 4120; baseline 0.015 -39"><span class='ocrx_word' id='word_1_536' title='bbox 256 4031 520 4085; x_wconf 78' lang='lat' dir='ltr'><strong>assistens</strong></span> <span class='ocrx_word' id='word_1_537' title='bbox 535 4035 686 4100; x_wconf 88' lang='lat' dir='ltr'><strong>quasi</strong></span> <span class='ocrx_word' id='word_1_538' title='bbox 703 4034 888 4092; x_wconf 90' lang='lat' dir='ltr'><strong>Gehon</strong></span> <span class='ocrx_word' id='word_1_539' title='bbox 914 4040 966 4092; x_wconf 89' lang='lat' dir='ltr'><strong>in</strong></span> <span class='ocrx_word' id='word_1_540' title='bbox 992 4040 1079 4095; x_wconf 89' lang='lat' dir='ltr'><strong>die</strong></span> <span class='ocrx_word' id='word_1_541' title='bbox 1100 4043 1383 4099; x_wconf 79' lang='lat' dir='ltr'><strong>vindemiae</strong></span> <span class='ocrx_word' id='word_1_542' title='bbox 1407 4045 1595 4116; x_wconf 67' lang='lat' dir='ltr'><strong>(Ereti.</strong></span> <span class='ocrx_word' id='word_1_543' title='bbox 1615 4067 1641 4102; x_wconf 66' lang='grc' dir='ltr'>ς</span> <span class='ocrx_word' id='word_1_544' title='bbox 1655 4053 1781 4120; x_wconf 74' lang='lat' dir='ltr'><strong>xiv).</strong></span> <span class='ocrx_word' id='word_1_545' title='bbox 1811 4074 1826 4104; x_wconf 74' lang='grc' dir='ltr'><strong>ι</strong></span> 
     </span>
    </p>
   </div>
   <div class='ocr_carea' id='block_1_72' title="bbox 255 4120 1830 4205">
    <p class='ocr_par' dir='ltr' id='par_1_72' title="bbox 255 4120 1830 4205">
     <span class='ocr_line' id='line_1_72' title="bbox 255 4120 1830 4205; baseline 0.016 -35"><span class='ocrx_word' id='word_1_546' title='bbox 255 4120 417 4182; x_wconf 72' lang='lat' dir='ltr'><strong>Ecce,</strong></span> <span class='ocrx_word' id='word_1_547' title='bbox 455 4123 588 4175; x_wconf 83' lang='lat' dir='ltr'><strong>boue</strong></span> <span class='ocrx_word' id='word_1_548' title='bbox 617 4122 760 4185; x_wconf 79' lang='lat' dir='ltr'><strong>Jesu,</strong></span> <span class='ocrx_word' id='word_1_549' title='bbox 799 4143 960 4181; x_wconf 90' lang='lat' dir='ltr'><strong>unum</strong></span> <span class='ocrx_word' id='word_1_550' title='bbox 989 4131 1056 4183; x_wconf 87' lang='lat' dir='ltr'><strong>de</strong></span> <span class='ocrx_word' id='word_1_551' title='bbox 1101 4133 1318 4188; x_wconf 83' lang='lat' dir='ltr'><strong>Christo</strong></span> <span class='ocrx_word' id='word_1_552' title='bbox 1348 4139 1731 4205; x_wconf 82' lang='lat' dir='ltr'><strong>testimonium,</strong></span> <span class='ocrx_word' id='word_1_553' title='bbox 1766 4142 1830 4196; x_wconf 87' lang='lat' dir='ltr'><strong>da</strong></span> 
     </span>
    </p>
   </div>
   <div class='ocr_carea' id='block_1_73' title="bbox 252 4217 1831 4296">
    <p class='ocr_par' dir='ltr' id='par_1_73' title="bbox 252 4217 1831 4296">
     <span class='ocr_line' id='line_1_73' title="bbox 252 4217 1831 4296; baseline 0.015 -35"><span class='ocrx_word' id='word_1_554' title='bbox 252 4225 661 4279; x_wconf 79' lang='lat' dir='ltr'><strong>consequenter</strong></span> <span class='ocrx_word' id='word_1_555' title='bbox 699 4226 752 4269; x_wconf 90' lang='lat' dir='ltr'><strong>et</strong></span> <span class='ocrx_word' id='word_1_556' title='bbox 785 4217 926 4271; x_wconf 78' lang='lat' dir='ltr'><strong>aliud</strong></span> <span class='ocrx_word' id='word_1_557' title='bbox 969 4231 984 4271; x_wconf 88' lang='lat'><strong>:</strong></span> <span class='ocrx_word' id='word_1_558' title='bbox 1042 4239 1059 4271; x_wconf 75' lang='grc' dir='ltr'><strong>ι</strong></span> <span class='ocrx_word' id='word_1_559' title='bbox 1095 4221 1151 4273; x_wconf 90' lang='lat' dir='ltr'><strong>ln</strong></span> <span class='ocrx_word' id='word_1_560' title='bbox 1187 4237 1456 4283; x_wconf 84' lang='lat' dir='ltr'><strong>sermone.</strong></span> <span class='ocrx_word' id='word_1_561' title='bbox 1493 4227 1685 4295; x_wconf 88' lang='lat' dir='ltr'><strong>inquit,</strong></span> <span class='ocrx_word' id='word_1_562' title='bbox 1719 4231 1831 4296; x_wconf 79' lang='lat' dir='ltr'><strong>ejus</strong></span> 
     </span>
    </p>
   </div>
   <div class='ocr_carea' id='block_1_74' title="bbox 253 4301 1832 4386">
    <p class='ocr_par' dir='ltr' id='par_1_74' title="bbox 253 4301 1832 4386">
     <span class='ocr_line' id='line_1_74' title="bbox 253 4301 1832 4386; baseline 0.014 -35"><span class='ocrx_word' id='word_1_563' title='bbox 253 4301 406 4353; x_wconf 79' lang='lat' dir='ltr'><strong>siluit</strong></span> <span class='ocrx_word' id='word_1_564' title='bbox 449 4313 660 4366; x_wconf 80' lang='lat' dir='ltr'><strong>ventus,</strong></span> <span class='ocrx_word' id='word_1_565' title='bbox 709 4308 1032 4378; x_wconf 79' lang='lat' dir='ltr'><strong>cogitatione</strong></span> <span class='ocrx_word' id='word_1_566' title='bbox 1078 4326 1173 4365; x_wconf 81' lang='lat' dir='ltr'><strong>sua</strong></span> <span class='ocrx_word' id='word_1_567' title='bbox 1212 4313 1440 4381; x_wconf 90' lang='lat' dir='ltr'><strong>placavit</strong></span> <span class='ocrx_word' id='word_1_568' title='bbox 1479 4318 1748 4386; x_wconf 81' lang='lat' dir='ltr'><strong>abyssum,</strong></span> <span class='ocrx_word' id='word_1_569' title='bbox 1779 4329 1832 4374; x_wconf 91' lang='lat' dir='ltr'><strong>et</strong></span> 
     </span>
    </p>
   </div>
   <div class='ocr_carea' id='block_1_75' title="bbox 254 4393 1831 4478">
    <p class='ocr_par' dir='ltr' id='par_1_75' title="bbox 254 4393 1831 4478">
     <span class='ocr_line' id='line_1_75' title="bbox 254 4393 1831 4478; baseline 0.014 -35"><span class='ocrx_word' id='word_1_570' title='bbox 254 4393 521 4460; x_wconf 81' lang='lat' dir='ltr'><strong>plantavit</strong></span> <span class='ocrx_word' id='word_1_571' title='bbox 551 4395 696 4450; x_wconf 90' lang='lat' dir='ltr'><strong>illum</strong></span> <span class='ocrx_word' id='word_1_572' title='bbox 731 4399 985 4455; x_wconf 89' lang='lat' dir='ltr'><strong>Dominus</strong></span> <span class='ocrx_word' id='word_1_573' title='bbox 1012 4400 1168 4457; x_wconf 83' lang='lat' dir='ltr'><strong>Jesus</strong></span> <span class='ocrx_word' id='word_1_574' title='bbox 1202 4421 1214 4458; x_wconf 92' lang='lat'><strong>:</strong></span> <span class='ocrx_word' id='word_1_575' title='bbox 1249 4417 1465 4476; x_wconf 87' lang='lat' dir='ltr'><strong>propter</strong></span> <span class='ocrx_word' id='word_1_576' title='bbox 1496 4409 1666 4478; x_wconf 88' lang='lat' dir='ltr'><strong>ipsum</strong></span> <span class='ocrx_word' id='word_1_577' title='bbox 1706 4428 1831 4465; x_wconf 88' lang='lat' dir='ltr'><strong>con-</strong></span> 
     </span>
    </p>
   </div>
   <div class='ocr_carea' id='block_1_76' title="bbox 253 4490 1824 4570">
    <p class='ocr_par' dir='ltr' id='par_1_76' title="bbox 253 4490 1824 4570">
     <span class='ocr_line' id='line_1_76' title="bbox 253 4490 1824 4570; baseline 0.014 -34"><span class='ocrx_word' id='word_1_578' title='bbox 253 4495 558 4541; x_wconf 83' lang='lat' dir='ltr'><strong>summatus</strong></span> <span class='ocrx_word' id='word_1_579' title='bbox 583 4498 663 4542; x_wconf 88' lang='lat' dir='ltr'><strong>est</strong></span> <span class='ocrx_word' id='word_1_580' title='bbox 694 4490 900 4546; x_wconf 91' lang='lat' dir='ltr'><strong>itineris</strong></span> <span class='ocrx_word' id='word_1_581' title='bbox 941 4493 1083 4561; x_wconf 83' lang='lat' dir='ltr'><strong>linis,</strong></span> <span class='ocrx_word' id='word_1_582' title='bbox 1111 4505 1162 4548; x_wconf 92' lang='lat' dir='ltr'><strong>et</strong></span> <span class='ocrx_word' id='word_1_583' title='bbox 1197 4498 1247 4550; x_wconf 93' lang='lat' dir='ltr'><strong>in</strong></span> <span class='ocrx_word' id='word_1_584' title='bbox 1280 4514 1526 4555; x_wconf 91' lang='lat' dir='ltr'><strong>sermone</strong></span> <span class='ocrx_word' id='word_1_585' title='bbox 1555 4501 1670 4570; x_wconf 86' lang='lat' dir='ltr'><strong>ejus</strong></span> <span class='ocrx_word' id='word_1_586' title='bbox 1696 4520 1824 4557; x_wconf 82' lang='lat' dir='ltr'><strong>con—</strong></span> 
     </span>
    </p>
   </div>
   <div class='ocr_carea' id='block_1_77' title="bbox 255 4572 1831 4660">
    <p class='ocr_par' dir='ltr' id='par_1_77' title="bbox 255 4572 1831 4660">
     <span class='ocr_line' id='line_1_77' title="bbox 255 4572 1831 4660; baseline 0.016 -34"><span class='ocrx_word' id='word_1_587' title='bbox 255 4585 524 4632; x_wconf 76' lang='lat' dir='ltr'><strong>summata</strong></span> <span class='ocrx_word' id='word_1_588' title='bbox 563 4572 685 4633; x_wconf 87' lang='lat' dir='ltr'><strong>sunt</strong></span> <span class='ocrx_word' id='word_1_589' title='bbox 714 4574 893 4637; x_wconf 82' lang='lat' dir='ltr'><strong>omnia</strong></span> <span class='ocrx_word' id='word_1_590' title='bbox 921 4585 1106 4654; x_wconf 82' lang='lat' dir='ltr'><strong>(Eccli.</strong></span> <span class='ocrx_word' id='word_1_591' title='bbox 1133 4589 1306 4660; x_wconf 80' lang='lat' dir='ltr'><strong>mn).</strong></span> <span class='ocrx_word' id='word_1_592' title='bbox 1337 4609 1356 4643; x_wconf 74' lang='grc' dir='ltr'><strong>ι</strong></span> <span class='ocrx_word' id='word_1_593' title='bbox 1397 4593 1559 4646; x_wconf 85' lang='lat' dir='ltr'><strong>Multa</strong></span> <span class='ocrx_word' id='word_1_594' title='bbox 1588 4594 1831 4651; x_wconf 85' lang='lat' dir='ltr'><strong>dicemus</strong></span> 
     </span>
    </p>
   </div>
   <div class='ocr_carea' id='block_1_78' title="bbox 253 4666 1842 4740">
    <p class='ocr_par' dir='ltr' id='par_1_78' title="bbox 253 4666 1842 4740">
     <span class='ocr_line' id='line_1_78' title="bbox 253 4666 1842 4740; baseline 0.014 -22"><span class='ocrx_word' id='word_1_595' title='bbox 253 4677 302 4718; x_wconf 88' lang='lat' dir='ltr'><strong>et</strong></span> <span class='ocrx_word' id='word_1_596' title='bbox 325 4666 640 4722; x_wconf 87' lang='lat' dir='ltr'><strong>deticiemus</strong></span> <span class='ocrx_word' id='word_1_597' title='bbox 669 4672 866 4728; x_wconf 83' lang='lat' dir='ltr'><strong>verbis.</strong></span> <span class='ocrx_word' id='word_1_598' title='bbox 888 4673 1292 4733; x_wconf 85' lang='lat' dir='ltr'><strong>Consummatio</strong></span> <span class='ocrx_word' id='word_1_599' title='bbox 1319 4691 1495 4736; x_wconf 89' lang='lat' dir='ltr'><strong>autem</strong></span> <span class='ocrx_word' id='word_1_600' title='bbox 1521 4697 1842 4740; x_wconf 86' lang='lat' dir='ltr'><strong>sermonum</strong></span> 
     </span>
    </p>
   </div>
   <div class='ocr_carea' id='block_1_79' title="bbox 255 4759 1832 4841">
    <p class='ocr_par' dir='ltr' id='par_1_79' title="bbox 255 4759 1832 4841">
     <span class='ocr_line' id='line_1_79' title="bbox 255 4759 1832 4841; baseline 0.015 -32"><span class='ocrx_word' id='word_1_601' title='bbox 255 4759 368 4825; x_wconf 67' lang='lat' dir='ltr'><strong>ipse</strong></span> <span class='ocrx_word' id='word_1_602' title='bbox 401 4768 504 4812; x_wconf 90' lang='lat' dir='ltr'><strong>est.</strong></span> <span class='ocrx_word' id='word_1_603' title='bbox 538 4761 594 4814; x_wconf 90' lang='lat' dir='ltr'><strong>ln</strong></span> <span class='ocrx_word' id='word_1_604' title='bbox 626 4765 877 4820; x_wconf 91' lang='lat' dir='ltr'><strong>omnibus</strong></span> <span class='ocrx_word' id='word_1_605' title='bbox 907 4767 1218 4836; x_wconf 85' lang='lat' dir='ltr'><strong>gloriantes,</strong></span> <span class='ocrx_word' id='word_1_606' title='bbox 1250 4774 1316 4825; x_wconf 89' lang='lat' dir='ltr'><strong>ad</strong></span> <span class='ocrx_word' id='word_1_607' title='bbox 1344 4774 1470 4841; x_wconf 89' lang='lat' dir='ltr'><strong>quid</strong></span> <span class='ocrx_word' id='word_1_608' title='bbox 1501 4776 1832 4834; x_wconf 84' lang='lat' dir='ltr'><strong>valebimus?</strong></span> 
     </span>
    </p>
   </div>
   <div class='ocr_carea' id='block_1_80' title="bbox 253 4849 1829 4932">
    <p class='ocr_par' dir='ltr' id='par_1_80' title="bbox 253 4849 1829 4932">
     <span class='ocr_line' id='line_1_80' title="bbox 253 4849 1829 4932; baseline 0.015 -32"><span class='ocrx_word' id='word_1_609' title='bbox 253 4849 372 4916; x_wconf 78' lang='lat' dir='ltr'><strong>lpse</strong></span> <span class='ocrx_word' id='word_1_610' title='bbox 405 4852 548 4905; x_wconf 86' lang='lat' dir='ltr'><strong>enim</strong></span> <span class='ocrx_word' id='word_1_611' title='bbox 583 4856 922 4924; x_wconf 79' lang='lat' dir='ltr'><strong>onmipotens</strong></span> <span class='ocrx_word' id='word_1_612' title='bbox 948 4875 1112 4929; x_wconf 90' lang='lat' dir='ltr'><strong>super</strong></span> <span class='ocrx_word' id='word_1_613' title='bbox 1139 4863 1319 4916; x_wconf 91' lang='lat' dir='ltr'><strong>omnia</strong></span> <span class='ocrx_word' id='word_1_614' title='bbox 1363 4878 1524 4932; x_wconf 90' lang='lat' dir='ltr'><strong>opera</strong></span> <span class='ocrx_word' id='word_1_615' title='bbox 1555 4881 1680 4932; x_wconf 90' lang='lat' dir='ltr'><strong>sua;</strong></span> <span class='ocrx_word' id='word_1_616' title='bbox 1729 4879 1829 4923; x_wconf 90' lang='lat' dir='ltr'><strong>ter-</strong></span> 
     </span>
    </p>
   </div>
   <div class='ocr_carea' id='block_1_81' title="bbox 257 4943 1833 5018">
    <p class='ocr_par' dir='ltr' id='par_1_81' title="bbox 257 4943 1833 5018">
     <span class='ocr_line' id='line_1_81' title="bbox 257 4943 1833 5018; baseline 0.012 -23"><span class='ocrx_word' id='word_1_617' title='bbox 257 4943 429 4998; x_wconf 89' lang='lat' dir='ltr'><strong>ribilis</strong></span> <span class='ocrx_word' id='word_1_618' title='bbox 455 4943 729 5013; x_wconf 87' lang='lat' dir='ltr'><strong>Dominus,</strong></span> <span class='ocrx_word' id='word_1_619' title='bbox 759 4959 812 5003; x_wconf 92' lang='lat' dir='ltr'><strong>et</strong></span> <span class='ocrx_word' id='word_1_620' title='bbox 843 4966 1071 5016; x_wconf 90' lang='lat' dir='ltr'><strong>magnus</strong></span> <span class='ocrx_word' id='word_1_621' title='bbox 1093 4947 1456 5018; x_wconf 87' lang='lat' dir='ltr'><strong>vehementer,</strong></span> <span class='ocrx_word' id='word_1_622' title='bbox 1487 4965 1542 5011; x_wconf 90' lang='lat' dir='ltr'><strong>et</strong></span> <span class='ocrx_word' id='word_1_623' title='bbox 1571 4959 1833 5014; x_wconf 88' lang='lat' dir='ltr'><strong>mirabilis</strong></span> 
     </span>
    </p>
   </div>
   <div class='ocr_carea' id='block_1_82' title="bbox 257 5036 1834 5114">
    <p class='ocr_par' dir='ltr' id='par_1_82' title="bbox 257 5036 1834 5114">
     <span class='ocr_line' id='line_1_82' title="bbox 257 5036 1834 5114; baseline 0.013 -31"><span class='ocrx_word' id='word_1_624' title='bbox 257 5036 498 5100; x_wconf 89' lang='lat' dir='ltr'><strong>potentia</strong></span> <span class='ocrx_word' id='word_1_625' title='bbox 547 5036 734 5104; x_wconf 91' lang='lat' dir='ltr'><strong>ipsius.</strong></span> <span class='ocrx_word' id='word_1_626' title='bbox 775 5038 1164 5106; x_wconf 76' lang='lat' dir='ltr'><strong>Clorificantes</strong></span> <span class='ocrx_word' id='word_1_627' title='bbox 1215 5043 1498 5098; x_wconf 91' lang='lat' dir='ltr'><strong>Dominum</strong></span> <span class='ocrx_word' id='word_1_628' title='bbox 1550 5059 1834 5114; x_wconf 82' lang='lat' dir='ltr'><strong>quantum-</strong></span> 
     </span>
    </p>
   </div>
   <div class='ocr_carea' id='block_1_83' title="bbox 256 5121 1833 5196">
    <p class='ocr_par' dir='ltr' id='par_1_83' title="bbox 256 5121 1833 5196">
     <span class='ocr_line' id='line_1_83' title="bbox 256 5121 1833 5196; baseline 0.013 -24"><span class='ocrx_word' id='word_1_629' title='bbox 256 5139 468 5190; x_wconf 81' lang='lat' dir='ltr'><strong>cunque</strong></span> <span class='ocrx_word' id='word_1_630' title='bbox 512 5127 779 5192; x_wconf 87' lang='lat' dir='ltr'><strong>poteritis,</strong></span> <span class='ocrx_word' id='word_1_631' title='bbox 823 5129 1182 5196; x_wconf 85' lang='lat' dir='ltr'><strong>supervalebit</strong></span> <span class='ocrx_word' id='word_1_632' title='bbox 1217 5121 1388 5186; x_wconf 87' lang='lat' dir='ltr'><strong>adhuc</strong></span> <span class='ocrx_word' id='word_1_633' title='bbox 1416 5144 1469 5187; x_wconf 90' lang='lat' dir='ltr'><strong>et</strong></span> <span class='ocrx_word' id='word_1_634' title='bbox 1498 5136 1833 5192; x_wconf 88' lang='lat' dir='ltr'><strong>admirabilis</strong></span> 
     </span>
    </p>
   </div>
   <div class='ocr_carea' id='block_1_84' title="bbox 256 5217 1829 5292">
    <p class='ocr_par' dir='ltr' id='par_1_84' title="bbox 256 5217 1829 5292">
     <span class='ocr_line' id='line_1_84' title="bbox 256 5217 1829 5292; baseline 0.013 -27"><span class='ocrx_word' id='word_1_635' title='bbox 256 5217 654 5283; x_wconf 73' lang='lat' dir='ltr'><strong>magnificentia</strong></span> <span class='ocrx_word' id='word_1_636' title='bbox 687 5221 821 5290; x_wconf 89' lang='lat' dir='ltr'><strong>ejus.</strong></span> <span class='ocrx_word' id='word_1_637' title='bbox 852 5221 1232 5278; x_wconf 88' lang='lat' dir='ltr'><strong>Benedicentes</strong></span> <span class='ocrx_word' id='word_1_638' title='bbox 1262 5225 1568 5292; x_wconf 91' lang='lat' dir='ltr'><strong>Dominum,</strong></span> <span class='ocrx_word' id='word_1_639' title='bbox 1594 5231 1829 5286; x_wconf 84' lang='lat' dir='ltr'><strong>exaltatc</strong></span> 
     </span>
    </p>
   </div>
   <div class='ocr_carea' id='block_1_85' title="bbox 256 5307 1826 5384">
    <p class='ocr_par' dir='ltr' id='par_1_85' title="bbox 256 5307 1826 5384">
     <span class='ocr_line' id='line_1_85' title="bbox 256 5307 1826 5384; baseline 0.012 -27"><span class='ocrx_word' id='word_1_640' title='bbox 256 5307 404 5360; x_wconf 90' lang='lat' dir='ltr'><strong>illum</strong></span> <span class='ocrx_word' id='word_1_641' title='bbox 433 5317 691 5376; x_wconf 88' lang='lat' dir='ltr'><strong>quantum</strong></span> <span class='ocrx_word' id='word_1_642' title='bbox 723 5314 945 5379; x_wconf 91' lang='lat' dir='ltr'><strong>potestis</strong></span> <span class='ocrx_word' id='word_1_643' title='bbox 972 5332 984 5366; x_wconf 88' lang='lat'><strong>:</strong></span> <span class='ocrx_word' id='word_1_644' title='bbox 1013 5316 1184 5384; x_wconf 88' lang='lat' dir='ltr'><strong>major</strong></span> <span class='ocrx_word' id='word_1_645' title='bbox 1205 5325 1285 5370; x_wconf 87' lang='lat' dir='ltr'><strong>est</strong></span> <span class='ocrx_word' id='word_1_646' title='bbox 1308 5319 1447 5372; x_wconf 91' lang='lat' dir='ltr'><strong>enim</strong></span> <span class='ocrx_word' id='word_1_647' title='bbox 1477 5319 1632 5374; x_wconf 89' lang='lat' dir='ltr'><strong>laude</strong></span> <span class='ocrx_word' id='word_1_648' title='bbox 1659 5323 1826 5376; x_wconf 91' lang='lat' dir='ltr'><strong>omni.</strong></span> 
     </span>
    </p>
   </div>
   <div class='ocr_carea' id='block_1_86' title="bbox 258 5397 1827 5472">
    <p class='ocr_par' dir='ltr' id='par_1_86' title="bbox 258 5397 1827 5472">
     <span class='ocr_line' id='line_1_86' title="bbox 258 5397 1827 5472; baseline 0.013 -24"><span class='ocrx_word' id='word_1_649' title='bbox 258 5397 571 5453; x_wconf 75' lang='lat' dir='ltr'><strong>Exaltantcs</strong></span> <span class='ocrx_word' id='word_1_650' title='bbox 595 5402 874 5470; x_wconf 87' lang='lat' dir='ltr'><strong>replemini</strong></span> <span class='ocrx_word' id='word_1_651' title='bbox 898 5406 1117 5472; x_wconf 88' lang='lat' dir='ltr'><strong>virtute,</strong></span> <span class='ocrx_word' id='word_1_652' title='bbox 1147 5425 1211 5463; x_wconf 91' lang='lat' dir='ltr'><strong>ne</strong></span> <span class='ocrx_word' id='word_1_653' title='bbox 1233 5409 1488 5466; x_wconf 86' lang='lat' dir='ltr'><strong>laborelis</strong></span> <span class='ocrx_word' id='word_1_654' title='bbox 1518 5432 1529 5466; x_wconf 90' lang='lat'><strong>:</strong></span> <span class='ocrx_word' id='word_1_655' title='bbox 1557 5430 1658 5466; x_wconf 92' lang='lat' dir='ltr'><strong>non</strong></span> <span class='ocrx_word' id='word_1_656' title='bbox 1683 5416 1827 5468; x_wconf 90' lang='lat' dir='ltr'><strong>enim</strong></span> 
     </span>
    </p>
   </div>
   <div class='ocr_carea' id='block_1_87' title="bbox 255 5494 1827 5577">
    <p class='ocr_par' dir='ltr' id='par_1_87' title="bbox 255 5494 1827 5577">
     <span class='ocr_line' id='line_1_87' title="bbox 255 5494 1827 5577; baseline 0.011 -31"><span class='ocrx_word' id='word_1_657' title='bbox 255 5494 484 5551; x_wconf 81' lang='lat' dir='ltr'><strong>habetis.</strong></span> <span class='ocrx_word' id='word_1_658' title='bbox 534 5496 666 5562; x_wconf 88' lang='lat' dir='ltr'><strong>Quis</strong></span> <span class='ocrx_word' id='word_1_659' title='bbox 717 5499 846 5552; x_wconf 90' lang='lat' dir='ltr'><strong>vidit</strong></span> <span class='ocrx_word' id='word_1_660' title='bbox 891 5515 1012 5556; x_wconf 91' lang='lat' dir='ltr'><strong>cum</strong></span> <span class='ocrx_word' id='word_1_661' title='bbox 1043 5504 1170 5567; x_wconf 59' lang='lat' dir='ltr'><strong>,&#39;et</strong></span> <span class='ocrx_word' id='word_1_662' title='bbox 1220 5505 1538 5560; x_wconf 85' lang='lat' dir='ltr'><strong>enarravit?</strong></span> <span class='ocrx_word' id='word_1_663' title='bbox 1593 5508 1658 5560; x_wconf 84' lang='lat' dir='ltr'><strong>Et</strong></span> <span class='ocrx_word' id='word_1_664' title='bbox 1706 5509 1827 5577; x_wconf 88' lang='lat' dir='ltr'><strong>quis</strong></span> 
     </span>
    </p>
   </div>
   <div class='ocr_carea' id='block_1_88' title="bbox 256 5590 1826 5658">
    <p class='ocr_par' dir='ltr' id='par_1_88' title="bbox 256 5590 1826 5658">
     <span class='ocr_line' id='line_1_88' title="bbox 256 5590 1826 5658; baseline 0.01 -20"><span class='ocrx_word' id='word_1_665' title='bbox 256 5590 620 5658; x_wconf 79' lang='lat' dir='ltr'><strong>magniﬁcavit</strong></span> <span class='ocrx_word' id='word_1_666' title='bbox 652 5606 775 5645; x_wconf 90' lang='lat' dir='ltr'><strong>eum</strong></span> <span class='ocrx_word' id='word_1_667' title='bbox 806 5591 946 5647; x_wconf 86' lang='lat' dir='ltr'><strong>sicut</strong></span> <span class='ocrx_word' id='word_1_668' title='bbox 975 5596 1038 5648; x_wconf 92' lang='lat' dir='ltr'><strong>ah</strong></span> <span class='ocrx_word' id='word_1_669' title='bbox 1069 5596 1266 5650; x_wconf 87' lang='lat' dir='ltr'><strong>initio?</strong></span> <span class='ocrx_word' id='word_1_670' title='bbox 1310 5597 1473 5653; x_wconf 82' lang='lat' dir='ltr'><strong>Multa</strong></span> <span class='ocrx_word' id='word_1_671' title='bbox 1514 5601 1826 5654; x_wconf 89' lang='lat' dir='ltr'><strong>abscondita</strong></span> 
     </span>
    </p>
   </div>
   <div class='ocr_carea' id='block_1_89' title="bbox 256 5681 1826 5758">
    <p class='ocr_par' dir='ltr' id='par_1_89' title="bbox 256 5681 1826 5758">
     <span class='ocr_line' id='line_1_89' title="bbox 256 5681 1826 5758; baseline 0.008 -27"><span class='ocrx_word' id='word_1_672' title='bbox 256 5691 378 5732; x_wconf 79' lang='lat' dir='ltr'><strong>sunt</strong></span> <span class='ocrx_word' id='word_1_673' title='bbox 405 5681 611 5747; x_wconf 86' lang='lat' dir='ltr'><strong>majora</strong></span> <span class='ocrx_word' id='word_1_674' title='bbox 641 5683 726 5736; x_wconf 89' lang='lat' dir='ltr'><strong>his</strong></span> <span class='ocrx_word' id='word_1_675' title='bbox 759 5704 770 5736; x_wconf 87' lang='lat'><strong><em>:</em></strong></span> <span class='ocrx_word' id='word_1_676' title='bbox 808 5700 976 5753; x_wconf 89' lang='lat' dir='ltr'><strong>pauca</strong></span> <span class='ocrx_word' id='word_1_677' title='bbox 999 5687 1141 5740; x_wconf 87' lang='lat' dir='ltr'><strong>enim</strong></span> <span class='ocrx_word' id='word_1_678' title='bbox 1175 5687 1408 5743; x_wconf 88' lang='lat' dir='ltr'><strong>vidimus</strong></span> <span class='ocrx_word' id='word_1_679' title='bbox 1438 5705 1659 5758; x_wconf 89' lang='lat' dir='ltr'><strong>operum</strong></span> <span class='ocrx_word' id='word_1_680' title='bbox 1689 5690 1826 5758; x_wconf 85' lang='lat' dir='ltr'><strong>ejus.</strong></span> 
     </span>
    </p>
   </div>
   <div class='ocr_carea' id='block_1_90' title="bbox 257 5769 1823 5850">
    <p class='ocr_par' dir='ltr' id='par_1_90' title="bbox 257 5769 1823 5850">
     <span class='ocr_line' id='line_1_90' title="bbox 257 5769 1823 5850; baseline 0.01 -26"><span class='ocrx_word' id='word_1_681' title='bbox 257 5769 362 5842; x_wconf 80' lang='lat'><strong>36</strong></span> <span class='ocrx_word' id='word_1_682' title='bbox 382 5773 513 5839; x_wconf 79' lang='lat' dir='ltr'><strong>Quze</strong></span> <span class='ocrx_word' id='word_1_683' title='bbox 545 5775 793 5831; x_wconf 85' lang='lat' dir='ltr'><strong>videlicet</strong></span> <span class='ocrx_word' id='word_1_684' title='bbox 843 5787 1033 5833; x_wconf 90' lang='lat' dir='ltr'><strong>cuncta</strong></span> <span class='ocrx_word' id='word_1_685' title='bbox 1085 5779 1430 5850; x_wconf 83' lang='lat' dir='ltr'><strong>Redemptori</strong></span> <span class='ocrx_word' id='word_1_686' title='bbox 1481 5793 1665 5839; x_wconf 87' lang='lat' dir='ltr'><strong>nostro</strong></span> <span class='ocrx_word' id='word_1_687' title='bbox 1695 5801 1823 5839; x_wconf 85' lang='lat' dir='ltr'><strong>eon-</strong></span> 
     </span>
    </p>
   </div>
   <div class='ocr_carea' id='block_1_91' title="bbox 1942 3315 3520 3387">
    <p class='ocr_par' dir='ltr' id='par_1_91' title="bbox 1942 3315 3520 3387">
     <span class='ocr_line' id='line_1_91' title="bbox 1942 3315 3520 3387; baseline 0.002 -19"><span class='ocrx_word' id='word_1_688' title='bbox 1942 3315 2044 3370; x_wconf 86' lang='lat' dir='ltr'><strong>Per</strong></span> <span class='ocrx_word' id='word_1_689' title='bbox 2065 3315 2273 3385; x_wconf 89' lang='lat' dir='ltr'><strong>singula</strong></span> <span class='ocrx_word' id='word_1_690' title='bbox 2294 3331 2505 3385; x_wconf 88' lang='lat' dir='ltr'><strong>quoque</strong></span> <span class='ocrx_word' id='word_1_691' title='bbox 2536 3317 2839 3371; x_wconf 83' lang='lat' dir='ltr'><strong>testimonia</strong></span> <span class='ocrx_word' id='word_1_692' title='bbox 2870 3320 3252 3387; x_wconf 88' lang='lat' dir='ltr'><strong>prophetarum</strong></span> <span class='ocrx_word' id='word_1_693' title='bbox 3303 3319 3520 3372; x_wconf 90' lang='lat' dir='ltr'><strong>nomina</strong></span> 
     </span>
    </p>
   </div>
   <div class='ocr_carea' id='block_1_92' title="bbox 1940 3407 3521 3477">
    <p class='ocr_par' dir='ltr' id='par_1_92' title="bbox 1940 3407 3521 3477">
     <span class='ocr_line' id='line_1_92' title="bbox 1940 3407 3521 3477; baseline 0.001 -16"><span class='ocrx_word' id='word_1_694' title='bbox 1940 3421 2141 3475; x_wconf 89' lang='lat' dir='ltr'><strong>ponere</strong></span> <span class='ocrx_word' id='word_1_695' title='bbox 2165 3407 2373 3472; x_wconf 81' lang='lat' dir='ltr'><strong>studeo,</strong></span> <span class='ocrx_word' id='word_1_696' title='bbox 2405 3417 2697 3476; x_wconf 87' lang='lat' dir='ltr'><strong>quatenus,</strong></span> <span class='ocrx_word' id='word_1_697' title='bbox 2730 3409 2772 3462; x_wconf 93' lang='lat' dir='ltr'><strong>si</strong></span> <span class='ocrx_word' id='word_1_698' title='bbox 2803 3409 2915 3474; x_wconf 87' lang='lat' dir='ltr'><strong>ubi,</strong></span> <span class='ocrx_word' id='word_1_699' title='bbox 2947 3409 3074 3477; x_wconf 89' lang='lat' dir='ltr'><strong>quid</strong></span> <span class='ocrx_word' id='word_1_700' title='bbox 3122 3411 3353 3475; x_wconf 90' lang='lat' dir='ltr'><strong>dicatur,</strong></span> <span class='ocrx_word' id='word_1_701' title='bbox 3412 3410 3521 3463; x_wconf 83' lang='lat' dir='ltr'><strong>for-</strong></span> 
     </span>
    </p>
   </div>
   <div class='ocr_carea' id='block_1_93' title="bbox 1941 3496 3520 3567">
    <p class='ocr_par' dir='ltr' id='par_1_93' title="bbox 1941 3496 3520 3567">
     <span class='ocr_line' id='line_1_93' title="bbox 1941 3496 3520 3567; baseline 0.001 -16"><span class='ocrx_word' id='word_1_702' title='bbox 1941 3507 2082 3551; x_wconf 90' lang='lat' dir='ltr'><strong>tasse</strong></span> <span class='ocrx_word' id='word_1_703' title='bbox 2117 3496 2265 3552; x_wconf 91' lang='lat' dir='ltr'><strong>locus</strong></span> <span class='ocrx_word' id='word_1_704' title='bbox 2297 3498 2608 3567; x_wconf 88' lang='lat' dir='ltr'><strong>inquiritur,</strong></span> <span class='ocrx_word' id='word_1_705' title='bbox 2632 3500 2698 3553; x_wconf 90' lang='lat' dir='ltr'><strong>ad</strong></span> <span class='ocrx_word' id='word_1_706' title='bbox 2721 3500 3030 3553; x_wconf 89' lang='lat' dir='ltr'><strong>evitandum</strong></span> <span class='ocrx_word' id='word_1_707' title='bbox 3055 3499 3391 3554; x_wconf 71' lang='lat' dir='ltr'><strong>&quot;calumniam</strong></span> <span class='ocrx_word' id='word_1_708' title='bbox 3441 3498 3520 3552; x_wconf 80' lang='lat' dir='ltr'><strong>fa-</strong></span> 
     </span>
    </p>
   </div>
   <div class='ocr_carea' id='block_1_94' title="bbox 1937 3585 3511 3659">
    <p class='ocr_par' dir='ltr' id='par_1_94' title="bbox 1937 3585 3511 3659">
     <span class='ocr_line' id='line_1_94' title="bbox 1937 3585 3511 3659; baseline 0.002 -19"><span class='ocrx_word' id='word_1_709' title='bbox 1937 3585 2040 3640; x_wconf 89' lang='lat' dir='ltr'><strong>cile</strong></span> <span class='ocrx_word' id='word_1_710' title='bbox 2060 3587 2379 3656; x_wconf 87' lang='lat' dir='ltr'><strong>reperiatur.</strong></span> <span class='ocrx_word' id='word_1_711' title='bbox 2420 3588 2625 3643; x_wconf 83' lang='lat' dir='ltr'><strong>Rursus</strong></span> <span class='ocrx_word' id='word_1_712' title='bbox 2656 3591 2820 3659; x_wconf 76' lang='lat' dir='ltr'><strong>igitur</strong></span> <span class='ocrx_word' id='word_1_713' title='bbox 2850 3589 3034 3646; x_wconf 87' lang='lat' dir='ltr'><strong>Daniel</strong></span> <span class='ocrx_word' id='word_1_714' title='bbox 3068 3593 3219 3646; x_wconf 90' lang='lat' dir='ltr'><strong>testis</strong></span> <span class='ocrx_word' id='word_1_715' title='bbox 3271 3593 3511 3653; x_wconf 83' lang='lat' dir='ltr'><strong>accedat,</strong></span> 
     </span>
    </p>
   </div>
   <div class='ocr_carea' id='block_1_95' title="bbox 1939 3676 3512 3751">
    <p class='ocr_par' dir='ltr' id='par_1_95' title="bbox 1939 3676 3512 3751">
     <span class='ocr_line' id='line_1_95' title="bbox 1939 3676 3512 3751; baseline 0.004 -23"><span class='ocrx_word' id='word_1_716' title='bbox 1939 3682 1991 3728; x_wconf 90' lang='lat' dir='ltr'><strong>et</strong></span> <span class='ocrx_word' id='word_1_717' title='bbox 2019 3676 2146 3744; x_wconf 92' lang='lat' dir='ltr'><strong>quid</strong></span> <span class='ocrx_word' id='word_1_718' title='bbox 2176 3677 2244 3730; x_wconf 90' lang='lat' dir='ltr'><strong>de</strong></span> <span class='ocrx_word' id='word_1_719' title='bbox 2272 3676 2489 3733; x_wconf 86' lang='lat' dir='ltr'><strong>Christo</strong></span> <span class='ocrx_word' id='word_1_720' title='bbox 2519 3681 2851 3751; x_wconf 80' lang='lat' dir='ltr'><strong>cognoverit,</strong></span> <span class='ocrx_word' id='word_1_721' title='bbox 2880 3682 2930 3734; x_wconf 95' lang='lat' dir='ltr'><strong>in</strong></span> <span class='ocrx_word' id='word_1_722' title='bbox 2984 3683 3218 3736; x_wconf 90' lang='lat' dir='ltr'><strong>medium</strong></span> <span class='ocrx_word' id='word_1_723' title='bbox 3244 3682 3512 3751; x_wconf 87' lang='lat' dir='ltr'><strong>proferat;</strong></span> 
     </span>
    </p>
   </div>
   <div class='ocr_carea' id='block_1_96' title="bbox 1939 3767 3514 3850">
    <p class='ocr_par' dir='ltr' id='par_1_96' title="bbox 1939 3767 3514 3850">
     <span class='ocr_line' id='line_1_96' title="bbox 1939 3767 3514 3850; baseline 0.005 -32"><span class='ocrx_word' id='word_1_724' title='bbox 1939 3767 2030 3819; x_wconf 89' lang='lat' dir='ltr'><strong>sed</strong></span> <span class='ocrx_word' id='word_1_725' title='bbox 2060 3767 2211 3834; x_wconf 91' lang='lat' dir='ltr'><strong>prius</strong></span> <span class='ocrx_word' id='word_1_726' title='bbox 2232 3779 2417 3850; x_wconf 65' lang='lat' dir='ltr'><strong>narret</strong></span> <span class='ocrx_word' id='word_1_727' title='bbox 2445 3772 2572 3840; x_wconf 93' lang='lat' dir='ltr'><strong>quid</strong></span> <span class='ocrx_word' id='word_1_728' title='bbox 2619 3786 2710 3825; x_wconf 85' lang='lat' dir='ltr'><strong>rex</strong></span> <span class='ocrx_word' id='word_1_729' title='bbox 2749 3773 3246 3826; x_wconf 88' lang='lat' dir='ltr'><strong>Nabuchodonosor</strong></span> <span class='ocrx_word' id='word_1_730' title='bbox 3299 3774 3514 3836; x_wconf 87' lang='lat' dir='ltr'><strong>viderit,</strong></span> 
     </span>
    </p>
   </div>
   <div class='ocr_carea' id='block_1_97' title="bbox 1937 3862 3515 3935">
    <p class='ocr_par' dir='ltr' id='par_1_97' title="bbox 1937 3862 3515 3935">
     <span class='ocr_line' id='line_1_97' title="bbox 1937 3862 3515 3935; baseline 0.006 -26"><span class='ocrx_word' id='word_1_731' title='bbox 1937 3865 2221 3927; x_wconf 89' lang='lat' dir='ltr'><strong>postquam</strong></span> <span class='ocrx_word' id='word_1_732' title='bbox 2251 3867 2361 3914; x_wconf 91' lang='lat' dir='ltr'><strong>tres</strong></span> <span class='ocrx_word' id='word_1_733' title='bbox 2387 3876 2585 3930; x_wconf 89' lang='lat' dir='ltr'><strong>pueros</strong></span> <span class='ocrx_word' id='word_1_734' title='bbox 2615 3862 2666 3916; x_wconf 93' lang='lat' dir='ltr'><strong>in</strong></span> <span class='ocrx_word' id='word_1_735' title='bbox 2693 3864 2961 3917; x_wconf 90' lang='lat' dir='ltr'><strong>caminum</strong></span> <span class='ocrx_word' id='word_1_736' title='bbox 2997 3864 3135 3935; x_wconf 83' lang='lat' dir='ltr'><strong>ignis</strong></span> <span class='ocrx_word' id='word_1_737' title='bbox 3155 3862 3350 3932; x_wconf 89' lang='lat' dir='ltr'><strong>jactari</strong></span> <span class='ocrx_word' id='word_1_738' title='bbox 3378 3880 3515 3934; x_wconf 65' lang='lat' dir='ltr'><strong>prte-</strong></span> 
     </span>
    </p>
   </div>
   <div class='ocr_carea' id='block_1_98' title="bbox 1937 3954 3518 4030">
    <p class='ocr_par' dir='ltr' id='par_1_98' title="bbox 1937 3954 3518 4030">
     <span class='ocr_line' id='line_1_98' title="bbox 1937 3954 3518 4030; baseline 0.003 -22"><span class='ocrx_word' id='word_1_739' title='bbox 1937 3954 2109 4025; x_wconf 88' lang='lat' dir='ltr'><strong>cepit:</strong></span> <span class='ocrx_word' id='word_1_740' title='bbox 2142 3975 2161 4007; x_wconf 72' lang='grc' dir='ltr'><strong>ι</strong></span> <span class='ocrx_word' id='word_1_741' title='bbox 2195 3956 2353 4022; x_wconf 89' lang='lat' dir='ltr'><strong>Ecce,</strong></span> <span class='ocrx_word' id='word_1_742' title='bbox 2375 3957 2566 4027; x_wconf 92' lang='lat' dir='ltr'><strong>inquit,</strong></span> <span class='ocrx_word' id='word_1_743' title='bbox 2593 3960 2746 4014; x_wconf 88' lang='lat' dir='ltr'><strong>video</strong></span> <span class='ocrx_word' id='word_1_744' title='bbox 2762 3959 2906 4014; x_wconf 91' lang='lat' dir='ltr'><strong>viros</strong></span> <span class='ocrx_word' id='word_1_745' title='bbox 2925 3970 3156 4030; x_wconf 89' lang='lat' dir='ltr'><strong>quatuor</strong></span> <span class='ocrx_word' id='word_1_746' title='bbox 3184 3961 3387 4016; x_wconf 88' lang='lat' dir='ltr'><strong>solutos</strong></span> <span class='ocrx_word' id='word_1_747' title='bbox 3402 3977 3518 4014; x_wconf 84' lang='lat' dir='ltr'><strong>am-</strong></span> 
     </span>
    </p>
   </div>
   <div class='ocr_carea' id='block_1_99' title="bbox 1937 4047 3509 4124">
    <p class='ocr_par' dir='ltr' id='par_1_99' title="bbox 1937 4047 3509 4124">
     <span class='ocr_line' id='line_1_99' title="bbox 1937 4047 3509 4124; baseline 0.006 -24"><span class='ocrx_word' id='word_1_748' title='bbox 1937 4047 2187 4104; x_wconf 85' lang='lat' dir='ltr'><strong>bulantes</strong></span> <span class='ocrx_word' id='word_1_749' title='bbox 2217 4050 2268 4102; x_wconf 91' lang='lat' dir='ltr'><strong>in</strong></span> <span class='ocrx_word' id='word_1_750' title='bbox 2302 4051 2476 4104; x_wconf 90' lang='lat' dir='ltr'><strong>medio</strong></span> <span class='ocrx_word' id='word_1_751' title='bbox 2507 4052 2663 4121; x_wconf 88' lang='lat' dir='ltr'><strong>ignis,</strong></span> <span class='ocrx_word' id='word_1_752' title='bbox 2693 4061 2748 4105; x_wconf 90' lang='lat' dir='ltr'><strong>et</strong></span> <span class='ocrx_word' id='word_1_753' title='bbox 2778 4053 2907 4106; x_wconf 92' lang='lat' dir='ltr'><strong>nihil</strong></span> <span class='ocrx_word' id='word_1_754' title='bbox 2931 4055 3296 4124; x_wconf 81' lang='lat' dir='ltr'><strong>corruptionis</strong></span> <span class='ocrx_word' id='word_1_755' title='bbox 3325 4056 3376 4108; x_wconf 89' lang='lat' dir='ltr'><strong>in</strong></span> <span class='ocrx_word' id='word_1_756' title='bbox 3409 4055 3509 4116; x_wconf 92' lang='lat' dir='ltr'><strong>cis,</strong></span> 
     </span>
    </p>
   </div>
   <div class='ocr_carea' id='block_1_100' title="bbox 1936 4141 3508 4218">
    <p class='ocr_par' dir='ltr' id='par_1_100' title="bbox 1936 4141 3508 4218">
     <span class='ocr_line' id='line_1_100' title="bbox 1936 4141 3508 4218; baseline 0.006 -27"><span class='ocrx_word' id='word_1_757' title='bbox 1936 4146 1988 4192; x_wconf 91' lang='lat' dir='ltr'><strong>et</strong></span> <span class='ocrx_word' id='word_1_758' title='bbox 2008 4141 2219 4207; x_wconf 90' lang='lat' dir='ltr'><strong>species</strong></span> <span class='ocrx_word' id='word_1_759' title='bbox 2249 4143 2425 4210; x_wconf 89' lang='lat' dir='ltr'><strong>quarti</strong></span> <span class='ocrx_word' id='word_1_760' title='bbox 2454 4143 2755 4198; x_wconf 78' lang='lat' dir='ltr'><strong>similis&#39;est</strong></span> <span class='ocrx_word' id='word_1_761' title='bbox 2805 4144 2948 4212; x_wconf 50' lang='lat' dir='ltr'><strong>Filio,</strong></span> <span class='ocrx_word' id='word_1_762' title='bbox 2987 4145 3079 4199; x_wconf 88' lang='lat' dir='ltr'><strong>Dei</strong></span> <span class='ocrx_word' id='word_1_763' title='bbox 3127 4147 3286 4216; x_wconf 88' lang='lat' dir='ltr'><strong>(Dan.</strong></span> <span class='ocrx_word' id='word_1_764' title='bbox 3347 4147 3450 4218; x_wconf 86' lang='lat' dir='ltr'><strong>tu).</strong></span> <span class='ocrx_word' id='word_1_765' title='bbox 3490 4167 3508 4200; x_wconf 76' lang='grc' dir='ltr'><strong>ι</strong></span> 
     </span>
    </p>
   </div>
   <div class='ocr_carea' id='block_1_101' title="bbox 1933 4231 3514 4310">
    <p class='ocr_par' dir='ltr' id='par_1_101' title="bbox 1933 4231 3514 4310">
     <span class='ocr_line' id='line_1_101' title="bbox 1933 4231 3514 4310; baseline 0.006 -26"><span class='ocrx_word' id='word_1_766' title='bbox 1933 4231 2091 4295; x_wconf 87' lang='lat' dir='ltr'><strong>Ecce,</strong></span> <span class='ocrx_word' id='word_1_767' title='bbox 2118 4232 2320 4298; x_wconf 86' lang='lat' dir='ltr'><strong>Judace,</strong></span> <span class='ocrx_word' id='word_1_768' title='bbox 2351 4235 2515 4288; x_wconf 88' lang='lat' dir='ltr'><strong>habes</strong></span> <span class='ocrx_word' id='word_1_769' title='bbox 2545 4235 2736 4288; x_wconf 88' lang='lat' dir='ltr'><strong>Filium</strong></span> <span class='ocrx_word' id='word_1_770' title='bbox 2759 4236 2872 4302; x_wconf 87' lang='lat' dir='ltr'><strong>Dei,</strong></span> <span class='ocrx_word' id='word_1_771' title='bbox 2904 4253 3002 4291; x_wconf 92' lang='lat' dir='ltr'><strong>cur</strong></span> <span class='ocrx_word' id='word_1_772' title='bbox 3037 4237 3182 4301; x_wconf 84' lang='lat' dir='ltr'><strong>ultra</strong></span> <span class='ocrx_word' id='word_1_773' title='bbox 3204 4255 3402 4310; x_wconf 85' lang='lat' dir='ltr'><strong>negare</strong></span> <span class='ocrx_word' id='word_1_774' title='bbox 3433 4241 3514 4294; x_wconf 87' lang='lat' dir='ltr'><strong>ni-</strong></span> 
     </span>
    </p>
   </div>
   <div class='ocr_carea' id='block_1_102' title="bbox 1937 4322 3515 4399">
    <p class='ocr_par' dir='ltr' id='par_1_102' title="bbox 1937 4322 3515 4399">
     <span class='ocr_line' id='line_1_102' title="bbox 1937 4322 3515 4399; baseline 0.007 -25"><span class='ocrx_word' id='word_1_775' title='bbox 1937 4323 2066 4375; x_wconf 88' lang='lat' dir='ltr'><strong>teris</strong></span> <span class='ocrx_word' id='word_1_776' title='bbox 2091 4322 2286 4376; x_wconf 85' lang='lat' dir='ltr'><strong>Filium</strong></span> <span class='ocrx_word' id='word_1_777' title='bbox 2316 4325 2453 4377; x_wconf 86' lang='lat' dir='ltr'><strong>Dei?</strong></span> <span class='ocrx_word' id='word_1_778' title='bbox 2483 4324 2748 4393; x_wconf 90' lang='lat' dir='ltr'><strong>Loquere,</strong></span> <span class='ocrx_word' id='word_1_779' title='bbox 2773 4325 3084 4392; x_wconf 72' lang='lat' dir='ltr'><strong>&#39;rcsponde;</strong></span> <span class='ocrx_word' id='word_1_780' title='bbox 3133 4325 3260 4397; x_wconf 89' lang='lat' dir='ltr'><strong>quid</strong></span> <span class='ocrx_word' id='word_1_781' title='bbox 3307 4330 3515 4399; x_wconf 88' lang='lat' dir='ltr'><strong>perspi-</strong></span> 
     </span>
    </p>
   </div>
   <div class='ocr_carea' id='block_1_103' title="bbox 1933 4412 3512 4486">
    <p class='ocr_par' dir='ltr' id='par_1_103' title="bbox 1933 4412 3512 4486">
     <span class='ocr_line' id='line_1_103' title="bbox 1933 4412 3512 4486; baseline 0.006 -20"><span class='ocrx_word' id='word_1_782' title='bbox 1933 4412 2134 4478; x_wconf 89' lang='lat' dir='ltr'><strong>cacius,</strong></span> <span class='ocrx_word' id='word_1_783' title='bbox 2157 4413 2283 4482; x_wconf 88' lang='lat' dir='ltr'><strong>quid</strong></span> <span class='ocrx_word' id='word_1_784' title='bbox 2311 4415 2646 4469; x_wconf 89' lang='lat' dir='ltr'><strong>manifestius</strong></span> <span class='ocrx_word' id='word_1_785' title='bbox 2669 4416 2896 4485; x_wconf 82' lang='lat' dir='ltr'><strong>exprimi</strong></span> <span class='ocrx_word' id='word_1_786' title='bbox 2925 4419 3099 4486; x_wconf 89' lang='lat' dir='ltr'><strong>potuit</strong></span> <span class='ocrx_word' id='word_1_787' title='bbox 3125 4419 3188 4474; x_wconf 90' lang='lat' dir='ltr'><strong>dc</strong></span> <span class='ocrx_word' id='word_1_788' title='bbox 3231 4419 3366 4476; x_wconf 89' lang='lat' dir='ltr'><strong>Filio</strong></span> <span class='ocrx_word' id='word_1_789' title='bbox 3395 4422 3512 4486; x_wconf 90' lang='lat' dir='ltr'><strong>Dei,</strong></span> 
     </span>
    </p>
   </div>
   <div class='ocr_carea' id='block_1_104' title="bbox 1862 4504 3514 4602">
    <p class='ocr_par' dir='ltr' id='par_1_104' title="bbox 1862 4504 3514 4602">
     <span class='ocr_line' id='line_1_104' title="bbox 1862 4504 3514 4602; baseline 0.003 -49"><span class='ocrx_word' id='word_1_790' title='bbox 1862 4545 1909 4602; x_wconf 67' lang='grc' dir='ltr'><strong>Β</strong></span> <span class='ocrx_word' id='word_1_791' title='bbox 1936 4519 2098 4571; x_wconf 88' lang='lat' dir='ltr'><strong>quam</strong></span> <span class='ocrx_word' id='word_1_792' title='bbox 2122 4505 2300 4559; x_wconf 88' lang='lat' dir='ltr'><strong>dicere</strong></span> <span class='ocrx_word' id='word_1_793' title='bbox 2325 4504 2520 4559; x_wconf 91' lang='lat' dir='ltr'><strong>Filium</strong></span> <span class='ocrx_word' id='word_1_794' title='bbox 2555 4505 2686 4561; x_wconf 91' lang='lat' dir='ltr'><strong>Dei?</strong></span> <span class='ocrx_word' id='word_1_795' title='bbox 2717 4507 2869 4573; x_wconf 90' lang='lat' dir='ltr'><strong>Quod</strong></span> <span class='ocrx_word' id='word_1_796' title='bbox 2899 4509 2942 4563; x_wconf 92' lang='lat' dir='ltr'><strong>si</strong></span> <span class='ocrx_word' id='word_1_797' title='bbox 2962 4507 3072 4576; x_wconf 90' lang='lat' dir='ltr'><strong>jam</strong></span> <span class='ocrx_word' id='word_1_798' title='bbox 3097 4505 3514 4576; x_wconf 33' lang='lat' dir='ltr'><strong>nihil‘objicere,</strong></span> 
     </span>
    </p>
   </div>
   <div class='ocr_carea' id='block_1_105' title="bbox 1941 4594 3513 4677">
    <p class='ocr_par' dir='ltr' id='par_1_105' title="bbox 1941 4594 3513 4677">
     <span class='ocr_line' id='line_1_105' title="bbox 1941 4594 3513 4677; baseline 0.001 -30"><span class='ocrx_word' id='word_1_799' title='bbox 1941 4595 2142 4649; x_wconf 91' lang='lat' dir='ltr'><strong>nullum</strong></span> <span class='ocrx_word' id='word_1_800' title='bbox 2174 4594 2317 4650; x_wconf 86' lang='lat' dir='ltr'><strong>vales</strong></span> <span class='ocrx_word' id='word_1_801' title='bbox 2337 4597 2612 4666; x_wconf 90' lang='lat' dir='ltr'><strong>aufugium</strong></span> <span class='ocrx_word' id='word_1_802' title='bbox 2645 4598 2909 4663; x_wconf 88' lang='lat' dir='ltr'><strong>invenire,</strong></span> <span class='ocrx_word' id='word_1_803' title='bbox 2949 4599 3014 4655; x_wconf 91' lang='lat' dir='ltr'><strong>da</strong></span> <span class='ocrx_word' id='word_1_804' title='bbox 3060 4613 3271 4663; x_wconf 89' lang='lat' dir='ltr'><strong>manus,</strong></span> <span class='ocrx_word' id='word_1_805' title='bbox 3310 4603 3513 4677; x_wconf 88' lang='lat' dir='ltr'><strong>temet-</strong></span> 
     </span>
    </p>
   </div>
   <div class='ocr_carea' id='block_1_106' title="bbox 1937 4688 3514 4764">
    <p class='ocr_par' dir='ltr' id='par_1_106' title="bbox 1937 4688 3514 4764">
     <span class='ocr_line' id='line_1_106' title="bbox 1937 4688 3514 4764; baseline 0.003 -24"><span class='ocrx_word' id='word_1_806' title='bbox 1937 4688 2114 4756; x_wconf 92' lang='lat' dir='ltr'><strong>ipsum</strong></span> <span class='ocrx_word' id='word_1_807' title='bbox 2142 4689 2333 4743; x_wconf 89' lang='lat' dir='ltr'><strong>victori</strong></span> <span class='ocrx_word' id='word_1_808' title='bbox 2367 4691 2644 4746; x_wconf 88' lang='lat' dir='ltr'><strong>humiliter</strong></span> <span class='ocrx_word' id='word_1_809' title='bbox 2668 4693 2842 4758; x_wconf 89' lang='lat' dir='ltr'><strong>trade,</strong></span> <span class='ocrx_word' id='word_1_810' title='bbox 2864 4693 3175 4764; x_wconf 87' lang='lat' dir='ltr'><strong>victumque</strong></span> <span class='ocrx_word' id='word_1_811' title='bbox 3209 4701 3279 4757; x_wconf 91' lang='lat' dir='ltr'><strong>te,</strong></span> <span class='ocrx_word' id='word_1_812' title='bbox 3343 4699 3398 4746; x_wconf 84' lang='lat' dir='ltr'><strong>et</strong></span> <span class='ocrx_word' id='word_1_813' title='bbox 3425 4705 3514 4745; x_wconf 87' lang='lat' dir='ltr'><strong>su-</strong></span> 
     </span>
    </p>
   </div>
   <div class='ocr_carea' id='block_1_107' title="bbox 1937 4780 3513 4851">
    <p class='ocr_par' dir='ltr' id='par_1_107' title="bbox 1937 4780 3513 4851">
     <span class='ocr_line' id='line_1_107' title="bbox 1937 4780 3513 4851; baseline 0.001 -19"><span class='ocrx_word' id='word_1_814' title='bbox 1937 4789 2184 4846; x_wconf 89' lang='lat' dir='ltr'><strong>peratum</strong></span> <span class='ocrx_word' id='word_1_815' title='bbox 2233 4780 2474 4835; x_wconf 89' lang='lat' dir='ltr'><strong>funditus</strong></span> <span class='ocrx_word' id='word_1_816' title='bbox 2502 4782 2782 4837; x_wconf 88' lang='lat' dir='ltr'><strong>confitere.</strong></span> <span class='ocrx_word' id='word_1_817' title='bbox 2830 4782 2982 4838; x_wconf 82' lang='lat' dir='ltr'><strong>Nunc</strong></span> <span class='ocrx_word' id='word_1_818' title='bbox 3036 4783 3199 4838; x_wconf 90' lang='lat' dir='ltr'><strong>ctiam</strong></span> <span class='ocrx_word' id='word_1_819' title='bbox 3231 4781 3357 4850; x_wconf 86' lang='lat' dir='ltr'><strong>quid</strong></span> <span class='ocrx_word' id='word_1_820' title='bbox 3399 4781 3513 4851; x_wconf 88' lang='lat' dir='ltr'><strong>ipse</strong></span> 
     </span>
    </p>
   </div>
   <div class='ocr_carea' id='block_1_108' title="bbox 1940 4868 3515 4940">
    <p class='ocr_par' dir='ltr' id='par_1_108' title="bbox 1940 4868 3515 4940">
     <span class='ocr_line' id='line_1_108' title="bbox 1940 4868 3515 4940; baseline 0.003 -19"><span class='ocrx_word' id='word_1_821' title='bbox 1940 4868 2124 4924; x_wconf 89' lang='lat' dir='ltr'><strong>Daniel</strong></span> <span class='ocrx_word' id='word_1_822' title='bbox 2144 4871 2208 4925; x_wconf 88' lang='lat' dir='ltr'><strong>de</strong></span> <span class='ocrx_word' id='word_1_823' title='bbox 2236 4871 2471 4937; x_wconf 89' lang='lat' dir='ltr'><strong>Christo,</strong></span> <span class='ocrx_word' id='word_1_824' title='bbox 2499 4872 2565 4927; x_wconf 91' lang='lat' dir='ltr'><strong>de</strong></span> <span class='ocrx_word' id='word_1_825' title='bbox 2591 4872 2727 4927; x_wconf 86' lang='lat' dir='ltr'><strong>Filio</strong></span> <span class='ocrx_word' id='word_1_826' title='bbox 2747 4874 2963 4940; x_wconf 89' lang='lat' dir='ltr'><strong>viderit,</strong></span> <span class='ocrx_word' id='word_1_827' title='bbox 3004 4874 3174 4927; x_wconf 89' lang='lat' dir='ltr'><strong>dicat:</strong></span> <span class='ocrx_word' id='word_1_828' title='bbox 3207 4890 3226 4923; x_wconf 75' lang='grc' dir='ltr'><strong>ι</strong></span> <span class='ocrx_word' id='word_1_829' title='bbox 3277 4870 3515 4940; x_wconf 86' lang='lat' dir='ltr'><strong>Aspicie-</strong></span> 
     </span>
    </p>
   </div>
   <div class='ocr_carea' id='block_1_109' title="bbox 1939 4955 3513 5032">
    <p class='ocr_par' dir='ltr' id='par_1_109' title="bbox 1939 4955 3513 5032">
     <span class='ocr_line' id='line_1_109' title="bbox 1939 4955 3513 5032; baseline 0.003 -20"><span class='ocrx_word' id='word_1_830' title='bbox 1939 4955 2060 5013; x_wconf 88' lang='lat' dir='ltr'><strong>bam</strong></span> <span class='ocrx_word' id='word_1_831' title='bbox 2087 4960 2138 5014; x_wconf 91' lang='lat' dir='ltr'><strong>in</strong></span> <span class='ocrx_word' id='word_1_832' title='bbox 2171 4961 2377 5032; x_wconf 86' lang='lat' dir='ltr'><strong>visione</strong></span> <span class='ocrx_word' id='word_1_833' title='bbox 2399 4964 2592 5029; x_wconf 90' lang='lat' dir='ltr'><strong>noctis,</strong></span> <span class='ocrx_word' id='word_1_834' title='bbox 2615 4972 2668 5018; x_wconf 90' lang='lat' dir='ltr'><strong>et</strong></span> <span class='ocrx_word' id='word_1_835' title='bbox 2692 4979 2819 5020; x_wconf 90' lang='lat' dir='ltr'><strong>ecce</strong></span> <span class='ocrx_word' id='word_1_836' title='bbox 2839 4980 2957 5018; x_wconf 89' lang='lat' dir='ltr'><strong>cum</strong></span> <span class='ocrx_word' id='word_1_837' title='bbox 2987 4964 3218 5019; x_wconf 90' lang='lat' dir='ltr'><strong>nubibus</strong></span> <span class='ocrx_word' id='word_1_838' title='bbox 3238 4961 3359 5018; x_wconf 66' lang='grc' dir='ltr'><strong>ραιιί</strong></span> <span class='ocrx_word' id='word_1_839' title='bbox 3381 4977 3513 5032; x_wconf 89' lang='lat' dir='ltr'><strong>qua—</strong></span> 
     </span>
    </p>
   </div>
   <div class='ocr_carea' id='block_1_110' title="bbox 1889 5051 3512 5126">
    <p class='ocr_par' dir='ltr' id='par_1_110' title="bbox 1889 5051 3512 5126">
     <span class='ocr_line' id='line_1_110' title="bbox 1889 5051 3512 5126; baseline 0.002 -24"><span class='ocrx_word' id='word_1_840' title='bbox 1889 5123 1893 5126; x_wconf 83' lang='lat'><strong><em>_</em></strong></span> <span class='ocrx_word' id='word_1_841' title='bbox 1937 5051 1981 5103; x_wconf 89' lang='lat' dir='ltr'><strong>si</strong></span> <span class='ocrx_word' id='word_1_842' title='bbox 2007 5051 2176 5106; x_wconf 86' lang='lat' dir='ltr'><strong>Filius</strong></span> <span class='ocrx_word' id='word_1_843' title='bbox 2203 5052 2436 5107; x_wconf 91' lang='lat' dir='ltr'><strong>hominis</strong></span> <span class='ocrx_word' id='word_1_844' title='bbox 2467 5055 2736 5119; x_wconf 87' lang='lat' dir='ltr'><strong>veniebat,</strong></span> <span class='ocrx_word' id='word_1_845' title='bbox 2769 5063 2823 5108; x_wconf 88' lang='lat' dir='ltr'><strong>et</strong></span> <span class='ocrx_word' id='word_1_846' title='bbox 2844 5069 3010 5124; x_wconf 90' lang='lat' dir='ltr'><strong>usque</strong></span> <span class='ocrx_word' id='word_1_847' title='bbox 3053 5054 3119 5108; x_wconf 88' lang='lat' dir='ltr'><strong>ad</strong></span> <span class='ocrx_word' id='word_1_848' title='bbox 3161 5054 3369 5108; x_wconf 91' lang='lat' dir='ltr'><strong>dierum</strong></span> <span class='ocrx_word' id='word_1_849' title='bbox 3417 5069 3512 5106; x_wconf 89' lang='lat' dir='ltr'><strong>an-</strong></span> 
     </span>
    </p>
   </div>
   <div class='ocr_carea' id='block_1_111' title="bbox 1937 5143 3512 5214">
    <p class='ocr_par' dir='ltr' id='par_1_111' title="bbox 1937 5143 3512 5214">
     <span class='ocr_line' id='line_1_111' title="bbox 1937 5143 3512 5214; baseline 0.001 -19"><span class='ocrx_word' id='word_1_850' title='bbox 1937 5143 2142 5213; x_wconf 88' lang='lat' dir='ltr'><strong>tiquum</strong></span> <span class='ocrx_word' id='word_1_851' title='bbox 2174 5145 2445 5213; x_wconf 69' lang='lat' dir='ltr'><strong>pervenit:</strong></span> <span class='ocrx_word' id='word_1_852' title='bbox 2497 5155 2552 5200; x_wconf 89' lang='lat' dir='ltr'><strong>et</strong></span> <span class='ocrx_word' id='word_1_853' title='bbox 2591 5146 2644 5198; x_wconf 91' lang='lat' dir='ltr'><strong>in</strong></span> <span class='ocrx_word' id='word_1_854' title='bbox 2693 5155 2983 5214; x_wconf 92' lang='lat' dir='ltr'><strong>conspectu</strong></span> <span class='ocrx_word' id='word_1_855' title='bbox 3035 5144 3150 5212; x_wconf 89' lang='lat' dir='ltr'><strong>ejus</strong></span> <span class='ocrx_word' id='word_1_856' title='bbox 3201 5145 3512 5199; x_wconf 88' lang='lat' dir='ltr'><strong>obtulerunt</strong></span> 
     </span>
    </p>
   </div>
   <div class='ocr_carea' id='block_1_112' title="bbox 1935 5235 3506 5306">
    <p class='ocr_par' dir='ltr' id='par_1_112' title="bbox 1935 5235 3506 5306">
     <span class='ocr_line' id='line_1_112' title="bbox 1935 5235 3506 5306; baseline 0.001 -21"><span class='ocrx_word' id='word_1_857' title='bbox 1935 5248 2079 5297; x_wconf 86' lang='lat' dir='ltr'><strong>eum,</strong></span> <span class='ocrx_word' id='word_1_858' title='bbox 2107 5241 2161 5288; x_wconf 90' lang='lat' dir='ltr'><strong>et</strong></span> <span class='ocrx_word' id='word_1_859' title='bbox 2185 5235 2332 5289; x_wconf 90' lang='lat' dir='ltr'><strong>dedit</strong></span> <span class='ocrx_word' id='word_1_860' title='bbox 2358 5236 2405 5288; x_wconf 91' lang='lat' dir='ltr'><strong>ei</strong></span> <span class='ocrx_word' id='word_1_861' title='bbox 2429 5243 2769 5305; x_wconf 89' lang='lat' dir='ltr'><strong>potestatem,</strong></span> <span class='ocrx_word' id='word_1_862' title='bbox 2794 5244 2847 5289; x_wconf 91' lang='lat' dir='ltr'><strong>et</strong></span> <span class='ocrx_word' id='word_1_863' title='bbox 2876 5236 3156 5302; x_wconf 86' lang='lat' dir='ltr'><strong>honorem,</strong></span> <span class='ocrx_word' id='word_1_864' title='bbox 3183 5246 3239 5290; x_wconf 89' lang='lat' dir='ltr'><strong>et</strong></span> <span class='ocrx_word' id='word_1_865' title='bbox 3265 5249 3506 5306; x_wconf 89' lang='lat' dir='ltr'><strong>regnum:</strong></span> 
     </span>
    </p>
   </div>
   <div class='ocr_carea' id='block_1_113' title="bbox 1936 5327 3504 5399">
    <p class='ocr_par' dir='ltr' id='par_1_113' title="bbox 1936 5327 3504 5399">
     <span class='ocr_line' id='line_1_113' title="bbox 1936 5327 3504 5399; baseline 0.002 -21"><span class='ocrx_word' id='word_1_866' title='bbox 1936 5332 1989 5378; x_wconf 90' lang='lat' dir='ltr'><strong>et</strong></span> <span class='ocrx_word' id='word_1_867' title='bbox 2012 5340 2199 5380; x_wconf 91' lang='lat' dir='ltr'><strong>omnes</strong></span> <span class='ocrx_word' id='word_1_868' title='bbox 2225 5327 2424 5397; x_wconf 91' lang='lat' dir='ltr'><strong>populi,</strong></span> <span class='ocrx_word' id='word_1_869' title='bbox 2455 5328 2648 5391; x_wconf 83' lang='lat' dir='ltr'><strong>tribus,</strong></span> <span class='ocrx_word' id='word_1_870' title='bbox 2679 5336 2735 5381; x_wconf 93' lang='lat' dir='ltr'><strong>et</strong></span> <span class='ocrx_word' id='word_1_871' title='bbox 2761 5327 2956 5398; x_wconf 79' lang='lat' dir='ltr'><strong>linguae</strong></span> <span class='ocrx_word' id='word_1_872' title='bbox 2983 5329 3082 5399; x_wconf 91' lang='lat' dir='ltr'><strong>ipsi</strong></span> <span class='ocrx_word' id='word_1_873' title='bbox 3113 5329 3376 5382; x_wconf 87' lang='lat' dir='ltr'><strong>servient.</strong></span> <span class='ocrx_word' id='word_1_874' title='bbox 3401 5328 3504 5381; x_wconf 83' lang='lat' dir='ltr'><strong>Po-</strong></span> 
     </span>
    </p>
   </div>
   <div class='ocr_carea' id='block_1_114' title="bbox 1935 5417 3509 5489">
    <p class='ocr_par' dir='ltr' id='par_1_114' title="bbox 1935 5417 3509 5489">
     <span class='ocr_line' id='line_1_114' title="bbox 1935 5417 3509 5489; baseline 0.003 -20"><span class='ocrx_word' id='word_1_875' title='bbox 1935 5425 2102 5472; x_wconf 89' lang='lat' dir='ltr'><strong>testas</strong></span> <span class='ocrx_word' id='word_1_876' title='bbox 2132 5417 2246 5484; x_wconf 91' lang='lat' dir='ltr'><strong>ejus</strong></span> <span class='ocrx_word' id='word_1_877' title='bbox 2269 5427 2504 5488; x_wconf 89' lang='lat' dir='ltr'><strong>potestas</strong></span> <span class='ocrx_word' id='word_1_878' title='bbox 2531 5427 2752 5486; x_wconf 78' lang='lat' dir='ltr'><strong>:etcrna,</strong></span> <span class='ocrx_word' id='word_1_879' title='bbox 2804 5435 2924 5489; x_wconf 75' lang='lat' dir='ltr'><strong>qua:</strong></span> <span class='ocrx_word' id='word_1_880' title='bbox 2951 5435 3054 5473; x_wconf 93' lang='lat' dir='ltr'><strong>non</strong></span> <span class='ocrx_word' id='word_1_881' title='bbox 3105 5419 3381 5474; x_wconf 87' lang='lat' dir='ltr'><strong>auferetur</strong></span> <span class='ocrx_word' id='word_1_882' title='bbox 3407 5438 3419 5473; x_wconf 92' lang='lat'><strong>:</strong></span> <span class='ocrx_word' id='word_1_883' title='bbox 3454 5429 3509 5474; x_wconf 77' lang='lat' dir='ltr'><strong>et</strong></span> 
     </span>
    </p>
   </div>
   <div class='ocr_carea' id='block_1_115' title="bbox 1934 5508 3502 5584">
    <p class='ocr_par' dir='ltr' id='par_1_115' title="bbox 1934 5508 3502 5584">
     <span class='ocr_line' id='line_1_115' title="bbox 1934 5508 3502 5584; baseline 0.003 -23"><span class='ocrx_word' id='word_1_884' title='bbox 1934 5524 2155 5579; x_wconf 80' lang='lat' dir='ltr'><strong>regnent</strong></span> <span class='ocrx_word' id='word_1_885' title='bbox 2183 5508 2317 5578; x_wconf 89' lang='lat' dir='ltr'><strong>ejus,</strong></span> <span class='ocrx_word' id='word_1_886' title='bbox 2359 5510 2500 5579; x_wconf 90' lang='lat' dir='ltr'><strong>quod</strong></span> <span class='ocrx_word' id='word_1_887' title='bbox 2529 5527 2635 5564; x_wconf 92' lang='lat' dir='ltr'><strong>non</strong></span> <span class='ocrx_word' id='word_1_888' title='bbox 2691 5521 3070 5581; x_wconf 89' lang='lat' dir='ltr'><strong>corrumpetur</strong></span> <span class='ocrx_word' id='word_1_889' title='bbox 3121 5512 3282 5584; x_wconf 84' lang='lat' dir='ltr'><strong>(Dan.</strong></span> <span class='ocrx_word' id='word_1_890' title='bbox 3333 5513 3448 5584; x_wconf 85' lang='lat' dir='ltr'><strong>vn).</strong></span> <span class='ocrx_word' id='word_1_891' title='bbox 3484 5534 3502 5566; x_wconf 73' lang='grc' dir='ltr'><strong>ι</strong></span> 
     </span>
    </p>
   </div>
   <div class='ocr_carea' id='block_1_116' title="bbox 1931 5598 3504 5679">
    <p class='ocr_par' dir='ltr' id='par_1_116' title="bbox 1931 5598 3504 5679">
     <span class='ocr_line' id='line_1_116' title="bbox 1931 5598 3504 5679; baseline 0.004 -28"><span class='ocrx_word' id='word_1_892' title='bbox 1931 5598 1998 5652; x_wconf 88' lang='lat' dir='ltr'><strong>Et</strong></span> <span class='ocrx_word' id='word_1_893' title='bbox 2027 5599 2216 5652; x_wconf 90' lang='lat' dir='ltr'><strong>iterum</strong></span> <span class='ocrx_word' id='word_1_894' title='bbox 2249 5600 2302 5653; x_wconf 89' lang='lat' dir='ltr'><strong>in</strong></span> <span class='ocrx_word' id='word_1_895' title='bbox 2345 5599 2551 5654; x_wconf 90' lang='lat' dir='ltr'><strong>visione</strong></span> <span class='ocrx_word' id='word_1_896' title='bbox 2593 5610 2785 5656; x_wconf 90' lang='lat' dir='ltr'><strong>octava</strong></span> <span class='ocrx_word' id='word_1_897' title='bbox 2829 5601 2968 5656; x_wconf 88' lang='lat' dir='ltr'><strong>idem</strong></span> <span class='ocrx_word' id='word_1_898' title='bbox 3021 5603 3234 5679; x_wconf 89' lang='lat' dir='ltr'><strong>Daniel:</strong></span> <span class='ocrx_word' id='word_1_899' title='bbox 3261 5621 3279 5655; x_wconf 74' lang='grc' dir='ltr'><strong>ι</strong></span> <span class='ocrx_word' id='word_1_900' title='bbox 3337 5602 3504 5667; x_wconf 91' lang='lat' dir='ltr'><strong>Scito,</strong></span> 
     </span>
    </p>
   </div>
   <div class='ocr_carea' id='block_1_117' title="bbox 1933 5688 3504 5760">
    <p class='ocr_par' dir='ltr' id='par_1_117' title="bbox 1933 5688 3504 5760">
     <span class='ocr_line' id='line_1_117' title="bbox 1933 5688 3504 5760; baseline 0.003 -18"><span class='ocrx_word' id='word_1_901' title='bbox 1933 5689 2124 5758; x_wconf 86' lang='lat' dir='ltr'><strong>inquit,</strong></span> <span class='ocrx_word' id='word_1_902' title='bbox 2176 5699 2229 5745; x_wconf 91' lang='lat' dir='ltr'><strong>et</strong></span> <span class='ocrx_word' id='word_1_903' title='bbox 2280 5690 2460 5760; x_wconf 88' lang='lat' dir='ltr'><strong>planta</strong></span> <span class='ocrx_word' id='word_1_904' title='bbox 2491 5706 2696 5758; x_wconf 88' lang='lat' dir='ltr'><strong>aurem,</strong></span> <span class='ocrx_word' id='word_1_905' title='bbox 2739 5701 2793 5746; x_wconf 91' lang='lat' dir='ltr'><strong>et</strong></span> <span class='ocrx_word' id='word_1_906' title='bbox 2847 5688 3213 5749; x_wconf 89' lang='lat' dir='ltr'><strong>animadverte</strong></span> <span class='ocrx_word' id='word_1_907' title='bbox 3243 5693 3310 5748; x_wconf 90' lang='lat' dir='ltr'><strong>ab</strong></span> <span class='ocrx_word' id='word_1_908' title='bbox 3360 5694 3504 5748; x_wconf 83' lang='lat' dir='ltr'><strong>exitu</strong></span> 
     </span>
    </p>
   </div>
   <div class='ocr_carea' id='block_1_118' title="bbox 1932 5785 3498 5857">
    <p class='ocr_par' dir='ltr' id='par_1_118' title="bbox 1932 5785 3498 5857">
     <span class='ocr_line' id='line_1_118' title="bbox 1932 5785 3498 5857; baseline 0.002 -22"><span class='ocrx_word' id='word_1_909' title='bbox 1932 5786 2213 5850; x_wconf 76' lang='lat' dir='ltr'><strong>sermonis,</strong></span> <span class='ocrx_word' id='word_1_910' title='bbox 2280 5793 2337 5838; x_wconf 84' lang='lat' dir='ltr'><strong>ut</strong></span> <span class='ocrx_word' id='word_1_911' title='bbox 2410 5785 2600 5841; x_wconf 91' lang='lat' dir='ltr'><strong>iterum</strong></span> <span class='ocrx_word' id='word_1_912' title='bbox 2660 5786 2956 5843; x_wconf 83' lang='lat' dir='ltr'><strong>:edilicetur</strong></span> <span class='ocrx_word' id='word_1_913' title='bbox 3017 5787 3346 5857; x_wconf 81' lang='lat' dir='ltr'><strong>Hierusalem</strong></span> <span class='ocrx_word' id='word_1_914' title='bbox 3406 5800 3498 5838; x_wconf 78' lang='lat' dir='ltr'><strong>us-</strong></span> 
     </span>
    </p>
   </div>
  </div>
