4106 6310
579 365 646 419 55
1006 364 1062 419 S.
1099 362 1300 418 PETRI
1335 358 1621 419 DAMlANl.
1656 360 1807 417 OPP.
1851 360 2088 416 TOMUS
2126 358 2256 415 SE1]
2297 361 2477 416 PARS
2514 362 2601 415 Ill.
2626 391 2694 400 ——
2731 360 3094 417 OPUSCULA
3136 360 3359 415 VARIA.
3754 359 3824 415 56

580 495 683 549 que
739 479 806 533 ad
889 478 1165 533 Christum
1227 476 1415 532 ducem
1480 474 1853 530 hebdomadas
1924 482 2150 543 septem,
2181 475 2233 534 Α
2259 471 2516 527 tondente
2541 486 2600 527 se
2624 472 2982 538 obmutescet,
3013 480 3067 526 et
3103 487 3209 527 non
3256 471 3464 541 aperiet
3516 485 3578 525 os
3616 485 3773 525 suum
3806 513 3824 536 ,

578 570 682 640 37
713 579 768 624 ct
796 568 937 622 muri
980 567 1035 620 in
1058 565 1302 635 angustia
1344 576 1646 634 temporum
1677 583 1690 619 :
1719 572 1774 617 et
1801 571 1922 635 post
1944 564 2148 618 hebdo-

580 659 766 713 madas
789 657 1068 726 sexaginta
1085 656 1361 711 occidetur
1383 654 1631 710 Christus
1657 671 1672 708 :
1697 661 1752 708 et
1781 669 1891 709 non
1910 653 2015 709 erit
2033 651 2149 720 ejus

578 747 826 817 populus,
857 745 949 815 qui
1004 759 1128 799 eum
1183 754 1475 816 negaturus
1519 753 1603 799 est
1631 743 1790 814 (Dan.
1819 742 1917 814 ts).
1956 762 1977 797 ι
2011 741 2149 809 Quid

577 838 834 908 apertius,
861 836 992 907 quid
1011 836 1321 905 expressius
1346 836 1410 891 de
1430 845 1605 891 morte
1627 835 1829 893 Christi
1844 835 1954 891 dici
1971 841 2150 903 potest

576 928 813 997 eo,quod
828 928 1044 994 dicitur,
1056 928 1362 985 «occidetur
1373 924 1620 983 Christus
1631 928 1682 980 r?
1694 927 1807 983 Non
1821 927 2149 998 hic'mystica

573 1017 706 1071 latet
725 1015 916 1088 ﬁgura,
934 1033 1041 1073 non
1065 1017 1275 1073 occulta
1302 1018 1593 1078 sententia.
1620 1017 1714 1073 sed
1738 1028 1923 1087 aperta
1946 1018 2145 1086 potius,

574 1108 700 1161 licet
723 1106 790 1162 de
805 1105 1001 1162 futuris
1016 1106 1125 1175 jam
1148 1122 1294 1162 nunc
1315 1118 1575 1164 narratur
1592 1106 1842 1162 historia.
1866 1104 1963 1160 Cui
1985 1105 2146 1161 etiam

577 1195 789 1251 Danicli
817 1195 1036 1252 Gabriel
1057 1198 1280 1266 angelus
1304 1197 1465 1267 paulo
1486 1197 1732 1265 superius
1752 1196 1952 1252 iterum
1976 1194 2105 1251 dicit
2129 1209 2144 1247 :

581 1308 597 1335 ε
639 1287 718 1342 Tu
769 1297 947 1342 autem
1001 1289 1370 1343 animadverte
1418 1301 1743 1351 sermonem,
1803 1295 1859 1341 et
1911 1286 2149 1357 intelligc

574 1380 837 1434 visionem
874 1398 887 1433 :
918 1379 1253 1449 septuaginta
1285 1379 1635 1434 hebdomadas
1675 1377 2003 1433 abbreviata:
2023 1386 2148 1433 sunt

580 1483 739 1537 super
762 1469 1015 1538 populum
1046 1477 1221 1533 tuum,
1237 1479 1291 1524 et
1309 1484 1472 1538 super
1491 1470 1678 1524 urbem
1694 1476 1935 1523 sanctam
1963 1476 2142 1523 tuam:

577 1567 635 1611 ut
661 1568 1008 1613 consumetur
1035 1558 1429 1629 prmvaricatio,
1461 1567 1515 1613 et
1547 1558 1707 1613 linem
1746 1558 1975 1627 accipiat
2014 1572 2146 1627 pec-

576 1657 776 1712 catum,
816 1657 871 1702 et
914 1649 1158 1704 deleatur
1205 1648 1486 1719 iniquitas,
1528 1657 1581 1702 et
1619 1646 2144 1716 adducaturjustitia

577 1741 921 1810 sempiterna,
979 1750 1035 1797 et
1090 1741 1379 1811 impleatur
1427 1742 1583 1806 visio,
1638 1749 1694 1796 et
1739 1742 2037 1811 prophetia,
2091 1748 2146 1795 et

2238 561 2319 640 ~de
2363 562 2613 632 angustia
2657 571 2714 617 et
2761 563 2829 618 de
2878 561 3085 630 judicio
3110 561 3354 618 sublatus
3376 571 3480 617 est.
3509 560 3827 627 Generatio—

2250 665 2373 706 nem
2400 652 2517 722 ejus
2538 652 2661 722 quis
2691 654 3006 708 enarrabit?
3026 652 3161 720 Quia
3184 654 3458 709 abscissus
3482 654 3652 708 estde
3679 661 3825 708 terra

2250 740 2546 797 viventium
2579 743 2733 813 :38
2756 752 2978 813 propter
3006 743 3183 800 scelus
3224 744 3409 814 populi
3443 745 3547 799 mei
3584 745 3823 814 percussi

2250 845 2395 885 eum.
2421 831 2488 885 Et
2513 833 2664 887 dabit
2704 833 2900 902 impios
2947 848 3046 902 pro
3072 834 3369 903 sepultura,
3400 844 3457 889 et
3477 835 3697 890 divitem
3722 851 3827 905 pro

2251 931 2427 977 morte
2477 938 2595 987 sua,
2631 938 2697 978 eo
2725 926 2870 994 quod
2927 926 3265 995 iniquitatem
3314 942 3422 982 non
3460 926 3675 992 fecerit,
3723 942 3824 983 nec

2249 1011 2402 1067 dolus
2427 1012 2592 1069 fuerit
2614 1014 2672 1069 in
2694 1029 2793 1071 ore
2816 1014 2955 1083 ejus,
2976 1025 3031 1072 et
3060 1018 3318 1074 Dominus
3338 1018 3507 1073 voluit
3530 1034 3655 1074 eum
3684 1035 3824 1074 con-

2250 1110 2428 1161 terere
2451 1106 2504 1161 in
2528 1106 2867 1162 inﬁrmitate.
2886 1107 2942 1163 Si
2965 1111 3207 1177 posuerit
3232 1119 3561 1182 propeccato
3586 1111 3822 1165 animam

2248 1211 2423 1262 suam,
2449 1198 2655 1253 videbit
2680 1212 2867 1254 semen
2894 1199 3225 1271 longaevum;
3254 1211 3309 1256 et
3332 1201 3581 1256 voluntas
3610 1201 3820 1256 Domini

2248 1285 2302 1340 in
2326 1301 2485 1340 manu
2503 1286 2622 1356 ejus
2643 1288 2921 1361 dirigetur,
2942 1305 3041 1359 pro
3066 1306 3133 1345 eo
3153 1292 3295 1359 quod
3318 1291 3539 1345 tradidit
3566 1292 3621 1345 in
3651 1299 3825 1346 morte

2248 1375 2484 1429 animam
2532 1389 2705 1441 suam,
2738 1385 2793 1431 et
2834 1392 2958 1433 cum
2985 1378 3267 1434 sceleratis
3308 1380 3595 1448 deputatus
3623 1388 3739 1443 est;
3770 1388 3828 1434 et

2248 1465 2361 1534 ipse
2387 1473 2610 1534 peccata
2633 1466 2923 1523 multorum
2949 1468 3091 1534 tulit,
3127 1477 3182 1523 et
3204 1483 3305 1538 pro
3338 1469 3831 1540 transgressoribus

2248 1555 2475 1626 rogavit,
2501 1563 2560 1609 ut
2583 1571 2689 1610 non
2719 1558 2983 1626 perirent.
3018 1577 3037 1609 ι
3286 1626 3291 1627 ί

2325 1647 2420 1703 Vis
2447 1647 2626 1702 adhuc
2652 1648 2840 1705 audire
2862 1649 2968 1707 alia
2995 1658 3160 1722 atque
3203 1650 3309 1705 alia
3339 1650 3405 1705 de
3425 1658 3601 1706 morte
3622 1648 3829 1705 Christi

2247 1736 2582 1792 lucidissima
2604 1738 2938 1805 testimonia,
2954 1748 3010 1795 et
3030 1741 3234 1810 absque
3262 1740 3370 1796 ulla
3390 1755 3613 1811 prorsus
3635 1740 3830 1797 obscu-

581 1840 812 1901 ungatur
860 1830 1091 1888 Sanetus
1121 1841 1433 1887 sanctorum
1469 1832 1682 1902 (Ibid).
1728 1853 1748 1885 ι
1781 1834 1935 1899 Quod
1983 1832 2029 1887 si
2083 1832 2150 1887 de
2180 1817 2223 1875 Β
2251 1828 2413 1883 ritate
2430 1827 2673 1897 prolata?
2693 1829 2834 1885 Audi
2863 1830 3051 1900 itaque
3084 1832 3216 1902 quid
3256 1831 3512 1888 Salomon
3542 1833 3609 1887 de
3630 1831 3835 1888 iudicis

576 1920 843 1987 praeﬁnito
869 1930 1169 1992 temporum
1200 1937 1426 1977 numero
1448 1922 1685 1986 dubitas,
1728 1922 1843 1992 lege
1868 1919 2156 1977 Tcrtullia-
2251 1929 2442 1975 contra
2486 1919 2765 1983 Christum
2807 1922 3267 1987 machinantibus,
3322 1931 3377 1979 et
3424 1924 3490 1979 de
3535 1922 3654 1993 ejus
3699 1937 3831 1978 nece

577 2017 724 2072 num‘,’
753 2019 807 2062 et
835 2008 1119 2064 manifeste
1143 2010 1383 2079 reperies
1411 2010 1835 2081 quadringentos
1856 2010 2150 2079 nonaginta

577 2111 746 2150 armos
794 2096 1223 2167 fuisseaprimo
1273 2113 1414 2152 anno
1465 2098 1610 2152 Darii
1668 2098 1810 2168 regis
1860 2097 2152 2152 Persarum

575 2204 747 2257 usque
774 2190 842 2244 ad
871 2190 1137 2246 excidium
1164 2190 1524 2257 Hierusalem,
1548 2192 1689 2260 quod
1716 2189 1920 2246 factum
1946 2198 2031 2245 est
2053 2204 2152 2258 per

578 2282 967 2350 Vespasianum
983 2282 1209 2338 Romani
1225 2283 1434 2354 imperii
1448 2283 1766 2354 principem.
1781 2280 2149 2353 Septingenta:

580 2382 758 2429 autem
790 2374 1142 2430 hebdomadaz
1181 2374 1602 2446 quadringentos
1642 2373 1931 2443 nonaginta
1977 2388 2151 2428 annos

579 2464 782 2533 absque
846 2463 952 2518 ulla
1009 2465 1285 2520 dubietate
1342 2463 1647 2533 perﬁciunt.
1714 2463 1905 2519 Dicitis
1964 2472 2144 2518 autem

578 2555 807 2608 necdum
833 2554 1047 2609 venisse
1078 2554 1371 2618 Christum,
1405 2562 1459 2608 et
1488 2553 1665 2608 adhuc
1685 2568 1808 2606 eum
1834 2566 1932 2607 vos
1957 2566 2146 2622 exspe-

576 2652 725 2698 ctare
750 2651 1055 2699 venturum.
1090 2643 1195 2699 Sed
1233 2645 1356 2714 quis
1398 2644 1640 2713 ambigat
1684 2644 1828 2699 hunc
1879 2659 2144 2699 annorum

575 2748 860 2789 numerum
884 2750 914 2788 a
939 2743 1180 2804 tempore
1210 2733 1445 2788 Dauiclis
1476 2749 1596 2788 esse
1621 2732 1992 2789 transactum?
2022 2747 2143 2788 cum

570 2826 677 2895 jam
709 2827 853 2882 mille
875 2827 1230 2898 quadraginta
1254 2841 1426 2881 annos
1452 2825 1579 2880 huic
1625 2839 1851 2880 summae
1876 2824 2143 2894 superad-

575 2917 719 2972 ditos
742 2933 862 2972 esse
885 2932 991 2972 non
1017 2916 1297 2989 ignorem?

644 3006 1171 3077 lmpudentissimum
1224 3021 1351 3078 ergo
1405 3015 1526 3071 est,
1587 3014 1708 3076 post
1768 3015 1879 3066 tam
1921 3005 2139 3076 longum

572 3108 803 3168 tempus,
836 3097 1153 3168 prophetico
1177 3112 1402 3152 numero
1446 3096 1872 3168 superadditum,
1897 3096 2137 3152 futurum

573 3192 751 3248 adhuc
777 3206 1021 3249 asserere
1045 3189 1339 3247 Salvatoris
1360 3193 1673 3248 adventum.
1703 3192 1834 3247 Nam
1861 3193 1978 3262 ipso
2004 3201 2139 3247 tem-
2168 3175 2209 3237 C

576 3298 727 3352 pore,
759 3298 865 3350 quo
893 3282 1149 3337 Dominus
1191 3283 1383 3353 agebat
1428 3283 1568 3338 inter
1618 3284 1886 3349 homines,
1926 3291 2139 3352 poterat

572 3372 801 3427 forsitan
830 3373 1032 3428 malitia
1058 3371 1362 3428 Iudaeorum
1385 3374 1603 3428 veritati
1633 3374 2023 3437 contradicere,
2050 3389 2142 3444 ap-

571 3464 802 3533 probans
829 3480 888 3519 se
914 3464 980 3518 de
1000 3463 1210 3534 expleto
1234 3464 1368 3519 tanti
1396 3465 1650 3534 temporis
1674 3466 1850 3535 spatio
1872 3464 2139 3519 dubitare.

576 3554 727 3612 Nunc
760 3565 943 3612 autem
977 3573 1100 3612 cum
1150 3572 1311 3628 supra
1361 3557 1639 3627 praefatum
1690 3572 1973 3612 numerum
2033 3564 2141 3609 tam

573 3652 890 3722 multiplicia
916 3667 1177 3707 annorum
1220 3653 1494 3708 curricula
1529 3652 1986 3723 supercreverint,
2021 3649 2144 3719 quis

568 3743 680 3812 jam
704 3743 770 3799 de
797 3742 1016 3812 praeﬁxo
1038 3759 1263 3798 numero
1289 3759 1349 3799 se
1373 3742 1519 3798 dicat
1564 3744 1847 3814 ambigere
1879 3756 2001 3796 cum
2047 3755 2142 3794 su-

577 3836 857 3903 peraddita
913 3844 992 3891 tot
1039 3844 1338 3906 temporum
1382 3836 1556 3906 spatia
1605 3836 1692 3890 vix
1726 3813 1909 3891 valcat
1946 3850 2146 3904 suppu-

570 3926 730 3981 tare?

647 4017 856 4072 Rursus
885 4018 951 4073 de
976 4018 1226 4086 passione
1272 4017 1494 4083 Christi,
1521 4026 1576 4071 et
1622 4026 1794 4072 morte
1835 4017 1953 4087 ejus
1978 4016 2145 4072 isaias

583 4108 917 4175 apertissime
942 4107 1196 4177 loquitur,
1221 4107 1405 4163 dicens
1429 4127 1441 4161 :
1465 4128 1484 4161 ι
1506 4108 1749 4175 Domine,
1774 4109 1898 4179 quis
1916 4107 2147 4164 credidit

579 4198 781 4252 auditui
815 4208 1024 4265 nostro,
1073 4209 1130 4256 et
1176 4200 1457 4256 brachium
1488 4202 1699 4258 Domini
1729 4204 1816 4258 cui
1845 4202 2144 4259 revelatum

575 4287 694 4343 est?
720 4287 785 4342 Et
811 4290 1054 4346 ascendit
1082 4291 1223 4347 sicut
1249 4292 1545 4364 virgultum
1597 4309 1779 4350 coram
1809 4308 1897 4359 eo,
1921 4304 1977 4350 et
2004 4294 2147 4349 sicut

580 4380 731 4434 radix
755 4383 822 4436 de
847 4390 986 4436 terra
1015 4384 1221 4439 sitienti
1252 4403 1263 4438 :
1289 4394 1343 4440 et
1387 4401 1493 4441 non
1518 4395 1603 4441 est
1632 4386 1840 4455 species
1867 4386 1939 4450 ei,
1971 4401 2145 4455 neque

579 4469 773 4535 decor;
804 4481 859 4524 ct
881 4472 1114 4528 vidimus
1138 4490 1282 4541 eum,
1308 4486 1361 4530 et
1389 4490 1499 4529 non
1524 4484 1643 4531 erat
1667 4486 1938 4545 aspectus,
1962 4484 2017 4530 et
2048 4477 2142 4530 de-

580 4552 938 4616 sideravimus
975 4576 1097 4617 eum
1136 4564 1467 4632 despectum,
1499 4574 1554 4620 et
1601 4566 1952 4620 novissimum
2001 4566 2144 4621 viro-

580 4664 725 4714 rum,
747 4651 922 4706 virum
952 4652 1220 4717 dolorum.
1261 4657 1315 4709 ei
1367 4656 1627 4711 scientem
1667 4656 2058 4719 infirmitatem,
2089 4666 2145 4710 et

579 4743 731 4810 quasi
760 4742 1110 4800 absconditus
1124 4755 1207 4802 est
1234 4746 1411 4801 vultus
1437 4747 1572 4815 ejus,
1588 4757 1643 4804 et
1662 4749 1947 4818 despectus
1966 4766 1981 4813 ;
2001 4748 2144 4804 unde

577 4848 676 4889 nec
705 4837 1071 4906 reputavimus
1094 4853 1237 4892 eum.
1290 4839 1429 4895 Vere
1468 4840 1758 4911 languores
1784 4849 2000 4895 nostros
2026 4841 2141 4911 ipse

580 4926 719 4991 tulit,
750 4938 806 4982 et
828 4927 1039 4984 dolores
1065 4938 1277 4984 nostros
1317 4930 1432 5000 ipse
1473 4932 1710 5000 portavit
1739 4948 1752 4985 :
1778 4940 1833 4986 et
1857 4946 1958 4986 nos
1980 4939 2141 5001 puta-

576 5019 754 5071 vimus
773 5031 893 5071 eum
926 5020 1079 5087 quasi
1105 5018 1398 5089 leprosum,
1427 5029 1482 5074 et
1523 5036 1834 5090 percussum
1864 5036 1895 5076 a
1918 5021 2047 5089 Deo,
2089 5029 2145 5077 et

579 5107 955 5172 humiliatum;
988 5109 1101 5178 ipse
1132 5119 1312 5164 autem
1354 5111 1669 5166 vulneratus
1688 5120 1773 5166 est
1801 5122 2022 5181 propter
2044 5113 2143 5166 ini-

576 5199 812 5267 quitates
831 5207 1064 5263 nostras,
1094 5202 1309 5258 attritus
1333 5210 1415 5258 est
1453 5211 1670 5273 prepter
1695 5202 1900 5257 scelera
1921 5210 2139 5267 nostra;

578 5289 857 5360 disciplina
910 5291 1059 5361 pacis
1104 5300 1299 5349 nostra:
1335 5309 1496 5364 super
1545 5309 1689 5358 eum,
1720 5301 1774 5347 et
1818 5293 1989 5349 livore
2027 5292 2144 5362 ejus

576 5380 753 5435 sanati
798 5396 999 5436 sumus.
1051 5381 1250 5438 Omnes
1294 5399 1391 5438 nos
1437 5385 1586 5452 quasi
1614 5400 1743 5439 oves
1793 5386 2140 5439 erravimus:

584 5471 948 5542 unusquisque
1001 5471 1053 5525 in
1105 5472 1244 5526 viam
1276 5490 1424 5529 suam
1457 5474 1771 5538 declinavit;
1807 5484 1860 5529 et
1885 5475 2141 5528 Dominus

581 5560 760 5628 posuit
786 5561 839 5617 in
863 5577 927 5617 eo
953 5562 1289 5633 iniquitatem
1338 5567 1574 5620 omnium
1619 5575 1886 5621 nostrum.
1917 5565 2142 5622 Oblatus

583 5662 687 5718 est,
719 5654 845 5724 quia
870 5655 983 5726 ipse
1011 5655 1194 5720 voluit,
1220 5666 1276 5711 et
1310 5672 1414 5711 non
1445 5658 1657 5726 aperuit
1681 5672 1740 5713 os
1763 5672 1917 5711 suum
1956 5677 1966 5709 :
2002 5658 2141 5710 sicut

581 5744 697 5799 ovis
726 5745 792 5799 ad
823 5746 1144 5802 occisionem
1189 5748 1430 5811 ducetur,
1483 5758 1533 5800 et
1561 5748 1712 5815 quasi
1743 5761 1909 5817 agnus
1956 5762 2135 5799 coram

2252 2013 2642 2080 tractantibus,
2700 2022 2912 2070 asserat
2959 2033 2972 2069 :
3036 2032 3055 2066 ‹
3112 2014 3395 2080 Dixerunt,
3440 2014 3638 2084 inquit,
3679 2013 3832 2084 impii

2248 2108 2389 2176 apud
2417 2108 2742 2178 semetipsos
2774 2123 2789 2162 :
2820 2108 3032 2175 Venite,
3066 2109 3559 2165 circumveniamus
3599 2109 3829 2179 justum,

2250 2196 2504 2265 quoniam
2555 2197 2763 2254 inutilis
2785 2208 2868 2255 est
2908 2198 3090 2267 nobis,
3120 2208 3177 2255 et
3200 2200 3506 2255 contrarius
3533 2208 3620 2255 est
3646 2201 3830 2270 operi-

2248 2288 2351 2342 bus
2379 2290 2601 2354 nostris,
2634 2298 2691 2345 et
2741 2291 3070 2362 improperat
3114 2293 3270 2347 nobis
3324 2302 3545 2363 peccata
3589 2293 3743 2365 legis,
3776 2303 3828 2349 et

2248 2378 2491 2431 diﬂ‘amal
2520 2380 2571 2432 in
2597 2394 2694 2435 nos
2724 2390 2947 2450 peccata
2979 2382 3275 2450 disciplinm
3298 2392 3520 2438 nostrae.
3551 2384 3826 2440 Promittit

2246 2483 2304 2522 se
2329 2469 2612 2525 scientiam
2640 2470 2733 2524 Dei
2764 2471 2983 2537 habere,
3013 2482 3066 2528 et
3095 2473 3289 2529 Filium
3334 2474 3428 2529 Dei
3459 2490 3519 2530 se
3561 2476 3825 2531 nominat.

2244 2559 2441 2616 Factus
2466 2570 2549 2617 est
2581 2562 2737 2616 nobis
2768 2563 2822 2616 in
2853 2563 3247 2620 traductionem
3285 2566 3677 2635 cogitationum
3706 2567 3825 2620 ani-

2244 2665 2454 2705 marum
2477 2659 2806 2706 nostrarum.
2831 2651 3024 2708 Gravis
3050 2661 3134 2708 est
3157 2654 3314 2709 nobis
3341 2654 3508 2709 etiam
3530 2655 3597 2710 ad
3628 2654 3818 2709 viden-

2245 2742 2393 2805 dum,
2425 2741 2682 2810 quoniam
2714 2741 2994 2798 dissimilis
3016 2752 3097 2800 est
3128 2744 3254 2799 aliis
3292 2746 3404 2800 vita
3431 2745 3595 2810 illius,
3633 2755 3687 2800 et
3718 2746 3821 2799 im-

2244 2842 2460 2889 mutata:
2502 2843 2627 2890 sunt
2652 2835 2750 2889 via:
2773 2834 2909 2903 ejus.
2963 2836 3248 2908 Tanquam
3287 2854 3525 2911 nugaces
3565 2839 3816 2893 aestimati

2243 2938 2429 2981 sumus
2455 2924 2523 2980 ab
2552 2924 2751 3002 illo,.et
2782 2927 3021 2984 abstinet
3055 2943 3113 2985 se
3142 2946 3171 2984 a
3196 2930 3300 2985 viis
3333 2929 3537 2984 nostris
3564 2938 3819 2998 tanquam

2241 3018 2310 3070 ab
2363 3015 2754 3084 immunditiis,
2801 3027 2856 3073 et
2910 3019 3127 3089 praefert
3186 3020 3482 3077 novissima
3524 3019 3817 3089 justorum,

2241 3115 2297 3162 et
2320 3107 2583 3178 gloriatur
2608 3119 2817 3177 patrem
2840 3124 2898 3164 se
2923 3112 3092 3166 Deum
3122 3111 3344 3167 habere.
3373 3111 3664 3167 Videamus
3690 3125 3823 3181 ergo

2244 3199 2287 3253 si
2319 3213 2599 3255 sermones
2628 3201 2775 3257 illius
2804 3203 2915 3257 veri
2942 3213 3089 3268 sunt,
3121 3210 3179 3257 et
3229 3211 3499 3259 tentemus
3533 3218 3655 3272 quae
3693 3217 3827 3256 ven-

2242 3297 2363 3343 tura
2387 3299 2514 3345 sunt
2537 3290 2635 3355 illi,
2660 3301 2713 3346 et
2744 3293 2980 3347 sciemus
3002 3308 3123 3362 quae
3146 3302 3307 3347 erunt
3335 3293 3626 3348 novissima
3650 3292 3816 3346 illius.

2243 3378 2300 3432 Si
2333 3380 2479 3433 enim
2509 3387 2593 3434 est
2620 3394 2781 3433 verus
2808 3380 2903 3434 Dei
2928 3381 3113 3441 Filius,
3139 3382 3398 3450 suscipiet
3423 3382 3594 3446 illum,
3622 3382 3825 3437 etlibe-

2243 3468 2384 3522 rahit
2428 3484 2551 3523 eum
2604 3468 2672 3523 de
2716 3484 2876 3523 manu
2929 3471 3350 3525 contrariorum.
3404 3470 3739 3525 Contumelia
3769 3482 3826 3526 et

2244 3566 2516 3615 tormento
2567 3560 2963 3632 interrogemus
2993 3560 3164 3628 illum,
3194 3572 3253 3617 ut
3302 3563 3540 3639 sciamus
3567 3577 3827 3619 reveren-

2245 3650 2373 3704 tiam
2429 3647 2564 3717 ejus.
2617 3648 2786 3704 Morte
2818 3651 3127 3721 turpissima
3183 3653 3606 3709 condemnemus
3633 3651 3821 3719 illum;

2246 3741 2351 3794 erit
2378 3740 2520 3794 enim
2546 3751 2827 3810 respectus
2855 3755 2921 3796 ex
2955 3743 3297 3798 sermonibus
3326 3742 3490 3798 illius.
3514 3741 3641 3797 Haec
3671 3744 3823 3813 cogi~

2249 3837 2517 3895 laverunt,
2542 3837 2598 3884 et
2627 3840 2951 3886 erraverunt
2976 3846 2991 3885 :
3023 3833 3317 3888 excascavit
3350 3833 3495 3888 enim
3522 3832 3640 3889 illos
3662 3833 3822 3888 mali-

2247 3921 2321 3975 tia
2353 3935 2563 3987 eorum,
2586 3930 2641 3976 et
2661 3923 2972 3978 nescierunt
2999 3934 3404 3980 sacramentum
3433 3924 3551 3990 Dei,
3576 3933 3629 3980 et
3645 3939 3822 3995 neque

2248 4024 2605 4086 speraverant
2647 4016 2952 4072 mercedem
2997 4017 3243 4087 justitiae,
3301 4032 3401 4073 nec
3446 4017 3825 4088 judicaverunt

2248 4107 2507 4162 honorem
2539 4107 2843 4163 animarum
2894 4125 3113 4165 suarum
3142 4108 3293 4181 (Sap.
3345 4110 3429 4181 ιι).
3466 4128 3485 4163 ι
3529 4110 3595 4164 Et
3638 4108 3825 4162 lliere-

2248 4200 2422 4255 mias:
2457 4219 2475 4250 Ι
2514 4199 2770 4270 Spiritus,
2799 4201 2999 4272 inquit,
3029 4202 3142 4258 oris
3169 4202 3342 4257 nostri
3372 4200 3618 4257 Christus
3638 4200 3821 4255 Domi-

2248 4306 2353 4345 nus
2371 4300 2564 4359 captus
2586 4299 2667 4344 est
2695 4291 2750 4344 in
2776 4292 3016 4359 peccatis
3049 4292 3250 4345 nostris
3283 4309 3296 4345 :
3341 4291 3428 4346 cui
3453 4290 3687 4345 diximus
3719 4308 3732 4344 :
3762 4288 3821 4342 in

2249 4379 2440 4434 umbra
2469 4389 2557 4433 tua
2589 4380 2831 4433 vivemus
2855 4380 2906 4432 in
2932 4381 3182 4449 gentibus
3207 4380 3425 4451 (Thren.
3456 4381 3551 4451 tv).
3590 4400 3609 4433 ι
3636 4381 3706 4434 Ει
3728 4394 3826 4448 per

2251 4466 2465 4521 beatum
2494 4465 2593 4521 Joh
2624 4467 2738 4536 ipse
2765 4467 3026 4522 Dominus
3068 4468 3122 4521 in
3156 4470 3404 4538 passione
3434 4470 3644 4540 positus
3689 4484 3820 4523 con-

2252 4557 2515 4627 queritur,
2547 4556 2732 4611 dicens
2762 4575 2775 4610 :
2810 4575 2828 4608 ‹
2863 4555 3031 4628 Ruga:
3060 4572 3191 4613 meae
3233 4560 3600 4615 testimonium
3637 4559 3826 4614 dicunt

2249 4657 2438 4703 contra
2456 4662 2566 4714 me,
2580 4656 2635 4703 et
2654 4648 2947 4703 suscitatur
2968 4649 3292 4719 falsiloquus
3315 4650 3601 4706 adversum
3628 4649 3822 4704 faciem

2250 4757 2426 4798 meam
2479 4741 2856 4797 contradicens
2902 4742 3056 4796 mihi.
3105 4741 3319 4812 Colligit
3369 4743 3533 4796 etiam
3581 4741 3820 4795 furorem

2250 4848 2404 4889 suum
2437 4834 2491 4888 in
2526 4848 2635 4899 me,
2664 4841 2719 4889 et
2748 4834 3087 4889 comminans
3128 4835 3279 4899 mihi,
3319 4833 3597 4889 infremuit
3631 4841 3824 4891 contra

2251 4940 2338 4980 me
2389 4925 2639 4980 dentibus
2685 4924 3043 4981 suiszhostis
3096 4939 3248 4980 meus
3295 4924 3626 4983 terribilibus
3651 4923 3824 4979 oculis

2252 5034 2337 5073 me
2366 5018 2591 5073 intuitus
2619 5027 2724 5073 est.
2754 5018 3099 5087 Aperuerunt
3144 5031 3310 5087 super
3339 5029 3427 5071 me
3455 5031 3551 5071 ora
3579 5030 3696 5079 sua,
3725 5030 3822 5069 cx-

2255 5108 2575 5178 probrantes
2621 5116 3004 5176 percusserunt
3050 5106 3325 5161 maxillam
3380 5120 3591 5170 meam,
3642 5104 3823 5159 satiati

2250 5208 2375 5254 sunt
2400 5197 2575 5267 poenis
2601 5196 2754 5252 meis.
2778 5195 3056 5251 Conclusit
3098 5210 3183 5250 me
3214 5195 3355 5250 Deus
3388 5192 3529 5264 apud
3555 5193 3822 5263 iniquum,

2249 5298 2301 5344 et
2339 5289 2591 5343 manibus
2627 5287 2911 5356 impiorum
2966 5301 3053 5342 me
3083 5286 3319 5343 tradidit.
3343 5284 3709 5341 Circumdedit
3738 5298 3825 5338 me

2249 5382 2449 5438 lanceis
2474 5382 2606 5445 suis,
2631 5390 2683 5435 ct
2708 5380 3114 5435 convulneravit
3161 5380 3373 5435 lumbos
3401 5392 3581 5441 meos;
3607 5391 3713 5431 non
3736 5389 3828 5444 pes

2250 5474 2441 5542 percit,
2463 5482 2516 5527 et
2536 5470 2723 5526 cﬁ'udit
2751 5471 2802 5525 in
2832 5480 3031 5526 terram
3061 5472 3270 5526 viscera
3313 5485 3431 5525 mea
3471 5469 3593 5540 (Job
3618 5478 3752 5537 XVI).
3794 5484 3815 5517 ι

2247 5566 2375 5634 Qua:
2422 5566 2669 5620 videlicet
2716 5564 2898 5618 omnia
2952 5579 2985 5617 a
3035 5563 3192 5618 beato
3234 5562 3334 5618 Joh
3376 5577 3598 5633 prorsus
3644 5567 3826 5614 extra-

2246 5673 2369 5720 nea,
2407 5658 2458 5709 in
2497 5656 2713 5710 Christo
2749 5654 3089 5723 reperiuntur
3129 5654 3245 5709 luce
3265 5653 3463 5709 clarius
3492 5653 3656 5709 fuisse
3676 5666 3824 5707 com-

2241 5747 2400 5815 plela.
