4106 6310
389 306 445 361 57
944 300 1187 357 OPUSC.
1230 301 1317 358 Ill.
1354 333 1422 342 —
1463 302 1807 359 DIALOGUS
1841 302 2052 359 INTER
2090 303 2393 359 JUDJEUM
2432 304 2520 358 ET
2561 305 3051 367 CllRlSTIANUM.
3557 337 3627 392 53

366 438 369 439 ν
451 418 593 473 Ecce
621 417 712 485 qui
746 424 864 485 post
887 424 995 470 tam
1023 416 1360 486 perspicuam
1387 414 1752 485 exemplorum
1777 415 1948 469 lucem
1980 425 2027 480 Α
2057 416 2220 470 vium.
2253 416 2392 470 Audi
2441 416 2625 485 igitur,
2656 420 2783 486 quid
2812 420 2924 488 ipse
2965 422 3110 478 dicat
3138 441 3150 475 :
3183 442 3198 474 ι
3235 424 3379 479 Dixit
3408 425 3624 480 Balaam

384 508 556 564 adhuc
602 505 923 561 testimoniis
948 505 1168 576 indiget,
1201 513 1372 560 restat
1399 515 1457 558 ut
1487 505 1551 558 ad
1584 504 1953 574 contemplan-

382 601 506 656 dum
557 600 859 654 radiantem
911 598 967 653 in
1017 598 1240 653 meridie
1267 597 1443 653 'solem
1488 598 1723 652 lucerna:
1773 597 1953 652 lumen

379 692 654 762 eﬁlagitet.
683 690 817 744 Nam
845 704 967 745 cum
994 697 1072 744 tot
1111 696 1378 744 astrorum
1423 686 1722 743 cmlestium
1775 689 1955 744 radios

378 797 564 837 coram
590 791 664 847 te,
688 781 890 846 Judae,
925 781 1111 836 videas
1133 781 1454 844 enitescere,
1487 779 1671 842 miror,
1706 793 1823 849 quae
1845 787 1951 833 tam

376 875 557 947 densae
579 875 814 930 tenebra:
837 873 1099 929 excitatis
1141 873 1319 929 locum
1346 874 1509 927 etiam
1536 873 1587 927 in
1612 872 1801 927 vacuis
1825 887 1951 927 ocn-

374 963 553 1019 lorum
573 964 795 1020 orbibus
819 964 930 1034 39
960 965 1174 1020 valeant
1201 965 1467 1020 obtinere.
1501 964 1627 1020 llaec
1655 965 1798 1019 enim
1820 979 1948 1034 per-

373 1055 565 1123 spizua
585 1054 677 1110 lux
707 1056 956 1111 veritatis
981 1055 1132 1109 illum
1165 1070 1379 1126 quoque
1400 1056 1570 1110 latere
1614 1070 1720 1109 non
1750 1056 1947 1124 putuit,

370 1147 467 1215 qui
496 1149 797 1203 tenebrosae
819 1147 1131 1218 cupiditatis
1154 1147 1384 1218 caligine
1405 1149 1587 1202 oculos
1615 1148 1793 1202 cordis
1815 1147 1949 1201 ami-

370 1240 466 1302 sit,
508 1238 729 1293 Balaam
778 1238 1048 1301 videlicet,
1093 1238 1185 1308 qui
1217 1238 1343 1293 dum
1391 1237 1565 1293 lucem
1600 1237 1898 1293 aliorumve
1927 1238 1949 1261 ‘

367 1326 605 1383 fastidiis
629 1330 886 1399 praetulit,
903 1330 1019 1399 ipse
1042 1334 1095 1385 in
1119 1333 1355 1387 tenebris
1376 1332 1686 1387 ambulavit.
1712 1331 1771 1385 Si
1794 1346 1943 1401 ergo,

365 1416 574 1483 Judtee,
607 1422 674 1474 ad
705 1422 951 1477 veritatis
997 1423 1139 1477 viam
1186 1424 1484 1480 videntium
1515 1439 1621 1479 non
1644 1423 1724 1478 vis
1746 1423 1947 1479 habere

365 1508 645 1574 ducatum,
676 1511 866 1566 saltem
921 1527 1094 1568 caecus
1124 1528 1325 1570 caecum
1357 1514 1502 1569 hunc
1543 1529 1773 1584 sequere
1802 1528 1943 1581 prae-

379 1718 2352 1744 mm

2056 504 2198 560 ﬁlius
2229 503 2401 558 Beltor
2433 522 2446 557 :
2479 505 2615 558 dixit
2640 506 2798 561 homo
2822 506 2973 577 cujus
2991 510 3273 565 obluratus
3295 522 3378 566 est
3397 515 3622 569 oculus:

2054 594 2162 672 40
2182 600 2315 653 dixit
2340 599 2554 655 auditor
2574 612 2882 655 sermonum
2907 604 2999 658 Dei
3027 606 3118 675 qui
3149 607 3297 661 novit
3324 607 3623 664 doctrinam

2053 689 2333 752 Altissimi,
2354 700 2408 745 et
2426 690 2686 745 visionem
2711 690 3104 761 Otnnipotentis
3129 695 3293 764 videt,
3314 699 3406 768 qui
3429 699 3627 753 cadens
3718 709 3723 714 ‘

2054 786 2268 848 apertos
2290 780 2452 834 habet
2481 780 2665 835 oculos
2698 798 2713 834 :
2746 779 2945 836 Videbo
2971 797 3117 847 eum,
3161 787 3251 839 sed
3281 802 3385 840 non
3416 788 3573 842 modo
3607 804 3621 841 :

2055 871 2307 926 intuebar
2335 870 2515 938 illum,
2536 873 2628 927 sed
2669 886 2778 927 non
2804 888 2989 943 prope.
3023 872 3327 931 ORlETUR
3359 876 3623 932 STELLA

2055 977 2125 1017 ex
2152 961 2339 1029 Jacob,
2367 972 2424 1018 et
2443 973 2731 1035 consurget
2758 966 2907 1037 virga
2940 967 3006 1020 de
3033 966 3216 1031 Israel,
3265 978 3318 1022 et
3359 969 3624 1040 percutiet

2054 1054 2218 1109 duces
2246 1054 2423 1121 Moab,
2458 1057 2800 1126 vastabitque
2828 1072 3017 1114 omnes
3058 1057 3195 1113 ﬁlios
3245 1058 3397 1113 Seth.
3430 1060 3493 1113 Et
3520 1061 3624 1115 erit

2051 1149 2281 1204 ldumata
2310 1151 2580 1220 possessio
2602 1150 2742 1219 ejus,
2765 1152 3053 1206 haereditas
3073 1152 3193 1208 Seir
3217 1151 3369 1207 cedet
3393 1153 3623 1208 inimicis

2049 1240 2202 1294 suis:
2235 1239 2402 1294 Israel
2455 1254 2581 1294 vero
2634 1239 2849 1296 fortiter
2876 1250 3018 1312 aget.
3064 1242 3139 1298 De
3186 1240 3353 1297 Jacob
3400 1243 3505 1298 erit
3530 1244 3622 1311 qui

2044 1330 2385 1397 dominetur,
2454 1340 2510 1387 et
2559 1331 2757 1401 perdat
2811 1332 3067 1401 reliquias
3132 1333 3371 1388 civitatis
3428 1333 3619 1405 (Num.

2044 1420 2215 1492 xxiv).
2269 1440 2289 1472 ι

2347 1511 2431 1568 Sit
2463 1530 2648 1570 nomen
2686 1514 2897 1570 Domini
2924 1515 3266 1570 benedictum.
3326 1552 3338 1569 ς

1010 1881 1254 1957 πίε
1336 1902 2185 2020 OPUSCULUM
2275 1842 2961 2021 TERTIUM.

468 2118 868 2181 DIALOGUS
908 2119 1147 2179 INTER
1188 2119 1526 2181 JUDJEUM
1587 2119 2184 2193 REQUIRENTEM,
2231 2122 2331 2181 ET
2374 2120 2921 2185 CHRISTIANUM
2963 2124 3013 2185 E
3053 2122 3514 2187 CONTRARIO

1113 2217 1772 2280 RESPONDENTEM.
1820 2219 1928 2279 AD
1971 2219 2316 2281 EUMDEM
2360 2218 2824 2283 HONESTUM.

350 2511 753 2585 Aacuuanrun.
774 2541 843 2551 -
862 2509 1185 2585 Eoru_rndem
1214 2508 1517 2585 dedecorum
1544 2512 1896 2585 pertinaciam
1946 2512 2121 2585 adhuc
2148 2512 2523 2585 vehementius
2551 2512 2797 2583 coarguit
2821 2553 2836 2577 ,
2866 2514 2990 2568 dum
3040 2515 3325 2585 quasdam
3350 2514 3617 2585 captiosas

426 2583 776 2653 quzestiones,
822 2596 957 2650 quas
994 2580 1182 2653 frivola
1213 2581 1264 2635 in
1296 2582 1633 2653 Christianos
1672 2582 1952 2650 objiciunt,
1999 2584 2257 2653 dissolvit.
2300 2583 2546 2637 Pendent
2572 2580 2750 2637 autem
2785 2600 2971 2639 omnes
3000 2580 3072 2638 ex'
3096 2585 3185 2639 illo
3213 2580 3541 2653 capitefcur
3568 2585 3612 2639 si

426 2652 675 2725 Christus
696 2651 861 2725 legent
890 2665 995 2725 non
1026 2649 1261 2725 solvere,
1292 2652 1385 2706 sed
1411 2652 1701 2720 adimplere
1730 2649 1986 2725 venisset,
2033 2652 2165 2725 legis
2192 2651 2440 2707 Mos-dicre
2471 2653 2805 2725 caerem‘ouire
2830 2654 3210 2725 aChristianis
3254 2649 3613 2725 negliguntur.

426 2721 677 2793 Ostendit
701 2719 861 2791 igitur
888 2720 1021 2789 legis
1046 2719 1291 2775 Mosaica:
1338 2719 1628 2790 przccepta,
1677 2723 1901 2793 mystica
1946 2732 1999 2776 et
2024 2719 2327 2777 futurorum
2356 2722 2615 2792 praesagia
2648 2722 2835 2789 fuisse,
2866 2722 3092 2793 ideoque
3124 2727 3175 2779 in
3206 2719 3424 2780 Christo
3453 2728 3612 2780 linem

427 2792 726 2861 accepisse.

426 2943 586 2999 Nunc
638 2951 817 2998 autem
862 2944 929 2999 de
973 2945 1292 3016 quihusdam
1341 2944 1722 3011 memmxiis,
1754 2960 1937 3017 'super
1968 2951 2010 3010 Β
2041 2954 2185 3000 tione
2224 2961 2519 3003 cessemus.
2572 2944 2653 3002 Ad
2705 2946 2849 3018 quod
2898 2945 3191 3003 Sabbatum
3234 2948 3614 3005 celebrandum

354 3038 552 3109 quibus
592 3051 737 3108 stupe
764 3037 1229 3109 scrupulosissime
1283 3038 1561 3109 quaeritis,
1605 3046 1662 3093 et
1703 3040 1935 3108 garrulis

356 3131 674 3199 ambagibus
699 3131 1055 3200 qumstionum
1080 3131 1254 3186 lucem
1297 3131 1547 3197 movetis,
1573 3129 1673 3186 sub
1701 3132 1931 3200 quodam

355 3223 738 3293 inquisitionis,
772 3223 1241 3294 responsionisque
1293 3222 1505 3294 dialogo
1556 3222 1734 3278 brevis
1792 3224 1935 3278 inter

355 3328 454 3368 uos
482 3321 801 3368 eontexatur
822 3313 1015 3378 oratio,
1043 3322 1101 3367 nt
1122 3327 1245 3367 cum
1280 3313 1373 3367 tibi
1405 3312 1564 3367 fuerit
1589 3327 1654 3367 ex
1682 3312 1931 3368 omnibus

352 3406 711 3471 satisfactum,
743 3414 837 3461 aut
866 3404 1205 3475 compellaris
1255 3420 1447 3459 manus
1475 3403 1603 3459 dare
1628 3404 1930 3467 convictus,

349 3508 447 3551 aut
462 3514 584 3554 cum
599 3498 953 3567 ignominiosa
981 3505 1069 3550 tua
1092 3496 1315 3552 recedas
1330 3496 1639 3552 inﬁdelitate
1653 3495 1928 3552 confusus.

348 3591 466 3659 Age
489 3589 673 3659 igitur.

425 3678 659 3745 Qua'stio
691 3680 741 3733 l.
788 3678 846 3733 Si
874 3678 1121 3733 Christus
1150 3691 1260 3733 non
1287 3676 1434 3733 venit
1474 3677 1645 3749 legem
1691 3677 1928 3741 solvere,

351 3770 447 3824 sed
487 3769 744 3839 implere,
777 3785 873 3823 cur
898 3783 1062 3824 carne
1089 3782 1195 3824 non
1228 3767 1630 3823 circumciditur
1663 3767 1928 3823 Christia~

351 3875 456 3917 nus
478 3861 501 3914 ‘l

428 3950 732 4022 Responsio.
778 3950 892 4005 lino
923 3949 1037 4021 jam
1072 3965 1133 4005 se
1162 3950 1283 4005 ideo
1327 3948 1664 4004 Christianus
1706 3948 1929 4004 minime

353 4041 713 4106 circumcidit,
746 4041 870 4110 quia
894 4040 1034 4109 quod
1059 4040 1465 4096 circumcisione
1486 4039 1924 4110 prophetabatur,

352 4134 602 4189 Christus
633 4134 889 4204 implevit.
929 4134 1256 4204 Exspoliatio
1291 4134 1487 4204 quippe
1517 4135 1641 4189 vitae
1670 4134 1925 4201 carnalis,

354 4239 475 4293 quae
488 4225 540 4278 in
561 4225 729 4279 veleri
751 4225 871 4295 lege
892 4224 1065 4278 fuerat
1080 4226 1326 4295 ﬁgurata,
1342 4225 1393 4278 in
1408 4223 1609 4279 Christi
1619 4222 1734 4292 jam
1753 4226 1927 4279 cerni«

2038 3035 2153 3105 ipse
2173 3046 2454 3105 provocat,
2489 3037 2614 3092 dum
2639 3037 2877 3092 clamat:
2906 3057 2924 3089 ι
2959 3035 3166 3102 Venite,
3197 3039 3387 3109 inquit,
3414 3040 3480 3093 ad
3496 3055 3612 3104 me,

2035 3142 2221 3183 omnes
2247 3128 2339 3199 qui
2369 3128 2645 3196 laboratis:
2668 3137 2722 3183 et
2747 3128 2956 3182 onerati
2985 3128 3137 3185 estis.
3169 3137 3222 3181 et
3248 3143 3346 3199 ego
3373 3128 3612 3182 reﬁciam

2034 3234 2150 3275 vos.
2184 3217 2373 3274 Tollite
2408 3219 2596 3291 jugum
2623 3233 2800 3273 meum
2826 3232 2986 3288 super
3011 3233 3106 3272 vos
3124 3258 3139 3284 ,
3165 3226 3221 3271 et
3248 3218 3441 3273 discite
3468 3233 3497 3271 a
3526 3233 3614 3272 me

2032 3310 2157 3380 quia
2184 3310 2332 3365 mitis
2363 3325 2480 3365 sum
2528 3317 2583 3366 et
2627 3308 2843 3364 humilis
2886 3309 3074 3376 corde,
3119 3317 3173 3363 et
3215 3308 3499 3363 invenietis
3529 3324 3616 3363 re-

2032 3402 2213 3471 quiem
2257 3401 2541 3456 animabus
2592 3401 2805 3456 vestris.
2857 3419 2877 3453 )
2924 3398 3169 3454 Carnalis
3214 3414 3342 3470 ergo
3389 3399 3611 3453 Sabbati

2034 3495 2238 3550 cultum
2268 3510 2660 3564 supervacuum
2687 3493 2954 3556 ducimus,
2986 3507 3109 3547 eum
3129 3491 3243 3561 jam
3268 3490 3397 3545 illud
3427 3504 3611 3544 verum

2033 3597 2086 3643 et
2120 3588 2456 3643 salutiferam
2482 3628 2498 3656 ,
2547 3595 2766 3658 propter
2811 3583 2955 3656 quod
2989 3584 3293 3640 institutum
3328 3592 3430 3652 est,
3474 3583 3612 3639 cele-

2032 3679 2274 3733 bramus.
2330 3712 2335 3717 η

2109 3769 2342 3835 Ωιιωςτεό
2365 3766 2417 3823 5.
2453 3766 2511 3823 Si
2536 3767 2783 3823 Christus
2826 3780 2932 3821 non
2963 3765 3111 3820 venit
3159 3764 3330 3835 legem
3379 3763 3607 3827 solvere,

2031 3860 2124 3917 sed
2156 3860 2397 3930 implere,
2432 3875 2532 3915 cur
2554 3859 2896 3914 Christianus
2926 3857 3147 3928 negligit
3177 3857 3421 3911 ciborum
3465 3853 3612 3910 diil'e-

2030 3952 2258 4006 rentiam
2278 3992 2292 4014 ,
2323 3965 2442 4020 quae
2468 3950 2523 4004 in
2557 3948 2672 4020 lege
2706 3948 3016 4020 praecipitur
3043 3947 3316 4002 observari
3341 3946 3364 3998 ?

2106 4045 2405 4116 Responsio.
2432 4044 2544 4100 Iino
2573 4044 2773 4099 ideirco
2800 4044 2914 4098 lucc
2940 4059 2967 4096 a
3009 4039 3329 4096 Christianis
3363 4039 3605 4093 ciborum

2030 4135 2331 4190 diﬂ‘erentia
2375 4150 2483 4189 non
2508 4134 2834 4198 admittitur,
2865 4131 3117 4201 quoniam
3148 4146 3178 4183 a
3201 4128 3437 4192 Christo,
3462 4127 3604 4196 quod

2028 4243 2127 4296 per
2146 4228 2285 4283 hanc
2312 4226 2664 4297 ﬁgurabatur,
2698 4226 2966 4295 impletur.
3013 4224 3351 4278 lmmunditia
3386 4223 3604 4292 quippe,

356 4323 446 4368 tur
468 4315 863 4370 resurrectione
884 4316 1147 4384 completa
1174 4333 1188 4370 :
1218 4324 1273 4369 et
1297 4316 1438 4385 quod
1465 4323 1843 4385 exspectamus
1871 4316 1924 4369 in
1952 4305 1998 4368 C
2028 4331 2147 4387 quae
2176 4324 2303 4372 tunc
2323 4316 2614 4371 cavebatur
2634 4316 2688 4370 in
2708 4316 2876 4381 cibis,
2909 4330 3049 4369 nunc
3074 4316 3126 4368 in
3156 4315 3395 4368 moribus
3420 4328 3605 4382 repro-

356 4413 541 4459 nOstra
572 4406 967 4462 resurrectione
1026 4405 1286 4471 futurum,
1333 4407 1445 4476 jam
1492 4407 1546 4461 in
1579 4407 1720 4462 sacri
1751 4407 1927 4478 bapti-

356 4499 545 4552 smatis
575 4497 832 4568 mysterio
860 4498 1283 4553 commendatur.
1310 4497 1557 4553 Carnalis
1603 4497 1783 4567 itaque
1823 4498 1930 4553 cir-

355 4587 616 4642 cumcisio
639 4596 894 4657 tanquam
937 4586 1204 4658 superﬂua
1242 4587 1364 4656 jure
1392 4589 1772 4653 contemnitur,
1806 4603 1929 4642 cum

352 4676 462 4746 jam
486 4675 800 4747 spiritualis,
829 4686 1047 4747 propter
1067 4693 1227 4747 quam
1247 4677 1655 4748 signiﬁcandam
1679 4678 1767 4732 illa
1790 4694 1929 4748 pra:-

354 4773 613 4831 cesserat,
645 4766 947 4822 celebratur

429 4856 661 4922 Qua’stio
690 4857 743 4911 2.
788 4858 896 4913 Cur
919 4864 1117 4913 omittit
1150 4858 1488 4915 Christianus
1517 4857 1809 4915 Sabbatum
1841 4874 1931 4913 co-

358 4946 486 5012 lere,
537 4948 585 5003 si
621 4948 869 5003 Christus
912 4964 1016 5003 non
1064 4949 1210 5004 venit
1250 4949 1420 5019 legem
1442 4947 1673 5016 solvere,
1696 4950 1789 5004 sed
1824 4949 1925 5003 itu-

356 5039 498 5110 plere
516 5040 539 5093 ?

426 5129 727 5200 Responsio.
755 5143 801 5184 Α
848 5130 1001 5184 nobis
1041 5128 1332 5184 Sabbatum
1363 5130 1481 5185 ideo
1509 5146 1613 5184 non
1640 5139 1887 5186 servatur
1909 5172 1929 5198 ,

357 5220 478 5290 quia
508 5221 648 5289 quod
684 5228 807 5274 tunc
835 5229 950 5275 erat
981 5220 1031 5274 in
1064 5220 1230 5290 ﬁgura
1257 5222 1610 5291 pnemissum,
1642 5238 1739 5291 per
1770 5223 1927 5277 exhi-

355 5311 612 5364 bitionem
665 5311 742 5363 rei
788 5309 902 5377 jam
955 5310 1196 5365 videmus
1245 5311 1541 5378 impletum.
1594 5312 1655 5367 ln
1711 5312 1928 5368 Christo

354 5400 786 5477 quippeverum
841 5402 1134 5472 Spiritualis
1181 5402 1275 5458 otii
1319 5402 1613 5458 Sabbatum
1663 5403 1927 5471 colimus,

353 5505 474 5542 cum
508 5492 561 5543 in
598 5506 663 5546 eo
693 5493 804 5547 solo
846 5508 994 5563 spem
1038 5494 1307 5563 ponimus,
1340 5504 1392 5549 et
1423 5496 1500 5550 sic
1551 5496 1606 5551 in
1652 5496 1743 5551 illo
1766 5537 1780 5564 ,
1816 5507 1926 5553 toto

354 5580 533 5634 cordis
562 5596 744 5636 amore
772 5598 832 5638 ac
856 5584 1139 5641 devotione
1180 5585 1526 5656 quiescimus,
1559 5596 1617 5642 ut
1659 5590 1728 5645 ab
1779 5590 1924 5644 omni

354 5672 604 5729 vitiorum
631 5675 813 5730 servili
854 5691 1015 5745 opere
1045 5693 1105 5734 ac
1144 5686 1476 5735 terrenarum
1529 5695 1705 5735 rerum
1751 5682 1921 5737 ambi~

2028 4409 2189 4463 batur
2218 4406 2486 4462 humanis.
2520 4405 2675 4461 Sicut
2703 4404 2846 4461 enim
2894 4404 3064 4459 sancti
3104 4404 3323 4472 quique,
3372 4417 3435 4456 ac
3475 4400 3607 4468 justi

2030 4497 2425 4553 transferuntur
2452 4498 2504 4551 in
2534 4512 2728 4566 corpus
2771 4495 3007 4550 Christi:
3036 4496 3115 4549 sic
3156 4494 3224 4549 ab
3278 4507 3344 4548 eo
3394 4490 3607 4562 reprobi

2029 4600 2083 4644 et
2117 4590 2282 4658 iniqui
2316 4601 2567 4660 tanquam
2590 4588 2693 4643 cibi
2720 4588 3049 4658 repelluntur
3076 4586 3359 4640 immundi.

2098 4679 2386 4749 Postquam
2419 4693 2546 4750 ergo
2591 4679 2705 4748 ipsa
2735 4678 2967 4742 Veritas,
3023 4692 3142 4746 qua:
3178 4674 3602 4745 signiﬁcabatur,

2028 4771 2245 4825 advenit
2270 4787 2284 4824 :
2305 4771 2495 4824 merito
2519 4769 2931 4840 signiﬁcationis
2958 4768 3148 4821 umbra
3177 4765 3424 4820 cessavit.

2103 4862 2331 4927 Qua’stio
2363 4864 2417 4915 4.
2447 4860 2506 4916 Si
2546 4860 2793 4916 Christus
2827 4875 2932 4913 non
2965 4860 3110 4913 venit
3152 4856 3323 4926 legem
3374 4852 3600 4917 solvere,

2028 4951 2122 5005 sed
2154 4950 2393 5021 implere,
2423 4965 2522 5005 cur
2557 4959 2611 5004 et
2640 4948 2948 5003 animalium
2991 4947 3247 5002 carnibus
3273 4943 3595 5000 sacriﬁcium

2031 5041 2139 5095 Deo
2168 5040 2507 5095 Christianus
2537 5056 2642 5094 non
2666 5049 2820 5103 curat
2847 5038 3088 5093 oll'erre?

2101 5131 2403 5200 Responsio.
2450 5131 2561 5185 lmo
2608 5131 2805 5186 idcirco
2849 5145 2879 5185 a
2926 5127 3249 5184 Christianis
3295 5124 3601 5197 ltujusmodi

2030 5222 2350 5278 sacriﬁcium
2371 5237 2477 5275 non
2499 5219 2743 5287 oﬁ‘ertur,
2771 5221 2892 5290 quia
2916 5218 3173 5291 quidquid
3201 5218 3253 5271 in
3278 5217 3381 5271 illis
3406 5214 3600 5271 hostiis

2030 5314 2203 5384 typice
2228 5314 2533 5383 gerebatur,
2582 5322 2749 5366 totum
2796 5313 2848 5365 in
2893 5310 3260 5368 immolatione
3301 5308 3460 5378 Agni,
3510 5304 3597 5375 qui

2031 5407 2166 5461 tollit
2195 5415 2410 5475 peccata
2440 5404 2619 5458 mundi
2654 5404 2831 5471 (Joan.
2876 5403 2933 5473 t),
2966 5400 3229 5457 veraciter
3254 5397 3595 5468 adimpletur,

2031 5507 2085 5554 et
2110 5499 2235 5568 quia
2262 5498 2442 5553 omnia
2470 5496 2557 5551 illa
2584 5496 2659 5549 nil
2700 5495 2844 5550 aliud
2870 5494 3059 5548 salutis
3098 5493 3386 5556 habebant,
3418 5488 3519 5544 nisi
3543 5496 3600 5542 ut

2032 5590 2098 5645 ad
2131 5590 2232 5644 hoc
2269 5597 2513 5644 nostrum
2559 5586 2879 5643 sacriﬁcium
2928 5585 3254 5641 unanimiter
3295 5581 3596 5644 tenderent,

2033 5682 2133 5736 hoc
2161 5696 2323 5736 unum
2354 5680 2528 5739 omnis
2559 5680 2998 5735 czeremouiarum
3041 5676 3322 5733 diversitas
3354 5674 3594 5743 designa-
