4080 5346
487 374 553 431 ςο
909 373 968 429 s.
1008 373 1212 429 PETRI
1246 370 1527 427 DAMIANI
1565 370 1716 425 opp.
1764 372 2000 429 renus
2036 371 2169 427 seu
2209 374 2386 431 rans
2425 375 2508 431 iii.
2552 408 2618 416 —
2657 376 3021 435 OPUSCULA
3062 379 3290 436 VARIA.
3566 346 3571 349 Α
3652 382 3735 439 se

486 495 568 543 rot
592 528 606 554 ,
654 496 936 557 postquam
987 486 1160 540 hostia
1205 484 1494 555 singularis
1536 484 1725 545 illuxit,
1778 484 2050 555 multiplex
2080 486 2126 542 A
2156 501 2352 541 annum
2384 489 2464 543 vel
2489 489 2649 545 etiam
2680 493 2899 558 veritas,
2927 508 2989 549 ac
3023 494 3281 564 sapientia
3313 495 3426 560 Dei,
3454 510 3572 566 qum
3597 512 3721 554 cum

486 577 696 645 umbra,
728 592 846 647 quae
873 576 1224 647 praecedebat,
1254 576 1492 631 evanuit.
1517 573 1649 643 Quis
1675 575 1819 630 enim
1849 576 2057 630 nesciat

484 670 672 722 eadem
701 668 965 723 sacriﬁcia
1009 667 1188 737 potius
1222 667 1290 722 ad
1326 668 1431 721 hoc
1472 666 1798 723 inobedieuti
1837 667 2052 737 populo,

484 771 552 812 ne
576 772 695 811 cum
722 756 880 811 idolis
906 758 1284 823 fornicaretur,
1310 756 1581 826 imposita,
1605 772 1765 826 quam
1786 757 1912 823 Deo,
1939 766 2057 811 tan-

481 859 643 917 quam
669 845 783 914 ipse
813 845 1165 911 desideraret,
1201 845 1425 901 oblata?

553 935 785 1002 Quiestio
815 935 869 991 5.
905 936 962 992 Si
1002 937 1248 994 Christus
1286 951 1393 994 non
1430 940 1581 995 venit
1612 939 1783 1011 legem
1827 954 2052 1006 seivere,

432 1012 441 1026 λ
480 1027 572 1081 sed
589 1028 829 1097 implere,
854 1042 953 1082 cur
971 1024 1310 1084 Christianus
1335 1044 1584 1102 azymam
1613 1045 1774 1101 quam
1806 1030 1893 1085 lex
1918 1045 2057 1099 prie-

479 1117 631 1185 cipit,
664 1134 771 1177 non
796 1115 1089 1173 observat?

421 1236 425 1240 -
470 1271 472 1274 ν
550 1204 850 1274 Responsio.
876 1206 1083 1263 Idcirco
1109 1223 1140 1263 a
1186 1206 1513 1267 Christianis
1554 1212 1783 1267 visibilis
1831 1226 1960 1278 nia,
2002 1219 2057 1267 et

480 1298 773 1367 corporalis
794 1298 901 1371 43
925 1316 1114 1371 azyma
1135 1300 1563 1375 ﬂoccipenditur,
1587 1305 1841 1375 quoniam
1865 1319 2077 1376 expur--

479 1398 603 1458 gato
630 1392 828 1446 veteris
853 1394 975 1447 vitae
1000 1394 1287 1462 fermento,
1318 1411 1455 1451 nova
1478 1397 1787 1466 conspersio
1809 1397 2083 1466 spirituav

481 1480 603 1535 liter
653 1482 993 1553 adimpletur.
1045 1485 1196 1541 Tunc
1240 1488 1383 1542 enim
1427 1498 1545 1542 erat
1591 1488 1724 1559 legis
1776 1487 2055 1558 Scriptura

467 1578 825 1641 Praeceptum,
856 1589 1000 1630 nunc
1042 1584 1125 1630 est
1170 1577 1533 1632 testimonium
1565 1587 1656 1634 :et
1689 1587 1972 1650 postquam
2002 1580 2055 1635 id

467 1660 621 1731 quod
649 1661 1072 1733 signiﬁcabatur.
1104 1665 1358 1733 advenit;
1386 1668 1488 1722 hoc
1514 1669 1658 1725 quod
1693 1669 2053 1741 signiﬁcabat,

473 1751 703 1805 interiit.

2155 575 2343 632 doceat
2369 581 2587 651 angelos
2617 583 2669 637 in
2699 584 2855 650 coelo,
2886 585 3128 641 homines
3158 588 3317 641 etiam
3341 588 3534 645 docere
3575 592 3725 646 venit

2157 664 2209 719 in
2241 673 2382 722 terra
2406 687 2419 723 :
2450 671 2588 738 quod
2610 673 2760 742 prius
2782 673 3017 743 jusserat
3044 677 3451 734 carnaliter‘sub
3471 680 3726 752 aenigma-

2156 757 2226 812 tis
2246 759 2434 816 umbra
2456 762 2683 827 servari,
2733 765 3073 833 postmodum
3104 766 3378 835 discipulis
3408 770 3520 826 suis
3565 771 3725 841 spiri-

2157 847 2376 904 tualiter
2405 851 2679 906 mandavit
2705 852 2950 925 intelligi.

2225 938 2529 1009 Responsio.
2562 942 2652 997 Sic
2696 944 2836 999 enim
2881 946 2994 1001 dies
3038 947 3296 1017 septimus
3343 949 3563 1005 feriatus
3605 965 3746 1007 esse‘

2154 1035 2485 1107 praecipitur,
2521 1046 2580 1090 ut
2604 1047 2806 1093 aeterna
2837 1055 2933 1110 per
2976 1056 3097 1096 eum
3139 1044 3353 1113 requies
3397 1046 3723 1116 designetur.

2158 1125 2247 1179 Sic
2268 1132 2323 1179 et
2356 1126 2407 1181 in
2453 1143 2594 1183 anno
2628 1130 2878 1198 septimo,
2925 1131 3005 1186 sic
3045 1142 3098 1187 et
3141 1133 3194 1187 in
3223 1132 3465 1199 Juhllaio,
3498 1136 3588 1203 qui
3631 1152 3747 1205 per

2156 1228 2421 1269 annorum
2446 1215 2705 1271 circulum
2742 1222 3048 1289 septenario
3076 1238 3298 1279 numero
3325 1225 3524 1294 septies
3569 1226 3748 1296 repli--

2156 1313 2296 1368 cato,
2344 1315 2399 1359 et
2438 1308 2666 1362 monade
2713 1310 3055 1377 superaddita
3104 1313 3155 1367 in
3209 1315 3745 1385 quinquagenariuin

2156 1393 2390 1457 ducitur,
2421 1387 2606 1450 secura
2639 1398 2788 1465 quies
2826 1408 3097 1469 perpetuae
3136 1401 3480 1457 beatitudinis
3509 1404 3726 1458 intima-

2158 1490 2262 1535 tur.
2289 1482 2579 1553 lncipiente
2606 1487 3057 1556 quippeJuhilaeo,
3090 1491 3229 1545 tubis
3254 1492 3487 1558 canitur,
3514 1507 3726 1546 omnes-

2155 1588 2260 1642 que
2282 1574 2347 1628 ad
2376 1576 2742 1644 possessiones
2762 1580 3006 1648 proprias
3027 1589 3370 1634 revertuntur
3393 1597 3408 1647 ;
3442 1582 3563 1650 quia
3589 1583 3737 1635 sicut

2156 1662 2284 1716 dicit
2310 1663 2600 1733 Apostolus
2628 1681 2647 1719 :
2673 1684 2691 1715 ι
2725 1666 2842 1736 Ipse
2883 1667 3142 1723 Dominus
3171 1669 3221 1722 in
3249 1667 3421 1736 jussu,
3453 1679 3507 1724 et
3528 1670 3577 1724 in
3600 1685 3729 1724 voce

2156 1750 2487 1821 archangeli,
2517 1762 2573 1807 et
2610 1754 2663 1806 in
2691 1754 2814 1808 tuba
2847 1754 2943 1809 Dei
2975 1742 3261 1810 descendet
3283 1757 3349 1811 de
3375 1756 3547 1823 caelo;
3575 1766 3731 1813 canet

545 1841 774 1907 ρηωειίο
794 1844 846 1899 δ,
881 1845 937 1901 Si
964 1845 1208 1903 Christus
1251 1848 1423 1919 legem
1463 1851 1613 1905 venit
1657 1848 1906 1919 implere.
1950 1865 2049 1905 cm-
2078 1843 2123 1900 Β
2152 1841 2292 1894 enim
2320 1844 2462 1905 tuba,
2488 1852 2541 1897 ct
2564 1845 2758 1898 mortui
2789 1857 3071 1918 resurgent
3119 1848 3432 1918 incorrupti.
3465 1868 3485 1901 ι
3512 1848 3621 1921 44
3651 1849 3729 1903 Ad

480 1930 815 1990 Christianus
871 1937 1139 2006 paschalis
1191 1939 1314 2007 agni
1369 1939 1631 2010 sanguine
1688 1939 1897 1994 Pascha
1948 1953 2053 1993 non

479 2023 731 2090 celebrat,
764 2042 886 2082 cum
914 2028 1017 2082 hoc
1040 2036 1323 2099 tantOpere
1344 2029 1429 2084 lex
1455 2032 1569 2098 ipsa
1595 2030 1894 2085 decernat?

546 2114 847 2184 Responsio.
879 2116 978 2171 Hic
1008 2118 1058 2171 id
1088 2118 1262 2187 ipsum
1292 2120 1745 2189 respondendum,
1771 2119 1913 2188 quod
1939 2119 2051 2190 jam

477 2204 723 2271 superius
747 2204 947 2260 dictum
975 2216 1091 2274 est;
1119 2209 1242 2275 quia
1266 2217 1546 2279 postquam
1571 2225 1732 2264 verus
1757 2210 1845 2264 ille
1867 2211 2053 2281 Agnus

476 2293 567 2360 qui
597 2292 1022 2362 signiﬁcabatur,
1066 2297 1346 2352 advenisse
1387 2299 1769 2368 cognoscitur;
1801 2299 1891 2353 ille
1917 2341 1931 2364 ,
1961 2301 2052 2369 qui

475 2380 832 2450 signiﬁcabat,
862 2384 1161 2453 superﬂuus
1184 2387 1475 2457 judicatur.
1520 2389 1685 2459 Cujus
1714 2391 1902 2458 utique
1929 2406 2054 2445 san-

474 2469 649 2539 guinis
679 2487 783 2527 non
822 2472 932 2539 jam
964 2468 1190 2544 ligneas,
1225 2476 1338 2531 sive
1384 2477 1619 2548 lapideas
1666 2478 1811 2534 fores
1843 2480 2052 2551 inungi-

477 2573 620 2624 mus,
667 2561 763 2615 sed
810 2561 1086 2618 interioris
1133 2566 1310 2634 potius
1353 2568 1587 2623 hominis
1614 2570 1823 2624 viscera
1870 2570 2052 2626 consi-

476 2661 725 2721 gnamus.

546 2737 777 2821 Quaestio
800 2742 853 2797 7.
900 2742 955 2798 Si
999 2760 1104 2800 non
1136 2746 1294 2802 solvit
1326 2747 1495 2819 legem
1522 2749 1789 2817 Christus,
1821 2768 1916 2807 cur
1937 2753 2052 2823 lege

474 2815 783 2884 mandatam
810 2847 913 2887 non
939 2834 1176 2891 celebrat
1198 2841 1534 2894 neomeniam
1565 2841 1943 2898 Christianus?

546 2916 851 2990 Responsio.
876 2922 1216 2995 Propterhoc
1239 2930 1397 2983 etiam
1421 2930 1757 2987 Christianus
1779 2934 2052 2989 celebrare

474 3008 802 3092 contemnit,
843 3018 1095 3085 quoniam
1144 3020 1197 3075 id
1247 3030 1437 3088 totum,
1486 3034 1704 3094 propter
1739 3027 1879 3096 quod
1923 3027 2047 3082 olim

473 3100 798 3157 celebratum
818 3115 920 3170 est,
951 3107 1198 3164 Christus
1221 3111 1477 3181 implevit.
1506 3114 1668 3169 Novae
1692 3117 1886 3187 quippe
1909 3117 2049 3174 lunae

2155 1932 2527 1998 poesessiones
2556 1942 2735 1987 autem
2789 1950 2916 1990 suas
2952 1948 3389 2006 unumquemque
3417 1939 3611 2001 redire,
3646 1946 3731 1991 est

2154 2034 2380 2089 corpora
2396 2038 2492 2077 sua
2516 2026 2760 2092 protinus
2778 2026 3086 2096 incorrupta
3109 2030 3366 2099 recipere.
3389 2028 3537 2085 Tunc
3554 2045 3731 2083 rever-

2153 2117 2298 2165 tetur
2322 2113 2495 2187 Adam.
2517 2115 2581 2169 ad
2613 2116 2893 2185 antiquam
2930 2119 3112 2173 carnis
3142 2135 3252 2173 sure
3292 2128 3509 2184 terram,
3542 2119 3593 2172 in
3622 2134 3727 2187 qua

2152 2204 2400 2270 primitus
2449 2205 2819 2261 habitaverat:
2848 2216 2973 2263 tunc
3021 2208 3151 2273 Noe,
3201 2209 3491 2276 Abraham,
3540 2209 3749 2280 Moysi,

2152 2295 2467 2365 cunctisque
2509 2299 2726 2368 propria
2758 2301 3028 2368 possessio
3077 2301 3337 2366 redditur,
3370 2303 3495 2377 dum
3534 2318 3729 2372 corpus

2153 2384 2260 2440 illis
2318 2386 2727 2459 ineorruptibile
2779 2391 3121 2447 reformatur.
3178 2393 3505 2464 Redemptor
3552 2396 3730 2465 itaque

2152 2484 2357 2542 noster,
2384 2478 2473 2546 qui
2498 2480 2776 2550 discipulis
2801 2482 3010 2551 aperuit
3032 2498 3271 2550 sensum,
3296 2494 3355 2539 ut
3374 2485 3729 2555 intelligerent

2152 2567 2406 2636 mysteria
2436 2568 2875 2637 Scripturarum,‘
2901 2572 3073 2626 noluit
3103 2572 3404 2637 Jubilzeum,
3446 2575 3618 2629 noluit
3642 2591 3739 2631 se-

2151 2659 2378 2728 ptimum
2405 2661 2737 2716 remissionis
2766 2679 2987 2727 annum,
3023 2664 3109 2719 vel
3139 2675 3361 2721 cmteras
3385 2665 3570 2736 legalis
3599 2670 3727 2722 ritus

2152 2748 2500 2801 czerenionias
2527 2749 2816 2804 carnaliter
2855 2751 3155 2809 observari.

2223 2837 2513 2908 Postquam
2530 2841 2641 2893 hinc
2655 2843 2830 2895 omnia
2844 2844 3192 2913 spiritualiler
3208 2846 3333 2902 fecit
3347 2848 3586 2921 intelligi,
3605 2859 3722 2904 tunc

2153 2926 2294 2981 enim
2330 2928 2580 2982 mandata
2634 2931 2821 3001 legalia
2871 2935 3135 2990 veraciter
3178 2938 3558 3007 adimplentur,
3606 2956 3722 2994 cum

2148 3018 2297 3087 juxta
2335 3021 2666 3089 spiritualem
2714 3024 3120 3093 intelligentiam
3164 3029 3230 3084 ad
3276 3033 3459 3099 quam‘
3488 3031 3723 3085 instituta

2154 3119 2298 3175 sunt,
2327 3111 2482 3167 ﬁunt.
2511 3112 2643 3168 Nam
2677 3123 2801 3171 tunc
2826 3128 2981 3172 erant
3009 3136 3196 3186 vacua,
3226 3123 3415 3176 umbra
3447 3124 3651 3178 scilicet
3676 3136 3738 3179 θ’·

472 3190 783 3248 solemnitas
799 3211 987 3250 novam
1006 3200 1250 3270 designat
1272 3202 1323 3255 in
1348 3204 1560 3259 homine
1584 3205 1697 3261 fieri
1723 3217 2048 3277 creaturam,
2078 3181 2124 3244 (ἶ
2157 3203 2332 3276 imago
2355 3207 2454 3273 rei,
2484 3223 2588 3262 non
2622 3208 2731 3277 ipsa
2762 3226 2863 3276 res,
2894 3228 3013 3266 cum
3048 3214 3338 3268 carnaliter
3356 3215 3725 3270 servabantur

474 3282 541 3336 de
563 3300 666 3352 qua
692 3287 822 3340 dicit
846 3290 1173 3357 Apostolus:
1209 3313 1226 3343 ι
1277 3296 1333 3348 Si
1377 3311 1481 3365 qua
1529 3298 1693 3367 igitur
1740 3301 1790 3352 in
1834 3300 2051 3356 Christo

472 3386 608 3426 nova
660 3385 939 3440 creatura,
991 3391 1175 3435 ve:era
1230 3386 1597 3442 transierunt:
1629 3396 1683 3441 et
1728 3403 1856 3443 ecce
1905 3390 2047 3444 facta

473 3462 599 3518 sunt
632 3469 809 3521 omnia
840 3486 974 3524 nova
1004 3472 1086 3541 (II
1109 3472 1231 3528 Cor.
1265 3478 1341 3545 v).
1377 3495 1396 3529 ι

548 3555 778 3620 Quwsiio
803 3560 855 3615 8.
902 3562 956 3615 Si
986 3562 1233 3620 Christus
1276 3583 1382 3621 non
1426 3570 1571 3623 venit
1602 3571 1768 3641 legem
1819 3574 2043 3639 solvere,

472 3661 571 3699 cur
597 3646 934 3703 Christianus
963 3651 1048 3705 illa
1076 3645 1407 3710 ablutionum
1441 3658 1783 3728 haptisniata,
1811 3677 1929 3732 quae
1962 3662 2046 3717 lex

470 3738 737 3809 pi'mcipit,
772 3756 876 3796 non
907 3744 1202 3801 observat?

541 3827 841 3898 Responsio.
868 3833 989 3889 Ideo
1019 3837 1131 3891 haec
1156 3839 1477 3898 Christiana:
1508 3858 1610 3897 non
1656 3853 1930 3900 merentur
1954 3848 2046 3902 01)⁴

469 3923 753 3978 servantia:
780 3925 1007 3992 cultum,
1054 3929 1178 3998 quia
1213 3939 1338 3987 tunc
1365 3934 1568 3987 umbrae
1596 3934 1811 3990 fuerunt
1838 3936 2049 3992 futuro-

470 4025 610 4071 rum.
635 4028 863 4082 quorum
890 4033 1031 4073 nunc
1049 4022 1386 4091 perspicuum
1413 4025 1746 4092 possidemus
1773 4024 2041 4083 effectum.

468 4101 776 4173 C0.!SCplllll
820 4110 960 4163 enim
992 4126 1176 4167 sumus
1223 4112 1439 4187 Christo
1482 4131 1578 4185 per
1623 4118 1945 4187 baptismum
1988 4120 2042 4174 in

472 4201 645 4248 morte
674 4194 844 4267 (Rom.
887 4201 1002 4271 vi);
1049 4210 1108 4255 ut
1137 4204 1406 4272 quomodo
1447 4208 1681 4262 surrexit
1718 4208 1967 4262 Christus
2013 4223 2043 4262 ιι

468 4284 695 4338 mortuis
725 4301 821 4354 per
847 4288 1072 4359 gloriam
1102 4290 1298 4360 Patris,
1329 4294 1409 4351 sic
1454 4304 1507 4351 et
1556 4312 1656 4354 nos
1703 4297 1755 4353 in
1801 4300 2042 4355 novitate

468 4372 591 4425 vita!
615 4377 967 4433 ambulemus.

538 4459 768 4524 Qiiwstio
790 4466 841 4519 9.
860 4467 915 4519 Si
948 4468 1029 4522 lex
1061 4486 1088 4523 a
1116 4472 1329 4528 Christo
1351 4473 1566 4543 impleta
1590 4484 1691 4539 est,
1715 4491 1818 4530 non
1845 4477 2038 4545 soluta,

2153 3295 2249 3351 Vis
2274 3299 2459 3351 audire
2487 3301 2756 3367 quomodo
2781 3312 2936 3356 erant
2959 3318 3123 3357 vacua
3153 3313 3207 3359 et
3230 3321 3391 3369 vana,
3416 3314 3471 3360 et
3498 3322 3602 3361 non
3633 3321 3712 3360 ve-

2152 3385 2285 3440 ritas
2346 3386 2484 3455 ipsa,
2535 3386 2629 3442 sed
2688 3388 2931 3444 veritatis
2974 3393 3263 3461 exempla?
3314 3393 3437 3446 audi
3486 3395 3615 3462 quid
3676 3396 3720 3448 ir

2152 3473 2334 3529 Exodo
2360 3475 2617 3530 Dominus
2642 3477 2705 3530 ad
2746 3476 2963 3548 Moysen
2993 3481 3135 3535 dicat
3163 3499 3175 3534 :
3202 3500 3219 3533 ι
3247 3482 3524 3551 Eruntque
3548 3492 3720 3538 vectes

2150 3580 2216 3619 ex
2248 3573 2475 3636 utroque
2519 3565 2686 3622 latere
2719 3567 2904 3622 altaris
2953 3570 3017 3623 ad
3066 3572 3383 3640 portandum
3409 3589 3424 3627 :
3451 3588 3556 3626 non
3600 3573 3715 3627 soli-

2151 3656 2300 3718 dum,
2329 3659 2421 3713 sed
2446 3659 2617 3723 inane,
2650 3669 2702 3713 et
2732 3677 2956 3715 vacuum
2991 3661 3158 3718 facies
3188 3664 3337 3730 illud,
3372 3666 3512 3722 sicut
3539 3668 3632 3721 tibi
3669 3669 3733 3722 in»

2150 3756 2333 3803 monte
2374 3758 2729 3805 monstratum
2771 3763 2854 3807 est
2893 3753 3089 3824 (Exod.
3125 3756 3311 3826 xxvu).
3349 3776 3367 3812 ι
3411 3759 3562 3825 Quod
3599 3774 3720 3830 crgr

2151 3837 2357 3910 Moyses
2397 3841 2528 3895 vidit
2577 3843 2629 3896 in
2665 3854 2864 3902 monte.
2892 3854 3082 3900 sancta
3108 3847 3346 3904 Ecclesia
3373 3859 3472 3918 est,
3502 3852 3615 3922 ipsa
3649 3856 3734 3906 rei

2148 3928 2351 3983 veritas
2392 3940 2493 3987 est.
2543 3931 2971 3989 Tabernaculum
3016 3944 3195 3992 autem
3253 3940 3380 3995 illud
3415 3942 3467 3996 in
3510 3944 3727 3997 deserto

2149 4028 2536 4081 constructum,
2572 4023 2783 4087 umbra,
2809 4036 2861 4078 et
2884 4024 3060 4096 imago
3086 4028 3321 4097 ejusdem
3342 4030 3597 4087 Ecclesiae
3619 4043 3721 4100 est,

2148 4108 2213 4162 ad
2237 4108 2388 4178 cujus
2408 4113 2708 4180 exemplum
2741 4113 2937 4169 factum
2963 4127 3068 4172 est.
3096 4118 3190 4173 Est
3219 4121 3424 4177 scilicet
3455 4126 3633 4189 homo,
3658 4126 3724 4177 ad

2148 4199 2300 4269 cujus
2332 4202 2617 4272 imaginem
2650 4203 2708 4256 [it
2732 4205 2983 4273 sigillum,
3012 4210 3103 4262 sed
3127 4210 3179 4262 in
3209 4215 3610 4281 comparatione
3638 4216 3714 4266 vi-

2146 4292 2313 4357 caria,
2341 4294 2500 4347 homo
2527 4294 2742 4363 quidem
2770 4311 2877 4361 res,
2909 4308 2963 4351 et
2989 4299 3190 4354 veritas
3220 4302 3416 4356 dicitur
3439 4345 3451 4368 ,
3501 4320 3621 4358 cum
3652 4308 3706 4361 si

2146 4383 2329 4453 gilium
2372 4383 2670 4439 similitudo
2716 4395 2921 4441 tantum
2971 4390 3087 4453 rei,
3134 4399 3187 4444 et
3230 4390 3398 4446 forma
3451 4397 3717 4453 videatur.

2147 4469 2432 4547 Postquam
2473 4494 2602 4546 ergo
2634 4483 2777 4535 venit
2814 4482 3087 4550 plenitudo
3134 4488 3410 4555 temporis,
3461 4490 3720 4560 implevit,

466 4551 592 4619 quid
616 4555 842 4610 rationis
868 4558 1139 4627 objicitur,
1170 4571 1230 4616 ut
1257 4577 1286 4616 a
1332 4562 1652 4621 Christianis
1693 4564 2036 4637 Scenopegize
2064 4558 2115 4616 D
2141 4567 2266 4621 dum
2297 4582 2358 4621 ea
2407 4569 2760 4637 spiritualiler
2789 4574 3087 4629 exhibenda
3131 4551 3425 4633 mandavit.
3459 4551 3611 4637 Unde
3642 4551 3720 4637 fa;

465 4642 780 4699 solemnitas
810 4664 916 4702 non
947 4651 1194 4706 colatur?

539 4733 842 4806 Responsio.
890 4738 1311 4798 Tabernaculnm
1350 4745 1444 4802 Dei
1492 4742 1723 4805 societas
1747 4758 1828 4805 est
1857 4751 2039 4821 populi

461 4825 778 4894 Christiani,
810 4840 865 4887 et
891 4834 1147 4903 quoniam
1180 4836 1307 4891 illud
1348 4839 1752 4896 tabernaculum
1793 4852 2036 4897 sanetam

461 4919 844 4988 praetigurabat
877 4922 1190 4989 Ecclesiam,
1210 4930 1593 4999 ;contemnitur
1623 4932 1855 5002 signum,
1880 4942 2033 5003 post-

466 5024 624 5034 n.-n.“
642 5024 781 5034 --ι-..ι
835 5029 926 5034 μ---

2138 4665 2283 4712 ctum
2310 4667 2415 4723 est,
2456 4669 2512 4714 ut
2538 4672 2663 4731 post
2692 4664 2976 4720 adventum
3008 4667 3217 4723 Domini
3245 4677 3454 4727 terrena
3488 4674 3572 4728 illa
3596 4676 3719 4730 Hic-

2137 4747 2373 4803 rusalem
2396 4766 2517 4806 cum
2543 4768 2641 4807 suo
2670 4756 2865 4825 templo
2905 4754 3145 4812 funditus
3187 4774 3372 4815 eversa
3419 4774 3715 4831 corrueret,

2138 4852 2404 4910 quatenus
2435 4845 2545 4899 sola
2573 4860 2668 4913 per
2694 4847 2949 4901 mundum
2975 4860 3161 4905 saneta
3185 4851 3505 4909 universalis
3532 4854 3719 4909 Eccle-

2138 4933 2216 4989 sia
2240 4945 2570 4991 coruscaret.
2597 4934 2749 4991 Sicut
2771 4939 2916 4993 enim
2941 4943 3267 5013 evangelista
3296 4943 3480 5005 refert.
3503 4946 3720 5015 quihus-
