4106 6310
355 307 419 363 61
955 298 1197 358 OPUSC.
1236 301 1323 357 lll.
1366 333 1436 344 —
1474 302 1843 361 DlALOGUS.
1881 303 2091 360 INTER
2130 305 2433 365 JUD/EUM
2471 310 2560 367 ΕΤ
2599 313 3098 380 CHRISTIANUM.
3541 319 3638 398 δι’

352 418 593 480 caelestis
624 415 890 489 apparuit,
922 424 974 472 et
1001 416 1052 470 in
1085 416 1282 485 templo
1309 415 1399 470 illo
1442 431 1549 470 non
1579 417 1836 471 remansit
1856 416 1942 507 la-
1975 421 2018 481 Α
2047 418 2263 485 hibeat,
2309 421 2552 490 profecto
2580 425 2744 482 Demn
2773 440 2828 485 et
2855 431 3124 491 hominem
3152 440 3355 499 clarius
3393 449 3623 507 manife-

349 514 438 583 pis
481 525 647 580 super
692 507 948 577 lapidem.
1001 505 1132 558 Erat
1177 505 1327 574 prius
1382 505 1624 574 pontifex
1675 506 1938 575 sanguine

351 614 655 666 taurorum,
686 609 740 654 et
768 599 1066 659 hircorum,
1103 598 1396 667 purificaus
1429 597 1679 667 pupulum
1706 615 1718 650 :
1751 599 1845 653 sed
1873 613 1938 652 ex

349 709 457 763 quo
483 691 634 745 venit
664 703 824 743 verus
844 687 1109 757 pontifex,
1135 687 1224 755 qui
1268 676 1530 755 sanguine
1560 701 1658 740 suo
1687 685 1938 756 purifica—

345 793 434 837 ret
458 783 764 844 credentes,
809 793 1078 847 nusquam
1103 787 1186 832 est
1222 777 1309 831 ille
1339 777 1576 846 pontifex
1617 778 1792 847 prior,
1841 793 1940 832 nec

346 873 488 926 ullus
517 873 567 926 ei
591 872 810 926 relictus
836 879 919 925 est
948 871 1116 924 locus.
1144 869 1326 922 Altare
1350 868 1449 922 fuit
1478 869 1642 939 prius,
1670 869 1936 923 sacriﬁcia

343 963 802 1024 celebrabantur,
846 962 940 1015 sed
990 970 1048 1014 ut
1095 962 1240 1015 venit
1286 975 1444 1014 verus
1484 961 1687 1028 Agnus,
1739 961 1829 1029 qui
1878 975 1937 1015 se

341 1057 525 1126 ipsum
576 1053 774 1109 obtulit
819 1054 1050 1108 hostiam
1094 1052 1240 1117 Deo,
1289 1061 1481 1106 cuneta
1527 1052 1615 1106 illa
1657 1056 1800 1106 velut
1839 1068 1936 1123 pro

339 1163 592 1220 tempore
635 1148 808 1218 posita
866 1162 1188 1202 cessavere:
1227 1155 1509 1216 propterea
1544 1161 1672 1200 sane
1720 1147 1820 1200 hoc
1861 1145 1937 1199 di-

336 1243 466 1295 vina
519 1240 854 1310 dispensatio
902 1239 1234 1308 procuravit,
1287 1247 1346 1291 ut
1394 1246 1448 1290 et
1492 1239 1682 1291 civitas
1728 1239 1838 1306 ipsa
1881 1246 1936 1291 et

336 1335 629 1403 templum,
657 1343 709 1388 et
744 1334 925 1386 omnia
970 1332 1058 1386 illa
1106 1333 1309 1401 pariter
1353 1333 1815 1394 subverterentur,
1865 1348 1933 1386 ne

333 1427 462 1496 quis
495 1424 637 1479 forte
667 1425 842 1478 adhuc
877 1423 1156 1492 parvulus,
1198 1431 1252 1476 et
1283 1422 1488 1477 lactans
1520 1423 1572 1476 in
1606 1423 1731 1486 fide,
1779 1423 1824 1476 si
1852 1423 1934 1475 vi-

332 1517 493 1571 deret
521 1517 608 1569 illa
664 1523 916 1569 constare
961 1514 1087 1568 dum
1133 1513 1524 1568 sacrificiorum
1571 1515 1756 1578 ritum,
1804 1517 1927 1569 dum

333 1609 714 1662 ministrorum
739 1607 983 1660 ordinem
1016 1605 1281 1659 attonitus
1312 1615 1575 1674 stuperet,
1608 1605 1724 1674 ipso
1753 1606 1931 1660 diver-

328 1714 524 1752 sarum
566 1698 859 1752 formarum
908 1706 1190 1766 raperetur
1225 1695 1439 1748 intuitu.
1491 1694 1597 1750 Sed
1645 1697 1932 1765 providens

2045 522 2170 610 stat.
2205 514 2269 610 Ιξι
2312 516 2504 571 iterum
2547 535 2761 591 quoque
2790 524 2958 583 lsaias
2988 531 3064 586 ait
3097 551 3109 586 :
3144 552 3162 586 ι
3198 535 3474 597 Habitabit
3499 585 3514 610 ,
3543 545 3626 600 in-

2043 599 2195 669 quit,
2229 602 2383 671 lupus
2424 621 2548 660 cum
2593 624 2766 679 agno,
2799 623 2854 667 et
2889 617 3088 684 pardus
3130 637 3252 678 cum
3284 626 3436 684 haedo
3463 599 3626 688 accu-

2040 689 2220 757 babit;
2255 695 2472 761 vitulus,
2503 707 2557 752 et
2581 699 2666 755 leo
2686 741 2700 762 .
2732 712 2785 756 et
2805 707 2921 760 ovis
2952 711 3112 765 simul
3148 720 3536 790 morabuntur,
3567 735 3625 780 et

2039 795 2178 850 puer
2200 784 2454 880 parvulus
2475 789 2704 846 minabit
2725 808 2820 848 eos
2850 795 2985 864 (Isa.
3020 801 3122 870 xu).
3165 823 3184 856 ›
3210 806 3345 862 Nam
3381 827 3477 880 per
3497 784 3624 868 san-

2188 875 2469 932 charitatis
2502 880 2711 936 viscera
2762 885 2916 958 lupus
2962 905 3085 946 cum
3133 909 3270 965 agno
3310 875 3617 970 habitabit,

2037 968 2161 1034 quia
2193 971 2282 1038 qui
2323 972 2374 1025 in
2403 975 2606 1040 saeculo
2632 988 2878 1047 raptores
2907 983 3145 1052 fuerunt,
3177 1007 3297 1045 cum
3319 968 3620 1057 mansuetis

2037 1065 2092 1152 et
2140 1059 2361 1115 mitibus
2410 1063 2462 1116 in
2495 1080 2627 1133 pace
2680 1074 3111 1145 conquiescunt,
3147 1091 3202 1135 et
3248 1085 3450 1152 pardus
3494 1105 3615 1145 cum

2037 1148 2190 1205 hme
2221 1155 2466 1220 accubat,
2495 1159 2618 1227 quia
2651 1163 2740 1230 qui
2759 1177 3104 1233 peccatorum
3134 1188 3356 1230 suorum
3386 1183 3616 1238 maculis

2033 1243 2217 1333 varius
2247 1244 2367 1310 fuit,
2399 1263 2521 1301 cum
2562 1265 2645 1315 eo,
2680 1255 2769 1322 qui
2809 1272 2867 1309 se
2895 1259 3140 1329 despicit,
3172 1273 3228 1317 et
3273 1279 3616 1333 peccatorem

2034 1331 2254 1397 fatetur,
2279 1337 2550 1394 humiliari
2584 1348 2876 1400 consentit.
2913 1350 3010 1405 Ubi
3044 1363 3098 1406 et
3128 1331 3381 1410 subditur
3409 1378 3422 1412 :
3461 1380 3479 1412 ι
3519 1360 3614 1416 Vi-

2035 1425 2176 1480 tulus
2205 1429 2384 1494 etleo,
2417 1441 2472 1485 et
2502 1434 2620 1488 ovis
2652 1437 2811 1491 simul
2843 1443 3226 1510 morabuntur;
3267 1465 3285 1498 ι
3320 1450 3444 1518 quia
3466 1461 3520 1505 et
3548 1453 3614 1520 is,

2033 1516 2122 1583 qui
2150 1532 2248 1586 per
2273 1521 2569 1576 contritum
2599 1540 2694 1578 cor
2721 1529 2787 1582 ad
2817 1525 3190 1598 quotidianum
3219 1551 3278 1590 se
3311 1516 3418 1593 Deo
3447 1516 3616 1596 sacri;

2032 1602 2213 1659 ﬁcium
2251 1622 2540 1679 praeparat,
2566 1623 2620 1669 et
2653 1617 2810 1683 alius,
2854 1622 2946 1690 qui
2981 1631 3238 1694 tanquam
3275 1627 3359 1682 leo
3389 1645 3453 1685 ex
3487 1647 3615 1687 cru-

2032 1695 2251 1752 delitate
2285 1703 2574 1771 saeviebat,
2622 1717 2678 1762 et
2721 1709 2809 1764 ille
2838 1714 2928 1780 qui
2962 1715 3105 1769 velut
3131 1718 3250 1772 ovis
3290 1720 3614 1779 innocentiae

328 1791 639 1846 infirmitati
673 1800 888 1854 nostrm,
919 1799 972 1843 et
1016 1789 1203 1842 videns
1251 1788 1594 1858 multiplicari
1629 1789 1921 1843 Ecclesium
1956 1778 1999 1835 Β
2029 1801 2140 1841 sua:
2175 1790 2523 1860 simplicitate
2546 1802 2825 1866 perdurat,
2857 1778 2910 1856 in
2935 1806 3104 1860 caulis
3133 1820 3336 1864 sanctae
3357 1778 3612 1871 Ecclesiae

326 1898 512 1946 suam,
543 1882 724 1934 omnia
775 1880 861 1934 illa
892 1881 1131 1934 subverti
1163 1879 1312 1942 fecit,
1356 1890 1410 1934 et
1439 1881 1653 1949 penitus
1697 1880 1918 1946 auferri,

323 1982 390 2025 ut
424 1972 540 2025 sine
564 1971 670 2025 ulla
697 1972 1038 2025 cunctatione
1069 1972 1410 2025 cessantibus
1435 1971 1659 2035 umbris,
1699 1980 1754 2025 et
1787 1973 1922 2041 typi-

323 2064 413 2119 cis
431 2064 541 2136 A5
565 2064 912 2135 imaginibus,
942 2073 1097 2118 vetus
1124 2073 1436 2134 superesset
1461 2082 1473 2116 :
1499 2074 1553 2118 et
1582 2079 1773 2120 everso
1802 2081 1920 2118 ma-

319 2156 508 2208 teriali
540 2155 761 2223 templo,
793 2155 1032 2209 Ecclesia
1062 2171 1160 2224 per
1189 2156 1374 2210 orbem
1406 2155 1517 2210 sola
1545 2166 1814 2225 regnaret.

405 2248 680 2317 Epilogus.
725 2247 829 2301 Sed
867 2248 978 2317 jam
1010 2256 1131 2316 post
1173 2255 1376 2301 tantam
1420 2248 1636 2302 testium
1684 2249 1917 2316 nubem,

317 2339 535 2404 Iudaee,
567 2339 658 2392 tibi
689 2339 955 2409 epilogum
985 2337 1200 2403 faciam,
1226 2347 1280 2392 et
1304 2338 1568 2408 incipiens
1598 2339 1666 2393 ab
1695 2341 1919 2394 exordio

317 2431 688 2485 humanitatis
709 2431 909 2485 Christi
934 2446 1028 2500 per
1051 2431 1384 2484 incrementa
1418 2439 1720 2500 temporum
1748 2447 1918 2502 usque

318 2523 393 2574 ad
421 2521 938 2575 consummationem
962 2562 976 2586 ,
1011 2521 1325 2590 prophetica
1363 2520 1666 2574 testimonia
1709 2523 1835 2587 tibi,
1870 2522 1914 2575 si

317 2613 514 2676 habes,
547 2623 673 2667 ante
703 2613 878 2667 qulos
907 2629 1126 2682 ponam,
1151 2621 1210 2666 ut
1234 2613 1387 2682 quasi
1429 2613 1528 2667 sub
1560 2630 1664 2669 uno
1694 2628 1914 2683 aspectu
1943 2611 1946 2614 ⁴

318 2705 553 2761 collecta
591 2706 828 2759 breviter
860 2706 1064 2766 videas,
1100 2719 1220 2773 qum
1248 2721 1333 2758 me
1357 2705 1571 2772 diffuse,
1603 2715 1655 2761 et
1685 2709 1912 2776 sparsim

317 2812 529 2867 ponere
579 2797 830 2867 superius
876 2797 1212 2850 attendebas.
1263 2795 1396 2850 Nam
1437 2798 1711 2869 quodDei
1746 2798 1915 2854 Filius

317 2889 723 2943 humanitatem
763 2896 1004 2941 nostram
1054 2897 1408 2956 suscepturus
1451 2900 1634 2954 esset,
1684 2898 1914 2943 testatur

315 2978 615 3042 Jeremias,
643 2978 828 3032 dicens
861 2995 874 3030 :
914 2995 932 3029 ι
964 2977 1168 3040 Faciet,
1195 2978 1392 3046 inquit,
1424 2977 1685 3034 Dominus
1712 2996 1909 3034 novum

315 3087 488 3139 super
536 3081 736 3125 terram
763 3111 776 3132 ,
811 3081 864 3124 et
910 3070 1104 3138 mulier
1147 3071 1507 3125 circumdabit
1553 3075 1727 3126 virum
1773 3073 1906 3142 (Jer.

2024 1892 2415 1971 convenerunt.
2451 1886 2582 1952 Quae
2614 1890 2870 1946 videlicet
2900 1895 3158 1950 animalia
3187 1913 3324 1967 puer
3349 1903 3610 1971 parvulus

2022 1970 2220 2036 minat,
2255 1975 2380 2042 quia
2414 1977 2490 2041 is,
2539 1982 2631 2049 qui
2675 1984 2834 2051 paulo
2871 1986 3051 2042 minus
3086 1989 3152 2043 ab
3187 1970 3392 2062 angelis
3437 1995 3612 2050 mino-

2023 2070 2172 2115 ratus
2195 2073 2299 2129 est,
2329 2081 2398 2120 ne
2427 2070 2590 2124 corda
2624 2083 2808 2128 nostra
2833 2079 3069 2132 terrenis
3094 2081 3255 2136 rebus
3287 2083 3606 2153 inhaereant,

2020 2164 2119 2220 per
2149 2153 2418 2209 internum
2464 2159 2790 2216 desiderium
2839 2167 3086 2236 quotidie
3138 2171 3482 2228 invisibiliter
3525 2175 3610 2230 in-

2020 2243 2279 2299 flammat.
2313 2247 2412 2314 Qui
2447 2266 2543 2319 per
2572 2254 2894 2311 charitatem
2924 2275 3101 2325 suam,
3128 2275 3294 2330 quam
3331 2265 3490 2322 nobis
3513 2267 3604 2321 tri-

2017 2332 2153 2426 buit,
2190 2337 2301 2409 46
2328 2356 2423 2396 nos
2453 2343 2503 2395 in
2531 2343 2633 2398 hoc
2668 2348 2868 2401 mundo
2905 2357 3112 2404 mentes
3143 2353 3309 2422 ﬁgere
3337 2369 3442 2410 non
3482 2371 3610 2426 per-

2018 2425 2201 2480 mittit.
2232 2431 2410 2499 Atque
2441 2435 2544 2486 hoc
2575 2433 2748 2502 ipsum
2780 2437 2899 2506 ejus
2946 2439 3157 2494 minare
3183 2483 3195 2507 ,
3228 2452 3311 2497 est
3350 2443 3416 2496 ad
3447 2425 3606 2500 suum

2017 2531 2115 2570 nos
2145 2534 2383 2575 amorem
2415 2524 2748 2580 incessanter
2795 2531 3116 2597 accendere,
3153 2550 3221 2588 ne
3246 2549 3360 2588 cun-
3402 2551 3500 2591 nos
3526 2538 3607 2591 vi-

2016 2606 2198 2660 cissim
2230 2609 2535 2680 diligimus,
2565 2625 2745 2670 mente
2772 2617 2824 2670 in
2855 2619 2959 2674 hoc
2983 2621 3174 2676 exsilio
3207 2639 3602 2682 remaneamus.

2015 2695 2130 2784 l'loc
2165 2715 2414 2770 quoque,
2464 2708 2606 2775 quod
2653 2710 2719 2763 ad
2771 2712 3028 2781 templum
3076 2716 3395 2772 deferendu:
3425 2727 3604 2783 esset,

2015 2785 2306 2846 Malachias
2335 2797 2596 2862 propheta
2631 2799 2948 2868 denuntiat,
2979 2803 3165 2859 dicens
3198 2823 3211 2859 :
3252 2824 3272 2857 ‹
3319 2807 3446 2861 ΙΙωο
3473 2808 3605 2863 dicit

2013 2876 2271 2938 Dominus
2295 2899 2310 2936 :
2341 2885 2478 2940 Ecce
2503 2903 2602 2958 ego
2631 2890 2784 2945 mitto
2805 2893 3056 2962 angelum
3081 2911 3279 2961 meum,
3307 2904 3359 2952 et
3387 2912 3601 2967 praepa-

2012 2973 2157 3025 rabit
2189 2975 2330 3027 viam
2360 2986 2488 3030 ante
2530 2978 2725 3033 faciem
2759 2997 2964 3046 meam,
3015 2993 3068 3036 et
3111 2987 3294 3040 statim
3325 2987 3506 3042 veniet
3533 2989 3601 3044 ad

2015 3065 2271 3132 templum
2318 3082 2472 3120 suum
2508 3070 2847 3137 dominator,
2902 3091 3059 3141 quem
3099 3092 3194 3129 vos
3243 3078 3511 3145 quaeritis,
3543 3087 3600 3133 et

315 3164 499 3234 xxxi).
539 3183 558 3215 ι
594 3163 650 3217 Si
678 3164 818 3217 enim
848 3163 912 3216 de
956 3162 1186 3230 simplici
1220 3163 1438 3216 homine
1469 3163 1691 3228 diceret,
1722 3179 1910 3233 super-

2015 3156 2233 3224 angelus
2261 3161 2592 3224 testamenti,
2621 3176 2783 3228 quem
2809 3177 2905 3216 vos
2931 3163 3110 3217 vultis.
3141 3164 3280 3220 Ecce
3302 3168 3448 3219 venit
3467 3167 3600 3221 dicit

277 3301 285 3313 ,
313 3256 426 3310 ﬂuo
455 3263 749 3324 poneretur
779 3268 1008 3316 novum,
1053 3253 1194 3322 quod
1226 3254 1424 3322 ubique
1461 3254 1512 3307 in
1551 3255 1788 3309 humano
1820 3270 1910 3323 ge-

312 3364 453 3403 nere
472 3347 717 3402 cernitur
741 3346 1019 3401 usitatum.
1041 3345 1192 3412 Quod
1210 3356 1388 3399 autem
1415 3347 1610 3400 mulier
1635 3347 1720 3400 illa
1744 3346 1910 3418 Virgo

310 3440 484 3502 foret,
512 3453 610 3508 per
640 3453 800 3507 quam
831 3438 922 3492 Dei
964 3437 1136 3490 Filius
1170 3438 1317 3490 velut
1352 3452 1447 3506 per
1476 3427 1752 3491 cmlestem
1783 3433 1911 3509 por-

313 3541 428 3584 tam
477 3531 545 3584 de
587 3529 708 3584 sinu
758 3528 935 3583 Patris
981 3529 1047 3582 ad
1090 3529 1360 3598 publicum
1408 3541 1652 3581 nostrum
1696 3530 1906 3596 exiret,

309 3619 556 3674 ostendit
583 3618 870 3681 Ezechiel,
902 3617 994 3687 qui
1033 3619 1148 3672 ait:
1183 3637 1200 3668 ι
1239 3616 1518 3671 Convertit
1557 3635 1662 3684 me,
1710 3619 1904 3688 inquit,

311 3712 381 3765 ad
412 3711 558 3764 viam
589 3718 759 3780 porte
806 3708 1098 3763 sanctuarii
1131 3709 1441 3773 exterioris,
1483 3724 1603 3777 qua:
1652 3711 1908 3779 respicie-

311 3801 408 3854 bat
457 3801 526 3854 ad
556 3799 851 3864 orientem,
887 3807 942 3852 et
983 3800 1098 3852 hanc
1125 3806 1245 3851 erat
1284 3799 1466 3852 clausa
1494 3815 1508 3863 ;
1554 3808 1609 3853 et
1640 3800 1776 3854 dixit
1804 3802 1908 3854 Do-

310 3894 500 3947 minus
526 3891 593 3946 ad
627 3906 711 3945 me
738 3909 750 3943 :
782 3890 946 3945 Porta
973 3891 1119 3954 hmo,
1153 3904 1314 3958 quam
1358 3891 1530 3954 vides,
1565 3891 1746 3946 clausa
1779 3893 1902 3958 erit,

312 3994 368 4039 et
417 3999 522 4037 non
555 3982 833 4052 aperietur
856 4021 870 4043 ,
900 3991 955 4034 et
978 3982 1061 4034 vir
1103 3997 1207 4034 non
1238 3981 1465 4036 transiet
1491 3998 1586 4051 per
1614 3997 1731 4036 eam
1757 4023 1773 4048 ,
1812 3983 1905 4036 sed

313 4091 534 4148 semper
553 4077 658 4131 erit
683 4075 864 4130 clausa
893 4073 1109 4144 (Ezech.
1142 4075 1310 4143 xuv).
1349 4094 1366 4125 ι
1395 4074 1557 4128 Beata
1584 4076 1726 4128 enim
1753 4076 1905 4143 virgo

310 4170 486 4224 Mat-ia
518 4182 733 4236 semper
763 4175 846 4220 est
871 4165 1051 4220 clausa
1080 4205 1093 4229 ,
1137 4165 1262 4233 quia
1306 4173 1360 4217 et
1387 4173 1512 4218 ante
1547 4176 1760 4234 partum
1791 4207 1804 4231 ,
1851 4176 1905 4221 et

310 4274 439 4334 post
467 4270 681 4332 partum
709 4274 921 4329 semper
950 4258 1282 4327 incorrupta.
1311 4257 1385 4312 De
1411 4273 1515 4326 qua
1541 4258 1705 4311 etiam
1738 4259 1904 4312 David

312 4355 488 4416 cauit,
515 4353 701 4406 dicens
730 4367 743 4402 :
783 4369 798 4401 |
831 4349 886 4402 In
933 4347 1043 4402 sole
1071 4349 1248 4418 posuit
1289 4347 1699 4402 tabernaculum
1724 4359 1916 4413 suum,’

313 4457 371 4500 et
400 4445 512 4513 ipse
543 4453 799 4511 tanquam
844 4455 1076 4510 sponsus
1105 4440 1406 4508 procedens
1429 4439 1496 4493 de
1537 4438 1774 4494 thalamo
1803 4455 1901 4496 suo

315 4534 490 4602 (Paul.
527 4534 702 4602 xvm).
725 4520 760 4582 ἰ

390 4627 538 4694 Quod
572 4633 751 4678 autem
802 4621 1057 4693 parvulus
1103 4620 1316 4675 futurus
1341 4631 1484 4676 esset
1518 4622 1568 4675 iu
1595 4620 1898 4675 substantia

310 4717 688 4782 humanitatis,
715 4726 773 4769 ut
800 4731 896 4769 nos
927 4729 1147 4784 magnos
1177 4713 1414 4769 efficeret
1439 4729 1503 4768 ex
1534 4714 1730 4769 virtute
1766 4699 1899 4770 divi-

313 4811 499 4864 nitatis
524 4850 539 4876 ,
571 4809 738 4864 lsaias
767 4808 1012 4878 perhibet
1035 4847 1049 4871 ,
1095 4808 1186 4876 qui
1233 4808 1347 4861 ait:
1387 4826 1405 4857 ι
1441 4807 1705 4861 Parvulus
1749 4807 1893 4860 enim

314 4911 474 4956 natus
509 4909 596 4955 est
626 4901 814 4965 nobis,
845 4907 899 4954 et
936 4899 1078 4954 ﬁlius
1103 4901 1261 4954 datus
1291 4909 1376 4955 est
1405 4900 1589 4964 nobis;
1624 4909 1678 4954 et
1721 4901 1896 4956 factus

313 5003 396 5050 est
423 4994 763 5064 principatus
789 5008 952 5064 super
995 4993 1277 5047 humerum
1307 4993 1423 5062 ejus
1449 5034 1462 5059 ,
1511 5003 1566 5048 et
1619 4993 1900 5048 vocabitur

314 5101 509 5141 nomen
543 5084 659 5152 ejus
681 5068 1053 5149 admirabilis,
1096 5085 1466 5151 consiliarius,
1509 5086 1686 5151 Deus,
1721 5087 1897 5152 fortis,

311 5189 466 5249 pater
493 5178 662 5233 futuri
693 5179 908 5240 saeculi,
950 5178 1201 5248 princeps
1226 5180 1377 5249 pacis
1406 5196 1418 5230 :
1451 5178 1900 5249 multiplicabitur

311 5270 427 5339 ejus
449 5271 760 5340 imperium,
788 5271 1012 5340 etpacis
1041 5286 1148 5324 non
1182 5271 1287 5324 erit
1313 5270 1436 5325 ﬁnis
1465 5288 1477 5323 :
1509 5287 1672 5340 super
1703 5271 1898 5326 solium

317 5361 504 5428 David,
538 5371 591 5414 et
631 5376 797 5432 super
821 5376 1047 5430 regnum
1091 5361 1208 5431 ejus
1240 5363 1478 5427 sedebit,
1506 5371 1566 5416 ut
1613 5363 1898 5419 C0nﬁrutel

313 5454 440 5508 illud
462 5496 476 5520 ,
524 5463 578 5509 et
604 5456 923 5509 corroboret
956 5455 1239 5525 in.judicio
1260 5495 1274 5520 ,
1304 5455 1588 5522 etjustitia
1618 5457 1809 5511 amodo
1839 5467 1893 5512 et

313 5565 482 5619 usque
514 5551 565 5603 in
614 5551 1000 5619 sempiternum
1038 5549 1175 5620 (Isa.
1217 5549 1316 5617 tx).
1359 5569 1376 5601 ι
1411 5548 1541 5603 Nam
1583 5565 1705 5605 cum
1746 5565 1888 5618 eum,

313 5657 469 5708 quem
500 5642 779 5711 parvulum
807 5651 931 5696 ante
952 5643 1334 5712 descripserat,
1356 5644 1695 5712 postmodqu
1722 5644 1887 5699 Deum

313 5729 529 5800 fortem,
567 5744 619 5787 ct
656 5742 860 5803 patrem
890 5734 1052 5788 futuri
1090 5734 1268 5790 surculi
1300 5736 1598 5790 vocandum
1625 5751 1743 5790 esse
1773 5752 1889 5805 pcr-

2013 3245 2272 3301 Dominus
2300 3251 2672 3318 exercituum,
2703 3262 2755 3305 et
2780 3254 2903 3322 quis
2945 3256 3145 3322 poterit
3175 3257 3416 3325 cogitare
3453 3258 3595 3312 diem

2013 3336 2277 3390 adventus
2293 3336 2409 3404 ejus
2432 3339 2452 3392 ?
2486 3358 2505 3391 ι
2541 3340 2800 3409 (Mulach.
2840 3344 2944 3414 ιιι.)
2969 3344 3104 3408 Quia
3128 3359 3256 3399 vero
3273 3346 3448 3400 adhuc
3463 3361 3594 3416 par-

2011 3427 2168 3480 vulus
2198 3427 2250 3481 in
2283 3428 2571 3499 Aigyptum
2617 3434 2962 3489 deducendus
2985 3445 3038 3489 et
3067 3436 3402 3492 reducendus
3429 3445 3595 3505 esset,

2010 3519 2147 3574 Osee
2177 3522 2517 3587 manifestat.
2556 3539 2676 3578 cum
2714 3512 2846 3580 dicit
2877 3541 2893 3579 :
2927 3547 2945 3577 ‹
2984 3527 3135 3582 Sicut
3170 3543 3327 3582 mane
3367 3529 3590 3594 transit,

2008 3614 2338 3680 pertransiet
2376 3629 2466 3666 rex
2501 3613 2663 3668 Israel
2692 3656 2706 3680 ,
2755 3618 2881 3685 quia
2927 3633 3065 3687 puer
3105 3617 3303 3683 Israel,
3346 3627 3401 3672 et
3430 3618 3595 3672 dilexi

2008 3718 2152 3769 cum,
2191 3713 2245 3758 et
2269 3720 2333 3757 ex
2368 3704 2599 3774 Λεωτριο
2631 3708 2816 3761 vocavi
2850 3707 3017 3762 ﬁlium
3046 3724 3223 3763 meum
3255 3709 3411 3778 (Osee
3439 3711 3539 3776 χι).
3568 3727 3588 3760 ι

2078 3794 2229 3860 Quod
2271 3806 2449 3850 autem
2473 3813 2636 3867 super
2663 3800 2870 3853 asinam
2920 3801 3112 3855 sedens
3137 3799 3436 3855 Jerusalem
3463 3816 3594 3855 ven-

2009 3895 2161 3940 turus
2192 3898 2368 3952 esset,
2408 3888 2701 3944 Zacharias
2734 3891 2998 3958 declarat,
3032 3892 3220 3947 dicens
3250 3910 3262 3946 :
3303 3910 3321 3942 ‹
3366 3891 3589 3946 Exsulta

2009 3979 2139 4033 satis
2168 3979 2274 4033 ﬁlia
2304 3980 2456 4045 Sion,
2487 3978 2656 4047 jubila
2691 3981 2795 4034 ﬁlia
2818 3980 3142 4048 Jerusalem,
3173 3996 3298 4037 ecce
3328 3981 3439 4035 Rex
3465 3991 3592 4035 tuus

2005 4071 2183 4124 veniet
2235 4071 2327 4125 tibi
2375 4070 2586 4138 justus,
2635 4081 2688 4126 et
2741 4073 2980 4127 salvator
3021 4092 3033 4126 :
3083 4074 3198 4142 ipse
3246 4087 3479 4144 pauper,
3534 4081 3591 4127 et

2005 4164 2305 4217 ascendens
2337 4179 2498 4232 super
2535 4165 2774 4231 asinam,
2805 4175 2861 4219 et
2895 4180 3058 4234 super
3085 4165 3253 4219 ﬁlium
3304 4165 3503 4230 asinae;
3534 4173 3590 4218 et

2003 4253 2310 4322 disperdant
2338 4257 2653 4324 quadrigam
2699 4255 2977 4325 Ephraim,
3007 4265 3060 4309 et
3090 4271 3289 4323 equum
3317 4255 3384 4309 de
3431 4254 3587 4309 Jeru-

2003 4344 2174 4398 salem
2199 4384 2213 4408 ,
2248 4353 2301 4398 et
2332 4344 2685 4413 dissipabitur
2711 4359 2871 4399 arcus
2915 4344 3042 4400 belli
3072 4362 3085 4398 :
3115 4355 3171 4399 et
3213 4344 3466 4414 loquetur
3491 4360 3588 4415 pa-

2005 4452 2120 4492 cem
2146 4436 2416 4506 gentibus,
2442 4447 2497 4492 et
2521 4446 2758 4505 potestas
2783 4438 2900 4508 ejus
2917 4453 2946 4491 a
2970 4438 3110 4492 mari
3137 4453 3305 4507 usque
3325 4439 3394 4493 ad
3415 4453 3585 4505 mare,

2006 4538 2061 4583 et
2087 4545 2115 4582 a
2152 4529 2373 4584 fluttdne
2395 4544 2567 4599 usque
2587 4530 2651 4582 ad
2680 4529 2813 4584 fines
2846 4540 3001 4586 terra:
3031 4529 3217 4603 (Zach.
3252 4530 3350 4601 1x).
3381 4549 3401 4584 ι
3434 4530 3586 4598 Quod

2007 4631 2187 4674 autem
2223 4629 2511 4691 arguturus
2557 4629 2701 4674 esset
2733 4618 2947 4675 Judmos
2991 4629 3048 4674 et
3095 4635 3282 4676 eorum
3317 4620 3585 4675 malitiam

2004 4726 2375 4784 correpturus,
2399 4715 2571 4769 Isaias
2596 4714 2856 4780 declarat,
2886 4729 3007 4768 cum
3038 4715 3152 4767 ait:
3187 4731 3207 4765 ‹
3237 4712 3353 4767 Non
3390 4727 3584 4767 secun-

2003 4809 2128 4862 dum
2159 4808 2425 4862 visionem
2448 4806 2726 4861 oculorum
2762 4804 3057 4873 judicabit,
3087 4818 3262 4872 neque
3287 4803 3582 4858 secundum

2003 4899 2246 4953 auditum
2299 4898 2510 4951 aurium
2560 4906 2789 4967 arguet,
2838 4896 2935 4950 sed
2981 4894 3250 4962 judicabit
3293 4893 3343 4948 in
3370 4893 3583 4964 justitia

1971 4990 2284 5064 'pauperes,
2304 5003 2361 5047 et
2386 5000 2576 5061 arguet
2599 4991 2651 5044 in
2679 4990 2932 5059 aequitate
2955 5002 3053 5058 pro
3081 4987 3377 5042 mansuetis
3401 5001 3580 5054 terrae,

1999 5096 2053 5140 et
2077 5087 2343 5156 percutiet
2373 5093 2573 5139 terram
2602 5084 2750 5152 virga
2783 5082 2897 5136 oris
2927 5082 3019 5146 sui
3041 5122 3055 5146 ,
3100 5091 3155 5137 et
3187 5081 3382 5152 spiritu
3413 5081 3582 5136 labio-

2003 5195 2120 5233 rum
2165 5195 2386 5234 suorum
2420 5177 2713 5233 interﬁciet
2739 5176 2958 5245 impium
2982 5216 2998 5242 ,
3024 5185 3078 5230 et
3107 5175 3214 5230 erit
3235 5174 3445 5244 justitia
3469 5175 3583 5229 ciu-

2000 5273 2184 5342 gulum
2233 5273 2537 5327 lumborum
2573 5269 2722 5339 ejus,
2765 5277 2819 5324 et
2848 5269 2982 5324 ﬁdes
3026 5269 3349 5323 cinctorium
3391 5282 3581 5321 renum

2001 5366 2118 5436 ejus
2149 5365 2285 5436 (lsa.
2311 5366 2410 5434 xl).
2451 5382 2469 5416 ι
2506 5363 2676 5418 Porro
2699 5363 2839 5432 quod
2868 5364 2921 5416 in
2956 5361 3194 5417 Jordane
3225 5358 3583 5430 baptizandus

1999 5459 2104 5512 erit
2138 5459 2302 5513 Isaias
2324 5457 2624 5513 denuntiat.
2649 5471 2770 5510 cum
2801 5455 2921 5509 ait:
2953 5474 2973 5506 ‹
3006 5453 3250 5508 ΕιιειιΙιθι
3283 5453 3580 5514 desertum,

2000 5559 2056 5605 et
2089 5549 2358 5604 exsultent
2404 5547 2720 5602 solitudines
2762 5545 3048 5618 Jordanis,
3086 5553 3135 5600 et
3167 5537 3396 5614 populus
3426 5555 3580 5595 meus

1984 5641 2200 5714 videbit
2248 5640 2586 5694 altitudinem
2633 5638 2846 5694 Domini
2895 5646 2949 5694 et
2996 5634 3335 5711 maiestatem
3366 5629 3578 5687 Domini

2001 5730 2136 5806 (Isa.
2172 5733 2355 5803 xxxv).
2412 5753 2429 5784 ι
2471 5733 2532 5787 Et
2575 5732 2732 5803 paulo
2776 5740 2894 5802 post
2928 5745 2943 5784 :
2984 5749 3002 5782 ι
3051 5730 3117 5785 Et
3154 5727 3392 5800 aperiam
3426 5738 3580 5780 mon-
