4106 6310
454 318 523 374 63
881 312 937 366 S.
969 308 1182 364 -ΡΕΤΒΙ
1222 301 1505 360 ΙᾺΜΙᾹΝΙ
1545 300 1695 357 OPP.
1736 294 1971 353 TOMUS
2011 293 2048 348 S

2181 293 2360 350 PARS
2397 293 2482 349 ΙΙΙ.
2523 325 2592 335 -
2628 293 2990 351 OPUSCL'LA
3031 293 3260 349 VARIA.
3624 293 3693 347 Oi

454 430 594 483 tibus
621 423 871 487 (lumina,
915 429 970 474 et
1000 426 1211 473 montes
1250 415 1579 481 disrumpam
1627 419 1680 464 et
1726 417 1924 463 terram
1955 406 2026 459 si-
2055 405 2104 463 A
2129 411 2185 458 et
2210 418 2304 458 ero
2342 419 2488 459 mors
2517 413 2631 468 tua,
2657 419 2690 458 ο
2720 419 2866 459 mors
2899 422 2913 457 :
2945 419 3040 461 ero
3070 418 3280 459 morsus
3310 410 3461 469 tuus,
3491 403 3705 460 inferne

455 518 677 573 tientem
711 514 830 568 sine
849 525 991 580 aqua
1026 506 1350 563 confundam
1393 503 1527 575 (Isa.
1551 500 1721 571 κων).
1760 520 1778 552 ι
1815 498 1967 564 Quod
1998 512 2028 550 a

453 625 553 665 suo
591 603 854 675 discipulo
882 599 1177 657 tradendus
1210 605 1386 660 esset,
1414 601 1647 649 testatur
1686 591 1800 661 ipse
1848 589 2030 643 Domi-

450 716 579 766 nus,
602 698 695 768 qui
716 710 813 766 per
834 709 895 749 os
916 693 1082 747 David
1104 688 1477 758 conqueritur,
1506 685 1689 739 dicens
1717 700 1731 736 :
1767 701 1786 734 ι
1817 680 2028 735 Etenim

449 795 616 849 homo
640 788 791 859 pacis
818 800 973 848 meat,
1004 784 1057 837 in
1099 796 1208 852 quo
1235 778 1516 850 sperabam
1537 817 1550 841 ,
1585 776 1674 845 qui
1711 772 1905 829 edebat
1931 788 2030 841 pa-

449 897 552 937 nes
576 893 766 943 meos,
810 874 1179 945 magniﬁcavit
1220 884 1381 940 super
1419 882 1506 922 me
1543 865 2029 935 supplantationem

451 969 628 1034 (Psal.
657 966 772 1037 XL).
806 984 825 1018 ι
855 963 920 1018 Et
945 964 1139 1017 iterum
1166 977 1180 1013 :
1203 963 1230 1011 ἰ
1268 958 1324 1014 Si
1350 957 1623 1020 inimicus,
1653 953 1850 1024 inquit,
1881 966 2033 1007 meus

439 1044 829 1113 'n‘aledixisset
869 1052 1034 1117 mihi,
1070 1056 1469 1118 supportassem
1504 1046 1729 1114 utique:
1778 1052 1833 1099 et
1860 1042 1905 1096 si
1955 1042 2028 1105 is,

449 1148 550 1214 Qui
577 1147 772 1202 oderat
809 1158 895 1198 me
920 1184 936 1209 ,
969 1157 1134 1211 super
1179 1154 1265 1193 me
1314 1152 1508 1208 magna
1556 1135 1770 1189 locutus
1811 1132 2031 1196 fuisset,

448 1233 843 1291 absconderem
873 1246 959 1285 me
999 1229 1186 1298 utique
1217 1227 1286 1280 ah
1313 1240 1377 1281 eo
1406 1243 1420 1278 :
1449 1235 1504 1277 tu
1534 1237 1666 1277 vero
1701 1223 1864 1277 homo
1904 1234 2034 1273 una-

448 1324 641 1388 nimis,
674 1323 779 1377 dux
821 1335 994 1384 meus,
1025 1328 1080 1372 et
1108 1326 1269 1371 notus
1294 1329 1447 1369 meus
1475 1312 1648 1384 (Psal.
1682 1310 1816 1379 LIV).
1847 1329 1864 1360 ι
1897 1308 2032 1362 Nam

451 1413 603 1482 quod
632 1420 857 1482 argento
896 1408 1211 1465 vendendus
1232 1414 1406 1468 esset,
1435 1404 1603 1458 Amos
1631 1401 1910 1471 perhibet,
1942 1399 2035 1468 qui

453 1502 575 1556 ait:
609 1519 629 1552 ι
669 1499 841 1568 Super
868 1498 1041 1553 tribus
1076 1496 1374 1552 sceleribus
1411 1491 1607 1554 Israel,
1635 1500 1689 1545 et
1714 1504 1876 1558 super
1903 1503 2037 1558 qua-

456 1605 586 1651 tuor
630 1606 737 1646 non
787 1600 1100 1645 convertam
1144 1602 1292 1653 eum,
1325 1599 1424 1656 pro
1451 1599 1517 1639 eo
1545 1583 1688 1653 quod
1733 1580 2040 1636 vendiderit

453 1694 557 1747 pro
585 1689 813 1752 argento
846 1680 1050 1749 justum
1078 1678 1259 1748 (Amos
1292 1677 1377 1746 ιι).
1415 1694 1434 1728 t
1465 1675 1624 1743 Quod
1655 1689 1784 1729 vero
1818 1673 2038 1742 triginta

2132 492 2286 564 (Osee
2311 493 2455 565 xm).
2480 513 2497 544 ι
2513 493 2666 560 Quod
2689 509 2814 549 vero
2833 495 2987 548 tertia
3006 495 3091 548 die
3113 502 3512 549 resurrecturus
3530 505 3698 562 esset,

2129 590 2315 636 etnon
2359 582 2465 637 alia
2511 582 2616 637 diei
2644 582 2776 637 hora
2806 584 2908 638 nisi
2934 582 3187 648 diluculo,
3220 583 3358 637 idem
3385 583 3552 640 Oseas
3582 600 3697 639 ma-

2129 673 2323 729 nifeste
2348 675 2569 739 clamat,
2597 675 2823 731 dicens:
2858 695 2874 726 ι
2915 674 3134 740 Venite,
3173 682 3228 729 et
3269 684 3609 730 revertamur
3632 677 3711 731 ad.

2130 765 2435 829 Dominum,
2475 766 2601 835 quia
2628 766 2743 834 ipse
2771 766 2937 835 cepit,
2974 773 3030 819 et
3058 765 3271 820 sanabit
3296 779 3415 831 nos,
3437 766 3703 834 percutiet

2130 863 2186 911 et
2212 855 2425 910 curabit
2450 870 2568 920 nos,
2601 854 2895 909 viviﬁcabit
2925 869 3024 909 nos
3051 861 3171 924 post
3190 853 3326 908 duos
3359 852 3496 919 dies,
3528 853 3585 908 in
3613 853 3703 910 die

2130 946 2292 1000 tertia
2317 946 2601 1000 suscitabit
2628 961 2758 1010 nos;
2793 954 2847 1000 et
2875 946 3119 1000 vivemus
3158 944 3213 998 in
3250 952 3537 1014 conspectu
3564 942 3703 1012 ejus,

2132 1038 2394 1099 sciemus,
2426 1052 2819 1106 sequemurque
2862 1046 2924 1091 ut
2962 1050 3350 1107 cognoscamus
3376 1034 3663 1088 Dominum
3684 1073 3703 1100 ,

2133 1126 2288 1195 quasi
2334 1126 2624 1181 diluculum
2673 1134 3004 1195 praeparatus
3042 1132 3127 1179 est
3172 1138 3426 1195 egressus
3451 1121 3605 1191 ejus,
3651 1132 3713 1178 et

2134 1218 2316 1272 veniet
2341 1217 2493 1284 quasi
2524 1215 2698 1269 imber
2735 1216 2891 1270 nobis
2938 1223 3320 1283 temporaneus
3356 1220 3412 1266 et
3439 1212 3708 1267 serotinus

2138 1312 2295 1358 terra:
2327 1303 2506 1372 (Osee.
2536 1302 2635 1373 vt).
2676 1321 2695 1354 ι
2726 1302 2801 1355 De
2830 1302 2945 1370 lege
2978 1311 3157 1356 autem
3198 1303 3320 1356 novi
3353 1301 3707 1365 Testamenti,

2137 1410 2302 1465 quam
2346 1408 2444 1463 per
2472 1393 2732 1448 mundum
2761 1392 3054 1449 diﬂ‘usurus
3082 1402 3235 1455 erat,
3284 1408 3381 1463 per
3420 1391 3709 1447 Jeremiam

2135 1487 2443 1557 pollicetur,
2469 1485 2655 1541 dicens
2681 1499 2698 1539 :
2740 1502 2760 1536 ι
2792 1484 2937 1539 Ecce
2956 1485 3173 1540 venient
3199 1483 3336 1549 dies,
3368 1484 3500 1537 dicit
3529 1482 3711 1536 Domi-

2138 1591 2273 1642 nus,
2307 1583 2361 1629 et
2402 1574 2593 1629 feriam
2636 1573 2814 1628 domui
2845 1571 3017 1628 Israel.
3050 1580 3106 1627 et
3133 1571 3317 1627 domui
3355 1569 3489 1626 Juda
3539 1569 3725 1625 foedus

2140 1681 2337 1721 novum
2367 1680 2381 1719 :
2414 1682 2521 1721 non
2552 1679 2853 1720 secundum
2889 1673 3109 1734 pactum
3131 1703 3151 1729 ,
3195 1664 3340 1733 quod
3380 1662 3559 1734 pepigi
3590 1677 3717 1717 cum

452 1770 732 1841 argenteis
762 1810 776 1833 ,
817 1768 1108 1822 Zacharias
1136 1773 1451 1831 enumerat,
1494 1765 1719 1819 dicens:
1765 1781 1784 1816 ι
1821 1760 2034 1832 Appen-
2064 1758 2109 1817 B
2135 1755 2380 1824 patrlbus
2404 1754 2597 1809 vestris
2627 1754 2681 1808 in
2726 1753 2813 1810 die
2861 1753 3077 1822 quando
3117 1752 3445 1822 apprehendi
3496 1767 3717 1805 manum

455 1857 677 1926 derunt,
714 1858 919 1929 inquit,
960 1857 1266 1914 mercedem
1297 1869 1472 1912 meam
1506 1855 1725 1927 triginta
1761 1854 2034 1927 argenteis

465 1949 649 2020 (Zacn.
680 1949 779 2019 ιιι).
821 1969 840 2002 ι

533 2037 599 2092 Et
620 2039 746 2106 quia
778 2037 936 2114 iidem
984 2037 1224 2107 argentei
1255 2036 1322 2089 ab
1345 2034 1478 2091 Juda
1509 2045 1631 2106 post
1666 2036 2036 2105 acceptionem

466 2129 692 2200 projecti
735 2130 879 2194 sint,
924 2130 1028 2183 hoc
1073 2130 1239 2183 etiam
1277 2129 1417 2183 idem
1471 2127 1733 2197 propheta
1771 2124 2042 2180 subtiliter

466 2220 813 2289 exsequitur,
844 2234 964 2274 cum
994 2218 1302 2290 subjungit;
1345 2237 1364 2270 ι
1400 2218 1466 2272 Ει
1514 2218 1649 2272 dixit
1694 2216 1951 2270 Dominus
1974 2214 2041 2269 ad

466 2327 556 2367 me
589 2329 603 2365 :
636 2311 845 2381 Projice
881 2311 1007 2366 illud
1038 2312 1103 2365 ad
1135 2313 1477 2374 statuarium,
1508 2313 1760 2366 decorum
1790 2312 2041 2379 pretium,

466 2416 577 2470 quo
603 2401 946 2470 appreliatus
981 2416 1101 2455 sum
1132 2402 1199 2455 ab
1225 2402 1325 2455 eis.
1363 2401 1427 2455 Et
1467 2400 1561 2453 tuli
1600 2401 1817 2470 triginta
1855 2414 2047 2469 argen«

468 2500 607 2555 tces,
639 2499 692 2545 et
714 2490 913 2559 projeci
940 2490 1057 2545 illos
1080 2491 1132 2544 in
1157 2490 1372 2545 domum
1399 2490 1608 2546 Domini
1636 2491 1700 2543 ad
1727 2489 2045 2545 statuarium

469 2583 728 2645 decorum
760 2581 972 2653 (Ibid.).
1010 2602 1023 2630 ι
1062 2582 1161 2637 Ubi
1190 2583 1353 2637 etiam
1393 2582 1552 2651 paulo
1589 2590 1714 2651 post
1751 2582 1818 2635 de
1847 2580 2049 2636 Judato-

471 2686 594 2742 rum
648 2671 992 2725 damnatione
1028 2671 1408 2742 subjungitur:
1444 2690 1462 2722 ι
1495 2672 1798 2740 Aspicient,
1851 2670 2045 2740 inquit,

472 2760 526 2815 in
558 2774 665 2825 me,
690 2775 850 2830 quem
886 2760 993 2832 47
1021 2762 1380 2827 conﬁxerunt,
1413 2770 1467 2817 et
1495 2761 1748 2832 plangent
1774 2762 2047 2832 planctum

474 2849 632 2918 quasi
659 2864 825 2919 super
847 2851 1208 2922 unigenitum,
1241 2861 1297 2906 et
1322 2852 1597 2917 dolebant,
1627 2860 1688 2906 ut
1718 2852 1885 2907 doleri
1911 2852 2050 2908 solet

473 2938 527 2992 in
558 2947 732 2993 morte
754 2940 1098 3009 primogettiti
1136 2939 1319 3012 (Zach.
1353 2943 1473 3012 xu).
1510 2962 1527 2994 ι
1555 2941 1632 2996 lbi
1667 2943 1832 2997 etiam
1868 2944 2051 2998 clavo-
2103 2935 2110 2942 ’

474 3042 592 3080 rum
621 3027 820 3099 ﬁguras
845 3027 901 3081 in
924 3030 1169 3085 manibus
1196 3031 1403 3088 Domini
1438 3030 1718 3087 manifeste
1743 3033 2048 3100 denuntiat,

2134 1864 2349 1913 eorum,
2376 1856 2435 1901 ut
2459 1848 2745 1902 educerem
2795 1860 2892 1900 eos
2918 1845 2987 1900 de
3017 1853 3160 1899 terra
3191 1842 3408 1914 Egypti
3434 1860 3447 1896 :
3478 1850 3716 1912 pactum,

2136 1936 2278 2007 quod
2300 1936 2514 1990 irritum
2537 1933 2807 1998 fecerunt,
2834 1942 2890 1988 et
2913 1947 3013 2002 ego
3035 1931 3343 1986 dominatus
3368 1945 3486 1984 sum
3509 1944 3719 1994 eorum,

2139 2026 2271 2080 dicit
2317 2025 2597 2079 Dominus.
2634 2023 2741 2077 Sed
2787 2023 2889 2077 hoc
2930 2023 3035 2077 erit
3061 2029 3282 2092 pactum
3308 2061 3323 2085 ,
3354 2020 3497 2089 quod
3530 2018 3721 2073 feriam

2142 2132 2265 2170 cum
2296 2118 2454 2171 domo
2487 2115 2647 2169 tsrael
2669 2124 2788 2183 post
2816 2114 2932 2168 dies
2957 2113 3098 2177 illos,
3129 2113 3261 2167 dicit
3283 2112 3562 2176 Dominus,
3587 2109 3726 2164 dabo

2142 2207 2311 2276 legem
2345 2221 2516 2260 meam
2569 2206 2619 2259 in
2665 2205 2964 2259 visceribus
2992 2219 3180 2259 eorum
3208 2243 3223 2269 ,
3258 2212 3312 2258 et
3359 2204 3413 2257 in
3458 2202 3713 2258 cordibus

2143 2311 2331 2352 eorum
2361 2297 2596 2351 scribam
2647 2311 2792 2360 eam,
2841 2304 2895 2348 et
2921 2309 3015 2348 ero
3064 2294 3144 2348 eis
3191 2293 3246 2347 in
3294 2293 3491 2356 Deunt,
3539 2301 3593 2347 et
3622 2292 3723 2363 ipsi

2146 2395 2307 2441 erunt
2343 2386 2472 2439 mihi
2504 2386 2556 2439 in
2589 2383 2843 2455 populum
2872 2384 3002 2455 (Jer.
3037 2366 3210 2453 xxvi).
3251 2402 3269 2434 ι

2220 2478 2372 2544 Quod
2415 2492 2742 2533 ascensurus
2784 2476 3007 2531 essetin
3051 2475 3267 2539 cmlum,
3303 2483 3357 2530 et
3395 2490 3558 2546 super
3597 2490 3727 2544 apo-

2148 2570 2316 2625 stolos
2362 2569 2627 2623 ntissurus
2672 2577 2755 2622 est
2802 2567 3061 2636 Spiritum
3107 2576 3353 2620 sanctum
3402 2565 3572 2619 David
3619 2581 3725 2620 uno

2145 2658 2413 2715 versiculo
2430 2658 2667 2712 breviter
2680 2658 3112 2728 comprehendit,
3130 2658 3317 2712 dicens
3336 2675 3347 2712 :
3372 2676 3390 2708 ‹
3413 2658 3725 2717 Ascendens

2148 2749 2200 2803 in
2220 2749 2389 2801 altum
2409 2749 2675 2817 captivam
2700 2747 2849 2802 duxit
2875 2748 3262 2817 captivitatem,
3287 2747 3435 2802 dedit
3458 2747 3593 2801 dona
3623 2746 3725 2800 lto-

2146 2839 2380 2894 minibus
2402 2839 2574 2910 (Psal.
2619 2838 2962 2907 vau;Eplt.
2989 2839 3087 2909 tv).
3126 2859 3145 2891 ι
3181 2838 3493 2894 Ascendens
3532 2838 3728 2909 quippe

2147 2922 2406 3004 Christus
2430 2935 2483 2989 in
2518 2934 2682 2989 altum
2712 2937 2979 3004 captivam
3007 2935 3164 2989 duxit
3193 2936 3580 3004 captivitatem,
3604 2935 3729 3004 quia

2149 3026 2551 3095 corruptionem
2595 3034 2835 3082 nostram
2890 3027 3089 3080 virtute
3154 3042 3264 3080 sua:
3313 3026 3734 3094 incorruptionis

473 3135 595 3174 cum
625 3121 743 3174 ait:
779 3139 798 3173 ι
833 3122 900 3175 Et
945 3121 1189 3178 dicetur:
1234 3124 1301 3177 Et
1350 3124 1475 3193 quid
1506 3134 1630 3180 sunt
1656 3125 1823 3196 plagte
1858 3126 1973 3181 ista:
1995 3126 2049 3181 in

2151 3116 2457 3183 absorbuit;
2503 3117 2649 3173 dedit
2696 3132 2827 3171 vero
2871 3117 3008 3170 dona
3054 3117 3400 3181 hominibus,
3457 3115 3575 3187 48
3605 3116 3733 3184 quia

474 3209 654 3264 medio
683 3225 943 3266 manuum
972 3214 1313 3268 tuarum‘lEt
1333 3215 1478 3270 dicet
1503 3235 1515 3270 :
1544 3216 1638 3273 His
1666 3219 1913 3288 plagatus
1930 3236 2049 3274 sum

476 3301 529 3353 itt
554 3300 712 3354 domo
735 3316 939 3365 eorum,
971 3303 1063 3371 qui
1091 3303 1384 3373 diligebant
1410 3305 1694 3375 me(ZacIt.
1714 3310 1867 3377 xm);
1892 3328 1911 3360 ι
1960 3310 2051 3362 ubi

476 3388 651 3441 adhuc
684 3387 900 3442 additur
929 3406 943 3443 :
978 3407 996 3439 ι
1028 3390 1257 3445 Framea
1289 3393 1554 3449 suscitare
1591 3409 1753 3464 super
1777 3406 2052 3466 pastorem

478 3492 679 3544 meum,
707 3486 762 3533 et
787 3493 951 3548 super
984 3480 1159 3535 virum
1199 3482 1561 3538 cohaerentem
1593 3486 1722 3540 mihi
1742 3527 1757 3551 ,
1793 3487 1922 3541 dicit
1949 3489 2052 3542 Do-

480 3568 659 3622 minus
712 3570 1073 3624 exercituum.
1117 3570 1347 3627 Percute
1397 3584 1699 3641 pastorem,
1742 3585 1797 3629 et
1849 3577 2055 3644 disper-

477 3666 675 3727 gentur
708 3672 837 3713 oves
870 3658 1084 3729 (Ibid)
1118 3680 1138 3713 ι
1175 3660 1327 3728 Quod
1356 3670 1534 3717 autem
1560 3666 1611 3719 in
1635 3665 1779 3736 ligno
1826 3682 2052 3735 suspen-

479 3748 687 3802 dendus
728 3757 905 3815 esset,
937 3749 1205 3806 Jeremias
1248 3753 1599 3819 manifestat,
1630 3757 1814 3812 dicens
1848 3774 1862 3812 :
1905 3750 2056 3813 (Do-

479 3840 648 3907 mine,
678 3842 1064 3899 demonstrasti
1095 3845 1228 3899 mihi
1268 3852 1323 3900 et
1365 3847 1625 3915 cognovi,
1675 3856 1729 3901 tu
1773 3849 2053 3904 ostendisti

482 3931 613 3985 mihi
639 3932 815 3986 studia
851 3946 1037 3988 eorum
1060 3974 1075 4000 ,
1103 3943 1160 3989 et
1193 3950 1292 4005 ego
1325 3936 1481 4004 quasi
1511 3952 1681 4006 agnus
1706 3948 2052 4004 mansuetus,

481 4020 573 4090 qui
618 4029 865 4090 portatur
904 4022 972 4076 ad
1019 4023 1317 4077 victimam.
1366 4023 1433 4076 Et
1481 4039 1587 4078 non
1634 4027 1890 4095 cognovi,
1929 4028 2055 4096 quia

481 4111 856 4181 cogitaverunt
881 4128 1043 4183 super
1072 4129 1159 4168 me
1184 4115 1431 4180 consilia,
1463 4115 1700 4169 dicentes
1726 4132 1738 4168 :
1780 4118 2058 4174 mittamus

483 4198 685 4268 lignum
717 4201 769 4254 in
803 4216 1000 4270 panem
1032 4201 1169 4271 ejus,
1211 4212 1265 4258 et
1306 4205 1594 4259 eradamus
1642 4218 1764 4259 eum
1800 4208 1868 4261 de
1916 4218 2058 4263 terra

482 4289 809 4357 viventium,
839 4300 894 4346 et
928 4308 1123 4348 nomen
1161 4291 1277 4360 ejus
1306 4310 1412 4348 non
1461 4305 1794 4351 memoretur
1829 4298 2060 4368 amplius

485 4382 617 4449 (Jer.
655 4381 752 4451 XI).
798 4408 814 4434 ι
845 4384 995 4450 Quod
1023 4388 1340 4442 vestimenta
1372 4387 1514 4442 illius
1548 4399 1693 4443 sorte
1718 4390 1883 4443 divisa
1910 4400 2059 4457 sunt,

2152 3208 2324 3264 etTuso
2357 3211 2589 3280 desuper
2618 3210 2822 3279 Spiritu
2843 3250 2857 3274 ,
2890 3210 3102 3265 diversa
3130 3210 3406 3280 discipulis
3433 3212 3544 3265 suis
3572 3209 3735 3264 cmle-

2153 3301 2316 3353 stium
2363 3301 2751 3354 charismatum
2794 3300 2935 3354 dona
2970 3300 3256 3354 concessit.
3290 3299 3357 3352 Et
3400 3297 3516 3352 Joel
3557 3298 3731 3351 dicit:

2159 3404 2178 3438 ι
2211 3388 2277 3441 Ει
2302 3389 2408 3441 erit
2436 3399 2558 3457 post
2583 3389 2730 3452 haec,
2768 3388 3038 3443 eﬂundam
3076 3388 3334 3457 Spiritum
3362 3402 3540 3440 meum
3572 3400 3736 3454 super

2153 3488 2368 3527 omnem
2398 3490 2640 3542 carnem,
2677 3484 2732 3530 et
2764 3476 3163 3544 prophetabunt
3210 3475 3306 3528 ﬁlii
3340 3474 3502 3528 vestri
3528 3482 3582 3528 et
3612 3474 3736 3529 [ilice

2154 3571 2369 3627 vestrm,
2388 3564 2632 3619 seniores
2660 3566 2821 3619 vestri
2838 3566 3043 3619 somnia
3060 3565 3425 3630 somniabunt,
3444 3565 3734 3634 etjuvenes

2156 3657 2321 3711 vestri
2352 3657 2587 3712 visiones
2620 3658 2896 3713 videbunt.
2927 3657 3032 3713 Sed
3076 3669 3129 3713 et
3161 3673 3324 3727 super
3354 3673 3542 3713 servos
3588 3672 3738 3712 meos

2155 3757 2210 3801 et
2249 3748 2470 3802 ancillas
2513 3764 2664 3803 meas
2708 3751 2761 3804 in
2805 3750 2994 3805 diebus
3036 3748 3142 3804 illis
3172 3749 3443 3803 ell'undam
3487 3749 3734 3818 spiritum

2156 3855 2333 3895 meum
2378 3840 2538 3912 (Joel.
2574 3841 2658 3914 tt).
2690 3860 2708 3892 ι
2745 3840 2821 3896 De
2860 3840 2962 3895 hac
2987 3841 3176 3895 eadem
3214 3839 3476 3895 eﬂ‘usione
3506 3839 3739 3910 Spiritus

2156 3935 2323 3992 Isaias
2363 3936 2631 4008 perhibet,
2664 3936 2886 3990 dicens:
2938 3953 2958 3987 ι
3006 3930 3125 3988 Noli
3155 3935 3367 3999 timere,
3401 3948 3555 3987 serve
3585 3946 3737 3986 meus

2157 4026 2323 4083 Jacob
2344 4008 2682 4091 electissimo,
2703 4039 2863 4095 quem
2884 4024 3020 4096 elegi
3045 4042 3058 4078 :
3085 4023 3357 4078 effundam
3378 4022 3520 4078 enim
3545 4036 3736 4091 aquam

2160 4133 2321 4188 super
2347 4118 2650 4184 sitientem,
2681 4124 2735 4170 et
2759 4114 2956 4170 ﬂuenta
2987 4129 3147 4185 super
3190 4115 3416 4169 aridam.
3456 4111 3738 4169 Effundam

2164 4210 2409 4281 spiritum
2436 4222 2613 4263 meum
2637 4223 2801 4278 super
2825 4222 3010 4263 semen
3039 4216 3209 4273 tuum,
3234 4215 3289 4263 et
3312 4206 3740 4262 benedictionem

2165 4314 2341 4353 meam
2368 4314 2529 4368 super
2551 4297 2775 4365 stirpem
2802 4305 2945 4349 tuam
2972 4294 3107 4364 (Isa.
3131 4299 3299 4367 κων).
3334 4314 3352 4346 ›
3383 4296 3457 4348 De
3477 4295 3741 4364 baptismo

2166 4398 2380 4452 autem,
2411 4403 2570 4456 quem
2615 4401 2714 4455 per
2754 4387 3012 4441 mundum
3046 4386 3160 4441 ﬁeri
3189 4394 3557 4455 prazcepturus
3595 4391 3740 4449 erat,

490 4484 716 4529 testatur
746 4477 858 4543 ipse
883 4492 980 4544 per
1008 4493 1071 4531 os
1116 4476 1283 4530 David
1312 4518 1325 4543 ,
1360 4478 1610 4547 inquiens
1643 4498 1657 4533 :
1698 4498 1716 4530 ι
1753 4452 2065 4535 Diviserunt
2092 4452 2142 4510 θ
2168 4491 2263 4546 per
2291 4452 2540 4530 Ezechiel
2571 4452 2853 4544 pollicetur
2878 4476 3062 4531 dicens
3093 4495 3106 4531 :
3143 4495 3162 4528 ί
3189 4452 3516 4542 imum—iam,
3550 4458 3742 4545 inquit.

489 4564 588 4618 sibi
621 4564 941 4618 vestimenta
973 4582 1123 4631 mea,
1154 4577 1210 4621 et
1249 4583 1412 4635 super
1449 4580 1653 4623 vestem
1700 4586 1870 4625 meam
1911 4574 2063 4629 mise-

488 4663 616 4709 runt
638 4664 839 4709 sortem
872 4654 1043 4726 (Paul.
1070 4658 1207 4724 xxi).
1249 4676 1266 4709 ι
1294 4657 1425 4711 Nam
1459 4659 1597 4726 qttod
1624 4656 1747 4714 felle
1780 4660 2060 4729 cibandus,

489 4754 643 4799 aceto
672 4744 937 4814 potandus
965 4755 1142 4811 esset,
1179 4762 1274 4816 per
1301 4748 1548 4803 eumdem
1591 4749 1755 4806 David
1784 4753 2059 4823 perhibet,

492 4850 613 4889 cum
642 4836 755 4889 ait:
798 4855 814 4887 ι
854 4836 1125 4892 Dederunt
1159 4840 1212 4892 in
1246 4854 1426 4894 escam
1470 4856 1645 4896 meam
1683 4843 1772 4911 fel,
1804 4856 1859 4899 et
1891 4847 1943 4901 in
1975 4850 2062 4904 siti

494 4939 612 4978 mea
641 4933 961 4993 potaverunt
986 4942 1070 4981 me
1097 4937 1248 4984 aceto
1282 4927 1454 5001 (Psal.
1484 4933 1692 5004 uvut).
1724 4953 1740 4985 ι
1774 4935 1907 5003 Quia
1940 4955 2066 4995 vero

495 5016 873 5085 conspuendus
924 5027 1103 5083 esset,
1155 5028 1209 5073 et
1252 5019 1457 5075 lanceis
1498 5021 1887 5092 perforandus,
1917 5025 2068 5085 Jere-

495 5106 631 5160 mias
661 5106 725 5177 (?)
778 5107 1045 5171 insinuat,
1079 5109 1264 5165 dicens
1304 5128 1317 5163 :
1357 5130 1376 5162 ι
1427 5111 1840 5171 Insurrcxcrttnt
1887 5119 1939 5173 in
1982 5136 2069 5177 me

494 5196 598 5250 viri
630 5196 799 5266 iniqui
830 5197 1031 5267 absque
1064 5199 1430 5255 misericordia
1456 5242 1470 5267 ,
1498 5204 1831 5271 qnzesierunt
1858 5225 1945 5264 me
1984 5210 2067 5264 itt-

497 5286 762 5354 terﬁcere,
779 5294 835 5342 et
861 5303 965 5343 non
992 5301 1343 5358 pepercerunt
1368 5293 1419 5347 in
1446 5292 1632 5349 faciem
1665 5312 1834 5352 tueaut
1856 5315 2069 5369 Spuerc,

498 5386 552 5430 et
577 5376 778 5433 lanceis
806 5378 917 5433 suis
944 5378 1360 5433 vulneraverunt
1394 5397 1497 5436 me.
1540 5403 1558 5435 ι

568 5466 646 5519 De
668 5466 1016 5523 descensione
1046 5467 1161 5536 eius
1190 5469 1256 5523 ad
1305 5470 1502 5525 inferos
1521 5512 1535 5536 ,
1568 5483 1619 5527 et
1651 5476 1926 5544 ereptione
1952 5493 2074 5532 san-

502 5566 712 5612 ctorum
744 5572 842 5628 per
881 5557 1017 5614 Osee
1059 5559 1298 5629 loquitur
1332 5561 1433 5615 hoc
1462 5563 1618 5617 modo
1650 5579 1663 5617 :
1712 5584 1728 5615 ι
1771 5566 1844 5621 De
1877 5585 2034 5622 tnanu
2059 5611 2073 5635 ,

504 5648 698 5720 inquit,
724 5654 909 5708 mortis
937 5652 1175 5711 liberabo
1198 5669 1312 5721 eos,
1350 5656 1415 5710 de
1456 5667 1628 5713 morte
1656 5661 1916 5717 redimam
1939 5679 2032 5720 eos
2058 5682 2070 5717 :

2167 4582 2330 4636 super
2357 4582 2450 4621 vos
2487 4582 2681 4635 aquam
2707 4568 2981 4633 mundam,
3006 4579 3054 4621 et
3112 4569 3501 4623 mundabimini
3533 4569 3601 4622 ab
3628 4584 3743 4623 om-

2168 4660 2327 4714 nibus
2369 4659 2795 4728 inquinamentis
2832 4661 3063 4725 vestris,
3099 4668 3153 4714 ct
3193 4659 3260 4714 ab
3291 4661 3559 4715 universis
3592 4659 3748 4715 idolis

2166 4749 2362 4802 vestris
2384 4746 2651 4803 mandabo
2681 4763 2777 4803 vos
2802 4748 3018 4820 (Ezech.
3043 4750 3229 4820 χχχιιι)
3268 4768 3284 4801 ι
3318 4750 3450 4816 Quia
3475 4765 3603 4805 vero
3635 4752 3748 4820 ipse

2163 4838 2501 4907 judicaturus
2526 4839 2596 4892 sit
2618 4841 2892 4906 ntundunt,
2919 4848 3147 4895 testatur
3166 4841 3474 4909 Psalmista,
3498 4844 3586 4913 qui
3605 4853 3751 4915 post-

2171 4943 2333 4997 quam
2363 4929 2651 4998 prtemisit,
2694 4947 2713 4980 ι
2752 4930 3012 4986 Dominus
3048 4935 3291 5004 regnavit
3333 4950 3363 4986 a
3396 4934 3574 5006 ligno;
3622 4955 3640 4987 ι
3685 4935 3750 4990 de

2174 5023 2361 5077 eodem
2392 5021 2641 5087 Domino,
2670 5024 2760 5092 qui
2790 5041 2819 5077 a
2851 5023 2993 5095 ligno
3020 5027 3287 5097 regnavit,
3316 5028 3367 5083 in
3395 5028 3501 5082 line
3529 5026 3752 5096 subjun—

2176 5113 2253 5182 git
2281 5113 2467 5167 dicens
2494 5130 2507 5165 :
2539 5132 2555 5163 ι
2589 5112 2858 5168 Judicabit
2883 5118 3070 5171 orbem
3103 5128 3263 5172 terra:
3297 5117 3348 5172 in
3374 5118 3628 5187 aequitate
3653 5158 3668 5186 ,
3698 5127 3755 5175 et

2176 5204 2402 5274 populos
2434 5204 2485 5257 in
2518 5206 2741 5260 veritate
2772 5223 2866 5261 sua
2897 5207 3067 5276 (Psal.
3094 5210 3236 5280 xcv).

2248 5293 2401 5350 Nunc
2427 5295 2608 5366 igitur,
2640 5296 2821 5352 Judace
2843 5338 2858 5364 ,
2891 5299 3032 5353 sicut
3075 5314 3243 5354 sacra:
3274 5299 3569 5373 Scriptura:
3600 5302 3752 5357 testi-

2182 5387 2359 5440 monia
2390 5388 2455 5442 ad
2482 5388 2640 5443 [idem
2673 5400 2721 5443 te
2748 5389 2946 5443 Christi
2982 5406 3087 5445 non
3111 5393 3412 5457 attrahunt,
3444 5394 3489 5447 si
3512 5394 3752 5448 onmium

2184 5489 2233 5535 te
2265 5482 2650 5551 prophetarum
2681 5492 2787 5537 tam
2833 5486 3115 5555 perspicua
3140 5527 3154 5550 ,
3190 5496 3243 5541 et
3274 5487 3417 5541 clara
3460 5488 3603 5543 dicta
3648 5504 3751 5543 non

2179 5572 2436 5639 ﬂectunt,
2465 5574 2595 5630 libet
2619 5575 2795 5630 adhuc
2816 5618 2829 5641 ,
2874 5578 3185 5648 postpositis
3217 5579 3428 5636 scilicet
3465 5582 3756 5650 pr0plteta-

2184 5681 2299 5720 rum
2322 5668 2600 5738 exemplis,
2629 5669 2740 5723 sola
2772 5678 2945 5726 tecum
2974 5671 3384 5729 ratiocinatione
3406 5673 3752 5740 contendere,
