  <div class='ocr_page' id='page_1' title='image "/cluster/home/n/w/nwhite01/storage/ocr_20150623/145/hvd.32044015471824/040.png"; bbox 0 0 4080 5346; ppageno 0'>
   <div class='ocr_carea' id='block_1_1' title="bbox 299 345 3578 424">
    <p class='ocr_par' dir='ltr' id='par_1_1' title="bbox 299 345 3578 424">
     <span class='ocr_line' id='line_1_1' title="bbox 299 345 3578 424; baseline 0.006 -21"><span class='ocrx_word' id='word_1_1' title='bbox 299 345 370 403; x_wconf 78' lang='lat'><strong>85</strong></span> <span class='ocrx_word' id='word_1_2' title='bbox 862 345 1088 405; x_wconf 81' lang='lat' dir='ltr'><strong>OPUSC</strong></span> <span class='ocrx_word' id='word_1_3' title='bbox 1151 348 1237 404; x_wconf 84' lang='lat' dir='ltr'><strong>III.</strong></span> <span class='ocrx_word' id='word_1_4' title='bbox 1278 378 1347 390; x_wconf 86' lang='lat'><strong>-—</strong></span> <span class='ocrx_word' id='word_1_5' title='bbox 1390 349 1759 407; x_wconf 81' lang='lat' dir='ltr'><strong>DIALOGUS.</strong></span> <span class='ocrx_word' id='word_1_6' title='bbox 1801 350 2014 406; x_wconf 82' lang='lat' dir='ltr'><strong>INTER</strong></span> <span class='ocrx_word' id='word_1_7' title='bbox 2053 351 2360 411; x_wconf 50' lang='lat' dir='ltr'><strong>JUDt‘EUM</strong></span> <span class='ocrx_word' id='word_1_8' title='bbox 2396 356 2486 412; x_wconf 85' lang='lat' dir='ltr'><strong>ET</strong></span> <span class='ocrx_word' id='word_1_9' title='bbox 2525 357 2997 417; x_wconf 80' lang='lat' dir='ltr'><strong>CllRlSTlANUM</strong></span> <span class='ocrx_word' id='word_1_10' title='bbox 3509 368 3578 424; x_wconf 78' lang='lat'><strong>66</strong></span> 
     </span>
    </p>
   </div>
   <div class='ocr_carea' id='block_1_2' title="bbox 294 460 3575 545">
    <p class='ocr_par' dir='ltr' id='par_1_2' title="bbox 294 460 3575 545">
     <span class='ocr_line' id='line_1_2' title="bbox 294 460 3575 545; baseline 0.005 -28"><span class='ocrx_word' id='word_1_11' title='bbox 294 470 355 517; x_wconf 83' lang='lat' dir='ltr'><strong>et</strong></span> <span class='ocrx_word' id='word_1_12' title='bbox 389 475 553 515; x_wconf 89' lang='lat' dir='ltr'><strong>unam</strong></span> <span class='ocrx_word' id='word_1_13' title='bbox 598 468 782 517; x_wconf 90' lang='lat' dir='ltr'><strong>tecum</strong></span> <span class='ocrx_word' id='word_1_14' title='bbox 820 460 875 516; x_wconf 92' lang='lat' dir='ltr'><strong>in</strong></span> <span class='ocrx_word' id='word_1_15' title='bbox 925 461 1075 517; x_wconf 87' lang='lat' dir='ltr'><strong>calce</strong></span> <span class='ocrx_word' id='word_1_16' title='bbox 1118 461 1279 533; x_wconf 87' lang='lat' dir='ltr'><strong>hujus</strong></span> <span class='ocrx_word' id='word_1_17' title='bbox 1307 462 1554 532; x_wconf 84' lang='lat' dir='ltr'><strong>opusculi</strong></span> <span class='ocrx_word' id='word_1_18' title='bbox 1599 461 1889 531; x_wconf 63' lang='lat' dir='ltr'><strong>quiestiun-</strong></span> <span class='ocrx_word' id='word_1_19' title='bbox 1915 466 1960 526; x_wconf 74' lang='grc' dir='ltr'><strong>Α</strong></span> <span class='ocrx_word' id='word_1_20' title='bbox 1991 477 2209 533; x_wconf 89' lang='lat' dir='ltr'><strong>quoque</strong></span> <span class='ocrx_word' id='word_1_21' title='bbox 2228 464 2419 519; x_wconf 72' lang='lat' dir='ltr'><strong>exsilio</strong></span> <span class='ocrx_word' id='word_1_22' title='bbox 2460 467 2642 535; x_wconf 92' lang='lat' dir='ltr'><strong>positi,</strong></span> <span class='ocrx_word' id='word_1_23' title='bbox 2671 472 3575 545; x_wconf 80' lang='lat' dir='ltr'><strong>nunquaml&#39;ueruutprophetarum</strong></span> 
     </span>
    </p>
   </div>
   <div class='ocr_carea' id='block_1_3' title="bbox 295 552 1887 625">
    <p class='ocr_par' dir='ltr' id='par_1_3' title="bbox 295 552 1887 625">
     <span class='ocr_line' id='line_1_3' title="bbox 295 552 1887 625; baseline -0.001 -15"><span class='ocrx_word' id='word_1_24' title='bbox 295 552 479 610; x_wconf 82' lang='lat' dir='ltr'><strong>cuiam</strong></span> <span class='ocrx_word' id='word_1_25' title='bbox 508 552 750 609; x_wconf 74' lang='lat' dir='ltr'><strong>breviter</strong></span> <span class='ocrx_word' id='word_1_26' title='bbox 781 552 1019 624; x_wconf 87' lang='lat' dir='ltr'><strong>agitare;</strong></span> <span class='ocrx_word' id='word_1_27' title='bbox 1051 561 1321 625; x_wconf 88' lang='lat' dir='ltr'><strong>quatenus</strong></span> <span class='ocrx_word' id='word_1_28' title='bbox 1344 555 1486 625; x_wconf 90' lang='lat' dir='ltr'><strong>quod</strong></span> <span class='ocrx_word' id='word_1_29' title='bbox 1532 563 1634 609; x_wconf 67' lang='lat' dir='ltr'><strong>tua:</strong></span> <span class='ocrx_word' id='word_1_30' title='bbox 1658 569 1887 610; x_wconf 87' lang='lat' dir='ltr'><strong>conver-</strong></span> 
     </span>
    </p>
   </div>
   <div class='ocr_carea' id='block_1_4' title="bbox 297 646 1889 717">
    <p class='ocr_par' dir='ltr' id='par_1_4' title="bbox 297 646 1889 717">
     <span class='ocr_line' id='line_1_4' title="bbox 297 646 1889 717; baseline -0.001 -13"><span class='ocrx_word' id='word_1_31' title='bbox 297 646 440 704; x_wconf 83' lang='lat' dir='ltr'><strong>sioni</strong></span> <span class='ocrx_word' id='word_1_32' title='bbox 489 647 561 702; x_wconf 88' lang='lat' dir='ltr'><strong>sit</strong></span> <span class='ocrx_word' id='word_1_33' title='bbox 595 661 930 717; x_wconf 87' lang='lat' dir='ltr'><strong>congruum,</strong></span> <span class='ocrx_word' id='word_1_34' title='bbox 977 646 1113 702; x_wconf 84' lang='lat' dir='ltr'><strong>nihil</strong></span> <span class='ocrx_word' id='word_1_35' title='bbox 1150 646 1401 702; x_wconf 88' lang='lat' dir='ltr'><strong>videatur</strong></span> <span class='ocrx_word' id='word_1_36' title='bbox 1444 647 1647 702; x_wconf 79' lang='lat' dir='ltr'><strong>nostris</strong></span> <span class='ocrx_word' id='word_1_37' title='bbox 1693 647 1889 703; x_wconf 91' lang='lat' dir='ltr'><strong>studiis</strong></span> 
     </span>
    </p>
   </div>
   <div class='ocr_carea' id='block_1_5' title="bbox 298 739 1888 813">
    <p class='ocr_par' dir='ltr' id='par_1_5' title="bbox 298 739 1888 813">
     <span class='ocr_line' id='line_1_5' title="bbox 298 739 1888 813; baseline 0.001 -16"><span class='ocrx_word' id='word_1_38' title='bbox 298 743 647 797; x_wconf 88' lang='lat' dir='ltr'><strong>intentatum.</strong></span> <span class='ocrx_word' id='word_1_39' title='bbox 670 739 784 810; x_wconf 83' lang='lat' dir='ltr'><strong>Age</strong></span> <span class='ocrx_word' id='word_1_40' title='bbox 810 739 995 809; x_wconf 80' lang='lat' dir='ltr'><strong>igitur,</strong></span> <span class='ocrx_word' id='word_1_41' title='bbox 1025 741 1296 811; x_wconf 81' lang='lat' dir='ltr'><strong>responde</strong></span> <span class='ocrx_word' id='word_1_42' title='bbox 1325 740 1475 805; x_wconf 88' lang='lat' dir='ltr'><strong>mihi,</strong></span> <span class='ocrx_word' id='word_1_43' title='bbox 1502 740 1645 810; x_wconf 91' lang='lat' dir='ltr'><strong>quod</strong></span> <span class='ocrx_word' id='word_1_44' title='bbox 1670 741 1888 813; x_wconf 81' lang='lat' dir='ltr'><strong>gravius</strong></span> 
     </span>
    </p>
   </div>
   <div class='ocr_carea' id='block_1_6' title="bbox 294 829 1887 903">
    <p class='ocr_par' dir='ltr' id='par_1_6' title="bbox 294 829 1887 903">
     <span class='ocr_line' id='line_1_6' title="bbox 294 829 1887 903; baseline 0 -16"><span class='ocrx_word' id='word_1_45' title='bbox 294 841 579 903; x_wconf 87' lang='lat' dir='ltr'><strong>peccatum</strong></span> <span class='ocrx_word' id='word_1_46' title='bbox 603 838 791 901; x_wconf 91' lang='lat' dir='ltr'><strong>patres</strong></span> <span class='ocrx_word' id='word_1_47' title='bbox 817 829 983 884; x_wconf 82' lang='lat' dir='ltr'><strong>vestri</strong></span> <span class='ocrx_word' id='word_1_48' title='bbox 1010 839 1358 899; x_wconf 85' lang='lat' dir='ltr'><strong>perpetrasse</strong></span> <span class='ocrx_word' id='word_1_49' title='bbox 1392 839 1719 897; x_wconf 89' lang='lat' dir='ltr'><strong>noscuntur,</strong></span> <span class='ocrx_word' id='word_1_50' title='bbox 1744 832 1887 887; x_wconf 87' lang='lat' dir='ltr'><strong>unde</strong></span> 
     </span>
    </p>
   </div>
   <div class='ocr_carea' id='block_1_7' title="bbox 296 918 1884 993">
    <p class='ocr_par' dir='ltr' id='par_1_7' title="bbox 296 918 1884 993">
     <span class='ocr_line' id='line_1_7' title="bbox 296 918 1884 993; baseline -0.003 -13"><span class='ocrx_word' id='word_1_51' title='bbox 296 924 390 980; x_wconf 86' lang='lat' dir='ltr'><strong>Dei</strong></span> <span class='ocrx_word' id='word_1_52' title='bbox 416 924 554 978; x_wconf 88' lang='lat' dir='ltr'><strong>iram</strong></span> <span class='ocrx_word' id='word_1_53' title='bbox 588 922 760 993; x_wconf 88' lang='lat' dir='ltr'><strong>magis</strong></span> <span class='ocrx_word' id='word_1_54' title='bbox 786 920 1169 985; x_wconf 84' lang='lat' dir='ltr'><strong>accenderent.</strong></span> <span class='ocrx_word' id='word_1_55' title='bbox 1199 928 1253 975; x_wconf 84' lang='lat' dir='ltr'><strong>et</strong></span> <span class='ocrx_word' id='word_1_56' title='bbox 1281 918 1396 988; x_wconf 85' lang='lat' dir='ltr'><strong>ejus</strong></span> <span class='ocrx_word' id='word_1_57' title='bbox 1422 921 1475 975; x_wconf 93' lang='lat' dir='ltr'><strong>in</strong></span> <span class='ocrx_word' id='word_1_58' title='bbox 1503 937 1562 977; x_wconf 90' lang='lat' dir='ltr'><strong>se</strong></span> <span class='ocrx_word' id='word_1_59' title='bbox 1589 922 1884 977; x_wconf 83' lang='lat' dir='ltr'><strong>vindictam</strong></span> 
     </span>
    </p>
   </div>
   <div class='ocr_carea' id='block_1_8' title="bbox 297 1010 1885 1085">
    <p class='ocr_par' dir='ltr' id='par_1_8' title="bbox 297 1010 1885 1085">
     <span class='ocr_line' id='line_1_8' title="bbox 297 1010 1885 1085; baseline -0.002 -15"><span class='ocrx_word' id='word_1_60' title='bbox 297 1016 473 1070; x_wconf 87' lang='lat' dir='ltr'><strong>aerius</strong></span> <span class='ocrx_word' id='word_1_61' title='bbox 494 1012 887 1085; x_wconf 81' lang='lat' dir='ltr'><strong>provocarent?</strong></span> <span class='ocrx_word' id='word_1_62' title='bbox 906 1010 1414 1076; x_wconf 88' lang='lat' dir='ltr'><strong>Murmurationem,</strong></span> <span class='ocrx_word' id='word_1_63' title='bbox 1439 1010 1672 1081; x_wconf 83' lang='lat' dir='ltr'><strong>inquies,</strong></span> <span class='ocrx_word' id='word_1_64' title='bbox 1707 1010 1885 1067; x_wconf 89' lang='lat' dir='ltr'><strong>idolo-</strong></span> 
     </span>
    </p>
   </div>
   <div class='ocr_carea' id='block_1_9' title="bbox 294 1103 1882 1173">
    <p class='ocr_par' dir='ltr' id='par_1_9' title="bbox 294 1103 1882 1173">
     <span class='ocr_line' id='line_1_9' title="bbox 294 1103 1882 1173; baseline 0 -12"><span class='ocrx_word' id='word_1_65' title='bbox 294 1107 531 1172; x_wconf 89' lang='lat' dir='ltr'><strong>latriam,</strong></span> <span class='ocrx_word' id='word_1_66' title='bbox 555 1105 992 1160; x_wconf 74' lang='lat' dir='ltr'><strong>fornicationem.</strong></span> <span class='ocrx_word' id='word_1_67' title='bbox 1013 1103 1145 1157; x_wconf 88' lang='lat' dir='ltr'><strong>Nam</strong></span> <span class='ocrx_word' id='word_1_68' title='bbox 1168 1111 1223 1158; x_wconf 89' lang='lat' dir='ltr'><strong>et</strong></span> <span class='ocrx_word' id='word_1_69' title='bbox 1241 1119 1341 1173; x_wconf 86' lang='lat' dir='ltr'><strong>ego</strong></span> <span class='ocrx_word' id='word_1_70' title='bbox 1361 1104 1465 1159; x_wconf 92' lang='lat' dir='ltr'><strong>hoc</strong></span> <span class='ocrx_word' id='word_1_71' title='bbox 1488 1114 1662 1160; x_wconf 88' lang='lat' dir='ltr'><strong>tecum</strong></span> <span class='ocrx_word' id='word_1_72' title='bbox 1686 1105 1882 1172; x_wconf 90' lang='lat' dir='ltr'><strong>sentio,</strong></span> 
     </span>
    </p>
   </div>
   <div class='ocr_carea' id='block_1_10' title="bbox 292 1194 1883 1265">
    <p class='ocr_par' dir='ltr' id='par_1_10' title="bbox 292 1194 1883 1265">
     <span class='ocr_line' id='line_1_10' title="bbox 292 1194 1883 1265; baseline -0.001 -12"><span class='ocrx_word' id='word_1_73' title='bbox 292 1211 347 1253; x_wconf 90' lang='lat' dir='ltr'><strong>et</strong></span> <span class='ocrx_word' id='word_1_74' title='bbox 370 1199 488 1253; x_wconf 68' lang='lat' dir='ltr'><strong>haec</strong></span> <span class='ocrx_word' id='word_1_75' title='bbox 515 1198 619 1253; x_wconf 85' lang='lat' dir='ltr'><strong>tria</strong></span> <span class='ocrx_word' id='word_1_76' title='bbox 648 1197 867 1252; x_wconf 89' lang='lat' dir='ltr'><strong>illorum</strong></span> <span class='ocrx_word' id='word_1_77' title='bbox 898 1195 1091 1251; x_wconf 90' lang='lat' dir='ltr'><strong>delicta</strong></span> <span class='ocrx_word' id='word_1_78' title='bbox 1118 1194 1514 1250; x_wconf 87' lang='lat' dir='ltr'><strong>danmabiliora</strong></span> <span class='ocrx_word' id='word_1_79' title='bbox 1563 1195 1731 1251; x_wconf 88' lang='lat' dir='ltr'><strong>fuisse</strong></span> <span class='ocrx_word' id='word_1_80' title='bbox 1754 1211 1883 1265; x_wconf 89' lang='lat' dir='ltr'><strong>per-</strong></span> 
     </span>
    </p>
   </div>
   <div class='ocr_carea' id='block_1_11' title="bbox 291 1287 1882 1361">
    <p class='ocr_par' dir='ltr' id='par_1_11' title="bbox 291 1287 1882 1361">
     <span class='ocr_line' id='line_1_11' title="bbox 291 1287 1882 1361; baseline -0.001 -16"><span class='ocrx_word' id='word_1_81' title='bbox 291 1291 466 1361; x_wconf 88' lang='lat' dir='ltr'><strong>pendo</strong></span> <span class='ocrx_word' id='word_1_82' title='bbox 492 1309 504 1345; x_wconf 90' lang='lat'><strong>:</strong></span> <span class='ocrx_word' id='word_1_83' title='bbox 534 1299 908 1345; x_wconf 75' lang='lat' dir='ltr'><strong>verumtamen</strong></span> <span class='ocrx_word' id='word_1_84' title='bbox 947 1288 1065 1343; x_wconf 82' lang='lat' dir='ltr'><strong>haec</strong></span> <span class='ocrx_word' id='word_1_85' title='bbox 1091 1289 1272 1343; x_wconf 88' lang='lat' dir='ltr'><strong>omnia</strong></span> <span class='ocrx_word' id='word_1_86' title='bbox 1306 1288 1446 1358; x_wconf 89' lang='lat' dir='ltr'><strong>apud</strong></span> <span class='ocrx_word' id='word_1_87' title='bbox 1475 1287 1882 1344; x_wconf 86' lang='lat' dir='ltr'><strong>misericordem</strong></span> 
     </span>
    </p>
   </div>
   <div class='ocr_carea' id='block_1_12' title="bbox 293 1379 1879 1455">
    <p class='ocr_par' dir='ltr' id='par_1_12' title="bbox 293 1379 1879 1455">
     <span class='ocr_line' id='line_1_12' title="bbox 293 1379 1879 1455; baseline -0.003 -19"><span class='ocrx_word' id='word_1_88' title='bbox 293 1383 382 1438; x_wconf 89' lang='lat' dir='ltr'><strong>Dei</strong></span> <span class='ocrx_word' id='word_1_89' title='bbox 398 1383 669 1455; x_wconf 86' lang='lat' dir='ltr'><strong>justitiam</strong></span> <span class='ocrx_word' id='word_1_90' title='bbox 696 1397 805 1437; x_wconf 92' lang='lat' dir='ltr'><strong>non</strong></span> <span class='ocrx_word' id='word_1_91' title='bbox 833 1379 1243 1435; x_wconf 85' lang='lat' dir='ltr'><strong>irrevocabilem</strong></span> <span class='ocrx_word' id='word_1_92' title='bbox 1266 1379 1541 1449; x_wconf 84' lang='lat' dir='ltr'><strong>pertulere</strong></span> <span class='ocrx_word' id='word_1_93' title='bbox 1563 1380 1879 1435; x_wconf 82' lang='lat' dir='ltr'><strong>vindictam.</strong></span> 
     </span>
    </p>
   </div>
   <div class='ocr_carea' id='block_1_13' title="bbox 290 1470 1883 1543">
    <p class='ocr_par' dir='ltr' id='par_1_13' title="bbox 290 1470 1883 1543">
     <span class='ocr_line' id='line_1_13' title="bbox 290 1470 1883 1543; baseline -0.003 -14"><span class='ocrx_word' id='word_1_94' title='bbox 290 1473 573 1543; x_wconf 83' lang='lat' dir='ltr'><strong>Siquidem</strong></span> <span class='ocrx_word' id='word_1_95' title='bbox 596 1482 659 1527; x_wconf 91' lang='lat' dir='ltr'><strong>ut</strong></span> <span class='ocrx_word' id='word_1_96' title='bbox 682 1471 749 1525; x_wconf 90' lang='lat' dir='ltr'><strong>ad</strong></span> <span class='ocrx_word' id='word_1_97' title='bbox 772 1482 966 1526; x_wconf 69' lang='lat' dir='ltr'><strong>vestra:</strong></span> <span class='ocrx_word' id='word_1_98' title='bbox 989 1470 1329 1540; x_wconf 83' lang='lat' dir='ltr'><strong>antiquitatis</strong></span> <span class='ocrx_word' id='word_1_99' title='bbox 1353 1486 1695 1526; x_wconf 77' lang='lat' dir='ltr'><strong>recurremus</strong></span> <span class='ocrx_word' id='word_1_100' title='bbox 1716 1470 1883 1527; x_wconf 87' lang='lat' dir='ltr'><strong>histo-</strong></span> 
     </span>
    </p>
   </div>
   <div class='ocr_carea' id='block_1_14' title="bbox 294 1564 1878 1636">
    <p class='ocr_par' dir='ltr' id='par_1_14' title="bbox 294 1564 1878 1636">
     <span class='ocr_line' id='line_1_14' title="bbox 294 1564 1878 1636; baseline -0.001 -15"><span class='ocrx_word' id='word_1_101' title='bbox 294 1568 448 1629; x_wconf 80' lang='lat' dir='ltr'><strong>riam,</strong></span> <span class='ocrx_word' id='word_1_102' title='bbox 487 1566 558 1621; x_wconf 90' lang='lat' dir='ltr'><strong>de</strong></span> <span class='ocrx_word' id='word_1_103' title='bbox 600 1564 1035 1620; x_wconf 88' lang='lat' dir='ltr'><strong>murmuratione</strong></span> <span class='ocrx_word' id='word_1_104' title='bbox 1083 1565 1139 1619; x_wconf 93' lang='lat' dir='ltr'><strong>in</strong></span> <span class='ocrx_word' id='word_1_105' title='bbox 1182 1564 1325 1621; x_wconf 91' lang='lat' dir='ltr'><strong>libro</strong></span> <span class='ocrx_word' id='word_1_106' title='bbox 1371 1564 1593 1620; x_wconf 85' lang='lat' dir='ltr'><strong>Numeri</strong></span> <span class='ocrx_word' id='word_1_107' title='bbox 1638 1565 1878 1636; x_wconf 76' lang='lat' dir='ltr'><strong>legitur:</strong></span> 
     </span>
    </p>
   </div>
   <div class='ocr_carea' id='block_1_15' title="bbox 297 1654 1884 1724">
    <p class='ocr_par' dir='ltr' id='par_1_15' title="bbox 297 1654 1884 1724">
     <span class='ocr_line' id='line_1_15' title="bbox 297 1654 1884 1724; baseline 0.003 -16"><span class='ocrx_word' id='word_1_108' title='bbox 297 1676 315 1708; x_wconf 79' lang='grc' dir='ltr'>ι</span> <span class='ocrx_word' id='word_1_109' title='bbox 353 1656 491 1724; x_wconf 84' lang='lat' dir='ltr'><strong>Quia</strong></span> <span class='ocrx_word' id='word_1_110' title='bbox 525 1654 836 1711; x_wconf 82' lang='lat' dir='ltr'><strong>vociferans</strong></span> <span class='ocrx_word' id='word_1_111' title='bbox 880 1655 1058 1711; x_wconf 91' lang='lat' dir='ltr'><strong>omnis</strong></span> <span class='ocrx_word' id='word_1_112' title='bbox 1091 1656 1247 1711; x_wconf 92' lang='lat' dir='ltr'><strong>turba</strong></span> <span class='ocrx_word' id='word_1_113' title='bbox 1294 1655 1442 1712; x_wconf 84' lang='lat' dir='ltr'><strong>ﬂevit</strong></span> <span class='ocrx_word' id='word_1_114' title='bbox 1472 1667 1632 1713; x_wconf 91' lang='lat' dir='ltr'><strong>nocte</strong></span> <span class='ocrx_word' id='word_1_115' title='bbox 1668 1657 1759 1713; x_wconf 90' lang='lat' dir='ltr'><strong>illa</strong></span> <span class='ocrx_word' id='word_1_116' title='bbox 1780 1698 1796 1724; x_wconf 92' lang='lat'><strong>,</strong></span> <span class='ocrx_word' id='word_1_117' title='bbox 1826 1666 1884 1714; x_wconf 89' lang='lat' dir='ltr'><strong>et</strong></span> 
     </span>
    </p>
   </div>
   <div class='ocr_carea' id='block_1_16' title="bbox 292 1745 1879 1817">
    <p class='ocr_par' dir='ltr' id='par_1_16' title="bbox 292 1745 1879 1817">
     <span class='ocr_line' id='line_1_16' title="bbox 292 1745 1879 1817; baseline 0.001 -16"><span class='ocrx_word' id='word_1_118' title='bbox 292 1746 616 1802; x_wconf 89' lang='lat' dir='ltr'><strong>murmurati</strong></span> <span class='ocrx_word' id='word_1_119' title='bbox 647 1754 777 1801; x_wconf 89' lang='lat' dir='ltr'><strong>sunt</strong></span> <span class='ocrx_word' id='word_1_120' title='bbox 804 1753 993 1801; x_wconf 88' lang='lat' dir='ltr'><strong>contra</strong></span> <span class='ocrx_word' id='word_1_121' title='bbox 1037 1745 1256 1817; x_wconf 79' lang='lat' dir='ltr'><strong>Moysen</strong></span> <span class='ocrx_word' id='word_1_122' title='bbox 1282 1756 1339 1802; x_wconf 92' lang='lat' dir='ltr'><strong>et</strong></span> <span class='ocrx_word' id='word_1_123' title='bbox 1367 1746 1548 1802; x_wconf 88' lang='lat' dir='ltr'><strong>Aaron</strong></span> <span class='ocrx_word' id='word_1_124' title='bbox 1577 1748 1759 1802; x_wconf 89' lang='lat' dir='ltr'><strong>cuncti</strong></span> <span class='ocrx_word' id='word_1_125' title='bbox 1784 1747 1879 1802; x_wconf 80' lang='lat' dir='ltr'><strong>filii</strong></span> 
     </span>
    </p>
   </div>
   <div class='ocr_carea' id='block_1_17' title="bbox 1992 556 3577 639">
    <p class='ocr_par' dir='ltr' id='par_1_17' title="bbox 1992 556 3577 639">
     <span class='ocr_line' id='line_1_17' title="bbox 1992 556 3577 639; baseline 0.011 -31"><span class='ocrx_word' id='word_1_126' title='bbox 1992 556 2269 611; x_wconf 88' lang='lat' dir='ltr'><strong>consortio</strong></span> <span class='ocrx_word' id='word_1_127' title='bbox 2293 558 2511 628; x_wconf 90' lang='lat' dir='ltr'><strong>penitus</strong></span> <span class='ocrx_word' id='word_1_128' title='bbox 2539 560 2803 624; x_wconf 86' lang='lat' dir='ltr'><strong>destituti,</strong></span> <span class='ocrx_word' id='word_1_129' title='bbox 2850 564 3101 620; x_wconf 81' lang='lat' dir='ltr'><strong>videlicet</strong></span> <span class='ocrx_word' id='word_1_130' title='bbox 3126 575 3183 620; x_wconf 91' lang='lat' dir='ltr'><strong>ut</strong></span> <span class='ocrx_word' id='word_1_131' title='bbox 3213 582 3312 637; x_wconf 88' lang='lat' dir='ltr'><strong>pro</strong></span> <span class='ocrx_word' id='word_1_132' title='bbox 3338 572 3577 639; x_wconf 87' lang='lat' dir='ltr'><strong>peccatis</strong></span> 
     </span>
    </p>
   </div>
   <div class='ocr_carea' id='block_1_18' title="bbox 1991 647 3577 729">
    <p class='ocr_par' dir='ltr' id='par_1_18' title="bbox 1991 647 3577 729">
     <span class='ocr_line' id='line_1_18' title="bbox 1991 647 3577 729; baseline 0.009 -26"><span class='ocrx_word' id='word_1_133' title='bbox 1991 662 2181 703; x_wconf 90' lang='lat' dir='ltr'><strong>eorum</strong></span> <span class='ocrx_word' id='word_1_134' title='bbox 2203 647 2408 720; x_wconf 90' lang='lat' dir='ltr'><strong>jugiter</strong></span> <span class='ocrx_word' id='word_1_135' title='bbox 2457 651 2879 719; x_wconf 86' lang='lat' dir='ltr'><strong>intercederent,</strong></span> <span class='ocrx_word' id='word_1_136' title='bbox 2912 664 2965 710; x_wconf 91' lang='lat' dir='ltr'><strong>et</strong></span> <span class='ocrx_word' id='word_1_137' title='bbox 2992 656 3164 729; x_wconf 87' lang='lat' dir='ltr'><strong>legem</strong></span> <span class='ocrx_word' id='word_1_138' title='bbox 3198 660 3412 715; x_wconf 87' lang='lat' dir='ltr'><strong>Domini</strong></span> <span class='ocrx_word' id='word_1_139' title='bbox 3435 677 3577 716; x_wconf 77' lang='lat' dir='ltr'><strong>sem-</strong></span> 
     </span>
    </p>
   </div>
   <div class='ocr_carea' id='block_1_19' title="bbox 1989 739 3577 821">
    <p class='ocr_par' dir='ltr' id='par_1_19' title="bbox 1989 739 3577 821">
     <span class='ocr_line' id='line_1_19' title="bbox 1989 739 3577 821; baseline 0.011 -30"><span class='ocrx_word' id='word_1_140' title='bbox 1989 752 2091 806; x_wconf 89' lang='lat' dir='ltr'><strong>per</strong></span> <span class='ocrx_word' id='word_1_141' title='bbox 2117 739 2198 794; x_wconf 89' lang='lat' dir='ltr'><strong>eis</strong></span> <span class='ocrx_word' id='word_1_142' title='bbox 2240 740 2307 795; x_wconf 90' lang='lat' dir='ltr'><strong>ad</strong></span> <span class='ocrx_word' id='word_1_143' title='bbox 2339 743 2657 797; x_wconf 79' lang='lat' dir='ltr'><strong>memoriam</strong></span> <span class='ocrx_word' id='word_1_144' title='bbox 2692 756 3027 811; x_wconf 84' lang='lat' dir='ltr'><strong>revocarent,</strong></span> <span class='ocrx_word' id='word_1_145' title='bbox 3082 764 3445 821; x_wconf 89' lang='lat' dir='ltr'><strong>magnumque</strong></span> <span class='ocrx_word' id='word_1_146' title='bbox 3495 754 3577 808; x_wconf 90' lang='lat' dir='ltr'><strong>eis</strong></span> 
     </span>
    </p>
   </div>
   <div class='ocr_carea' id='block_1_20' title="bbox 1987 831 3571 906">
    <p class='ocr_par' dir='ltr' id='par_1_20' title="bbox 1987 831 3571 906">
     <span class='ocr_line' id='line_1_20' title="bbox 1987 831 3571 906; baseline 0.009 -24"><span class='ocrx_word' id='word_1_147' title='bbox 1987 831 2335 898; x_wconf 69' lang='lat' dir='ltr'><strong>prccsentium</strong></span> <span class='ocrx_word' id='word_1_148' title='bbox 2389 831 2764 888; x_wconf 82' lang='lat' dir='ltr'><strong>calamitatum</strong></span> <span class='ocrx_word' id='word_1_149' title='bbox 2813 834 3050 891; x_wconf 90' lang='lat' dir='ltr'><strong>solamen</strong></span> <span class='ocrx_word' id='word_1_150' title='bbox 3097 837 3387 906; x_wconf 80' lang='lat' dir='ltr'><strong>aﬂ‘errent;</strong></span> <span class='ocrx_word' id='word_1_151' title='bbox 3444 843 3571 896; x_wconf 86' lang='lat' dir='ltr'><strong>dum</strong></span> 
     </span>
    </p>
   </div>
   <div class='ocr_carea' id='block_1_21' title="bbox 1988 920 3573 998">
    <p class='ocr_par' dir='ltr' id='par_1_21' title="bbox 1988 920 3573 998">
     <span class='ocr_line' id='line_1_21' title="bbox 1988 920 3573 998; baseline 0.009 -24"><span class='ocrx_word' id='word_1_152' title='bbox 1988 920 2089 975; x_wconf 85' lang='lat' dir='ltr'><strong>sibi</strong></span> <span class='ocrx_word' id='word_1_153' title='bbox 2116 931 2328 977; x_wconf 89' lang='lat' dir='ltr'><strong>certum</strong></span> <span class='ocrx_word' id='word_1_154' title='bbox 2356 922 2554 979; x_wconf 79' lang='lat' dir='ltr'><strong>futurae</strong></span> <span class='ocrx_word' id='word_1_155' title='bbox 2584 928 2913 982; x_wconf 87' lang='lat' dir='ltr'><strong>reversionis</strong></span> <span class='ocrx_word' id='word_1_156' title='bbox 2943 928 3009 982; x_wconf 89' lang='lat' dir='ltr'><strong>ad</strong></span> <span class='ocrx_word' id='word_1_157' title='bbox 3031 931 3263 998; x_wconf 89' lang='lat' dir='ltr'><strong>patriam</strong></span> <span class='ocrx_word' id='word_1_158' title='bbox 3287 935 3573 989; x_wconf 89' lang='lat' dir='ltr'><strong>articulum</strong></span> 
     </span>
    </p>
   </div>
   <div class='ocr_carea' id='block_1_22' title="bbox 1986 1012 3573 1095">
    <p class='ocr_par' dir='ltr' id='par_1_22' title="bbox 1986 1012 3573 1095">
     <span class='ocr_line' id='line_1_22' title="bbox 1986 1012 3573 1095; baseline 0.009 -31"><span class='ocrx_word' id='word_1_159' title='bbox 1986 1012 2322 1067; x_wconf 88' lang='lat' dir='ltr'><strong>nuntiarent.</strong></span> <span class='ocrx_word' id='word_1_160' title='bbox 2367 1012 2522 1071; x_wconf 81' lang='lat' dir='ltr'><strong>Sicut</strong></span> <span class='ocrx_word' id='word_1_161' title='bbox 2542 1031 2642 1086; x_wconf 90' lang='lat' dir='ltr'><strong>per</strong></span> <span class='ocrx_word' id='word_1_162' title='bbox 2665 1017 2984 1073; x_wconf 86' lang='lat' dir='ltr'><strong>Zachariam</strong></span> <span class='ocrx_word' id='word_1_163' title='bbox 3009 1019 3238 1075; x_wconf 86' lang='lat' dir='ltr'><strong>dicitur:</strong></span> <span class='ocrx_word' id='word_1_164' title='bbox 3278 1041 3297 1074; x_wconf 84' lang='grc'><strong><em>‹</em></strong></span> <span class='ocrx_word' id='word_1_165' title='bbox 3332 1023 3573 1095; x_wconf 80' lang='lat' dir='ltr'><strong>Angelus</strong></span> 
     </span>
    </p>
   </div>
   <div class='ocr_carea' id='block_1_23' title="bbox 1986 1101 3575 1184">
    <p class='ocr_par' dir='ltr' id='par_1_23' title="bbox 1986 1101 3575 1184">
     <span class='ocr_line' id='line_1_23' title="bbox 1986 1101 3575 1184; baseline 0.009 -30"><span class='ocrx_word' id='word_1_166' title='bbox 1986 1101 2199 1157; x_wconf 88' lang='lat' dir='ltr'><strong>Domini</strong></span> <span class='ocrx_word' id='word_1_167' title='bbox 2279 1104 2465 1159; x_wconf 91' lang='lat' dir='ltr'><strong>dixit:</strong></span> <span class='ocrx_word' id='word_1_168' title='bbox 2557 1108 2783 1163; x_wconf 88' lang='lat' dir='ltr'><strong>Domine</strong></span> <span class='ocrx_word' id='word_1_169' title='bbox 2857 1110 3238 1179; x_wconf 82' lang='lat' dir='ltr'><strong>exercituum,</strong></span> <span class='ocrx_word' id='word_1_170' title='bbox 3295 1129 3575 1184; x_wconf 84' lang='lat' dir='ltr'><strong>usquequo</strong></span> 
     </span>
    </p>
   </div>
   <div class='ocr_carea' id='block_1_24' title="bbox 1986 1192 3577 1272">
    <p class='ocr_par' dir='ltr' id='par_1_24' title="bbox 1986 1192 3577 1272">
     <span class='ocr_line' id='line_1_24' title="bbox 1986 1192 3577 1272; baseline 0.009 -28"><span class='ocrx_word' id='word_1_171' title='bbox 1986 1206 2092 1245; x_wconf 90' lang='lat' dir='ltr'><strong>non</strong></span> <span class='ocrx_word' id='word_1_172' title='bbox 2114 1192 2463 1251; x_wconf 89' lang='lat' dir='ltr'><strong>misereberis</strong></span> <span class='ocrx_word' id='word_1_173' title='bbox 2506 1195 2832 1265; x_wconf 84' lang='lat' dir='ltr'><strong>Jerusalem,</strong></span> <span class='ocrx_word' id='word_1_174' title='bbox 2860 1206 2916 1253; x_wconf 92' lang='lat' dir='ltr'><strong>et</strong></span> <span class='ocrx_word' id='word_1_175' title='bbox 2936 1200 3152 1254; x_wconf 87' lang='lat' dir='ltr'><strong>urbium</strong></span> <span class='ocrx_word' id='word_1_176' title='bbox 3193 1200 3354 1269; x_wconf 84' lang='lat' dir='ltr'><strong>Juda,</strong></span> <span class='ocrx_word' id='word_1_177' title='bbox 3378 1205 3577 1272; x_wconf 83' lang='lat' dir='ltr'><strong>quibus</strong></span> 
     </span>
    </p>
   </div>
   <div class='ocr_carea' id='block_1_25' title="bbox 1988 1280 3575 1364">
    <p class='ocr_par' dir='ltr' id='par_1_25' title="bbox 1988 1280 3575 1364">
     <span class='ocr_line' id='line_1_25' title="bbox 1988 1280 3575 1364; baseline 0.01 -31"><span class='ocrx_word' id='word_1_178' title='bbox 1988 1280 2165 1337; x_wconf 89' lang='lat' dir='ltr'><strong>iratus</strong></span> <span class='ocrx_word' id='word_1_179' title='bbox 2195 1284 2294 1351; x_wconf 76' lang='lat' dir='ltr'><strong>es?</strong></span> <span class='ocrx_word' id='word_1_180' title='bbox 2317 1284 2422 1339; x_wconf 87' lang='lat' dir='ltr'><strong>Iste</strong></span> <span class='ocrx_word' id='word_1_181' title='bbox 2460 1288 2891 1358; x_wconf 89' lang='lat' dir='ltr'><strong>scptuagesimus</strong></span> <span class='ocrx_word' id='word_1_182' title='bbox 2916 1306 3091 1345; x_wconf 89' lang='lat' dir='ltr'><strong>annus</strong></span> <span class='ocrx_word' id='word_1_183' title='bbox 3114 1304 3217 1347; x_wconf 89' lang='lat' dir='ltr'><strong>est.</strong></span> <span class='ocrx_word' id='word_1_184' title='bbox 3253 1292 3321 1347; x_wconf 85' lang='lat' dir='ltr'><strong>Et</strong></span> <span class='ocrx_word' id='word_1_185' title='bbox 3347 1309 3575 1364; x_wconf 83' lang='lat' dir='ltr'><strong>respuu-</strong></span> 
     </span>
    </p>
   </div>
   <div class='ocr_carea' id='block_1_26' title="bbox 1987 1372 3574 1455">
    <p class='ocr_par' dir='ltr' id='par_1_26' title="bbox 1987 1372 3574 1455">
     <span class='ocr_line' id='line_1_26' title="bbox 1987 1372 3574 1455; baseline 0.011 -28"><span class='ocrx_word' id='word_1_186' title='bbox 1987 1372 2065 1427; x_wconf 88' lang='lat' dir='ltr'><strong>dit</strong></span> <span class='ocrx_word' id='word_1_187' title='bbox 2096 1375 2352 1431; x_wconf 89' lang='lat' dir='ltr'><strong>Dominus</strong></span> <span class='ocrx_word' id='word_1_188' title='bbox 2378 1379 2569 1447; x_wconf 85' lang='lat' dir='ltr'><strong>angelo</strong></span> <span class='ocrx_word' id='word_1_189' title='bbox 2596 1382 2684 1455; x_wconf 84' lang='lat' dir='ltr'><strong>qui</strong></span> <span class='ocrx_word' id='word_1_190' title='bbox 2706 1381 3029 1451; x_wconf 88' lang='lat' dir='ltr'><strong>loquebatur</strong></span> <span class='ocrx_word' id='word_1_191' title='bbox 3054 1385 3107 1439; x_wconf 92' lang='lat' dir='ltr'><strong>in</strong></span> <span class='ocrx_word' id='word_1_192' title='bbox 3122 1401 3209 1441; x_wconf 88' lang='lat' dir='ltr'><strong>me</strong></span> <span class='ocrx_word' id='word_1_193' title='bbox 3224 1388 3388 1443; x_wconf 87' lang='lat' dir='ltr'><strong>verba</strong></span> <span class='ocrx_word' id='word_1_194' title='bbox 3410 1389 3574 1453; x_wconf 86' lang='lat' dir='ltr'><strong>bona.</strong></span> 
     </span>
    </p>
   </div>
   <div class='ocr_carea' id='block_1_27' title="bbox 1983 1464 3574 1547">
    <p class='ocr_par' dir='ltr' id='par_1_27' title="bbox 1983 1464 3574 1547">
     <span class='ocr_line' id='line_1_27' title="bbox 1983 1464 3574 1547; baseline 0.01 -30"><span class='ocrx_word' id='word_1_195' title='bbox 1983 1464 2145 1518; x_wconf 83' lang='lat' dir='ltr'><strong>verba</strong></span> <span class='ocrx_word' id='word_1_196' title='bbox 2193 1467 2551 1525; x_wconf 75' lang='lat' dir='ltr'><strong>consolatorie</strong></span> <span class='ocrx_word' id='word_1_197' title='bbox 2617 1469 2804 1543; x_wconf 86' lang='lat' dir='ltr'><strong>(Zach.</strong></span> <span class='ocrx_word' id='word_1_198' title='bbox 2851 1472 2915 1543; x_wconf 89' lang='grc' dir='ltr'><strong>ι).</strong></span> <span class='ocrx_word' id='word_1_199' title='bbox 2954 1494 2973 1526; x_wconf 78' lang='grc' dir='ltr'><strong><em>ι</em></strong></span> <span class='ocrx_word' id='word_1_200' title='bbox 3006 1474 3073 1529; x_wconf 86' lang='lat' dir='ltr'><strong>Et</strong></span> <span class='ocrx_word' id='word_1_201' title='bbox 3116 1492 3214 1547; x_wconf 89' lang='lat' dir='ltr'><strong>per</strong></span> <span class='ocrx_word' id='word_1_202' title='bbox 3242 1477 3574 1534; x_wconf 80' lang='lat' dir='ltr'><strong>Jeremiam:</strong></span> 
     </span>
    </p>
   </div>
   <div class='ocr_carea' id='block_1_28' title="bbox 1990 1556 3579 1642">
    <p class='ocr_par' dir='ltr' id='par_1_28' title="bbox 1990 1556 3579 1642">
     <span class='ocr_line' id='line_1_28' title="bbox 1990 1556 3579 1642; baseline 0.01 -31"><span class='ocrx_word' id='word_1_203' title='bbox 1990 1577 2007 1609; x_wconf 75' lang='grc' dir='ltr'>ι</span> <span class='ocrx_word' id='word_1_204' title='bbox 2036 1556 2311 1628; x_wconf 82' lang='lat' dir='ltr'><strong>Servieut,</strong></span> <span class='ocrx_word' id='word_1_205' title='bbox 2346 1562 2539 1632; x_wconf 89' lang='lat' dir='ltr'><strong>inquit,</strong></span> <span class='ocrx_word' id='word_1_206' title='bbox 2577 1579 2767 1621; x_wconf 88' lang='lat' dir='ltr'><strong>omnes</strong></span> <span class='ocrx_word' id='word_1_207' title='bbox 2795 1576 2982 1637; x_wconf 79' lang='lat' dir='ltr'><strong>gentes</strong></span> <span class='ocrx_word' id='word_1_208' title='bbox 3007 1569 3123 1623; x_wconf 72' lang='lat' dir='ltr'><strong>ista:</strong></span> <span class='ocrx_word' id='word_1_209' title='bbox 3145 1570 3257 1639; x_wconf 88' lang='lat' dir='ltr'><strong>regi</strong></span> <span class='ocrx_word' id='word_1_210' title='bbox 3284 1570 3579 1642; x_wconf 82' lang='lat' dir='ltr'><strong>Babylonis</strong></span> 
     </span>
    </p>
   </div>
   <div class='ocr_carea' id='block_1_29' title="bbox 1983 1651 3575 1729">
    <p class='ocr_par' dir='ltr' id='par_1_29' title="bbox 1983 1651 3575 1729">
     <span class='ocr_line' id='line_1_29' title="bbox 1983 1651 3575 1729; baseline 0.009 -26"><span class='ocrx_word' id='word_1_211' title='bbox 1983 1651 2325 1721; x_wconf 83' lang='lat' dir='ltr'><strong>septuaginta</strong></span> <span class='ocrx_word' id='word_1_212' title='bbox 2380 1654 2578 1710; x_wconf 90' lang='lat' dir='ltr'><strong>annis:</strong></span> <span class='ocrx_word' id='word_1_213' title='bbox 2639 1672 2874 1726; x_wconf 87' lang='lat' dir='ltr'><strong>cumque</strong></span> <span class='ocrx_word' id='word_1_214' title='bbox 2931 1659 3132 1729; x_wconf 88' lang='lat' dir='ltr'><strong>impleti</strong></span> <span class='ocrx_word' id='word_1_215' title='bbox 3189 1658 3575 1726; x_wconf 72' lang='lat' dir='ltr'><strong>fuerint,anni</strong></span> 
     </span>
    </p>
   </div>
   <div class='ocr_carea' id='block_1_30' title="bbox 1983 1745 3568 1822">
    <p class='ocr_par' dir='ltr' id='par_1_30' title="bbox 1983 1745 3568 1822">
     <span class='ocr_line' id='line_1_30' title="bbox 1983 1745 3568 1822; baseline 0.005 -25"><span class='ocrx_word' id='word_1_216' title='bbox 1983 1746 2339 1814; x_wconf 84' lang='lat' dir='ltr'><strong>septuaginta,</strong></span> <span class='ocrx_word' id='word_1_217' title='bbox 2387 1745 2620 1802; x_wconf 85' lang='lat' dir='ltr'><strong>visitabo</strong></span> <span class='ocrx_word' id='word_1_218' title='bbox 2652 1763 2816 1817; x_wconf 82' lang='lat' dir='ltr'><strong>super</strong></span> <span class='ocrx_word' id='word_1_219' title='bbox 2843 1764 3027 1819; x_wconf 81' lang='lat' dir='ltr'><strong>regem</strong></span> <span class='ocrx_word' id='word_1_220' title='bbox 3064 1750 3355 1821; x_wconf 84' lang='lat' dir='ltr'><strong>Babylonis</strong></span> <span class='ocrx_word' id='word_1_221' title='bbox 3389 1751 3568 1822; x_wconf 79' lang='lat' dir='ltr'><strong>(Hier.</strong></span> 
     </span>
    </p>
   </div>
   <div class='ocr_carea' id='block_1_31' title="bbox 290 1819 2526 1908">
    <p class='ocr_par' dir='ltr' id='par_1_31' title="bbox 290 1819 2526 1908">
     <span class='ocr_line' id='line_1_31' title="bbox 290 1819 2526 1908; baseline 0.001 -18"><span class='ocrx_word' id='word_1_222' title='bbox 290 1836 477 1901; x_wconf 84' lang='lat' dir='ltr'><strong>Israel,</strong></span> <span class='ocrx_word' id='word_1_223' title='bbox 499 1837 771 1891; x_wconf 87' lang='lat' dir='ltr'><strong>dicentes:</strong></span> <span class='ocrx_word' id='word_1_224' title='bbox 798 1833 1019 1889; x_wconf 91' lang='lat' dir='ltr'><strong>Utinam</strong></span> <span class='ocrx_word' id='word_1_225' title='bbox 1042 1834 1242 1889; x_wconf 90' lang='lat' dir='ltr'><strong>mortui</strong></span> <span class='ocrx_word' id='word_1_226' title='bbox 1282 1848 1527 1891; x_wconf 89' lang='lat' dir='ltr'><strong>essemus</strong></span> <span class='ocrx_word' id='word_1_227' title='bbox 1542 1835 1596 1890; x_wconf 91' lang='lat' dir='ltr'><strong>in</strong></span> <span class='ocrx_word' id='word_1_228' title='bbox 1617 1834 1875 1907; x_wconf 66' lang='lat' dir='ltr'><strong>Egypto,</strong></span> <span class='ocrx_word' id='word_1_229' title='bbox 1912 1819 1957 1879; x_wconf 74' lang='grc' dir='ltr'><strong>Β</strong></span> <span class='ocrx_word' id='word_1_230' title='bbox 1986 1838 2131 1904; x_wconf 87' lang='lat' dir='ltr'><strong>xxv),</strong></span> <span class='ocrx_word' id='word_1_231' title='bbox 2166 1857 2185 1889; x_wconf 73' lang='grc' dir='ltr'><strong><em>ι</em></strong></span> <span class='ocrx_word' id='word_1_232' title='bbox 2215 1846 2269 1892; x_wconf 80' lang='lat' dir='ltr'><strong>et</strong></span> <span class='ocrx_word' id='word_1_233' title='bbox 2296 1838 2526 1908; x_wconf 88' lang='lat' dir='ltr'><strong>reliqua.</strong></span> 
     </span>
    </p>
   </div>
   <div class='ocr_carea' id='block_1_32' title="bbox 286 1926 1881 1999">
    <p class='ocr_par' dir='ltr' id='par_1_32' title="bbox 286 1926 1881 1999">
     <span class='ocr_line' id='line_1_32' title="bbox 286 1926 1881 1999; baseline -0.001 -14"><span class='ocrx_word' id='word_1_234' title='bbox 286 1938 342 1985; x_wconf 84' lang='lat' dir='ltr'><strong>et</strong></span> <span class='ocrx_word' id='word_1_235' title='bbox 367 1945 475 1983; x_wconf 90' lang='lat' dir='ltr'><strong>non</strong></span> <span class='ocrx_word' id='word_1_236' title='bbox 506 1929 559 1982; x_wconf 92' lang='lat' dir='ltr'><strong>in</strong></span> <span class='ocrx_word' id='word_1_237' title='bbox 594 1929 696 1982; x_wconf 90' lang='lat' dir='ltr'><strong>hac</strong></span> <span class='ocrx_word' id='word_1_238' title='bbox 726 1935 874 1982; x_wconf 88' lang='lat' dir='ltr'><strong>vasta</strong></span> <span class='ocrx_word' id='word_1_239' title='bbox 902 1926 1192 1982; x_wconf 87' lang='lat' dir='ltr'><strong>solitudine</strong></span> <span class='ocrx_word' id='word_1_240' title='bbox 1220 1944 1233 1981; x_wconf 90' lang='lat'><strong>:</strong></span> <span class='ocrx_word' id='word_1_241' title='bbox 1258 1928 1466 1983; x_wconf 88' lang='lat' dir='ltr'><strong>utinam</strong></span> <span class='ocrx_word' id='word_1_242' title='bbox 1493 1944 1803 1999; x_wconf 88' lang='lat' dir='ltr'><strong>pereamus,</strong></span> <span class='ocrx_word' id='word_1_243' title='bbox 1824 1938 1881 1984; x_wconf 89' lang='lat' dir='ltr'><strong>et</strong></span> 
     </span>
    </p>
   </div>
   <div class='ocr_carea' id='block_1_33' title="bbox 284 2018 1883 2085">
    <p class='ocr_par' dir='ltr' id='par_1_33' title="bbox 284 2018 1883 2085">
     <span class='ocr_line' id='line_1_33' title="bbox 284 2018 1883 2085; baseline -0.003 -6"><span class='ocrx_word' id='word_1_244' title='bbox 284 2038 393 2079; x_wconf 89' lang='lat' dir='ltr'><strong>non</strong></span> <span class='ocrx_word' id='word_1_245' title='bbox 425 2021 647 2076; x_wconf 90' lang='lat' dir='ltr'><strong>inducat</strong></span> <span class='ocrx_word' id='word_1_246' title='bbox 680 2033 781 2074; x_wconf 90' lang='lat' dir='ltr'><strong>nos</strong></span> <span class='ocrx_word' id='word_1_247' title='bbox 806 2018 1067 2074; x_wconf 91' lang='lat' dir='ltr'><strong>Dominus</strong></span> <span class='ocrx_word' id='word_1_248' title='bbox 1091 2019 1147 2074; x_wconf 94' lang='lat' dir='ltr'><strong>in</strong></span> <span class='ocrx_word' id='word_1_249' title='bbox 1180 2028 1382 2074; x_wconf 89' lang='lat' dir='ltr'><strong>terram</strong></span> <span class='ocrx_word' id='word_1_250' title='bbox 1413 2021 1597 2085; x_wconf 88' lang='lat' dir='ltr'><strong>istam,</strong></span> <span class='ocrx_word' id='word_1_251' title='bbox 1629 2036 1698 2074; x_wconf 90' lang='lat' dir='ltr'><strong>ne</strong></span> <span class='ocrx_word' id='word_1_252' title='bbox 1721 2021 1883 2075; x_wconf 90' lang='lat' dir='ltr'><strong>cada-</strong></span> 
     </span>
    </p>
   </div>
   <div class='ocr_carea' id='block_1_34' title="bbox 285 2110 1880 2187">
    <p class='ocr_par' dir='ltr' id='par_1_34' title="bbox 285 2110 1880 2187">
     <span class='ocr_line' id='line_1_34' title="bbox 285 2110 1880 2187; baseline -0.003 -16"><span class='ocrx_word' id='word_1_253' title='bbox 285 2131 407 2171; x_wconf 91' lang='lat' dir='ltr'><strong>mus</strong></span> <span class='ocrx_word' id='word_1_254' title='bbox 427 2114 630 2187; x_wconf 90' lang='lat' dir='ltr'><strong>gladio,</strong></span> <span class='ocrx_word' id='word_1_255' title='bbox 655 2120 710 2167; x_wconf 91' lang='lat' dir='ltr'><strong>et</strong></span> <span class='ocrx_word' id='word_1_256' title='bbox 736 2127 958 2176; x_wconf 84' lang='lat' dir='ltr'><strong>uxores,</strong></span> <span class='ocrx_word' id='word_1_257' title='bbox 987 2125 1052 2164; x_wconf 89' lang='lat' dir='ltr'><strong>ac</strong></span> <span class='ocrx_word' id='word_1_258' title='bbox 1088 2110 1247 2167; x_wconf 91' lang='lat' dir='ltr'><strong>liberi</strong></span> <span class='ocrx_word' id='word_1_259' title='bbox 1287 2112 1462 2167; x_wconf 88' lang='lat' dir='ltr'><strong>nostri</strong></span> <span class='ocrx_word' id='word_1_260' title='bbox 1493 2111 1764 2171; x_wconf 89' lang='lat' dir='ltr'><strong>ducantur</strong></span> <span class='ocrx_word' id='word_1_261' title='bbox 1788 2126 1880 2167; x_wconf 88' lang='lat' dir='ltr'><strong>ca-</strong></span> 
     </span>
    </p>
   </div>
   <div class='ocr_carea' id='block_1_35' title="bbox 283 2203 1881 2278">
    <p class='ocr_par' dir='ltr' id='par_1_35' title="bbox 283 2203 1881 2278">
     <span class='ocr_line' id='line_1_35' title="bbox 283 2203 1881 2278; baseline -0.001 -16"><span class='ocrx_word' id='word_1_262' title='bbox 283 2208 438 2278; x_wconf 89' lang='lat' dir='ltr'><strong>ptivi.</strong></span> <span class='ocrx_word' id='word_1_263' title='bbox 487 2207 557 2260; x_wconf 85' lang='lat' dir='ltr'><strong>Et</strong></span> <span class='ocrx_word' id='word_1_264' title='bbox 605 2205 861 2261; x_wconf 88' lang='lat' dir='ltr'><strong>dixerunt</strong></span> <span class='ocrx_word' id='word_1_265' title='bbox 907 2203 1044 2258; x_wconf 88' lang='lat' dir='ltr'><strong>alter</strong></span> <span class='ocrx_word' id='word_1_266' title='bbox 1067 2203 1135 2258; x_wconf 88' lang='lat' dir='ltr'><strong>ad</strong></span> <span class='ocrx_word' id='word_1_267' title='bbox 1174 2203 1447 2259; x_wconf 88' lang='lat' dir='ltr'><strong>alterum:</strong></span> <span class='ocrx_word' id='word_1_268' title='bbox 1482 2204 1881 2260; x_wconf 83' lang='lat' dir='ltr'><strong>constituamus</strong></span> 
     </span>
    </p>
   </div>
   <div class='ocr_carea' id='block_1_36' title="bbox 284 2292 1873 2367">
    <p class='ocr_par' dir='ltr' id='par_1_36' title="bbox 284 2292 1873 2367">
     <span class='ocr_line' id='line_1_36' title="bbox 284 2292 1873 2367; baseline -0.004 -13"><span class='ocrx_word' id='word_1_269' title='bbox 284 2299 442 2354; x_wconf 89' lang='lat' dir='ltr'><strong>nobis</strong></span> <span class='ocrx_word' id='word_1_270' title='bbox 458 2299 675 2362; x_wconf 88' lang='lat' dir='ltr'><strong>ducem,</strong></span> <span class='ocrx_word' id='word_1_271' title='bbox 689 2304 745 2352; x_wconf 90' lang='lat' dir='ltr'><strong>et</strong></span> <span class='ocrx_word' id='word_1_272' title='bbox 759 2302 1095 2351; x_wconf 88' lang='lat' dir='ltr'><strong>revertamur</strong></span> <span class='ocrx_word' id='word_1_273' title='bbox 1110 2293 1164 2348; x_wconf 91' lang='lat' dir='ltr'><strong>in</strong></span> <span class='ocrx_word' id='word_1_274' title='bbox 1178 2292 1472 2366; x_wconf 66' lang='lat' dir='ltr'><strong>Egyptum</strong></span> <span class='ocrx_word' id='word_1_275' title='bbox 1490 2293 1680 2367; x_wconf 82' lang='lat' dir='ltr'><strong>(Num.</strong></span> <span class='ocrx_word' id='word_1_276' title='bbox 1699 2292 1831 2364; x_wconf 82' lang='lat' dir='ltr'><strong>xw).</strong></span> <span class='ocrx_word' id='word_1_277' title='bbox 1853 2314 1873 2347; x_wconf 71' lang='grc' dir='ltr'><strong><em>ι</em></strong></span> 
     </span>
    </p>
   </div>
   <div class='ocr_carea' id='block_1_37' title="bbox 283 2387 1879 2464">
    <p class='ocr_par' dir='ltr' id='par_1_37' title="bbox 283 2387 1879 2464">
     <span class='ocr_line' id='line_1_37' title="bbox 283 2387 1879 2464; baseline -0.004 -17"><span class='ocrx_word' id='word_1_278' title='bbox 283 2393 516 2464; x_wconf 88' lang='lat' dir='ltr'><strong>Propter</strong></span> <span class='ocrx_word' id='word_1_279' title='bbox 540 2392 640 2447; x_wconf 90' lang='lat' dir='ltr'><strong>hoc</strong></span> <span class='ocrx_word' id='word_1_280' title='bbox 665 2399 866 2454; x_wconf 90' lang='lat' dir='ltr'><strong>tamen,</strong></span> <span class='ocrx_word' id='word_1_281' title='bbox 896 2388 1350 2445; x_wconf 90' lang='lat' dir='ltr'><strong>murmurationis</strong></span> <span class='ocrx_word' id='word_1_282' title='bbox 1369 2387 1623 2443; x_wconf 89' lang='lat' dir='ltr'><strong>videlicet</strong></span> <span class='ocrx_word' id='word_1_283' title='bbox 1643 2388 1879 2442; x_wconf 85' lang='lat' dir='ltr'><strong>immane</strong></span> 
     </span>
    </p>
   </div>
   <div class='ocr_carea' id='block_1_38' title="bbox 282 2478 1878 2556">
    <p class='ocr_par' dir='ltr' id='par_1_38' title="bbox 282 2478 1878 2556">
     <span class='ocr_line' id='line_1_38' title="bbox 282 2478 1878 2556; baseline -0.004 -15"><span class='ocrx_word' id='word_1_284' title='bbox 282 2494 589 2556; x_wconf 88' lang='lat' dir='ltr'><strong>peccatum,</strong></span> <span class='ocrx_word' id='word_1_285' title='bbox 626 2498 735 2538; x_wconf 88' lang='lat' dir='ltr'><strong>non</strong></span> <span class='ocrx_word' id='word_1_286' title='bbox 763 2481 993 2553; x_wconf 88' lang='lat' dir='ltr'><strong>amplius</strong></span> <span class='ocrx_word' id='word_1_287' title='bbox 1016 2494 1176 2551; x_wconf 89' lang='lat' dir='ltr'><strong>quam</strong></span> <span class='ocrx_word' id='word_1_288' title='bbox 1200 2495 1299 2551; x_wconf 90' lang='lat' dir='ltr'><strong>per</strong></span> <span class='ocrx_word' id='word_1_289' title='bbox 1318 2478 1675 2550; x_wconf 81' lang='lat' dir='ltr'><strong>quadraginta</strong></span> <span class='ocrx_word' id='word_1_290' title='bbox 1706 2493 1878 2534; x_wconf 81' lang='lat' dir='ltr'><strong>annos</strong></span> 
     </span>
    </p>
   </div>
   <div class='ocr_carea' id='block_1_39' title="bbox 282 2570 1875 2638">
    <p class='ocr_par' dir='ltr' id='par_1_39' title="bbox 282 2570 1875 2638">
     <span class='ocr_line' id='line_1_39' title="bbox 282 2570 1875 2638; baseline -0.006 -4"><span class='ocrx_word' id='word_1_291' title='bbox 282 2578 481 2634; x_wconf 76' lang='lat' dir='ltr'><strong>divina:</strong></span> <span class='ocrx_word' id='word_1_292' title='bbox 509 2575 819 2633; x_wconf 84' lang='lat' dir='ltr'><strong>severitatis</strong></span> <span class='ocrx_word' id='word_1_293' title='bbox 854 2574 909 2629; x_wconf 93' lang='lat' dir='ltr'><strong>in</strong></span> <span class='ocrx_word' id='word_1_294' title='bbox 935 2589 1032 2629; x_wconf 91' lang='lat' dir='ltr'><strong>eos</strong></span> <span class='ocrx_word' id='word_1_295' title='bbox 1054 2572 1292 2628; x_wconf 88' lang='lat' dir='ltr'><strong>vindicta</strong></span> <span class='ocrx_word' id='word_1_296' title='bbox 1332 2572 1573 2638; x_wconf 66' lang='lat' dir='ltr'><strong>desrevit,</strong></span> <span class='ocrx_word' id='word_1_297' title='bbox 1608 2572 1749 2628; x_wconf 91' lang='lat' dir='ltr'><strong>sicut</strong></span> <span class='ocrx_word' id='word_1_298' title='bbox 1770 2570 1875 2626; x_wconf 91' lang='lat' dir='ltr'><strong>illis</strong></span> 
     </span>
    </p>
   </div>
   <div class='ocr_carea' id='block_1_40' title="bbox 281 2663 1874 2737">
    <p class='ocr_par' dir='ltr' id='par_1_40' title="bbox 281 2663 1874 2737">
     <span class='ocr_line' id='line_1_40' title="bbox 281 2663 1874 2737; baseline -0.005 -12"><span class='ocrx_word' id='word_1_299' title='bbox 281 2669 547 2725; x_wconf 88' lang='lat' dir='ltr'><strong>Dominus</strong></span> <span class='ocrx_word' id='word_1_300' title='bbox 593 2669 798 2724; x_wconf 80' lang='lat' dir='ltr'><strong>dixisse</strong></span> <span class='ocrx_word' id='word_1_301' title='bbox 845 2666 1043 2737; x_wconf 77' lang='lat' dir='ltr'><strong>legitur</strong></span> <span class='ocrx_word' id='word_1_302' title='bbox 1083 2681 1098 2721; x_wconf 88' lang='lat'><strong>:</strong></span> <span class='ocrx_word' id='word_1_303' title='bbox 1146 2683 1167 2717; x_wconf 70' lang='grc' dir='ltr'><strong>ε</strong></span> <span class='ocrx_word' id='word_1_304' title='bbox 1223 2663 1380 2731; x_wconf 85' lang='lat' dir='ltr'><strong>Filii,</strong></span> <span class='ocrx_word' id='word_1_305' title='bbox 1432 2664 1645 2735; x_wconf 89' lang='lat' dir='ltr'><strong>inquit,</strong></span> <span class='ocrx_word' id='word_1_306' title='bbox 1706 2663 1874 2719; x_wconf 87' lang='lat' dir='ltr'><strong>vestri</strong></span> 
     </span>
    </p>
   </div>
   <div class='ocr_carea' id='block_1_41' title="bbox 280 2754 1873 2832">
    <p class='ocr_par' dir='ltr' id='par_1_41' title="bbox 280 2754 1873 2832">
     <span class='ocr_line' id='line_1_41' title="bbox 280 2754 1873 2832; baseline -0.004 -16"><span class='ocrx_word' id='word_1_307' title='bbox 280 2763 398 2832; x_wconf 84' lang='lat' dir='ltr'><strong>vagi</strong></span> <span class='ocrx_word' id='word_1_308' title='bbox 440 2769 602 2815; x_wconf 91' lang='lat' dir='ltr'><strong>erunt</strong></span> <span class='ocrx_word' id='word_1_309' title='bbox 646 2758 1004 2829; x_wconf 80' lang='lat' dir='ltr'><strong>quadraginta</strong></span> <span class='ocrx_word' id='word_1_310' title='bbox 1033 2756 1218 2821; x_wconf 80' lang='lat' dir='ltr'><strong>annis,</strong></span> <span class='ocrx_word' id='word_1_311' title='bbox 1246 2764 1303 2811; x_wconf 89' lang='lat' dir='ltr'><strong>et</strong></span> <span class='ocrx_word' id='word_1_312' title='bbox 1340 2756 1633 2826; x_wconf 81' lang='lat' dir='ltr'><strong>portabunt</strong></span> <span class='ocrx_word' id='word_1_313' title='bbox 1675 2754 1873 2824; x_wconf 76' lang='lat' dir='ltr'><strong>iniqui~</strong></span> 
     </span>
    </p>
   </div>
   <div class='ocr_carea' id='block_1_42' title="bbox 282 2848 1876 2921">
    <p class='ocr_par' dir='ltr' id='par_1_42' title="bbox 282 2848 1876 2921">
     <span class='ocr_line' id='line_1_42' title="bbox 282 2848 1876 2921; baseline -0.005 -14"><span class='ocrx_word' id='word_1_314' title='bbox 282 2862 422 2908; x_wconf 88' lang='lat' dir='ltr'><strong>tates</strong></span> <span class='ocrx_word' id='word_1_315' title='bbox 474 2860 715 2921; x_wconf 86' lang='lat' dir='ltr'><strong>patrum,</strong></span> <span class='ocrx_word' id='word_1_316' title='bbox 761 2850 933 2904; x_wconf 91' lang='lat' dir='ltr'><strong>donec</strong></span> <span class='ocrx_word' id='word_1_317' title='bbox 977 2856 1368 2903; x_wconf 88' lang='lat' dir='ltr'><strong>consumantur</strong></span> <span class='ocrx_word' id='word_1_318' title='bbox 1407 2848 1669 2902; x_wconf 90' lang='lat' dir='ltr'><strong>cadavera</strong></span> <span class='ocrx_word' id='word_1_319' title='bbox 1697 2854 1876 2901; x_wconf 86' lang='lat' dir='ltr'><strong>vestra</strong></span> 
     </span>
    </p>
   </div>
   <div class='ocr_carea' id='block_1_43' title="bbox 280 2936 1874 3009">
    <p class='ocr_par' dir='ltr' id='par_1_43' title="bbox 280 2936 1874 3009">
     <span class='ocr_line' id='line_1_43' title="bbox 280 2936 1874 3009; baseline -0.006 -14"><span class='ocrx_word' id='word_1_320' title='bbox 280 2943 336 2995; x_wconf 92' lang='lat' dir='ltr'><strong>in</strong></span> <span class='ocrx_word' id='word_1_321' title='bbox 398 2943 618 2996; x_wconf 89' lang='lat' dir='ltr'><strong>deserto</strong></span> <span class='ocrx_word' id='word_1_322' title='bbox 666 2939 820 3009; x_wconf 89' lang='lat' dir='ltr'><strong>juxta</strong></span> <span class='ocrx_word' id='word_1_323' title='bbox 878 2951 1162 2992; x_wconf 90' lang='lat' dir='ltr'><strong>numerum</strong></span> <span class='ocrx_word' id='word_1_324' title='bbox 1222 2936 1580 3006; x_wconf 82' lang='lat' dir='ltr'><strong>quadraginta</strong></span> <span class='ocrx_word' id='word_1_325' title='bbox 1629 2936 1874 3000; x_wconf 88' lang='lat' dir='ltr'><strong>dierum,</strong></span> 
     </span>
    </p>
   </div>
   <div class='ocr_carea' id='block_1_44' title="bbox 277 3027 1874 3105">
    <p class='ocr_par' dir='ltr' id='par_1_44' title="bbox 277 3027 1874 3105">
     <span class='ocr_line' id='line_1_44' title="bbox 277 3027 1874 3105; baseline -0.006 -18"><span class='ocrx_word' id='word_1_326' title='bbox 277 3034 478 3105; x_wconf 89' lang='lat' dir='ltr'><strong>quibus</strong></span> <span class='ocrx_word' id='word_1_327' title='bbox 524 3029 911 3087; x_wconf 89' lang='lat' dir='ltr'><strong>eonsiderastis</strong></span> <span class='ocrx_word' id='word_1_328' title='bbox 967 3038 1195 3084; x_wconf 90' lang='lat' dir='ltr'><strong>terram.</strong></span> <span class='ocrx_word' id='word_1_329' title='bbox 1255 3028 1448 3082; x_wconf 82' lang='lat' dir='ltr'><strong>Annus</strong></span> <span class='ocrx_word' id='word_1_330' title='bbox 1486 3043 1584 3096; x_wconf 87' lang='lat' dir='ltr'><strong>pro</strong></span> <span class='ocrx_word' id='word_1_331' title='bbox 1637 3027 1723 3082; x_wconf 89' lang='lat' dir='ltr'><strong>die</strong></span> <span class='ocrx_word' id='word_1_332' title='bbox 1770 3028 1874 3080; x_wconf 76' lang='lat' dir='ltr'><strong>im-</strong></span> 
     </span>
    </p>
   </div>
   <div class='ocr_carea' id='block_1_45' title="bbox 280 3118 1877 3197">
    <p class='ocr_par' dir='ltr' id='par_1_45' title="bbox 280 3118 1877 3197">
     <span class='ocr_line' id='line_1_45' title="bbox 280 3118 1877 3197; baseline -0.004 -17"><span class='ocrx_word' id='word_1_333' title='bbox 280 3125 596 3197; x_wconf 87' lang='lat' dir='ltr'><strong>putabitur,</strong></span> <span class='ocrx_word' id='word_1_334' title='bbox 650 3130 706 3177; x_wconf 90' lang='lat' dir='ltr'><strong>et</strong></span> <span class='ocrx_word' id='word_1_335' title='bbox 742 3122 1099 3193; x_wconf 85' lang='lat' dir='ltr'><strong>quadraginta</strong></span> <span class='ocrx_word' id='word_1_336' title='bbox 1144 3119 1303 3177; x_wconf 88' lang='lat' dir='ltr'><strong>annis</strong></span> <span class='ocrx_word' id='word_1_337' title='bbox 1360 3118 1632 3187; x_wconf 70' lang='lat' dir='ltr'><strong>recipietis</strong></span> <span class='ocrx_word' id='word_1_338' title='bbox 1680 3119 1877 3188; x_wconf 57' lang='lat' dir='ltr'><strong>iniqui.</strong></span> 
     </span>
    </p>
   </div>
   <div class='ocr_carea' id='block_1_46' title="bbox 2055 1925 3574 2003">
    <p class='ocr_par' dir='ltr' id='par_1_46' title="bbox 2055 1925 3574 2003">
     <span class='ocr_line' id='line_1_46' title="bbox 2055 1925 3574 2003; baseline 0.006 -24"><span class='ocrx_word' id='word_1_339' title='bbox 2055 1925 2211 1982; x_wconf 88' lang='lat' dir='ltr'><strong>Patet</strong></span> <span class='ocrx_word' id='word_1_340' title='bbox 2260 1928 2443 1997; x_wconf 89' lang='lat' dir='ltr'><strong>igitur,</strong></span> <span class='ocrx_word' id='word_1_341' title='bbox 2473 1930 2599 1999; x_wconf 89' lang='lat' dir='ltr'><strong>quia</strong></span> <span class='ocrx_word' id='word_1_342' title='bbox 2630 1940 2815 1999; x_wconf 87' lang='lat' dir='ltr'><strong>patres</strong></span> <span class='ocrx_word' id='word_1_343' title='bbox 2855 1933 3045 1998; x_wconf 86' lang='lat' dir='ltr'><strong>vestri,</strong></span> <span class='ocrx_word' id='word_1_344' title='bbox 3079 1932 3205 1988; x_wconf 88' lang='lat' dir='ltr'><strong>licet</strong></span> <span class='ocrx_word' id='word_1_345' title='bbox 3252 1932 3574 2003; x_wconf 84' lang='lat' dir='ltr'><strong>plerumque</strong></span> 
     </span>
    </p>
   </div>
   <div class='ocr_carea' id='block_1_47' title="bbox 1983 2016 3571 2091">
    <p class='ocr_par' dir='ltr' id='par_1_47' title="bbox 1983 2016 3571 2091">
     <span class='ocr_line' id='line_1_47' title="bbox 1983 2016 3571 2091; baseline 0.005 -21"><span class='ocrx_word' id='word_1_346' title='bbox 1983 2016 2184 2071; x_wconf 83' lang='lat' dir='ltr'><strong>fuerint</strong></span> <span class='ocrx_word' id='word_1_347' title='bbox 2209 2018 2394 2073; x_wconf 88' lang='lat' dir='ltr'><strong>divina</strong></span> <span class='ocrx_word' id='word_1_348' title='bbox 2423 2019 2626 2075; x_wconf 87' lang='lat' dir='ltr'><strong>ultione</strong></span> <span class='ocrx_word' id='word_1_349' title='bbox 2669 2022 2934 2091; x_wconf 91' lang='lat' dir='ltr'><strong>percussi,</strong></span> <span class='ocrx_word' id='word_1_350' title='bbox 2966 2022 3353 2079; x_wconf 87' lang='lat' dir='ltr'><strong>refovebantur</strong></span> <span class='ocrx_word' id='word_1_351' title='bbox 3388 2032 3571 2079; x_wconf 87' lang='lat' dir='ltr'><strong>tamen</strong></span> 
     </span>
    </p>
   </div>
   <div class='ocr_carea' id='block_1_48' title="bbox 1981 2108 3577 2179">
    <p class='ocr_par' dir='ltr' id='par_1_48' title="bbox 1981 2108 3577 2179">
     <span class='ocr_line' id='line_1_48' title="bbox 1981 2108 3577 2179; baseline 0.004 -17"><span class='ocrx_word' id='word_1_352' title='bbox 1981 2108 2272 2178; x_wconf 82' lang='lat' dir='ltr'><strong>aliquando</strong></span> <span class='ocrx_word' id='word_1_353' title='bbox 2322 2110 2583 2179; x_wconf 76' lang='lat' dir='ltr'><strong>impensis</strong></span> <span class='ocrx_word' id='word_1_354' title='bbox 2647 2112 3116 2168; x_wconf 89' lang='lat' dir='ltr'><strong>consolationibus</strong></span> <span class='ocrx_word' id='word_1_355' title='bbox 3165 2115 3399 2169; x_wconf 88' lang='lat' dir='ltr'><strong>recreati</strong></span> <span class='ocrx_word' id='word_1_356' title='bbox 3435 2130 3451 2165; x_wconf 92' lang='lat'><strong>:</strong></span> <span class='ocrx_word' id='word_1_357' title='bbox 3481 2130 3577 2169; x_wconf 85' lang='lat' dir='ltr'><strong>vos</strong></span> 
     </span>
    </p>
   </div>
   <div class='ocr_carea' id='block_1_49' title="bbox 1983 2201 3576 2273">
    <p class='ocr_par' dir='ltr' id='par_1_49' title="bbox 1983 2201 3576 2273">
     <span class='ocr_line' id='line_1_49' title="bbox 1983 2201 3576 2273; baseline 0.004 -20"><span class='ocrx_word' id='word_1_358' title='bbox 1983 2208 2163 2254; x_wconf 90' lang='lat' dir='ltr'><strong>autem</strong></span> <span class='ocrx_word' id='word_1_359' title='bbox 2196 2216 2224 2253; x_wconf 92' lang='lat' dir='ltr'><strong>a</strong></span> <span class='ocrx_word' id='word_1_360' title='bbox 2250 2201 2499 2270; x_wconf 88' lang='lat' dir='ltr'><strong>passione</strong></span> <span class='ocrx_word' id='word_1_361' title='bbox 2523 2201 2728 2258; x_wconf 87' lang='lat' dir='ltr'><strong>Christi</strong></span> <span class='ocrx_word' id='word_1_362' title='bbox 2752 2218 2925 2272; x_wconf 89' lang='lat' dir='ltr'><strong>usque</strong></span> <span class='ocrx_word' id='word_1_363' title='bbox 2955 2203 3115 2259; x_wconf 86' lang='lat' dir='ltr'><strong>hodie</strong></span> <span class='ocrx_word' id='word_1_364' title='bbox 3139 2204 3190 2258; x_wconf 93' lang='lat' dir='ltr'><strong>in</strong></span> <span class='ocrx_word' id='word_1_365' title='bbox 3231 2212 3339 2258; x_wconf 86' lang='lat' dir='ltr'><strong>tam</strong></span> <span class='ocrx_word' id='word_1_366' title='bbox 3375 2203 3576 2273; x_wconf 77' lang='lat' dir='ltr'><strong>longis-</strong></span> 
     </span>
    </p>
   </div>
   <div class='ocr_carea' id='block_1_50' title="bbox 1983 2291 3577 2366">
    <p class='ocr_par' dir='ltr' id='par_1_50' title="bbox 1983 2291 3577 2366">
     <span class='ocr_line' id='line_1_50' title="bbox 1983 2291 3577 2366; baseline 0.003 -18"><span class='ocrx_word' id='word_1_367' title='bbox 1983 2291 2138 2348; x_wconf 82' lang='lat' dir='ltr'><strong>simis</strong></span> <span class='ocrx_word' id='word_1_368' title='bbox 2171 2292 2577 2349; x_wconf 87' lang='lat' dir='ltr'><strong>calamitatibus</strong></span> <span class='ocrx_word' id='word_1_369' title='bbox 2604 2295 2789 2364; x_wconf 79' lang='lat' dir='ltr'><strong>positi,</strong></span> <span class='ocrx_word' id='word_1_370' title='bbox 2823 2296 3141 2366; x_wconf 84' lang='lat' dir='ltr'><strong>prophetam</strong></span> <span class='ocrx_word' id='word_1_371' title='bbox 3183 2298 3325 2354; x_wconf 87' lang='lat' dir='ltr'><strong>iuter</strong></span> <span class='ocrx_word' id='word_1_372' title='bbox 3362 2313 3459 2355; x_wconf 86' lang='lat' dir='ltr'><strong>vos</strong></span> <span class='ocrx_word' id='word_1_373' title='bbox 3481 2299 3577 2353; x_wconf 62' lang='lat' dir='ltr'><strong>alio</strong></span> 
     </span>
    </p>
   </div>
   <div class='ocr_carea' id='block_1_51' title="bbox 1980 2385 3578 2461">
    <p class='ocr_par' dir='ltr' id='par_1_51' title="bbox 1980 2385 3578 2461">
     <span class='ocr_line' id='line_1_51' title="bbox 1980 2385 3578 2461; baseline 0.004 -21"><span class='ocrx_word' id='word_1_374' title='bbox 1980 2385 2107 2440; x_wconf 90' lang='lat' dir='ltr'><strong>cubi</strong></span> <span class='ocrx_word' id='word_1_375' title='bbox 2141 2394 2409 2439; x_wconf 88' lang='lat' dir='ltr'><strong>terrarum</strong></span> <span class='ocrx_word' id='word_1_376' title='bbox 2438 2401 2543 2441; x_wconf 90' lang='lat' dir='ltr'><strong>non</strong></span> <span class='ocrx_word' id='word_1_377' title='bbox 2572 2387 2831 2453; x_wconf 86' lang='lat' dir='ltr'><strong>cernitis;</strong></span> <span class='ocrx_word' id='word_1_378' title='bbox 2870 2388 2964 2442; x_wconf 89' lang='lat' dir='ltr'><strong>sed</strong></span> <span class='ocrx_word' id='word_1_379' title='bbox 2994 2398 3049 2443; x_wconf 91' lang='lat' dir='ltr'><strong>et</strong></span> <span class='ocrx_word' id='word_1_380' title='bbox 3078 2388 3274 2445; x_wconf 70' lang='lat' dir='ltr'><strong>futurzc</strong></span> <span class='ocrx_word' id='word_1_381' title='bbox 3302 2392 3578 2461; x_wconf 82' lang='lat' dir='ltr'><strong>prosperi-</strong></span> 
     </span>
    </p>
   </div>
   <div class='ocr_carea' id='block_1_52' title="bbox 1985 2474 3574 2549">
    <p class='ocr_par' dir='ltr' id='par_1_52' title="bbox 1985 2474 3574 2549">
     <span class='ocr_line' id='line_1_52' title="bbox 1985 2474 3574 2549; baseline 0.006 -23"><span class='ocrx_word' id='word_1_382' title='bbox 1985 2476 2114 2528; x_wconf 88' lang='lat' dir='ltr'><strong>tatis</strong></span> <span class='ocrx_word' id='word_1_383' title='bbox 2144 2474 2393 2528; x_wconf 90' lang='lat' dir='ltr'><strong>nuntium</strong></span> <span class='ocrx_word' id='word_1_384' title='bbox 2448 2475 2710 2531; x_wconf 83' lang='lat' dir='ltr'><strong>divinitus</strong></span> <span class='ocrx_word' id='word_1_385' title='bbox 2751 2475 2909 2532; x_wconf 82' lang='lat' dir='ltr'><strong>vobis</strong></span> <span class='ocrx_word' id='word_1_386' title='bbox 2957 2477 3183 2533; x_wconf 90' lang='lat' dir='ltr'><strong>missum</strong></span> <span class='ocrx_word' id='word_1_387' title='bbox 3214 2480 3433 2549; x_wconf 82' lang='lat' dir='ltr'><strong>penitus</strong></span> <span class='ocrx_word' id='word_1_388' title='bbox 3467 2497 3574 2535; x_wconf 80' lang='lat' dir='ltr'><strong>non</strong></span> 
     </span>
    </p>
   </div>
   <div class='ocr_carea' id='block_1_53' title="bbox 1981 2568 3576 2641">
    <p class='ocr_par' dir='ltr' id='par_1_53' title="bbox 1981 2568 3576 2641">
     <span class='ocr_line' id='line_1_53' title="bbox 1981 2568 3576 2641; baseline 0.003 -19"><span class='ocrx_word' id='word_1_389' title='bbox 1981 2568 2203 2624; x_wconf 90' lang='lat' dir='ltr'><strong>auditis.</strong></span> <span class='ocrx_word' id='word_1_390' title='bbox 2260 2568 2391 2635; x_wconf 75' lang='lat' dir='ltr'><strong>Qua:</strong></span> <span class='ocrx_word' id='word_1_391' title='bbox 2420 2577 2506 2624; x_wconf 89' lang='lat' dir='ltr'><strong>est</strong></span> <span class='ocrx_word' id='word_1_392' title='bbox 2549 2584 2679 2641; x_wconf 86' lang='lat' dir='ltr'><strong>ergo</strong></span> <span class='ocrx_word' id='word_1_393' title='bbox 2711 2570 2827 2625; x_wconf 72' lang='lat' dir='ltr'><strong>haec</strong></span> <span class='ocrx_word' id='word_1_394' title='bbox 2872 2579 3052 2624; x_wconf 87' lang='lat' dir='ltr'><strong>vestra</strong></span> <span class='ocrx_word' id='word_1_395' title='bbox 3103 2580 3211 2626; x_wconf 90' lang='lat' dir='ltr'><strong>tam</strong></span> <span class='ocrx_word' id='word_1_396' title='bbox 3256 2572 3576 2627; x_wconf 85' lang='lat' dir='ltr'><strong>insanabilis</strong></span> 
     </span>
    </p>
   </div>
   <div class='ocr_carea' id='block_1_54' title="bbox 1980 2658 3574 2731">
    <p class='ocr_par' dir='ltr' id='par_1_54' title="bbox 1980 2658 3574 2731">
     <span class='ocr_line' id='line_1_54' title="bbox 1980 2658 3574 2731; baseline 0.003 -17"><span class='ocrx_word' id='word_1_397' title='bbox 1980 2658 2184 2730; x_wconf 88' lang='lat' dir='ltr'><strong>culpa?</strong></span> <span class='ocrx_word' id='word_1_398' title='bbox 2212 2659 2365 2716; x_wconf 87' lang='lat' dir='ltr'><strong>Unde</strong></span> <span class='ocrx_word' id='word_1_399' title='bbox 2387 2660 2541 2715; x_wconf 87' lang='lat' dir='ltr'><strong>vobis</strong></span> <span class='ocrx_word' id='word_1_400' title='bbox 2572 2668 2677 2714; x_wconf 87' lang='lat' dir='ltr'><strong>tam</strong></span> <span class='ocrx_word' id='word_1_401' title='bbox 2710 2660 3129 2717; x_wconf 87' lang='lat' dir='ltr'><strong>irremediabilis</strong></span> <span class='ocrx_word' id='word_1_402' title='bbox 3154 2664 3354 2731; x_wconf 69' lang='lat' dir='ltr'><strong>paena?</strong></span> <span class='ocrx_word' id='word_1_403' title='bbox 3397 2662 3574 2729; x_wconf 78' lang='lat' dir='ltr'><strong>Unda,</strong></span> 
     </span>
    </p>
   </div>
   <div class='ocr_carea' id='block_1_55' title="bbox 1979 2748 3570 2820">
    <p class='ocr_par' dir='ltr' id='par_1_55' title="bbox 1979 2748 3570 2820">
     <span class='ocr_line' id='line_1_55' title="bbox 1979 2748 3570 2820; baseline 0.003 -18"><span class='ocrx_word' id='word_1_404' title='bbox 1979 2748 2221 2817; x_wconf 88' lang='lat' dir='ltr'><strong>inquam,</strong></span> <span class='ocrx_word' id='word_1_405' title='bbox 2270 2749 2373 2805; x_wconf 85' lang='lat' dir='ltr'><strong>nisi</strong></span> <span class='ocrx_word' id='word_1_406' title='bbox 2422 2750 2550 2820; x_wconf 87' lang='lat' dir='ltr'><strong>quia</strong></span> <span class='ocrx_word' id='word_1_407' title='bbox 2588 2749 2867 2805; x_wconf 77' lang='lat' dir='ltr'><strong>Christum</strong></span> <span class='ocrx_word' id='word_1_408' title='bbox 2898 2750 2992 2805; x_wconf 87' lang='lat' dir='ltr'><strong>Dei</strong></span> <span class='ocrx_word' id='word_1_409' title='bbox 3020 2750 3220 2807; x_wconf 86' lang='lat' dir='ltr'><strong>Filium</strong></span> <span class='ocrx_word' id='word_1_410' title='bbox 3267 2752 3570 2817; x_wconf 88' lang='lat' dir='ltr'><strong>occidistis,</strong></span> 
     </span>
    </p>
   </div>
   <div class='ocr_carea' id='block_1_56' title="bbox 1979 2837 3571 2909">
    <p class='ocr_par' dir='ltr' id='par_1_56' title="bbox 1979 2837 3571 2909">
     <span class='ocr_line' id='line_1_56' title="bbox 1979 2837 3571 2909; baseline 0.006 -16"><span class='ocrx_word' id='word_1_411' title='bbox 1979 2837 2088 2908; x_wconf 83' lang='lat'><strong>50</strong></span> <span class='ocrx_word' id='word_1_412' title='bbox 2109 2848 2165 2894; x_wconf 90' lang='lat' dir='ltr'><strong>et</strong></span> <span class='ocrx_word' id='word_1_413' title='bbox 2186 2849 2309 2909; x_wconf 90' lang='lat' dir='ltr'><strong>post</strong></span> <span class='ocrx_word' id='word_1_414' title='bbox 2340 2849 2623 2909; x_wconf 87' lang='lat' dir='ltr'><strong>peractum</strong></span> <span class='ocrx_word' id='word_1_415' title='bbox 2657 2842 2871 2896; x_wconf 82' lang='lat' dir='ltr'><strong>facinus</strong></span> <span class='ocrx_word' id='word_1_416' title='bbox 2899 2844 2967 2898; x_wconf 91' lang='lat' dir='ltr'><strong>ad</strong></span> <span class='ocrx_word' id='word_1_417' title='bbox 2997 2843 3203 2899; x_wconf 86' lang='lat' dir='ltr'><strong>fontem</strong></span> <span class='ocrx_word' id='word_1_418' title='bbox 3229 2845 3354 2901; x_wconf 65' lang='lat' dir='ltr'><strong>vitae</strong></span> <span class='ocrx_word' id='word_1_419' title='bbox 3380 2861 3571 2902; x_wconf 83' lang='lat' dir='ltr'><strong>recur-</strong></span> 
     </span>
    </p>
   </div>
   <div class='ocr_carea' id='block_1_57' title="bbox 1978 2930 3575 3001">
    <p class='ocr_par' dir='ltr' id='par_1_57' title="bbox 1978 2930 3575 3001">
     <span class='ocr_line' id='line_1_57' title="bbox 1978 2930 3575 3001; baseline 0.005 -18"><span class='ocrx_word' id='word_1_420' title='bbox 1978 2944 2099 2985; x_wconf 88' lang='lat' dir='ltr'><strong>rere</strong></span> <span class='ocrx_word' id='word_1_421' title='bbox 2149 2930 2441 2985; x_wconf 88' lang='lat' dir='ltr'><strong>noluistis?</strong></span> <span class='ocrx_word' id='word_1_422' title='bbox 2508 2931 2620 2985; x_wconf 87' lang='lat' dir='ltr'><strong>Hoc</strong></span> <span class='ocrx_word' id='word_1_423' title='bbox 2670 2932 2814 2986; x_wconf 87' lang='lat' dir='ltr'><strong>enim</strong></span> <span class='ocrx_word' id='word_1_424' title='bbox 2847 2933 3332 3001; x_wconf 70' lang='lat' dir='ltr'><strong>profundissimam</strong></span> <span class='ocrx_word' id='word_1_425' title='bbox 3378 2946 3575 2992; x_wconf 68' lang='lat' dir='ltr'><strong>vestrce</strong></span> 
     </span>
    </p>
   </div>
   <div class='ocr_carea' id='block_1_58' title="bbox 1976 3019 3575 3093">
    <p class='ocr_par' dir='ltr' id='par_1_58' title="bbox 1976 3019 3575 3093">
     <span class='ocr_line' id='line_1_58' title="bbox 1976 3019 3575 3093; baseline 0.007 -21"><span class='ocrx_word' id='word_1_426' title='bbox 1976 3019 2286 3089; x_wconf 88' lang='lat' dir='ltr'><strong>iniquitatis</strong></span> <span class='ocrx_word' id='word_1_427' title='bbox 2349 3020 2632 3075; x_wconf 77' lang='lat' dir='ltr'><strong>baratrum</strong></span> <span class='ocrx_word' id='word_1_428' title='bbox 2691 3024 2933 3075; x_wconf 87' lang='lat' dir='ltr'><strong>omnium</strong></span> <span class='ocrx_word' id='word_1_429' title='bbox 3006 3022 3333 3093; x_wconf 83' lang='lat' dir='ltr'><strong>flagitiorum</strong></span> <span class='ocrx_word' id='word_1_430' title='bbox 3392 3035 3575 3083; x_wconf 80' lang='lat' dir='ltr'><strong>trans-</strong></span> 
     </span>
    </p>
   </div>
   <div class='ocr_carea' id='block_1_59' title="bbox 1979 3110 3571 3180">
    <p class='ocr_par' dir='ltr' id='par_1_59' title="bbox 1979 3110 3571 3180">
     <span class='ocr_line' id='line_1_59' title="bbox 1979 3110 3571 3180; baseline 0.004 -16"><span class='ocrx_word' id='word_1_431' title='bbox 1979 3111 2162 3164; x_wconf 89' lang='lat' dir='ltr'><strong>ceudit</strong></span> <span class='ocrx_word' id='word_1_432' title='bbox 2230 3110 2495 3177; x_wconf 87' lang='lat' dir='ltr'><strong>modum,</strong></span> <span class='ocrx_word' id='word_1_433' title='bbox 2565 3110 2809 3166; x_wconf 88' lang='lat' dir='ltr'><strong>omnium</strong></span> <span class='ocrx_word' id='word_1_434' title='bbox 2880 3121 3103 3180; x_wconf 88' lang='lat' dir='ltr'><strong>superat</strong></span> <span class='ocrx_word' id='word_1_435' title='bbox 3176 3114 3571 3170; x_wconf 80' lang='lat' dir='ltr'><strong>immanitatem</strong></span> 
     </span>
    </p>
   </div>
   <div class='ocr_carea' id='block_1_60' title="bbox 281 3183 1875 3286">
    <p class='ocr_par' dir='ltr' id='par_1_60' title="bbox 281 3183 1871 3286">
     <span class='ocr_line' id='line_1_60' title="bbox 281 3183 1871 3286; baseline -0.004 -14"><span class='ocrx_word' id='word_1_436' title='bbox 281 3183 426 3272; x_wconf 64' lang='lat' dir='ltr'><strong>tates</strong></span> <span class='ocrx_word' id='word_1_437' title='bbox 476 3183 691 3270; x_wconf 76' lang='lat' dir='ltr'><strong>vestras</strong></span> <span class='ocrx_word' id='word_1_438' title='bbox 749 3183 979 3286; x_wconf 58' lang='lat' dir='ltr'><strong>Ibid):</strong></span> <span class='ocrx_word' id='word_1_439' title='bbox 1024 3231 1042 3264; x_wconf 74' lang='grc' dir='ltr'><strong><em>ι</em></strong></span> <span class='ocrx_word' id='word_1_440' title='bbox 1093 3212 1200 3267; x_wconf 91' lang='lat' dir='ltr'><strong>Pro</strong></span> <span class='ocrx_word' id='word_1_441' title='bbox 1258 3211 1427 3265; x_wconf 91' lang='lat' dir='ltr'><strong>vitulo</strong></span> <span class='ocrx_word' id='word_1_442' title='bbox 1475 3183 1664 3277; x_wconf 81' lang='lat' dir='ltr'><strong>etiam,</strong></span> <span class='ocrx_word' id='word_1_443' title='bbox 1713 3183 1871 3280; x_wconf 78' lang='lat' dir='ltr'><strong>quem</strong></span> 
     </span>
    </p>
   </div>
   <div class='ocr_carea' id='block_1_61' title="bbox 1981 3183 3575 3286">
    <p class='ocr_par' dir='ltr' id='par_1_61' title="bbox 1981 3200 3575 3276">
     <span class='ocr_line' id='line_1_61' title="bbox 1981 3200 3575 3276; baseline 0.004 -21"><span class='ocrx_word' id='word_1_444' title='bbox 1981 3201 2292 3255; x_wconf 86' lang='lat' dir='ltr'><strong>criminum.</strong></span> <span class='ocrx_word' id='word_1_445' title='bbox 2320 3200 2489 3255; x_wconf 84' lang='lat' dir='ltr'><strong>Plane</strong></span> <span class='ocrx_word' id='word_1_446' title='bbox 2515 3201 2619 3255; x_wconf 91' lang='lat' dir='ltr'><strong>hoc</strong></span> <span class='ocrx_word' id='word_1_447' title='bbox 2642 3211 2925 3270; x_wconf 84' lang='lat' dir='ltr'><strong>peccatum</strong></span> <span class='ocrx_word' id='word_1_448' title='bbox 2948 3210 3189 3257; x_wconf 85' lang='lat' dir='ltr'><strong>vestrum</strong></span> <span class='ocrx_word' id='word_1_449' title='bbox 3204 3202 3417 3275; x_wconf 73' lang='lat' dir='ltr'><strong>Moyses</strong></span> <span class='ocrx_word' id='word_1_450' title='bbox 3437 3202 3575 3276; x_wconf 70' lang='lat' dir='ltr'><strong>pra:-</strong></span> 
     </span>
    </p>
   </div>
   <div class='ocr_carea' id='block_1_62' title="bbox 281 3301 1872 3373">
    <p class='ocr_par' dir='ltr' id='par_1_62' title="bbox 281 3301 1872 3373">
     <span class='ocr_line' id='line_1_62' title="bbox 281 3301 1872 3373; baseline -0.006 -9"><span class='ocrx_word' id='word_1_451' title='bbox 281 3309 651 3364; x_wconf 85' lang='lat' dir='ltr'><strong>adoraverunt</strong></span> <span class='ocrx_word' id='word_1_452' title='bbox 668 3303 823 3373; x_wconf 82' lang='lat' dir='ltr'><strong>juxta</strong></span> <span class='ocrx_word' id='word_1_453' title='bbox 850 3311 1088 3359; x_wconf 90' lang='lat' dir='ltr'><strong>montem</strong></span> <span class='ocrx_word' id='word_1_454' title='bbox 1120 3301 1293 3368; x_wconf 88' lang='lat' dir='ltr'><strong>Sinai,</strong></span> <span class='ocrx_word' id='word_1_455' title='bbox 1322 3316 1429 3356; x_wconf 92' lang='lat' dir='ltr'><strong>non</strong></span> <span class='ocrx_word' id='word_1_456' title='bbox 1455 3301 1684 3372; x_wconf 88' lang='lat' dir='ltr'><strong>amplius</strong></span> <span class='ocrx_word' id='word_1_457' title='bbox 1708 3315 1872 3371; x_wconf 89' lang='lat' dir='ltr'><strong>quam</strong></span> 
     </span>
    </p>
   </div>
   <div class='ocr_carea' id='block_1_63' title="bbox 280 3391 1877 3471">
    <p class='ocr_par' dir='ltr' id='par_1_63' title="bbox 280 3391 1877 3471">
     <span class='ocr_line' id='line_1_63' title="bbox 280 3391 1877 3471; baseline -0.004 -18"><span class='ocrx_word' id='word_1_458' title='bbox 280 3398 475 3471; x_wconf 87' lang='lat' dir='ltr'><strong>viginti</strong></span> <span class='ocrx_word' id='word_1_459' title='bbox 533 3398 637 3451; x_wconf 87' lang='lat' dir='ltr'><strong>tria</strong></span> <span class='ocrx_word' id='word_1_460' title='bbox 693 3395 857 3449; x_wconf 88' lang='lat' dir='ltr'><strong>millia</strong></span> <span class='ocrx_word' id='word_1_461' title='bbox 907 3394 1185 3449; x_wconf 83' lang='lat' dir='ltr'><strong>hominum</strong></span> <span class='ocrx_word' id='word_1_462' title='bbox 1244 3391 1493 3449; x_wconf 87' lang='lat' dir='ltr'><strong>novimus</strong></span> <span class='ocrx_word' id='word_1_463' title='bbox 1544 3391 1711 3447; x_wconf 86' lang='lat' dir='ltr'><strong>fuisse</strong></span> <span class='ocrx_word' id='word_1_464' title='bbox 1762 3392 1877 3462; x_wconf 80' lang='lat' dir='ltr'><strong>gla-</strong></span> 
     </span>
    </p>
   </div>
   <div class='ocr_carea' id='block_1_64' title="bbox 282 3482 1869 3554">
    <p class='ocr_par' dir='ltr' id='par_1_64' title="bbox 282 3482 1869 3554">
     <span class='ocr_line' id='line_1_64' title="bbox 282 3482 1869 3554; baseline -0.004 -12"><span class='ocrx_word' id='word_1_465' title='bbox 282 3487 388 3542; x_wconf 91' lang='lat' dir='ltr'><strong>diis</strong></span> <span class='ocrx_word' id='word_1_466' title='bbox 454 3488 810 3554; x_wconf 89' lang='lat' dir='ltr'><strong>interempta,</strong></span> <span class='ocrx_word' id='word_1_467' title='bbox 873 3484 1015 3539; x_wconf 90' lang='lat' dir='ltr'><strong>sicut</strong></span> <span class='ocrx_word' id='word_1_468' title='bbox 1079 3483 1132 3537; x_wconf 92' lang='lat' dir='ltr'><strong>in</strong></span> <span class='ocrx_word' id='word_1_469' title='bbox 1199 3482 1338 3537; x_wconf 92' lang='lat' dir='ltr'><strong>libro</strong></span> <span class='ocrx_word' id='word_1_470' title='bbox 1391 3482 1564 3538; x_wconf 80' lang='lat' dir='ltr'><strong>Exodi</strong></span> <span class='ocrx_word' id='word_1_471' title='bbox 1627 3482 1869 3552; x_wconf 88' lang='lat' dir='ltr'><strong>legitur;</strong></span> 
     </span>
    </p>
   </div>
   <div class='ocr_carea' id='block_1_65' title="bbox 282 3571 1875 3649">
    <p class='ocr_par' dir='ltr' id='par_1_65' title="bbox 282 3571 1875 3649">
     <span class='ocr_line' id='line_1_65' title="bbox 282 3571 1875 3649; baseline -0.001 -20"><span class='ocrx_word' id='word_1_472' title='bbox 282 3576 393 3649; x_wconf 66' lang='grc'><strong>49</strong></span> <span class='ocrx_word' id='word_1_473' title='bbox 417 3574 498 3629; x_wconf 89' lang='lat' dir='ltr'><strong>ait</strong></span> <span class='ocrx_word' id='word_1_474' title='bbox 528 3574 631 3629; x_wconf 90' lang='lat' dir='ltr'><strong>illis</strong></span> <span class='ocrx_word' id='word_1_475' title='bbox 671 3574 915 3646; x_wconf 79' lang='lat' dir='ltr'><strong>Moyses:</strong></span> <span class='ocrx_word' id='word_1_476' title='bbox 970 3592 989 3625; x_wconf 87' lang='grc'><em>‹</em></span> <span class='ocrx_word' id='word_1_477' title='bbox 1019 3573 1193 3628; x_wconf 91' lang='lat' dir='ltr'><strong>Ponat</strong></span> <span class='ocrx_word' id='word_1_478' title='bbox 1222 3572 1304 3626; x_wconf 93' lang='lat' dir='ltr'><strong>vir</strong></span> <span class='ocrx_word' id='word_1_479' title='bbox 1333 3571 1570 3643; x_wconf 85' lang='lat' dir='ltr'><strong>gladium</strong></span> <span class='ocrx_word' id='word_1_480' title='bbox 1603 3587 1767 3642; x_wconf 85' lang='lat' dir='ltr'><strong>super</strong></span> <span class='ocrx_word' id='word_1_481' title='bbox 1793 3573 1875 3627; x_wconf 78' lang='lat' dir='ltr'><strong>fc-</strong></span> 
     </span>
    </p>
   </div>
   <div class='ocr_carea' id='block_1_66' title="bbox 284 3663 1873 3734">
    <p class='ocr_par' dir='ltr' id='par_1_66' title="bbox 284 3663 1873 3734">
     <span class='ocr_line' id='line_1_66' title="bbox 284 3663 1873 3734; baseline -0.004 -12"><span class='ocrx_word' id='word_1_482' title='bbox 284 3683 410 3722; x_wconf 90' lang='lat' dir='ltr'><strong>mur</strong></span> <span class='ocrx_word' id='word_1_483' title='bbox 435 3681 616 3731; x_wconf 88' lang='lat' dir='ltr'><strong>suum,</strong></span> <span class='ocrx_word' id='word_1_484' title='bbox 654 3674 709 3720; x_wconf 88' lang='lat' dir='ltr'><strong>et</strong></span> <span class='ocrx_word' id='word_1_485' title='bbox 738 3665 833 3730; x_wconf 90' lang='lat' dir='ltr'><strong>ite,</strong></span> <span class='ocrx_word' id='word_1_486' title='bbox 869 3671 924 3719; x_wconf 92' lang='lat' dir='ltr'><strong>et</strong></span> <span class='ocrx_word' id='word_1_487' title='bbox 952 3663 1126 3719; x_wconf 90' lang='lat' dir='ltr'><strong>redite</strong></span> <span class='ocrx_word' id='word_1_488' title='bbox 1157 3663 1222 3719; x_wconf 90' lang='lat' dir='ltr'><strong>de</strong></span> <span class='ocrx_word' id='word_1_489' title='bbox 1250 3673 1405 3733; x_wconf 90' lang='lat' dir='ltr'><strong>porta</strong></span> <span class='ocrx_word' id='word_1_490' title='bbox 1435 3663 1500 3717; x_wconf 89' lang='lat' dir='ltr'><strong>ad</strong></span> <span class='ocrx_word' id='word_1_491' title='bbox 1528 3672 1743 3734; x_wconf 89' lang='lat' dir='ltr'><strong>portam</strong></span> <span class='ocrx_word' id='word_1_492' title='bbox 1776 3678 1873 3733; x_wconf 87' lang='lat' dir='ltr'><strong>per</strong></span> 
     </span>
    </p>
   </div>
   <div class='ocr_carea' id='block_1_67' title="bbox 283 3756 1870 3826">
    <p class='ocr_par' dir='ltr' id='par_1_67' title="bbox 283 3756 1870 3826">
     <span class='ocr_line' id='line_1_67' title="bbox 283 3756 1870 3826; baseline -0.003 -12"><span class='ocrx_word' id='word_1_493' title='bbox 283 3760 525 3816; x_wconf 87' lang='lat' dir='ltr'><strong>medium</strong></span> <span class='ocrx_word' id='word_1_494' title='bbox 553 3767 879 3821; x_wconf 89' lang='lat' dir='ltr'><strong>castrorum,</strong></span> <span class='ocrx_word' id='word_1_495' title='bbox 902 3766 956 3811; x_wconf 89' lang='lat' dir='ltr'><strong>et</strong></span> <span class='ocrx_word' id='word_1_496' title='bbox 985 3756 1196 3812; x_wconf 89' lang='lat' dir='ltr'><strong>occidat</strong></span> <span class='ocrx_word' id='word_1_497' title='bbox 1223 3756 1595 3826; x_wconf 88' lang='lat' dir='ltr'><strong>unusquisque</strong></span> <span class='ocrx_word' id='word_1_498' title='bbox 1623 3756 1870 3822; x_wconf 81' lang='lat' dir='ltr'><strong>fratrem,</strong></span> 
     </span>
    </p>
   </div>
   <div class='ocr_carea' id='block_1_68' title="bbox 281 3845 1870 3918">
    <p class='ocr_par' dir='ltr' id='par_1_68' title="bbox 281 3845 1870 3918">
     <span class='ocr_line' id='line_1_68' title="bbox 281 3845 1870 3918; baseline -0.004 -13"><span class='ocrx_word' id='word_1_499' title='bbox 281 3859 338 3906; x_wconf 86' lang='lat' dir='ltr'><strong>et</strong></span> <span class='ocrx_word' id='word_1_500' title='bbox 360 3850 619 3915; x_wconf 91' lang='lat' dir='ltr'><strong>amicum,</strong></span> <span class='ocrx_word' id='word_1_501' title='bbox 675 3856 730 3902; x_wconf 89' lang='lat' dir='ltr'><strong>et</strong></span> <span class='ocrx_word' id='word_1_502' title='bbox 760 3847 1064 3918; x_wconf 88' lang='lat' dir='ltr'><strong>proximum</strong></span> <span class='ocrx_word' id='word_1_503' title='bbox 1095 3862 1271 3902; x_wconf 91' lang='lat' dir='ltr'><strong>suum.</strong></span> <span class='ocrx_word' id='word_1_504' title='bbox 1303 3845 1575 3903; x_wconf 89' lang='lat' dir='ltr'><strong>Fecerunt</strong></span> <span class='ocrx_word' id='word_1_505' title='bbox 1604 3847 1698 3902; x_wconf 86' lang='lat' dir='ltr'><strong>lilii</strong></span> <span class='ocrx_word' id='word_1_506' title='bbox 1742 3846 1870 3901; x_wconf 88' lang='lat' dir='ltr'><strong>Levi</strong></span> 
     </span>
    </p>
   </div>
   <div class='ocr_carea' id='block_1_69' title="bbox 278 3936 1871 4016">
    <p class='ocr_par' dir='ltr' id='par_1_69' title="bbox 278 3936 1871 4016">
     <span class='ocr_line' id='line_1_69' title="bbox 278 3936 1871 4016; baseline -0.003 -19"><span class='ocrx_word' id='word_1_507' title='bbox 278 3941 433 4016; x_wconf 66' lang='lat' dir='ltr'><strong>iuxta</strong></span> <span class='ocrx_word' id='word_1_508' title='bbox 457 3952 767 3996; x_wconf 90' lang='lat' dir='ltr'><strong>sermonem</strong></span> <span class='ocrx_word' id='word_1_509' title='bbox 784 3936 971 4009; x_wconf 83' lang='lat' dir='ltr'><strong>Moysi,</strong></span> <span class='ocrx_word' id='word_1_510' title='bbox 1003 3944 1057 3993; x_wconf 92' lang='lat' dir='ltr'><strong>et</strong></span> <span class='ocrx_word' id='word_1_511' title='bbox 1078 3936 1389 3993; x_wconf 90' lang='lat' dir='ltr'><strong>ceciderunt</strong></span> <span class='ocrx_word' id='word_1_512' title='bbox 1415 3937 1468 3991; x_wconf 93' lang='lat' dir='ltr'><strong>in</strong></span> <span class='ocrx_word' id='word_1_513' title='bbox 1492 3937 1577 3993; x_wconf 91' lang='lat' dir='ltr'><strong>die</strong></span> <span class='ocrx_word' id='word_1_514' title='bbox 1605 3936 1692 3992; x_wconf 89' lang='lat' dir='ltr'><strong>illa</strong></span> <span class='ocrx_word' id='word_1_515' title='bbox 1715 3939 1871 4009; x_wconf 89' lang='lat' dir='ltr'><strong>quasi</strong></span> 
     </span>
    </p>
   </div>
   <div class='ocr_carea' id='block_1_70' title="bbox 280 4029 1873 4106">
    <p class='ocr_par' dir='ltr' id='par_1_70' title="bbox 280 4029 1873 4106">
     <span class='ocr_line' id='line_1_70' title="bbox 280 4029 1873 4106; baseline -0.002 -16"><span class='ocrx_word' id='word_1_516' title='bbox 280 4035 477 4106; x_wconf 81' lang='lat' dir='ltr'><strong>viginti</strong></span> <span class='ocrx_word' id='word_1_517' title='bbox 512 4033 617 4088; x_wconf 90' lang='lat' dir='ltr'><strong>tria</strong></span> <span class='ocrx_word' id='word_1_518' title='bbox 653 4029 821 4085; x_wconf 89' lang='lat' dir='ltr'><strong>millia</strong></span> <span class='ocrx_word' id='word_1_519' title='bbox 853 4029 1161 4086; x_wconf 89' lang='lat' dir='ltr'><strong>hominum.</strong></span> <span class='ocrx_word' id='word_1_520' title='bbox 1192 4030 1261 4085; x_wconf 84' lang='lat' dir='ltr'><strong>Et</strong></span> <span class='ocrx_word' id='word_1_521' title='bbox 1289 4031 1368 4086; x_wconf 87' lang='lat' dir='ltr'><strong>ait</strong></span> <span class='ocrx_word' id='word_1_522' title='bbox 1398 4029 1635 4103; x_wconf 80' lang='lat' dir='ltr'><strong>Moyses:</strong></span> <span class='ocrx_word' id='word_1_523' title='bbox 1669 4029 1873 4087; x_wconf 88' lang='lat' dir='ltr'><strong>Conse-</strong></span> 
     </span>
    </p>
   </div>
   <div class='ocr_carea' id='block_1_71' title="bbox 278 4120 1871 4192">
    <p class='ocr_par' dir='ltr' id='par_1_71' title="bbox 278 4120 1871 4192">
     <span class='ocr_line' id='line_1_71' title="bbox 278 4120 1871 4192; baseline -0.002 -10"><span class='ocrx_word' id='word_1_524' title='bbox 278 4125 480 4182; x_wconf 79' lang='lat' dir='ltr'><strong>crastis</strong></span> <span class='ocrx_word' id='word_1_525' title='bbox 495 4137 689 4177; x_wconf 90' lang='lat' dir='ltr'><strong>manus</strong></span> <span class='ocrx_word' id='word_1_526' title='bbox 700 4130 909 4177; x_wconf 82' lang='lat' dir='ltr'><strong>vestras</strong></span> <span class='ocrx_word' id='word_1_527' title='bbox 925 4120 1170 4184; x_wconf 91' lang='lat' dir='ltr'><strong>Domino,</strong></span> <span class='ocrx_word' id='word_1_528' title='bbox 1190 4121 1564 4192; x_wconf 89' lang='lat' dir='ltr'><strong>unusquisque</strong></span> <span class='ocrx_word' id='word_1_529' title='bbox 1594 4122 1646 4177; x_wconf 93' lang='lat' dir='ltr'><strong>in</strong></span> <span class='ocrx_word' id='word_1_530' title='bbox 1667 4122 1796 4188; x_wconf 86' lang='lat' dir='ltr'><strong>lilio,</strong></span> <span class='ocrx_word' id='word_1_531' title='bbox 1816 4133 1871 4179; x_wconf 87' lang='lat' dir='ltr'><strong>et</strong></span> 
     </span>
    </p>
   </div>
   <div class='ocr_carea' id='block_1_72' title="bbox 288 4210 1864 4285">
    <p class='ocr_par' dir='ltr' id='par_1_72' title="bbox 288 4210 1864 4285">
     <span class='ocr_line' id='line_1_72' title="bbox 288 4210 1864 4285; baseline -0.001 -16"><span class='ocrx_word' id='word_1_532' title='bbox 288 4216 465 4269; x_wconf 76' lang='lat' dir='ltr'><strong>fratre</strong></span> <span class='ocrx_word' id='word_1_533' title='bbox 486 4228 609 4279; x_wconf 90' lang='lat' dir='ltr'><strong>suo,</strong></span> <span class='ocrx_word' id='word_1_534' title='bbox 644 4221 706 4266; x_wconf 92' lang='lat' dir='ltr'><strong>ut</strong></span> <span class='ocrx_word' id='word_1_535' title='bbox 728 4213 882 4267; x_wconf 90' lang='lat' dir='ltr'><strong>detur</strong></span> <span class='ocrx_word' id='word_1_536' title='bbox 909 4210 1063 4266; x_wconf 91' lang='lat' dir='ltr'><strong>vobis</strong></span> <span class='ocrx_word' id='word_1_537' title='bbox 1076 4210 1383 4267; x_wconf 90' lang='lat' dir='ltr'><strong>benedictio</strong></span> <span class='ocrx_word' id='word_1_538' title='bbox 1404 4210 1603 4281; x_wconf 76' lang='lat' dir='ltr'><strong>(Exod.</strong></span> <span class='ocrx_word' id='word_1_539' title='bbox 1624 4214 1816 4285; x_wconf 76' lang='lat' dir='ltr'><strong>xxx&quot;).</strong></span> <span class='ocrx_word' id='word_1_540' title='bbox 1845 4233 1864 4267; x_wconf 83' lang='grc'>›</span> 
     </span>
    </p>
   </div>
   <div class='ocr_carea' id='block_1_73' title="bbox 355 4305 1869 4375">
    <p class='ocr_par' dir='ltr' id='par_1_73' title="bbox 355 4305 1869 4375">
     <span class='ocr_line' id='line_1_73' title="bbox 355 4305 1869 4375; baseline 0 -14"><span class='ocrx_word' id='word_1_541' title='bbox 355 4307 462 4361; x_wconf 89' lang='lat' dir='ltr'><strong>Pro</strong></span> <span class='ocrx_word' id='word_1_542' title='bbox 488 4305 844 4361; x_wconf 88' lang='lat' dir='ltr'><strong>fornicatione</strong></span> <span class='ocrx_word' id='word_1_543' title='bbox 863 4319 1096 4375; x_wconf 87' lang='lat' dir='ltr'><strong>quoque,</strong></span> <span class='ocrx_word' id='word_1_544' title='bbox 1127 4319 1289 4374; x_wconf 91' lang='lat' dir='ltr'><strong>quam</strong></span> <span class='ocrx_word' id='word_1_545' title='bbox 1312 4320 1434 4360; x_wconf 90' lang='lat' dir='ltr'><strong>cum</strong></span> <span class='ocrx_word' id='word_1_546' title='bbox 1456 4305 1869 4361; x_wconf 84' lang='lat' dir='ltr'><strong>Madiauitarum</strong></span> 
     </span>
    </p>
   </div>
   <div class='ocr_carea' id='block_1_74' title="bbox 280 4396 1869 4466">
    <p class='ocr_par' dir='ltr' id='par_1_74' title="bbox 280 4396 1869 4466">
     <span class='ocr_line' id='line_1_74' title="bbox 280 4396 1869 4466; baseline 0.001 -15"><span class='ocrx_word' id='word_1_547' title='bbox 280 4397 502 4451; x_wconf 77' lang='lat' dir='ltr'><strong>ﬁliabus</strong></span> <span class='ocrx_word' id='word_1_548' title='bbox 550 4404 937 4462; x_wconf 78' lang='lat' dir='ltr'><strong>exercuerunt,</strong></span> <span class='ocrx_word' id='word_1_549' title='bbox 982 4396 1234 4451; x_wconf 86' lang='lat' dir='ltr'><strong>similiter</strong></span> <span class='ocrx_word' id='word_1_550' title='bbox 1287 4412 1393 4451; x_wconf 90' lang='lat' dir='ltr'><strong>non</strong></span> <span class='ocrx_word' id='word_1_551' title='bbox 1446 4396 1565 4466; x_wconf 91' lang='lat' dir='ltr'><strong>plus</strong></span> <span class='ocrx_word' id='word_1_552' title='bbox 1594 4413 1755 4465; x_wconf 87' lang='lat' dir='ltr'><strong>quam</strong></span> <span class='ocrx_word' id='word_1_553' title='bbox 1790 4398 1869 4452; x_wconf 86' lang='lat' dir='ltr'><strong>vi-</strong></span> 
     </span>
    </p>
   </div>
   <div class='ocr_carea' id='block_1_75' title="bbox 280 4489 1869 4564">
    <p class='ocr_par' dir='ltr' id='par_1_75' title="bbox 280 4489 1869 4564">
     <span class='ocr_line' id='line_1_75' title="bbox 280 4489 1869 4564; baseline 0.001 -21"><span class='ocrx_word' id='word_1_554' title='bbox 280 4491 420 4564; x_wconf 66' lang='lat' dir='ltr'><strong>ginti</strong></span> <span class='ocrx_word' id='word_1_555' title='bbox 473 4490 573 4543; x_wconf 84' lang='lat' dir='ltr'><strong>tria</strong></span> <span class='ocrx_word' id='word_1_556' title='bbox 608 4490 774 4543; x_wconf 89' lang='lat' dir='ltr'><strong>millia</strong></span> <span class='ocrx_word' id='word_1_557' title='bbox 820 4489 1098 4544; x_wconf 83' lang='lat' dir='ltr'><strong>hominum</strong></span> <span class='ocrx_word' id='word_1_558' title='bbox 1145 4489 1320 4561; x_wconf 86' lang='lat' dir='ltr'><strong>gladio</strong></span> <span class='ocrx_word' id='word_1_559' title='bbox 1354 4490 1688 4555; x_wconf 88' lang='lat' dir='ltr'><strong>ceciderunt,</strong></span> <span class='ocrx_word' id='word_1_560' title='bbox 1729 4491 1869 4545; x_wconf 85' lang='lat' dir='ltr'><strong>sicut</strong></span> 
     </span>
    </p>
   </div>
   <div class='ocr_carea' id='block_1_76' title="bbox 284 4581 1869 4651">
    <p class='ocr_par' dir='ltr' id='par_1_76' title="bbox 284 4581 1869 4651">
     <span class='ocr_line' id='line_1_76' title="bbox 284 4581 1869 4651; baseline 0 -13"><span class='ocrx_word' id='word_1_561' title='bbox 284 4602 335 4638; x_wconf 64' lang='lat' dir='ltr'><strong>vn</strong></span> <span class='ocrx_word' id='word_1_562' title='bbox 368 4584 508 4638; x_wconf 88' lang='lat' dir='ltr'><strong>libro</strong></span> <span class='ocrx_word' id='word_1_563' title='bbox 536 4582 758 4637; x_wconf 88' lang='lat' dir='ltr'><strong>Numeri</strong></span> <span class='ocrx_word' id='word_1_564' title='bbox 788 4598 977 4637; x_wconf 86' lang='lat' dir='ltr'><strong>rursus</strong></span> <span class='ocrx_word' id='word_1_565' title='bbox 1008 4582 1270 4651; x_wconf 89' lang='lat' dir='ltr'><strong>scriptum</strong></span> <span class='ocrx_word' id='word_1_566' title='bbox 1300 4592 1410 4637; x_wconf 90' lang='lat' dir='ltr'><strong>est:</strong></span> <span class='ocrx_word' id='word_1_567' title='bbox 1472 4602 1489 4634; x_wconf 74' lang='grc' dir='ltr'>ι</span> <span class='ocrx_word' id='word_1_568' title='bbox 1518 4581 1869 4651; x_wconf 87' lang='lat' dir='ltr'><strong>Cessavitque</strong></span> 
     </span>
    </p>
   </div>
   <div class='ocr_carea' id='block_1_77' title="bbox 283 4675 1872 4748">
    <p class='ocr_par' dir='ltr' id='par_1_77' title="bbox 283 4675 1872 4748">
     <span class='ocr_line' id='line_1_77' title="bbox 283 4675 1872 4748; baseline -0.001 -17"><span class='ocrx_word' id='word_1_569' title='bbox 283 4679 441 4748; x_wconf 83' lang='lat' dir='ltr'><strong>plaga</strong></span> <span class='ocrx_word' id='word_1_570' title='bbox 470 4692 500 4729; x_wconf 87' lang='lat' dir='ltr'><strong>a</strong></span> <span class='ocrx_word' id='word_1_571' title='bbox 531 4676 657 4730; x_wconf 82' lang='lat' dir='ltr'><strong>ﬁliis</strong></span> <span class='ocrx_word' id='word_1_572' title='bbox 689 4675 876 4741; x_wconf 89' lang='lat' dir='ltr'><strong>Israel,</strong></span> <span class='ocrx_word' id='word_1_573' title='bbox 916 4687 970 4731; x_wconf 91' lang='lat' dir='ltr'><strong>et</strong></span> <span class='ocrx_word' id='word_1_574' title='bbox 1001 4676 1164 4731; x_wconf 91' lang='lat' dir='ltr'><strong>occisi</strong></span> <span class='ocrx_word' id='word_1_575' title='bbox 1191 4685 1317 4731; x_wconf 88' lang='lat' dir='ltr'><strong>sunt</strong></span> <span class='ocrx_word' id='word_1_576' title='bbox 1344 4677 1534 4747; x_wconf 87' lang='lat' dir='ltr'><strong>viginti</strong></span> <span class='ocrx_word' id='word_1_577' title='bbox 1579 4676 1677 4730; x_wconf 89' lang='lat' dir='ltr'><strong>tria</strong></span> <span class='ocrx_word' id='word_1_578' title='bbox 1709 4676 1872 4733; x_wconf 83' lang='lat' dir='ltr'><strong>millia</strong></span> 
     </span>
    </p>
   </div>
   <div class='ocr_carea' id='block_1_78' title="bbox 284 4766 1874 4838">
    <p class='ocr_par' dir='ltr' id='par_1_78' title="bbox 284 4766 1874 4838">
     <span class='ocr_line' id='line_1_78' title="bbox 284 4766 1874 4838; baseline -0.002 -13"><span class='ocrx_word' id='word_1_579' title='bbox 284 4770 567 4825; x_wconf 81' lang='lat' dir='ltr'><strong>hominum</strong></span> <span class='ocrx_word' id='word_1_580' title='bbox 593 4766 763 4838; x_wconf 81' lang='lat' dir='ltr'><strong>(Num</strong></span> <span class='ocrx_word' id='word_1_581' title='bbox 792 4768 940 4837; x_wconf 82' lang='lat' dir='ltr'><strong>xxv).</strong></span> <span class='ocrx_word' id='word_1_582' title='bbox 969 4787 988 4818; x_wconf 89' lang='grc'><strong><em>›</em></strong></span> <span class='ocrx_word' id='word_1_583' title='bbox 1010 4767 1146 4833; x_wconf 81' lang='lat' dir='ltr'><strong>Quid</strong></span> <span class='ocrx_word' id='word_1_584' title='bbox 1163 4783 1292 4838; x_wconf 85' lang='lat' dir='ltr'><strong>ergo</strong></span> <span class='ocrx_word' id='word_1_585' title='bbox 1317 4777 1420 4833; x_wconf 89' lang='lat' dir='ltr'><strong>est,</strong></span> <span class='ocrx_word' id='word_1_586' title='bbox 1448 4767 1589 4838; x_wconf 90' lang='lat' dir='ltr'><strong>quod</strong></span> <span class='ocrx_word' id='word_1_587' title='bbox 1621 4777 1727 4821; x_wconf 89' lang='lat' dir='ltr'><strong>tam</strong></span> <span class='ocrx_word' id='word_1_588' title='bbox 1749 4769 1874 4824; x_wconf 83' lang='lat' dir='ltr'><strong>bre-</strong></span> 
     </span>
    </p>
   </div>
   <div class='ocr_carea' id='block_1_79' title="bbox 250 4862 1874 4932">
    <p class='ocr_par' dir='ltr' id='par_1_79' title="bbox 250 4862 1874 4932">
     <span class='ocr_line' id='line_1_79' title="bbox 250 4862 1874 4932; baseline 0 -15"><span class='ocrx_word' id='word_1_589' title='bbox 250 4928 251 4931; x_wconf 22' lang='grc' dir='ltr'><strong>η</strong></span> <span class='ocrx_word' id='word_1_590' title='bbox 282 4878 406 4917; x_wconf 87' lang='lat' dir='ltr'><strong>vem</strong></span> <span class='ocrx_word' id='word_1_591' title='bbox 435 4862 736 4916; x_wconf 88' lang='lat' dir='ltr'><strong>vindictam</strong></span> <span class='ocrx_word' id='word_1_592' title='bbox 766 4862 830 4917; x_wconf 91' lang='lat' dir='ltr'><strong>de</strong></span> <span class='ocrx_word' id='word_1_593' title='bbox 873 4862 1116 4932; x_wconf 83' lang='lat' dir='ltr'><strong>peccatis</strong></span> <span class='ocrx_word' id='word_1_594' title='bbox 1146 4871 1359 4930; x_wconf 88' lang='lat' dir='ltr'><strong>patrum</strong></span> <span class='ocrx_word' id='word_1_595' title='bbox 1398 4869 1702 4916; x_wconf 85' lang='lat' dir='ltr'><strong>vestrorum</strong></span> <span class='ocrx_word' id='word_1_596' title='bbox 1732 4862 1874 4918; x_wconf 91' lang='lat' dir='ltr'><strong>Dcus</strong></span> 
     </span>
    </p>
   </div>
   <div class='ocr_carea' id='block_1_80' title="bbox 248 4938 1872 5023">
    <p class='ocr_par' dir='ltr' id='par_1_80' title="bbox 248 4938 1872 5023">
     <span class='ocr_line' id='line_1_80' title="bbox 248 4938 1872 5023; baseline -0.002 -14"><span class='ocrx_word' id='word_1_597' title='bbox 248 4938 253 4953; x_wconf 39' lang='grc' dir='ltr'><strong>Ι</strong></span> <span class='ocrx_word' id='word_1_598' title='bbox 282 4953 558 5023; x_wconf 89' lang='lat' dir='ltr'><strong>recepisse</strong></span> <span class='ocrx_word' id='word_1_599' title='bbox 590 4952 821 5021; x_wconf 84' lang='lat' dir='ltr'><strong>legitur;</strong></span> <span class='ocrx_word' id='word_1_600' title='bbox 854 4961 1035 5008; x_wconf 91' lang='lat' dir='ltr'><strong>vestra</strong></span> <span class='ocrx_word' id='word_1_601' title='bbox 1064 4961 1243 5006; x_wconf 89' lang='lat' dir='ltr'><strong>autem</strong></span> <span class='ocrx_word' id='word_1_602' title='bbox 1274 4952 1388 5008; x_wconf 82' lang='lat' dir='ltr'><strong>haec</strong></span> <span class='ocrx_word' id='word_1_603' title='bbox 1416 4953 1673 5017; x_wconf 79' lang='lat' dir='ltr'><strong>servitus,</strong></span> <span class='ocrx_word' id='word_1_604' title='bbox 1701 4961 1750 5006; x_wconf 91' lang='lat' dir='ltr'><strong>ct</strong></span> <span class='ocrx_word' id='word_1_605' title='bbox 1772 4969 1872 5022; x_wconf 87' lang='lat' dir='ltr'><strong>per</strong></span> 
     </span>
    </p>
   </div>
   <div class='ocr_carea' id='block_1_81' title="bbox 284 5037 1876 5109">
    <p class='ocr_par' dir='ltr' id='par_1_81' title="bbox 284 5037 1876 5109">
     <span class='ocr_line' id='line_1_81' title="bbox 284 5037 1876 5109; baseline -0.001 -15"><span class='ocrx_word' id='word_1_606' title='bbox 284 5047 456 5094; x_wconf 91' lang='lat' dir='ltr'><strong>totum</strong></span> <span class='ocrx_word' id='word_1_607' title='bbox 492 5037 754 5092; x_wconf 92' lang='lat' dir='ltr'><strong>mundum</strong></span> <span class='ocrx_word' id='word_1_608' title='bbox 791 5038 1058 5109; x_wconf 89' lang='lat' dir='ltr'><strong>dispersio</strong></span> <span class='ocrx_word' id='word_1_609' title='bbox 1079 5037 1189 5105; x_wconf 90' lang='lat' dir='ltr'><strong>jam</strong></span> <span class='ocrx_word' id='word_1_610' title='bbox 1220 5053 1316 5107; x_wconf 91' lang='lat' dir='ltr'><strong>per</strong></span> <span class='ocrx_word' id='word_1_611' title='bbox 1360 5047 1437 5094; x_wconf 92' lang='lat' dir='ltr'><strong>tot</strong></span> <span class='ocrx_word' id='word_1_612' title='bbox 1466 5038 1662 5093; x_wconf 77' lang='lat' dir='ltr'><strong>saecula</strong></span> <span class='ocrx_word' id='word_1_613' title='bbox 1695 5046 1876 5106; x_wconf 88' lang='lat' dir='ltr'><strong>prote-</strong></span> 
     </span>
    </p>
   </div>
   <div class='ocr_carea' id='block_1_82' title="bbox 279 5127 1873 5202">
    <p class='ocr_par' dir='ltr' id='par_1_82' title="bbox 279 5127 1873 5202">
     <span class='ocr_line' id='line_1_82' title="bbox 279 5127 1873 5202; baseline 0 -17"><span class='ocrx_word' id='word_1_614' title='bbox 279 5130 441 5185; x_wconf 92' lang='lat' dir='ltr'><strong>latur.</strong></span> <span class='ocrx_word' id='word_1_615' title='bbox 472 5129 620 5199; x_wconf 91' lang='lat' dir='ltr'><strong>Lege</strong></span> <span class='ocrx_word' id='word_1_616' title='bbox 642 5127 802 5182; x_wconf 88' lang='lat' dir='ltr'><strong>etiam</strong></span> <span class='ocrx_word' id='word_1_617' title='bbox 816 5129 1109 5199; x_wconf 87' lang='lat' dir='ltr'><strong>Josephum</strong></span> <span class='ocrx_word' id='word_1_618' title='bbox 1144 5138 1289 5183; x_wconf 89' lang='lat' dir='ltr'><strong>tuum</strong></span> <span class='ocrx_word' id='word_1_619' title='bbox 1308 5130 1407 5202; x_wconf 86' lang='lat' dir='ltr'><strong>(De</strong></span> <span class='ocrx_word' id='word_1_620' title='bbox 1435 5128 1570 5183; x_wconf 82' lang='lat' dir='ltr'><strong>Bell.</strong></span> <span class='ocrx_word' id='word_1_621' title='bbox 1591 5128 1769 5201; x_wconf 59' lang='lat' dir='ltr'><strong>Iud),</strong></span> <span class='ocrx_word' id='word_1_622' title='bbox 1802 5129 1873 5185; x_wconf 90' lang='lat' dir='ltr'><strong>ibi</strong></span> 
     </span>
    </p>
   </div>
   <div class='ocr_carea' id='block_1_83' title="bbox 1170 5217 1366 5244">
    <p class='ocr_par' dir='ltr' id='par_1_83' title="bbox 1170 5217 1366 5244">
     <span class='ocr_line' id='line_1_83' title="bbox 1170 5217 1366 5244; baseline 0 0"><span class='ocrx_word' id='word_1_623' title='bbox 1170 5217 1366 5244; x_wconf 70' lang='lat' dir='ltr'><strong>f‘l...!-o!</strong></span> 
     </span>
    </p>
   </div>
   <div class='ocr_carea' id='block_1_84' title="bbox 277 5219 1839 5244">
    <p class='ocr_par' dir='ltr' id='par_1_84' title="bbox 277 5219 1839 5244">
     <span class='ocr_line' id='line_1_84' title="bbox 277 5219 1839 5244; baseline 0 0"><span class='ocrx_word' id='word_1_624' title='bbox 277 5220 521 5244; x_wconf 61' lang='grc' dir='ltr'><strong>-Α“Α-²Α⁸</strong></span> <span class='ocrx_word' id='word_1_625' title='bbox 553 5233 653 5244; x_wconf 48' lang='lat' dir='ltr'><strong>una</strong></span> <span class='ocrx_word' id='word_1_626' title='bbox 682 5219 911 5244; x_wconf 59' lang='grc' dir='ltr'><strong>-νῖ-ιᾹῗΑιΛ</strong></span> <span class='ocrx_word' id='word_1_627' title='bbox 939 5219 1126 5244; x_wconf 58' lang='grc' dir='ltr'><strong>..πη-αξη</strong></span> <span class='ocrx_word' id='word_1_628' title='bbox 1170 5219 1366 5244; x_wconf 65' lang='grc' dir='ltr'><strong>Γιι-2-ο2</strong></span> <span class='ocrx_word' id='word_1_629' title='bbox 1426 5233 1584 5244; x_wconf 62' lang='grc' dir='ltr'><strong>..α-Ασιι</strong></span> <span class='ocrx_word' id='word_1_630' title='bbox 1617 5234 1733 5244; x_wconf 48' lang='lat' dir='ltr'><strong>nne.-.</strong></span> <span class='ocrx_word' id='word_1_631' title='bbox 1768 5219 1839 5244; x_wconf 60' lang='lat' dir='ltr'><strong>‘Y.s</strong></span> 
     </span>
    </p>
   </div>
   <div class='ocr_carea' id='block_1_85' title="bbox 1975 3293 3572 3360">
    <p class='ocr_par' dir='ltr' id='par_1_85' title="bbox 1975 3293 3572 3360">
     <span class='ocr_line' id='line_1_85' title="bbox 1975 3293 3572 3360; baseline 0.003 -13"><span class='ocrx_word' id='word_1_632' title='bbox 1975 3293 2219 3360; x_wconf 88' lang='lat' dir='ltr'><strong>videbat,</strong></span> <span class='ocrx_word' id='word_1_633' title='bbox 2252 3309 2374 3350; x_wconf 91' lang='lat' dir='ltr'><strong>cum</strong></span> <span class='ocrx_word' id='word_1_634' title='bbox 2407 3294 2695 3349; x_wconf 88' lang='lat' dir='ltr'><strong>adversum</strong></span> <span class='ocrx_word' id='word_1_635' title='bbox 2719 3309 2816 3350; x_wconf 90' lang='lat' dir='ltr'><strong>vos</strong></span> <span class='ocrx_word' id='word_1_636' title='bbox 2854 3295 3026 3351; x_wconf 89' lang='lat' dir='ltr'><strong>iratus</strong></span> <span class='ocrx_word' id='word_1_637' title='bbox 3057 3295 3307 3353; x_wconf 89' lang='lat' dir='ltr'><strong>dicebat:</strong></span> <span class='ocrx_word' id='word_1_638' title='bbox 3368 3318 3387 3350; x_wconf 74' lang='grc' dir='ltr'><strong>ε</strong></span> <span class='ocrx_word' id='word_1_639' title='bbox 3422 3299 3572 3355; x_wconf 79' lang='lat' dir='ltr'><strong>Con-</strong></span> 
     </span>
    </p>
   </div>
   <div class='ocr_carea' id='block_1_86' title="bbox 1975 3382 3571 3455">
    <p class='ocr_par' dir='ltr' id='par_1_86' title="bbox 1975 3382 3571 3455">
     <span class='ocr_line' id='line_1_86' title="bbox 1975 3382 3571 3455; baseline 0.003 -17"><span class='ocrx_word' id='word_1_640' title='bbox 1975 3392 2195 3455; x_wconf 76' lang='lat' dir='ltr'><strong>gregale</strong></span> <span class='ocrx_word' id='word_1_641' title='bbox 2220 3383 2288 3439; x_wconf 88' lang='lat' dir='ltr'><strong>ad</strong></span> <span class='ocrx_word' id='word_1_642' title='bbox 2304 3399 2391 3439; x_wconf 88' lang='lat' dir='ltr'><strong>me</strong></span> <span class='ocrx_word' id='word_1_643' title='bbox 2416 3398 2605 3439; x_wconf 89' lang='lat' dir='ltr'><strong>omnes</strong></span> <span class='ocrx_word' id='word_1_644' title='bbox 2627 3382 2860 3453; x_wconf 87' lang='lat' dir='ltr'><strong>majores</strong></span> <span class='ocrx_word' id='word_1_645' title='bbox 2881 3394 3009 3439; x_wconf 88' lang='lat' dir='ltr'><strong>natu</strong></span> <span class='ocrx_word' id='word_1_646' title='bbox 3028 3400 3125 3455; x_wconf 86' lang='lat' dir='ltr'><strong>per</strong></span> <span class='ocrx_word' id='word_1_647' title='bbox 3154 3386 3330 3442; x_wconf 88' lang='lat' dir='ltr'><strong>tribus</strong></span> <span class='ocrx_word' id='word_1_648' title='bbox 3358 3399 3571 3443; x_wconf 80' lang='lat' dir='ltr'><strong>vestras</strong></span> 
     </span>
    </p>
   </div>
   <div class='ocr_carea' id='block_1_87' title="bbox 1976 3474 3574 3545">
    <p class='ocr_par' dir='ltr' id='par_1_87' title="bbox 1976 3474 3574 3545">
     <span class='ocr_line' id='line_1_87' title="bbox 1976 3474 3574 3545; baseline 0.006 -17"><span class='ocrx_word' id='word_1_649' title='bbox 1976 3484 2141 3545; x_wconf 87' lang='lat' dir='ltr'><strong>atque</strong></span> <span class='ocrx_word' id='word_1_650' title='bbox 2173 3475 2448 3539; x_wconf 89' lang='lat' dir='ltr'><strong>doctores,</strong></span> <span class='ocrx_word' id='word_1_651' title='bbox 2484 3483 2539 3529; x_wconf 92' lang='lat' dir='ltr'><strong>et</strong></span> <span class='ocrx_word' id='word_1_652' title='bbox 2579 3474 2771 3544; x_wconf 90' lang='lat' dir='ltr'><strong>loquar</strong></span> <span class='ocrx_word' id='word_1_653' title='bbox 2803 3475 3151 3533; x_wconf 89' lang='lat' dir='ltr'><strong>audientibus</strong></span> <span class='ocrx_word' id='word_1_654' title='bbox 3177 3479 3257 3534; x_wconf 90' lang='lat' dir='ltr'><strong>eis</strong></span> <span class='ocrx_word' id='word_1_655' title='bbox 3288 3494 3574 3537; x_wconf 79' lang='lat' dir='ltr'><strong>sermones</strong></span> 
     </span>
    </p>
   </div>
   <div class='ocr_carea' id='block_1_88' title="bbox 1975 3564 3567 3634">
    <p class='ocr_par' dir='ltr' id='par_1_88' title="bbox 1975 3564 3567 3634">
     <span class='ocr_line' id='line_1_88' title="bbox 1975 3564 3567 3634; baseline 0.004 -15"><span class='ocrx_word' id='word_1_656' title='bbox 1975 3564 2129 3630; x_wconf 81' lang='lat' dir='ltr'><strong>istos,</strong></span> <span class='ocrx_word' id='word_1_657' title='bbox 2162 3574 2217 3621; x_wconf 91' lang='lat' dir='ltr'><strong>et</strong></span> <span class='ocrx_word' id='word_1_658' title='bbox 2238 3564 2504 3620; x_wconf 82' lang='lat' dir='ltr'><strong>invocabo</strong></span> <span class='ocrx_word' id='word_1_659' title='bbox 2525 3574 2714 3621; x_wconf 86' lang='lat' dir='ltr'><strong>contra</strong></span> <span class='ocrx_word' id='word_1_660' title='bbox 2742 3579 2837 3620; x_wconf 90' lang='lat' dir='ltr'><strong>eos</strong></span> <span class='ocrx_word' id='word_1_661' title='bbox 2858 3566 3079 3634; x_wconf 85' lang='lat' dir='ltr'><strong>coelum,</strong></span> <span class='ocrx_word' id='word_1_662' title='bbox 3108 3578 3163 3623; x_wconf 90' lang='lat' dir='ltr'><strong>et</strong></span> <span class='ocrx_word' id='word_1_663' title='bbox 3193 3579 3420 3625; x_wconf 88' lang='lat' dir='ltr'><strong>terram.</strong></span> <span class='ocrx_word' id='word_1_664' title='bbox 3454 3572 3567 3627; x_wconf 80' lang='lat' dir='ltr'><strong>No-</strong></span> 
     </span>
    </p>
   </div>
   <div class='ocr_carea' id='block_1_89' title="bbox 1974 3655 3574 3732">
    <p class='ocr_par' dir='ltr' id='par_1_89' title="bbox 1974 3655 3574 3732">
     <span class='ocr_line' id='line_1_89' title="bbox 1974 3655 3574 3732; baseline 0.007 -25"><span class='ocrx_word' id='word_1_665' title='bbox 1974 3655 2025 3709; x_wconf 86' lang='lat' dir='ltr'><strong>vi</strong></span> <span class='ocrx_word' id='word_1_666' title='bbox 2057 3659 2202 3710; x_wconf 90' lang='lat' dir='ltr'><strong>enim</strong></span> <span class='ocrx_word' id='word_1_667' title='bbox 2247 3657 2390 3726; x_wconf 91' lang='lat' dir='ltr'><strong>quod</strong></span> <span class='ocrx_word' id='word_1_668' title='bbox 2440 3664 2564 3726; x_wconf 90' lang='lat' dir='ltr'><strong>post</strong></span> <span class='ocrx_word' id='word_1_669' title='bbox 2592 3664 2828 3710; x_wconf 87' lang='lat' dir='ltr'><strong>mortem</strong></span> <span class='ocrx_word' id='word_1_670' title='bbox 2867 3672 3046 3713; x_wconf 88' lang='lat' dir='ltr'><strong>meam</strong></span> <span class='ocrx_word' id='word_1_671' title='bbox 3076 3658 3263 3730; x_wconf 87' lang='lat' dir='ltr'><strong>inique</strong></span> <span class='ocrx_word' id='word_1_672' title='bbox 3292 3663 3485 3732; x_wconf 88' lang='lat' dir='ltr'><strong>agetis,</strong></span> <span class='ocrx_word' id='word_1_673' title='bbox 3518 3674 3574 3720; x_wconf 89' lang='lat' dir='ltr'><strong>et</strong></span> 
     </span>
    </p>
   </div>
   <div class='ocr_carea' id='block_1_90' title="bbox 1973 3747 3571 3824">
    <p class='ocr_par' dir='ltr' id='par_1_90' title="bbox 1973 3747 3571 3824">
     <span class='ocr_line' id='line_1_90' title="bbox 1973 3747 3571 3824; baseline 0.006 -22"><span class='ocrx_word' id='word_1_674' title='bbox 1973 3747 2317 3804; x_wconf 89' lang='lat' dir='ltr'><strong>decliuabitis</strong></span> <span class='ocrx_word' id='word_1_675' title='bbox 2339 3749 2450 3804; x_wconf 91' lang='lat' dir='ltr'><strong>cito</strong></span> <span class='ocrx_word' id='word_1_676' title='bbox 2467 3748 2534 3803; x_wconf 92' lang='lat' dir='ltr'><strong>de</strong></span> <span class='ocrx_word' id='word_1_677' title='bbox 2546 3749 2830 3819; x_wconf 87' lang='lat' dir='ltr'><strong>via,quam</strong></span> <span class='ocrx_word' id='word_1_678' title='bbox 2857 3752 3277 3824; x_wconf 49' lang='lat' dir='ltr'><strong>praecepigvobis,</strong></span> <span class='ocrx_word' id='word_1_679' title='bbox 3302 3764 3571 3811; x_wconf 88' lang='lat' dir='ltr'><strong>etoceur-</strong></span> 
     </span>
    </p>
   </div>
   <div class='ocr_carea' id='block_1_91' title="bbox 1974 3838 3570 3913">
    <p class='ocr_par' dir='ltr' id='par_1_91' title="bbox 1974 3838 3570 3913">
     <span class='ocr_line' id='line_1_91' title="bbox 1974 3838 3570 3913; baseline 0.008 -23"><span class='ocrx_word' id='word_1_680' title='bbox 1974 3844 2097 3891; x_wconf 88' lang='lat' dir='ltr'><strong>rent</strong></span> <span class='ocrx_word' id='word_1_681' title='bbox 2130 3838 2282 3893; x_wconf 83' lang='lat' dir='ltr'><strong>vobis</strong></span> <span class='ocrx_word' id='word_1_682' title='bbox 2313 3838 2456 3893; x_wconf 86' lang='lat' dir='ltr'><strong>mala</strong></span> <span class='ocrx_word' id='word_1_683' title='bbox 2484 3838 2537 3892; x_wconf 91' lang='lat' dir='ltr'><strong>in</strong></span> <span class='ocrx_word' id='word_1_684' title='bbox 2575 3848 2825 3895; x_wconf 87' lang='lat' dir='ltr'><strong>extremo</strong></span> <span class='ocrx_word' id='word_1_685' title='bbox 2859 3849 3121 3912; x_wconf 89' lang='lat' dir='ltr'><strong>tempore,</strong></span> <span class='ocrx_word' id='word_1_686' title='bbox 3170 3847 3390 3913; x_wconf 87' lang='lat' dir='ltr'><strong>quando</strong></span> <span class='ocrx_word' id='word_1_687' title='bbox 3422 3846 3570 3903; x_wconf 88' lang='lat' dir='ltr'><strong>fece-</strong></span> 
     </span>
    </p>
   </div>
   <div class='ocr_carea' id='block_1_92' title="bbox 1972 3928 3569 4001">
    <p class='ocr_par' dir='ltr' id='par_1_92' title="bbox 1972 3928 3569 4001">
     <span class='ocr_line' id='line_1_92' title="bbox 1972 3928 3569 4001; baseline 0.008 -19"><span class='ocrx_word' id='word_1_688' title='bbox 1972 3929 2094 3984; x_wconf 88' lang='lat' dir='ltr'><strong>ritis</strong></span> <span class='ocrx_word' id='word_1_689' title='bbox 2125 3928 2327 3984; x_wconf 89' lang='lat' dir='ltr'><strong>malum</strong></span> <span class='ocrx_word' id='word_1_690' title='bbox 2370 3929 2426 3984; x_wconf 91' lang='lat' dir='ltr'><strong>in</strong></span> <span class='ocrx_word' id='word_1_691' title='bbox 2475 3939 2767 4001; x_wconf 89' lang='lat' dir='ltr'><strong>conspectu</strong></span> <span class='ocrx_word' id='word_1_692' title='bbox 2800 3931 3035 3999; x_wconf 89' lang='lat' dir='ltr'><strong>Domini,</strong></span> <span class='ocrx_word' id='word_1_693' title='bbox 3084 3941 3144 3988; x_wconf 92' lang='lat' dir='ltr'><strong>ut</strong></span> <span class='ocrx_word' id='word_1_694' title='bbox 3173 3934 3405 3993; x_wconf 87' lang='lat' dir='ltr'><strong>irritetis</strong></span> <span class='ocrx_word' id='word_1_695' title='bbox 3440 3953 3569 3994; x_wconf 87' lang='lat' dir='ltr'><strong>eum</strong></span> 
     </span>
    </p>
   </div>
   <div class='ocr_carea' id='block_1_93' title="bbox 1970 4022 3547 4099">
    <p class='ocr_par' dir='ltr' id='par_1_93' title="bbox 1970 4022 3547 4099">
     <span class='ocr_line' id='line_1_93' title="bbox 1970 4022 3547 4099; baseline 0.005 -24"><span class='ocrx_word' id='word_1_696' title='bbox 1970 4032 2067 4090; x_wconf 88' lang='lat' dir='ltr'><strong>per</strong></span> <span class='ocrx_word' id='word_1_697' title='bbox 2091 4034 2255 4091; x_wconf 90' lang='lat' dir='ltr'><strong>opera</strong></span> <span class='ocrx_word' id='word_1_698' title='bbox 2282 4035 2539 4075; x_wconf 86' lang='lat' dir='ltr'><strong>manuum</strong></span> <span class='ocrx_word' id='word_1_699' title='bbox 2564 4031 2869 4077; x_wconf 76' lang='lat' dir='ltr'><strong>vestrarum</strong></span> <span class='ocrx_word' id='word_1_700' title='bbox 2897 4022 3076 4094; x_wconf 82' lang='lat' dir='ltr'><strong>(Deut.</strong></span> <span class='ocrx_word' id='word_1_701' title='bbox 3104 4028 3279 4098; x_wconf 70' lang='lat' dir='ltr'><strong>xxxx).</strong></span> <span class='ocrx_word' id='word_1_702' title='bbox 3322 4048 3341 4081; x_wconf 73' lang='grc' dir='ltr'><strong><em>ι</em></strong></span> <span class='ocrx_word' id='word_1_703' title='bbox 3542 4096 3547 4099; x_wconf 26' lang='grc'><em>1</em></span> 
     </span>
    </p>
   </div>
   <div class='ocr_carea' id='block_1_94' title="bbox 2039 4113 3573 4187">
    <p class='ocr_par' dir='ltr' id='par_1_94' title="bbox 2039 4113 3573 4187">
     <span class='ocr_line' id='line_1_94' title="bbox 2039 4113 3573 4187; baseline 0.006 -18"><span class='ocrx_word' id='word_1_704' title='bbox 2039 4113 2197 4170; x_wconf 86' lang='lat' dir='ltr'><strong>Nunc</strong></span> <span class='ocrx_word' id='word_1_705' title='bbox 2240 4115 2424 4185; x_wconf 90' lang='lat' dir='ltr'><strong>igitur,</strong></span> <span class='ocrx_word' id='word_1_706' title='bbox 2480 4114 2686 4181; x_wconf 62' lang='lat' dir='ltr'><strong>Judaae,</strong></span> <span class='ocrx_word' id='word_1_707' title='bbox 2735 4117 2858 4172; x_wconf 87' lang='lat' dir='ltr'><strong>audi</strong></span> <span class='ocrx_word' id='word_1_708' title='bbox 2909 4132 3088 4172; x_wconf 91' lang='lat' dir='ltr'><strong>meum</strong></span> <span class='ocrx_word' id='word_1_709' title='bbox 3143 4120 3455 4187; x_wconf 90' lang='lat' dir='ltr'><strong>consilium,</strong></span> <span class='ocrx_word' id='word_1_710' title='bbox 3513 4133 3573 4178; x_wconf 89' lang='lat' dir='ltr'><strong>ut</strong></span> 
     </span>
    </p>
   </div>
   <div class='ocr_carea' id='block_1_95' title="bbox 1971 4206 3574 4282">
    <p class='ocr_par' dir='ltr' id='par_1_95' title="bbox 1971 4206 3574 4282">
     <span class='ocr_line' id='line_1_95' title="bbox 1971 4206 3574 4282; baseline 0.004 -23"><span class='ocrx_word' id='word_1_711' title='bbox 1971 4206 2162 4271; x_wconf 90' lang='lat' dir='ltr'><strong>Deum,</strong></span> <span class='ocrx_word' id='word_1_712' title='bbox 2214 4221 2375 4275; x_wconf 90' lang='lat' dir='ltr'><strong>quem</strong></span> <span class='ocrx_word' id='word_1_713' title='bbox 2408 4206 2608 4261; x_wconf 87' lang='lat' dir='ltr'><strong>iratum</strong></span> <span class='ocrx_word' id='word_1_714' title='bbox 2659 4206 2846 4273; x_wconf 88' lang='lat' dir='ltr'><strong>habes,</strong></span> <span class='ocrx_word' id='word_1_715' title='bbox 2899 4209 3078 4279; x_wconf 88' lang='lat' dir='ltr'><strong>possis</strong></span> <span class='ocrx_word' id='word_1_716' title='bbox 3126 4208 3332 4265; x_wconf 90' lang='lat' dir='ltr'><strong>habere</strong></span> <span class='ocrx_word' id='word_1_717' title='bbox 3383 4214 3574 4282; x_wconf 85' lang='lat' dir='ltr'><strong>propi-</strong></span> 
     </span>
    </p>
   </div>
   <div class='ocr_carea' id='block_1_96' title="bbox 1973 4295 3569 4366">
    <p class='ocr_par' dir='ltr' id='par_1_96' title="bbox 1973 4295 3569 4366">
     <span class='ocr_line' id='line_1_96' title="bbox 1973 4295 3569 4366; baseline 0.006 -17"><span class='ocrx_word' id='word_1_718' title='bbox 1973 4296 2104 4351; x_wconf 88' lang='lat' dir='ltr'><strong>tium</strong></span> <span class='ocrx_word' id='word_1_719' title='bbox 2129 4311 2143 4349; x_wconf 90' lang='lat'><strong>:</strong></span> <span class='ocrx_word' id='word_1_720' title='bbox 2168 4295 2374 4366; x_wconf 87' lang='lat' dir='ltr'><strong>depone</strong></span> <span class='ocrx_word' id='word_1_721' title='bbox 2403 4298 2602 4352; x_wconf 86' lang='lat' dir='ltr'><strong>veteris</strong></span> <span class='ocrx_word' id='word_1_722' title='bbox 2631 4297 2868 4352; x_wconf 88' lang='lat' dir='ltr'><strong>hominis</strong></span> <span class='ocrx_word' id='word_1_723' title='bbox 2894 4300 3289 4365; x_wconf 86' lang='lat' dir='ltr'><strong>indumentum,</strong></span> <span class='ocrx_word' id='word_1_724' title='bbox 3324 4310 3379 4354; x_wconf 90' lang='lat' dir='ltr'><strong>et</strong></span> <span class='ocrx_word' id='word_1_725' title='bbox 3414 4316 3569 4358; x_wconf 64' lang='lat' dir='ltr'><strong>nova:</strong></span> 
     </span>
    </p>
   </div>
   <div class='ocr_carea' id='block_1_97' title="bbox 1972 4386 3625 4458">
    <p class='ocr_par' dir='ltr' id='par_1_97' title="bbox 1972 4386 3625 4458">
     <span class='ocr_line' id='line_1_97' title="bbox 1972 4386 3625 4458; baseline 0.005 -19"><span class='ocrx_word' id='word_1_726' title='bbox 1972 4386 2158 4457; x_wconf 78' lang='lat' dir='ltr'><strong>gratiae</strong></span> <span class='ocrx_word' id='word_1_727' title='bbox 2183 4386 2397 4455; x_wconf 82' lang='lat' dir='ltr'><strong>suscipe</strong></span> <span class='ocrx_word' id='word_1_728' title='bbox 2442 4397 2877 4454; x_wconf 88' lang='lat' dir='ltr'><strong>sacramentum;</strong></span> <span class='ocrx_word' id='word_1_729' title='bbox 2915 4389 3165 4458; x_wconf 79' lang='lat' dir='ltr'><strong>placeant</strong></span> <span class='ocrx_word' id='word_1_730' title='bbox 3216 4391 3309 4445; x_wconf 87' lang='lat' dir='ltr'><strong>tibi</strong></span> <span class='ocrx_word' id='word_1_731' title='bbox 3344 4391 3570 4448; x_wconf 72' lang='lat' dir='ltr'><strong>benedi-</strong></span> <span class='ocrx_word' id='word_1_732' title='bbox 3622 4408 3625 4413; x_wconf 68' lang='lat'><strong><em>‘</em></strong></span> 
     </span>
    </p>
   </div>
   <div class='ocr_carea' id='block_1_98' title="bbox 1972 4475 3568 4554">
    <p class='ocr_par' dir='ltr' id='par_1_98' title="bbox 1972 4475 3568 4554">
     <span class='ocr_line' id='line_1_98' title="bbox 1972 4475 3568 4554; baseline 0.004 -23"><span class='ocrx_word' id='word_1_733' title='bbox 1972 4476 2181 4531; x_wconf 88' lang='lat' dir='ltr'><strong>ctiones</strong></span> <span class='ocrx_word' id='word_1_734' title='bbox 2204 4475 2463 4542; x_wconf 81' lang='lat' dir='ltr'><strong>Garizim,</strong></span> <span class='ocrx_word' id='word_1_735' title='bbox 2482 4487 2537 4530; x_wconf 92' lang='lat' dir='ltr'><strong>ut</strong></span> <span class='ocrx_word' id='word_1_736' title='bbox 2570 4477 2976 4534; x_wconf 66' lang='lat' dir='ltr'><strong>mal-edictiones</strong></span> <span class='ocrx_word' id='word_1_737' title='bbox 2996 4478 3163 4535; x_wconf 82' lang='lat' dir='ltr'><strong>Hebal</strong></span> <span class='ocrx_word' id='word_1_738' title='bbox 3183 4479 3353 4554; x_wconf 45' lang='lat' dir='ltr'><strong>(Deut.</strong></span> <span class='ocrx_word' id='word_1_739' title='bbox 3375 4487 3568 4553; x_wconf 84' lang='lat' dir='ltr'><strong>xxvn).</strong></span> 
     </span>
    </p>
   </div>
   <div class='ocr_carea' id='block_1_99' title="bbox 1978 4567 3567 4639">
    <p class='ocr_par' dir='ltr' id='par_1_99' title="bbox 1978 4567 3567 4639">
     <span class='ocr_line' id='line_1_99' title="bbox 1978 4567 3567 4639; baseline 0.003 -16"><span class='ocrx_word' id='word_1_740' title='bbox 1978 4570 2156 4639; x_wconf 88' lang='lat' dir='ltr'><strong>possis</strong></span> <span class='ocrx_word' id='word_1_741' title='bbox 2185 4570 2447 4624; x_wconf 83' lang='lat' dir='ltr'><strong>evadere:</strong></span> <span class='ocrx_word' id='word_1_742' title='bbox 2481 4570 2671 4624; x_wconf 77' lang='lat' dir='ltr'><strong>desere</strong></span> <span class='ocrx_word' id='word_1_743' title='bbox 2713 4567 2952 4626; x_wconf 76' lang='lat' dir='ltr'><strong>Judaica:</strong></span> <span class='ocrx_word' id='word_1_744' title='bbox 2995 4572 3255 4627; x_wconf 64' lang='lat' dir='ltr'><strong>caecitatis</strong></span> <span class='ocrx_word' id='word_1_745' title='bbox 3302 4589 3567 4639; x_wconf 86' lang='lat' dir='ltr'><strong>errorem,</strong></span> 
     </span>
    </p>
   </div>
   <div class='ocr_carea' id='block_1_100' title="bbox 1978 4659 3571 4733">
    <p class='ocr_par' dir='ltr' id='par_1_100' title="bbox 1978 4659 3571 4733">
     <span class='ocr_line' id='line_1_100' title="bbox 1978 4659 3571 4733; baseline 0.004 -19"><span class='ocrx_word' id='word_1_746' title='bbox 1978 4671 2031 4715; x_wconf 88' lang='lat' dir='ltr'><strong>et</strong></span> <span class='ocrx_word' id='word_1_747' title='bbox 2060 4670 2110 4714; x_wconf 91' lang='lat' dir='ltr'><strong>te</strong></span> <span class='ocrx_word' id='word_1_748' title='bbox 2157 4662 2223 4713; x_wconf 87' lang='lat' dir='ltr'><strong>ad</strong></span> <span class='ocrx_word' id='word_1_749' title='bbox 2255 4659 2597 4731; x_wconf 69' lang='lat' dir='ltr'><strong>Evangelicae</strong></span> <span class='ocrx_word' id='word_1_750' title='bbox 2626 4662 2817 4731; x_wconf 72' lang='lat' dir='ltr'><strong>gratia:</strong></span> <span class='ocrx_word' id='word_1_751' title='bbox 2860 4662 3033 4733; x_wconf 84' lang='lat' dir='ltr'><strong>dirige</strong></span> <span class='ocrx_word' id='word_1_752' title='bbox 3081 4662 3399 4718; x_wconf 77' lang='lat' dir='ltr'><strong>veritatem:</strong></span> <span class='ocrx_word' id='word_1_753' title='bbox 3453 4676 3571 4720; x_wconf 73' lang='lat' dir='ltr'><strong>esto</strong></span> 
     </span>
    </p>
   </div>
   <div class='ocr_carea' id='block_1_101' title="bbox 1975 4752 3570 4824">
    <p class='ocr_par' dir='ltr' id='par_1_101' title="bbox 1975 4752 3570 4824">
     <span class='ocr_line' id='line_1_101' title="bbox 1975 4752 3570 4824; baseline 0.002 -18"><span class='ocrx_word' id='word_1_754' title='bbox 1975 4752 2161 4824; x_wconf 87' lang='lat' dir='ltr'><strong>procul</strong></span> <span class='ocrx_word' id='word_1_755' title='bbox 2199 4752 2362 4807; x_wconf 87' lang='lat' dir='ltr'><strong>dubio</strong></span> <span class='ocrx_word' id='word_1_756' title='bbox 2390 4767 2620 4807; x_wconf 86' lang='lat' dir='ltr'><strong>securus</strong></span> <span class='ocrx_word' id='word_1_757' title='bbox 2651 4753 2717 4807; x_wconf 88' lang='lat' dir='ltr'><strong>de</strong></span> <span class='ocrx_word' id='word_1_758' title='bbox 2760 4753 2938 4820; x_wconf 83' lang='lat' dir='ltr'><strong>venia,</strong></span> <span class='ocrx_word' id='word_1_759' title='bbox 2990 4753 3034 4807; x_wconf 91' lang='lat' dir='ltr'><strong>si</strong></span> <span class='ocrx_word' id='word_1_760' title='bbox 3067 4754 3134 4807; x_wconf 89' lang='lat' dir='ltr'><strong>ad</strong></span> <span class='ocrx_word' id='word_1_761' title='bbox 3176 4754 3377 4809; x_wconf 88' lang='lat' dir='ltr'><strong>Christi</strong></span> <span class='ocrx_word' id='word_1_762' title='bbox 3411 4756 3570 4811; x_wconf 83' lang='lat' dir='ltr'><strong>fidem</strong></span> 
     </span>
    </p>
   </div>
   <div class='ocr_carea' id='block_1_102' title="bbox 1976 4843 3567 4914">
    <p class='ocr_par' dir='ltr' id='par_1_102' title="bbox 1976 4843 3567 4914">
     <span class='ocr_line' id='line_1_102' title="bbox 1976 4843 3567 4914; baseline 0.002 -16"><span class='ocrx_word' id='word_1_763' title='bbox 1976 4857 2299 4908; x_wconf 86' lang='lat' dir='ltr'><strong>conversus,</strong></span> <span class='ocrx_word' id='word_1_764' title='bbox 2332 4845 2474 4898; x_wconf 88' lang='lat' dir='ltr'><strong>sacri</strong></span> <span class='ocrx_word' id='word_1_765' title='bbox 2516 4843 2857 4911; x_wconf 61' lang='lat' dir='ltr'><strong>baptismatis</strong></span> <span class='ocrx_word' id='word_1_766' title='bbox 2898 4844 3071 4901; x_wconf 86' lang='lat' dir='ltr'><strong>fueris</strong></span> <span class='ocrx_word' id='word_1_767' title='bbox 3103 4846 3249 4900; x_wconf 89' lang='lat' dir='ltr'><strong>unda</strong></span> <span class='ocrx_word' id='word_1_768' title='bbox 3292 4845 3567 4914; x_wconf 82' lang='lat' dir='ltr'><strong>perfusus.</strong></span> 
     </span>
    </p>
   </div>
   <div class='ocr_carea' id='block_1_103' title="bbox 1986 4934 3573 5009">
    <p class='ocr_par' dir='ltr' id='par_1_103' title="bbox 1986 4934 3573 5009">
     <span class='ocr_line' id='line_1_103' title="bbox 1986 4934 3573 5009; baseline 0.002 -19"><span class='ocrx_word' id='word_1_769' title='bbox 1986 4934 2092 4990; x_wconf 80' lang='lat' dir='ltr'><strong>Sed</strong></span> <span class='ocrx_word' id='word_1_770' title='bbox 2120 4936 2381 5007; x_wconf 89' lang='lat' dir='ltr'><strong>quoniam</strong></span> <span class='ocrx_word' id='word_1_771' title='bbox 2411 4937 2552 5009; x_wconf 87' lang='lat' dir='ltr'><strong>apud</strong></span> <span class='ocrx_word' id='word_1_772' title='bbox 2578 4934 2817 4991; x_wconf 75' lang='lat' dir='ltr'><strong>animum</strong></span> <span class='ocrx_word' id='word_1_773' title='bbox 2847 4949 2995 4992; x_wconf 88' lang='lat' dir='ltr'><strong>tuum</strong></span> <span class='ocrx_word' id='word_1_774' title='bbox 3021 4936 3139 5005; x_wconf 84' lang='lat' dir='ltr'><strong>plus</strong></span> <span class='ocrx_word' id='word_1_775' title='bbox 3166 4937 3391 4992; x_wconf 87' lang='lat' dir='ltr'><strong>forsitan</strong></span> <span class='ocrx_word' id='word_1_776' title='bbox 3419 4941 3573 5009; x_wconf 75' lang='lat' dir='ltr'><strong>valeo</strong></span> 
     </span>
    </p>
   </div>
   <div class='ocr_carea' id='block_1_104' title="bbox 1981 5028 3573 5099">
    <p class='ocr_par' dir='ltr' id='par_1_104' title="bbox 1981 5028 3573 5099">
     <span class='ocr_line' id='line_1_104' title="bbox 1981 5028 3573 5099; baseline 0.001 -17"><span class='ocrx_word' id='word_1_777' title='bbox 1981 5028 2148 5083; x_wconf 89' lang='lat' dir='ltr'><strong>Deum</strong></span> <span class='ocrx_word' id='word_1_778' title='bbox 2177 5028 2543 5096; x_wconf 87' lang='lat' dir='ltr'><strong>deprecando,</strong></span> <span class='ocrx_word' id='word_1_779' title='bbox 2576 5043 2737 5097; x_wconf 86' lang='lat' dir='ltr'><strong>quam</strong></span> <span class='ocrx_word' id='word_1_780' title='bbox 2775 5030 2916 5099; x_wconf 86' lang='lat' dir='ltr'><strong>apud</strong></span> <span class='ocrx_word' id='word_1_781' title='bbox 2946 5037 2995 5081; x_wconf 92' lang='lat' dir='ltr'><strong>te</strong></span> <span class='ocrx_word' id='word_1_782' title='bbox 3026 5030 3397 5095; x_wconf 83' lang='lat' dir='ltr'><strong>praedicando.</strong></span> <span class='ocrx_word' id='word_1_783' title='bbox 3430 5030 3573 5084; x_wconf 81' lang='lat' dir='ltr'><strong>Deus</strong></span> 
     </span>
    </p>
   </div>
   <div class='ocr_carea' id='block_1_105' title="bbox 1979 5120 3575 5191">
    <p class='ocr_par' dir='ltr' id='par_1_105' title="bbox 1979 5120 3575 5191">
     <span class='ocr_line' id='line_1_105' title="bbox 1979 5120 3575 5191; baseline 0.001 -18"><span class='ocrx_word' id='word_1_784' title='bbox 1979 5130 2194 5189; x_wconf 87' lang='lat' dir='ltr'><strong>patrum</strong></span> <span class='ocrx_word' id='word_1_785' title='bbox 2245 5129 2461 5175; x_wconf 85' lang='lat' dir='ltr'><strong>tuorum</strong></span> <span class='ocrx_word' id='word_1_786' title='bbox 2515 5135 2546 5173; x_wconf 82' lang='lat' dir='ltr'><strong>a</strong></span> <span class='ocrx_word' id='word_1_787' title='bbox 2593 5120 2755 5174; x_wconf 82' lang='lat' dir='ltr'><strong>corde</strong></span> <span class='ocrx_word' id='word_1_788' title='bbox 2806 5130 2895 5176; x_wconf 89' lang='lat' dir='ltr'><strong>tuo</strong></span> <span class='ocrx_word' id='word_1_789' title='bbox 2943 5127 3220 5176; x_wconf 84' lang='lat' dir='ltr'><strong>vetustum</strong></span> <span class='ocrx_word' id='word_1_790' title='bbox 3256 5121 3575 5191; x_wconf 72' lang='lat' dir='ltr'><strong>ignorantia:</strong></span> 
     </span>
    </p>
   </div>
   <div class='ocr_carea' id='block_1_106' title="bbox 1979 5210 3570 5244">
    <p class='ocr_par' dir='ltr' id='par_1_106' title="bbox 1979 5210 3570 5244">
     <span class='ocr_line' id='line_1_106' title="bbox 1979 5210 3570 5244; baseline 0 0"><span class='ocrx_word' id='word_1_791' title='bbox 1979 5213 2224 5244; x_wconf 63' lang='lat' dir='ltr'><strong>volun-nil</strong></span> <span class='ocrx_word' id='word_1_792' title='bbox 2261 5210 2478 5244; x_wconf 67' lang='lat' dir='ltr'><strong>n&#39;\;:n:.\1</strong></span> <span class='ocrx_word' id='word_1_793' title='bbox 2531 5220 2577 5244; x_wconf 75' lang='lat' dir='ltr'><strong>nl</strong></span> <span class='ocrx_word' id='word_1_794' title='bbox 2612 5212 2845 5244; x_wconf 66' lang='lat' dir='ltr'><strong>l&#39;nnIII.~:n</strong></span> <span class='ocrx_word' id='word_1_795' title='bbox 2873 5226 3119 5244; x_wconf 73' lang='lat' dir='ltr'><strong>nnnnI&#39;IIII\</strong></span> <span class='ocrx_word' id='word_1_796' title='bbox 3150 5214 3387 5244; x_wconf 61' lang='lat' dir='ltr'><strong>Innn‘xn:o</strong></span> <span class='ocrx_word' id='word_1_797' title='bbox 3436 5229 3570 5244; x_wconf 70' lang='lat' dir='ltr'><strong>v-nun</strong></span> 
     </span>
    </p>
   </div>
  </div>
