4106 6310
540 331 609 388 67
965 330 1025 386 S.
1063 326 1268 385 PETRI
1305 322 1587 381 DAMIANI
1622 320 1773 379 OPP.
1812 314 2047 373 TOMUS
2086 314 2215 371 SEU
2259 313 2436 369 PARS
2472 312 2560 368 Ill.
2600 344 2671 356 —
2707 313 3075 372 OPUSCULA
3111 311 3345 371 VARlA.
3706 317 3774 369 68

542 443 812 499 coloratos
834 442 1118 497 rhetoricae
1140 439 1403 494 facundiae
1417 436 1803 500 ﬂosculos,non
1819 431 2106 509 acutadia-
2137 442 2183 500 Α
2211 430 2484 486 etl‘undere
2512 430 2729 495 debeas,
2766 444 2871 498 quo
2906 430 3152 500 clypeum
3179 422 3621 488 circumvolvere,
3648 422 3778 495 quia

544 536 859 592 lecticarum
892 547 1091 602 ponere
1105 541 1417 601 argumenta
1446 528 1649 586 curavi.
1685 525 1842 580 Salvo
1861 524 2004 579 enim
2022 537 2109 588 eo,

547 629 686 697 quod
700 628 832 682 mihi
847 625 1119 682 saecularis
1131 624 1406 694 sapientiae
1417 620 1667 690 pbaleras
1679 617 1829 687 sequi
1845 631 1950 670 non
1965 614 2117 683 libet,

546 721 674 787 quia
704 727 757 773 te
781 718 946 773 etiam
975 716 1204 786 negotiis
1232 710 1580 769 saecularibus
1629 709 1960 778 implicatum
1990 706 2115 761 novi

547 810 729 883 multa
746 825 855 865 non
899 823 1056 880 posse
1086 807 1383 877 perlegere,
1433 803 1581 859 nolui
1625 810 1676 857 te
1705 799 1926 870 prolixis
1955 813 2115 867 argu-

548 908 851 955 mentorum
880 896 1318 953 distinctionibus
1342 908 1591 950 onerare.
1622 891 1963 960 Quapropter
1984 889 2114 943 dum

545 989 689 1044 nuda
710 1003 846 1059 pene
884 987 979 1041 tibi
1009 985 1410 1053 Scripturarum
1440 981 1683 1051 exempla
1721 977 1992 1050 proposui.
2022 991 2117 1032 ve-

546 1078 626 1132 lut
674 1080 990 1149 sagittarum
1042 1075 1357 1131 fasciculum
1411 1075 1464 1129 in
1496 1073 1807 1143 pharetram
1850 1070 1993 1125 misi.
2050 1069 2116 1123 Et

531 1167 675 1235 quia
719 1182 787 1221 ex
830 1167 1012 1221 verbis
1040 1166 1327 1221 contrariis
1370 1163 1676 1234 suggeritur
1702 1162 1858 1230 copia
1891 1173 2117 1229 respon-

556 1255 726 1319 Jendi,
760 1271 911 1310 arma
956 1254 1174 1326 quidem
1202 1252 1434 1323 przebui;
1480 1265 1587 1322 quo
1612 1264 1742 1305 vero
1771 1259 1823 1304 te
1850 1247 2110 1303 invictum

2216 523 2353 578 bella
2382 522 2607 576 necdum
2635 519 2937 584 imminent,
2970 518 3040 572 ad
3069 517 3285 587 plenum
3310 515 3504 569 docere
3528 526 3635 567 non
3677 527 3778 582 po-

2219 616 2316 669 tui.
2368 611 2544 668 Habes
2574 611 2737 681 igitur
2757 624 2943 664 coram
2982 608 3179 678 posita,
3219 619 3338 676 quae
3363 604 3433 659 ad
3474 601 3777 672 bujusmodi

2215 703 2523 760 conﬂictum
2552 708 2679 755 sunt
2715 698 3039 755 necessaria.
3069 696 3235 753 Utere
3270 694 3495 758 paratis,
3524 702 3586 750 ut
3612 707 3781 750 exne-

2215 798 2330 852 dire
2360 792 2684 849 decreveris.

2285 884 2638 953 Omnipotens
2659 881 2821 946 Deus,
2854 876 3205 934 dilectissime
3227 871 3414 940 frater,
3449 874 3517 929 ab
3542 870 3784 927 invisibi-

2220 976 2350 1032 lium
2393 984 2444 1028 te
2476 973 2686 1029 insidiis
2726 970 2961 1025 hostium
2993 966 3416 1024 misericorditer
3458 969 3703 1034 protegat
3732 968 3788 1016 et

2220 1068 2517 1122 immunem
2549 1073 2600 1118 te
2642 1063 2708 1117 de
2735 1060 3043 1131 bnjusmodi
3088 1058 3384 1115 certamine
3429 1055 3499 1112 ad
3544 1052 3786 1110 cmlestia

2220 1171 2384 1227 regna
2406 1146 2689 1226 perducat.
2715 1152 2907 1205 Amen.
3249 1201 3252 1205 ,

2369 1240 2371 1242 ’
2560 1240 2641 1297 Sit
2665 1258 2849 1297 nomen
2877 1239 3088 1296 Domini
3112 1236 3455 1293 benedictum.

987 1437 3770 1471 W

1175 1601 1416 1675 ⁵¹’⁵²
1499 1610 2124 1727 OPUSCUL

2226 1607 2339 1718 ’Μ
2422 1602 3148 1741 QUARTUM.

821 1835 1343 1901 DISCEPTATIO
1385 1832 1830 1895 SYNODALIS
1871 1831 2111 1890 INTER
2151 1826 2385 1888 REGIS
2428 1825 2930 1889 ADVOCATUM
2971 1827 3075 1888 ET
3118 1826 3480 1887 ROMANIE

749 1942 753 1947 ’
825 1939 829 1942 ’
1648 1928 2045 1990 ECCLESUE
2090 1927 2644 1988 DEFENSOREM.
2952 1948 2957 1953 ·

555 2233 943 2287 Anconssrun.
963 2228 1104 2283 -ιη
1149 2229 1253 2283 hoc
1275 2226 1456 2282 libello
1483 2227 1740 2281 Romanae
1768 2224 2026 2280 Ecclesiae
2049 2224 2303 2281 defensor
2336 2232 2391 2279 et
2417 2225 2561 2295 regis
2588 2225 2806 2280 Iienrici
2838 2226 3129 2295 advocatus
3154 2223 3492 2293 [altercantes
3530 2223 3795 2295 inducun-

629 2312 733 2356 tur.
760 2302 930 2355 Causa
957 2309 1138 2353 autem
1166 2313 1347 2353 eorum
1373 2297 1736 2351 altercationis
1756 2298 1873 2351 haec
1901 2303 2045 2349 erat:
2077 2295 2381 2350 lnoleverat
2404 2294 2568 2364 prava
2591 2295 2943 2358 consuetudo,
2975 2305 3053 2366 ut_
3076 2294 3363 2366 Romanus
3398 2294 3638 2363 pontifex
3666 2296 3787 2366 eligi

622 2388 730 2426 non
762 2379 963 2439 posset,
991 2371 1092 2425 nisi
1134 2370 1202 2423 ab
1228 2367 2186 2439 imperatorepriusconﬁrmaretur.
2234 2366 2367 2439 cum
2394 2363 2556 2439 igitur
2577 2375 2702 2420 tunc
2723 2366 2993 2439 temporis;
3013 2363 3371 2439 Henrie_us__lll
3396 2375 3712 2439 pueresset,
3742 2363 3799 2439 et

621 2433 797 2496 adhuc
825 2440 923 2494 sub
964 2439 1127 2492 tutela
1154 2433 1499 2501 constitutus,
1531 2433 1647 2490 sine
1698 2436 1842 2491 illius
1884 2450 2109 2491 assensu
2152 2433 2389 2504 pontifex
2424 2433 2639 2489 electus
2680 2443 2801 2489 est:
2841 2433 2996 2504 quod
3024 2450 3144 2489 cum
3169 2436 3237 2486 ab
3264 2433 3478 2489 Henrici
3525 2433 3715 2503 legatis
3742 2436 3795 2489 in

626 2511 832 2566 crimen
864 2519 1165 2585 vocaretur,
1200 2509 1251 2561 in
1275 2508 1375 2585 bac
1400 2506 1763 2585 disputatione
1787 2514 1979 2585 cuncta
2004 2519 2195 2585 eorum
2226 2504 2435 2572 objecta
2482 2505 2820 2585 refelluntur,
2848 2516 2907 2558 ut
2939 2504 3195 2585 paulatim
3219 2506 3464 2585 'eogatur
3500 2506 3800 2585 regius_ad-

619 2590 840 2633 vocatus
882 2579 1180 2633 rationibus
1199 2574 1509 2640 convictus,
1543 2576 1594 2629 in
1632 2575 1966 2629 contrariam
1999 2576 2233 2628 transire
2265 2575 2605 2628 sententiam.
2644 2574 2888 2642 Fingitur
2921 2584 3098 2628 autem
3139 2575 3252 2628 haec
3277 2574 3594 2643 disceptatio
3615 2574 3798 2629 habita

621 2665 805 2705 coram
843 2649 1045 2715 synodo
1068 2648 1448 2715 Episcoporum
1475 2646 1585 2715 qui,
1609 2656 1667 2699 ut
1699 2647 1798 2701 bac
1822 2646 1888 2699 de
1914 2659 1973 2700 re
2010 2644 2446 2712 pronuntiarent,
2480 2644 2535 2699 in
2563 2659 2729 2703 unum
2757 2653 3140 2699 convenerant.
3167 2644 3457 2700 Cudalouin
3488 2645 3797 2713 antipapam

629 2715 978 2788 sequentibus
1004 2718 1181 2772 verbis
1210 2715 1491 2771 comoellat
1514 2715 1570 2769 S.
1599 2723 1806 2770 auctor.

627 2896 735 2952 Sed
765 2896 833 2951 ad
858 2897 969 2950 bace
1006 2894 1256 2963 gloriaris
1290 2902 1345 2950 et
1368 2891 1575 2962 jactas:
1599 2893 1713 2950 Rex
1738 2909 1843 2959 me,
1874 2902 1932 2949 et
1959 2893 2127 2963 impe-
2156 2899 2202 2959 B
2230 2894 2343 2949 sive
2369 2893 2737 2965 metropoleon
2764 2867 3043 2964 primatus,
3081 2896 3590 2965 autepiscopatuum
3615 2897 3801 2952 cathe-

554 2991 725 3044 ratrix
761 2996 934 3042 mater
956 2987 1129 3057 eligit,
1165 2988 1399 3042 adhunc
1439 2988 1643 3057 apicem
1672 3002 1760 3043 me
1786 2988 1931 3057 regia
1966 2986 2126 3041 celsi-

554 3081 684 3136 tudo
709 3079 984 3149 provexit:
1016 3078 1110 3132 sed
1136 3093 1258 3132 eum
1287 3077 1413 3132 hinc
1442 3077 1562 3131 aula
1592 3078 1739 3148 regia
1775 3092 1932 3132 suum
1970 3086 2122 3132 tuea-

551 3180 641 3225 tur
671 3170 921 3235 electnm,
965 3168 1388 3239 illincRomana
1420 3168 1658 3225 Ecclesia
1700 3169 1977 3239 proprium
2029 3169 2122 3223 de-

550 3261 738 3318 fendat
763 3260 1079 3326 antistitem,
1102 3259 1217 3328 jam
1240 3260 1295 3314 in
1323 3258 1457 3314 solio
1484 3260 1870 3325 constitutum;
1904 3260 2125 3330 dignum

551 3360 660 3415 est,
710 3359 769 3403 ut
818 3362 1128 3404 sanctorum
1182 3358 1347 3418 atque
1393 3350 1737 3418 prudentium
1782 3350 2125 3405 sacerdotum

554 3439 841 3495 multitudo
874 3438 1193 3493 conveniat:
1231 3447 1286 3493 et
1311 3439 1454 3494 hanc
1479 3437 1833 3507 quaestionem
1857 3437 2126 3492 ventilans

552 3530 653 3584 sub
678 3528 926 3584 canonici
951 3527 1090 3597 juris
1116 3527 1438 3583 auctoritate
1466 3528 1758 3583 discernat.
1779 3527 1848 3583 Et
1869 3528 2124 3598 quoniam

557 3620 611 3674 in
644 3619 911 3688 proximo,
952 3625 1012 3671 ut
1037 3631 1336 3687 speramus,
1377 3617 1470 3671 fiet
1496 3617 1622 3671 hinc
1641 3615 1967 3673 Osboriense
1995 3632 2124 3673 con-

550 3710 755 3775 cilium,
788 3709 875 3763 bic
895 3705 1009 3776 jam
1041 3705 1283 3774 ejusdem
1306 3706 1521 3761 concilii
1549 3707 1944 3762 constituamus
1982 3706 2161 3760 velut‘

556 3803 611 3856 in
649 3801 880 3871 quadam
933 3796 1144 3854 tabellae
1173 3798 1382 3868 pictura
1408 3797 1746 3868 pracludium.
1775 3797 1938 3853 Juxta
1964 3799 2127 3854 visio-

553 3908 678 3949 nem
711 3908 840 3964 ergo
865 3889 1102 3946 Danielis
1121 3891 1284 3960 (Dan.
1312 3890 1435 3960 vn),
1461 3898 1673 3959 patrum
1699 3891 1877 3947 tbroni
1902 3890 2009 3945 sint
2032 3905 2129 3959 po—

456 4020 461 4025 -
554 3986 667 4051 siti,
696 3985 955 4055 judicium
979 3983 1184 4048 sedeat,
1233 3981 1355 4037 libri
1384 3983 1720 4051 aperiantur,
1749 3990 1804 4037 et
1843 3981 2128 4037 solutionis

554 4077 736 4147 indiga
781 4075 1007 4146 quaestio
1056 4075 1110 4129 in
1140 4074 1374 4129 medium
1408 4074 1724 4129 deducatur.
1778 4074 1920 4128 Hinc
1947 4074 2127 4144 itaque

552 4168 809 4223 Romanae
837 4166 1091 4222 defensor
1116 4165 1374 4220 Ecclesia:
1417 4179 1547 4220 suas
1590 4164 1943 4236 allegationes
1988 4163 2128 4219 infc-

2229 2986 2379 3050 dras,
2402 2986 2485 3041 vel
2516 2986 2886 3042 Ecclesiarum
2922 2985 3289 3058 cujuscunque
3316 2989 3520 3045 ordinis
3566 2991 3801 3062 dignita-
3868 3046 3885 3053 ,

2226 3086 2327 3144 tes,
2353 3078 2465 3132 sive
2488 3093 2585 3132 rex
2603 3119 2618 3144 ,
2659 3080 2776 3134 sive
2802 3080 3121 3148 imperator,
3157 3080 3273 3137 sive
3299 3080 3586 3149 cujuslibet
3614 3084 3802 3138 condi-

2226 3167 2392 3223 tionis
2419 3168 2580 3224 homo
2610 3185 2778 3239 purus
2810 3169 3064 3235 instituit,
3097 3180 3151 3226 et
3180 3170 3365 3240 (prout
3395 3171 3662 3237 voluntas,
3708 3183 3804 3229 aut

2223 3256 2455 3312 facultas
2486 3257 2629 3329 tulit)
2662 3259 2979 3328 specialium
3026 3260 3130 3314 sibi
3179 3262 3653 3332 prazrogativarum
3677 3262 3804 3331 jura

2225 3346 2487 3414 prariixit;
2511 3344 2811 3401 Romanam
2837 3357 3020 3401 autem
3045 3347 3346 3403 Ecelesiam
3368 3351 3516 3405 solus
3545 3352 3637 3405 ille
3676 3352 3803 3407 fun-

2226 3433 2396 3497 davit,
2430 3441 2484 3488 et
2525 3448 2687 3503 super
2717 3445 2927 3504 petram
2956 3436 3079 3491 lidei
3110 3451 3233 3491 mox
3264 3440 3539 3494 nascentis
3587 3444 3802 3496 erexit:

2222 3519 2325 3587 Qui
2380 3522 2541 3578 beato
2576 3524 2700 3577 vitae
2728 3532 2944 3579 aeternae
2983 3525 3285 3596 clavigero,
3342 3529 3582 3594 terreni,
3633 3531 3799 3586 simul

2224 3619 2280 3666 et
2306 3610 2537 3668 caelestis
2562 3614 2771 3682 imperii
2795 3615 2920 3684 jura
2964 3600 3234 3691 commisit
3263 3616 3477 3687 (Matth.
3520 3621 3653 3692 xvi).
3686 3620 3804 3676 Non

2228 3716 2358 3774 ergo
2385 3705 2638 3774 quaelibet
2687 3715 2899 3761 terrena
2932 3709 3225 3776 sententia,
3256 3711 3353 3765 sed
3382 3710 3512 3766 illud
3546 3711 3802 3779 Verbum,

2225 3811 2324 3864 per
2357 3797 2501 3865 quod
2535 3797 2815 3855 conditura
2844 3807 2926 3854 est
2950 3799 3145 3858 coelum
3170 3811 3224 3856 et
3247 3809 3410 3869 terra,
3441 3818 3537 3872 per
3555 3806 3694 3873 quod
3717 3806 3805 3861 de-

2224 3887 2389 3956 nique
2417 3888 2597 3944 omnia
2623 3890 2838 3946 condita
2871 3901 2994 3946 sunt
3018 3893 3308 3960 elementa,
3340 3896 3641 3952 Romanam
3668 3899 3793 3956 fun-

2227 3979 2377 4036 davit
2407 3979 2742 4048 Ecelesiam;
2788 3981 2932 4038 illius
2959 3995 3109 4038 certe
3139 3986 3417 4058 privilegio
3447 3987 3707 4063 fungitur,
3741 3992 3804 4044 il-

2227 4069 2333 4126 lius
2384 4072 2704 4127 auctoritate
2737 4072 2978 4129 fulcitur.
3035 4074 3187 4131 Unde
3217 4092 3325 4133 non
3375 4079 3618 4144 dubium,
3674 4082 3804 4149 quia

2227 4160 2478 4233 quisquis
2505 4162 2732 4220 cuilibet
2759 4162 3016 4220 Eccleﬂae
3040 4165 3134 4233 jus
3182 4183 3338 4221 suum
3369 4168 3630 4235 detraxit,
3665 4172 3804 4240 inju-

555 4270 671 4315 rat:
694 4257 839 4313 illinc
859 4258 1152 4313 advocatus
1178 4257 1357 4326 regius
1377 4256 1606 4325 propriae
1624 4256 1793 4325 partis
1808 4265 2124 4325 argumenta
2152 4269 2197 4332 ρ
2229 4253 2429 4308 stitiam
2457 4253 2612 4309 facit:
2629 4254 2720 4323 qui
2735 4263 2916 4310 autem
2931 4255 3185 4311 Romanae
3196 4257 3451 4314 Ecclesiae
3465 4261 3804 4332 privilegium

555 4349 857 4419 depromat.
890 4346 1093 4401 Taceat
1121 4345 1316 4399 Parma
1338 4360 1461 4400 cum
1492 4359 1589 4400 suo
1616 4344 1995 4406 haaresiarcba,
2030 4343 2126 4397 ad-

557 4439 768 4493 voeatio
800 4445 1002 4490 tantum
1036 4436 1203 4504 regia,
1240 4443 1294 4489 et
1325 4434 1566 4489 Romana
1605 4434 1836 4488 invicem
1862 4432 2122 4503 obloqua-

521 4535 526 4541 '
559 4536 644 4581 tur
673 4526 943 4589 Ecclesia;
975 4532 1286 4578 sanctorum
1311 4538 1440 4576 vero
1457 4521 1797 4576 sacerdotum
1825 4522 1993 4576 erecti
2020 4521 2128 4575 sint

561 4616 750 4680 animi,
784 4625 843 4669 ut
877 4624 930 4670 ct
960 4629 1079 4683 qua:
1112 4614 1367 4681 utrinque
1392 4612 1615 4667 dicenda
1647 4622 1796 4679 sunt,
1822 4613 2125 4679 conferant,

560 4716 617 4763 et
648 4714 915 4777 perorata:
940 4720 1115 4759 causae
1134 4702 1406 4773 judicialis
1432 4703 1710 4758 sententiae
1734 4703 1997 4759 calculum
2028 4717 2127 4772 po-

561 4806 712 4851 nant.
745 4797 858 4866 Age
888 4796 1075 4866 igitur,
1113 4794 1363 4849 defensor
1389 4793 1694 4864 apostolicae
1719 4795 1861 4849 sedis
1884 4794 2125 4863 incipiat,

560 4888 754 4943 deinde
783 4887 965 4958 regius
1012 4887 1326 4951 advocatus,
1378 4900 1496 4954 qua:
1537 4885 1639 4939 sibi
1668 4885 1993 4939 videbuntur
2034 4885 2128 4940 ob-

559 4975 763 5030 tendat.

932 5065 1189 5135 Defensor
1213 5065 1459 5119 Romanm
1488 5063 1756 5119 Ecclesiw.

636 5157 770 5214 Cum
793 5156 1079 5211 Beatitudo
1109 5166 1308 5221 vestra,
1338 5156 1674 5211 venerabiles
1720 5165 1918 5226 patres,
1969 5172 2130 5227 super

568 5246 880 5318 apostolicae
908 5246 1051 5300 sedis
1080 5246 1291 5313 negotio
1319 5245 1576 5313 disputat,
1599 5245 1667 5298 ad
1686 5254 1912 5299 cunctas
1940 5243 2125 5299 Eccle-

563 5339 673 5394 sias
693 5338 982 5407 pertinere,
1015 5337 1159 5405 quod
1180 5344 1426 5390 versatur
1456 5336 1509 5389 in
1541 5335 1809 5398 manibus,
1842 5349 1946 5388 non
1975 5335 2126 5404 igno-

561 5436 668 5482 rat.
697 5426 807 5480 Hae
830 5426 973 5481 enim
1006 5433 1206 5489 stante,
1241 5425 1462 5495 reliquae
1490 5434 1665 5491 stant;
1698 5426 1778 5480 sin
1798 5436 1974 5479 autem
1992 5426 2128 5490 bmc,

561 5533 681 5588 qua:
707 5517 945 5571 omnium
989 5515 1399 5571 fundamentum
1444 5526 1546 5584 est,
1588 5527 1643 5571 et
1671 5516 1817 5571 basis
1845 5514 2126 5568 obruitur:

560 5607 879 5663 exterarum
933 5622 1147 5677 quoque
1203 5615 1376 5662 status
1407 5622 1627 5662 necesse
1678 5615 1762 5660 est
1810 5604 2125 5659 collabatnr.

559 5703 757 5759 Omnes
793 5709 973 5758 autem
1026 5702 1139 5759 sive
1167 5699 1518 5771 patriarcbivi
1565 5699 1852 5771 cujuslibet
1900 5697 2132 5767 apicem,

2234 4343 2302 4397 ab
2320 4343 2436 4413 ipso
2463 4360 2675 4399 summo
2693 4344 2932 4399 omnium
2950 4346 3314 4402 Ecclesiarum
3342 4351 3519 4420 capite
3550 4354 3804 4409 traditum

2229 4431 2442 4487 auferre
2463 4443 2711 4499 conatur,
2738 4434 2825 4489 bic
2839 4435 3026 4504 procul
3046 4435 3208 4492 dubio
3225 4438 3277 4492 in
3303 4439 3549 4495 haeresim
3572 4442 3772 4497 labitur
3787 4484 3802 4498 .

2228 4531 2284 4575 et
2328 4537 2447 4577 cum
2474 4523 2564 4577 ille
2593 4532 2810 4579 notetur
2862 4525 3114 4595 injustus,
3169 4528 3257 4584 hic
3282 4539 3366 4585 est
3412 4531 3602 4601 procul
3643 4532 3805 4590 dubio

2230 4612 2489 4666 dicendus
2517 4614 2821 4668 haereticus.
2871 4614 3061 4670 Fidem
3091 4617 3289 4687 quippe
3319 4619 3505 4687 violat,
3562 4621 3656 4690 qui
3706 4624 3804 4678 ad-

2228 4718 2418 4758 versus
2449 4704 2594 4759 illam
2622 4707 2751 4776 agit,
2785 4722 2903 4775 quae
2946 4717 3123 4763 mater
3148 4718 3232 4764 est
3258 4709 3402 4776 ﬁdei,
3435 4712 3586 4766 etilli
3611 4725 3804 4769 contn-

2230 4808 2356 4846 max
2401 4794 2694 4859 invenitur,
2723 4797 2815 4865 qui
2845 4810 2963 4850 eam
2994 4798 3203 4853 cunctis
3227 4798 3483 4855 Ecclesiis
3500 4803 3807 4870 praetulisse

2233 4883 2596 4950 cognoscitur.
2625 4882 2758 4937 Cum
2783 4884 2897 4939 haec
2924 4884 3090 4955 igitur
3111 4897 3290 4942 vestra
3342 4886 3617 4946 Sanctitas
3646 4892 3806 4946 indu-

2229 4973 2466 5028 bitanter
2492 4981 2774 5044 agnoscat,
2824 4991 2939 5040 vos,
2974 4978 3064 5047 qui
3092 4994 3197 5033 non
3243 4981 3488 5051 quilibet,
3527 4984 3620 5039 sed
3652 4986 3808 5040 nobi-

2230 5062 2416 5128 liores,
2443 5073 2495 5117 et
2521 5064 2721 5134 egregii
2761 5065 2894 5121 estis
2923 5066 3015 5120 ﬁlii
3046 5066 3302 5126 Romanae
3332 5072 3608 5139 Ecclesiae,
3637 5075 3807 5144 picta-

2232 5154 2301 5209 tis
2318 5156 2520 5210 viseera
2544 5156 2688 5210 circa
2706 5165 2934 5212 matrem
2958 5169 3200 5216 vestram
3214 5166 3605 5235 eompatientes
3624 5176 3803 5222 osten-

2232 5244 2372 5299 dite:
2402 5254 2455 5299 et
2483 5255 2662 5300 utrum
2694 5237 2898 5303 destrui
2926 5250 3137 5318 debeat,
3170 5253 3385 5309 sibimet
3415 5254 3658 5324 eligendo
3679 5274 3806 5327 pon-

2229 5335 2450 5400 tificem,
2488 5334 2592 5405 53
2620 5335 2878 5404 judicate.
2940 5339 3133 5396 Mirum
3178 5344 3376 5414 quippe
3420 5353 3522 5411 est,
3561 5346 3610 5401 si
3662 5350 3805 5416 quod

2232 5426 2532 5481 minoribus
2559 5427 2816 5486 Eeclesiis
2854 5433 3149 5489 canonicus
3199 5436 3353 5505 vigor
3410 5440 3674 5505 attribuit,
3727 5439 3804 5493 illi

2233 5515 2359 5582 soli,
2386 5531 2509 5587 quae
2534 5528 2696 5590 caput
2722 5529 2803 5575 est
2824 5523 3089 5588 omnium,
3119 5539 3226 5578 non
3257 5529 3528 5595 permisit.

2756 5609 2945 5681 Regius
2970 5612 3274 5669 advocatus.
3492 5608 3495 5611 ’

2320 5698 2530 5754 Prolixa
2560 5698 2878 5756 declamatio
2906 5700 3050 5757 dedit
3077 5707 3427 5763 attentionem
3452 5749 3465 5775 ,
3490 5710 3808 5765 benevolen-
