4106 6310
315 305 380 360 69
833 295 836 297 Δ
1199 302 1442 360 OPUSC.
1484 302 1575 357 1V.
1615 297 1681 340 έ-
1723 299 1866 356 DlSC

1969 300 2172 358 ΤΑῙΙΟ
2213 301 2616 360 SYNODALIS.
3490 309 3559 364 70

315 423 462 483 tiam,
489 426 652 487 atque
679 416 1035 472 deeilitatem:
1063 427 1118 474 et
1145 421 1249 474 hoc
1276 420 1454 488 potius
1470 419 1622 488 juxta
1651 431 1877 472 consue-
1905 418 1959 478 Α
1982 433 2134 483 cere;
2171 421 2292 488 quis
2321 421 2706 490 imperatorum
2751 422 2912 490 elegit
2943 423 3279 492 Simplicium
3318 425 3556 482 Tiburti-

310 509 551 562 tudinem
595 507 701 562 fori
735 507 1062 575 iudicialis...
1085 525 1248 578 quam
1297 510 1591 564 secundum
1642 507 1882 576 regulam

311 597 521 652 concilii
547 597 853 667 synodalis:
878 597 967 651 ubi
994 598 1199 652 scilicet
1221 613 1326 652 non
1349 611 1672 667 magnopere
1694 610 1884 651 curare

311 689 567 742 debemus
611 687 938 743 elucubrataa
995 688 1293 743 locutionis
1338 690 1736 750 urbanitatem,
1788 687 1885 741 sed

305 778 440 830 vivae
469 775 653 845 potius
678 778 961 830 sententiae
986 777 1294 846 puritatem.
1337 776 1417 830 Ad
1446 775 1722 844 querelam
1747 790 1881 845 ergo

307 881 489 920 coram
545 866 749 921 sanctis
801 865 1177 921 sacerdotibus
1219 866 1610 934 deponendam,
1657 863 1885 919 sufﬁciat

305 956 462 1010 nobis
503 956 723 1010 dicere:
774 956 1030 1024 quoniam
1069 956 1478 1010 inthronizastis
1525 969 1719 1024 papam
1763 955 1886 1011 sine

303 1061 570 1100 consensu
617 1045 821 1100 domini
868 1047 1038 1100 nostri
1069 1047 1231 1115 regis,
1283 1047 1350 1100 ad
1384 1045 1633 1115 injuriam
1677 1045 1886 1100 scilicet

302 1146 465 1206 atque
490 1144 857 1204 contemptum
883 1137 1042 1205 regia:
1067 1135 1387 1204 majestatis.

681 1224 935 1292 Defensor
959 1223 1208 1277 Romano:
1233 1222 1502 1277 Ecclesia}.

374 1313 783 1368 Ordinationem
811 1329 961 1384 papa:
981 1313 1181 1368 factam
1205 1313 1417 1367 dilIiteri
1447 1327 1546 1368 nec
1567 1330 1876 1383 possumus,

298 1422 402 1461 nec
431 1407 695 1460 debemus
719 1422 733 1470 ;
765 1405 908 1475 regis
938 1415 1116 1460 autem
1145 1405 1396 1475 injuriam
1427 1405 1600 1460 modis
1627 1407 1879 1463 omnibus

297 1497 697 1566 propulsamus.
729 1495 834 1551 Sed
864 1496 1140 1551 videamus
1166 1498 1360 1565 primo,
1399 1497 1443 1551 si
1470 1497 1664 1565 placet,
1693 1506 1874 1552 utrum

296 1603 436 1658 papa
466 1589 582 1642 sine
623 1603 749 1658 rege
776 1589 1010 1658 potuerit
1054 1587 1192 1654 ﬁeri,
1223 1597 1278 1644 et
1321 1589 1399 1644 sic
1435 1590 1774 1659 postmodum
1805 1590 1872 1646 de

297 1678 442 1748 regis
470 1679 806 1746 disputemus
835 1677 1050 1748 injuria.

826 1767 1013 1838 Regius
1045 1769 1112 1822 ad
1119 1778 1345 1824 vocatus.

365 1858 528 1912 Certe
553 1858 756 1927 liquido
779 1860 1044 1925 novimus,
1069 1861 1192 1930 quia
1221 1861 1296 1914 illi
1321 1861 1514 1916 debent
1534 1861 1864 1930 pontificem,

285 1967 418 2007 cum
450 1952 750 2017 ordinatur,
777 1953 997 2024 eligere,
1029 1970 1163 2024 quos
1195 1953 1318 2018 sibi,
1343 1963 1625 2023 postquam
1649 1955 1866 2009 ordina-

287 2053 384 2098 tus
427 2043 632 2109 fuerit,
681 2045 943 2100 canonica
991 2046 1233 2100 decernit
1281 2046 1579 2100 auctoritas
1605 2045 1867 2114 obedire;

284 2149 448 2203 papae
471 2150 620 2200 vero,
663 2136 784 2204 quia
818 2136 1134 2190 universalis
1163 2145 1246 2191 est
1273 2136 1511 2208 pontifex
1531 2177 1545 2201 ,
1577 2153 1686 2192 non
1709 2138 1869 2193 modo

285 2225 573 2279 Romanus
601 2225 860 2295 populus,
897 2227 988 2280 sed
1018 2236 1071 2280 et
1098 2226 1371 2281 Romanus
1411 2230 1706 2298 imperator
1729 2269 1744 2295 ,
1777 2230 1867 2298 qui

283 2323 458 2384 caput
504 2323 586 2369 est
624 2316 802 2386 populi
829 2357 842 2382 ,
891 2317 1249 2371 obedientiam
1295 2318 1473 2374 debet.
1529 2319 1868 2380 Censendum

279 2419 421 2473 ergo
452 2413 555 2467 est,
599 2412 655 2456 ut
691 2420 880 2474 papam
922 2407 1038 2460 sine
1079 2406 1254 2472 capite
1291 2421 1388 2461 suo
1428 2408 1653 2476 populus
1684 2407 1865 2478 eligat,

277 2501 346 2547 et
371 2491 445 2556 ei,
476 2507 637 2562 quem
664 2508 771 2548 non
799 2492 962 2564 elegit
1004 2494 1332 2563 imperator,
1377 2497 1612 2551 obediat.
1644 2497 1868 2552 Constat

280 2599 422 2654 ergo
447 2625 460 2650 ,
492 2585 616 2654 quia
651 2585 753 2638 nisi
801 2584 1027 2639 Romani
1057 2587 1200 2656 regis
1251 2601 1503 2641 assensus
1547 2588 1862 2653 accesserit,

279 2673 523 2728 Romani
556 2673 824 2743 pontiﬁcis
855 2675 1047 2729 electio
1070 2674 1308 2744 perfecta
1345 2692 1450 2730 non
1477 2677 1600 2731 erit.

666 2765 922 2833 Defensor
942 2765 1193 2820 Romana:
1224 2766 1494 2824 Ecclesia.

359 2853 762 2909 Perhibendum
801 2865 884 2910 est
930 2856 1112 2924 itaque
1147 2857 1298 2925 juxta
1335 2867 1525 2913 vestrae
1552 2860 1868 2929 disputatio-

281 2950 371 3002 nis
396 2948 708 3015 articulum,
728 2948 855 3017 quia
892 2964 1066 3018 neque
1098 2948 1426 3018 Stephanus,
1457 2967 1628 3020 neque
1655 2949 1862 3018 Sixtus,

282 3053 469 3110 neque
498 3039 800 3105 Cornelius,
831 3055 935 3095 non
963 3040 1194 3109 denique
1235 3039 1514 3104 Clemens,
1544 3057 1649 3095 non
1677 3042 1863 3112 Sylve—

281 3140 442 3195 ster,
486 3145 594 3184 non
643 3131 755 3201 ipse
801 3131 859 3183 Β.
906 3130 1096 3184 Petrus
1140 3130 1414 3198 apostolus
1446 3131 1618 3199 papali
1649 3133 1866 3188 nomine

283 3220 439 3289 digni
465 3229 607 3282 sunt,
639 3219 728 3290 qui
756 3219 822 3275 ab
849 3217 1266 3288 imperatoribus
1285 3218 1594 3274 earumdem
1627 3226 1868 3290 tempore

282 3312 446 3369 electi
476 3328 583 3366 non
610 3322 754 3366 sunt.
1293 3365 1296 3367 _

821 3402 1006 3473 Regius
1033 3402 1333 3456 advocatus.

353 3493 604 3550 Gentiles
635 3509 789 3564 reges
818 3509 923 3548 non
969 3502 1095 3547 sunt
1141 3490 1429 3546 adhibendi
1477 3491 1542 3544 ad
1585 3489 1764 3559 hujus,
1800 3493 1865 3546 de

283 3598 393 3653 quo
424 3582 697 3652 loquimur
723 3622 738 3647 ,
785 3581 1064 3636 electionis
1093 3580 1434 3649 exemplum;
1483 3581 1572 3650 qui
1609 3582 1860 3649 quoniam

281 3675 650 3730 Christianam
697 3674 1018 3744 ignorabant
1059 3672 1239 3738 ﬁdem,
1283 3671 1713 3726 Christianorum
1759 3688 1865 3728 non

282 3776 540 3837 poterant
585 3766 839 3821 ordinare
884 3766 1215 3835 pontiliecm.
1266 3763 1531 3818 Caeterum
1570 3763 1864 3819 Christiani

281 3859 558 3930 principes
581 3873 792 3928 semper
819 3859 1091 3911 Romanos
1117 3856 1332 3931 elegere
1350 3855 1651 3924 pontifices.

641 3948 898 4017 Defensor
943 3945 1196 4001 Romana:
1237 3945 1504 4001 Ecclesia.

352 4041 460 4108 Qui
518 4041 776 4094 mentitur
823 4040 874 4093 in
940 4038 1215 4093 communi
1265 4038 1570 4108 colloquio,
1635 4039 1862 4094 mendax

285 4135 511 4195 dicitur,
552 4132 642 4202 qui
697 4140 874 4186 autem
915 4131 967 4184 in
1020 4130 1306 4199 praesentia
1358 4130 1742 4184 venerabilium
1780 4145 1864 4184 sa-

283 4221 570 4277 cerdotum
620 4219 755 4276 falsa
795 4220 1109 4290 protulerit,
1150 4219 1421 4289 sacrilegii
1466 4219 1653 4287 procul
1702 4220 1862 4274 dubio

281 4317 494 4371 crimen
553 4315 796 4369 incurrit.
860 4311 1092 4376 Dixisti,
1155 4309 1262 4380 54.
1320 4309 1656 4364 Christianos
1717 4311 1865 4379 prin-

282 4412 472 4480 cipes,
513 4409 787 4463 Romanos
833 4418 1046 4472 semper
1104 4400 1330 4470 elegisse
1375 4400 1687 4470 pontiﬁces;
1741 4416 1862 4470 per-

283 4518 447 4556 curre
491 4515 700 4555 mecum
753 4496 1133 4553 ecclesiastica:
1191 4493 1527 4563 antiquitatis
1573 4493 1857 4558 historias,

283 4593 656 4646 Romanorum
729 4587 1015 4659 praesulum
1077 4584 1377 4654 catalogum
1442 4583 1681 4638 studiose
1755 4583 1861 4637 dis-

283 4687 474 4754 quire;
511 4691 729 4750 etcum
759 4678 1040 4750 perpaucis
1066 4676 1340 4731 inveneris
1367 4676 1419 4728 in
1471 4675 1733 4730 electione
1763 4690 1858 4728 sua

282 4775 500 4844 regium
546 4770 845 4826 accessisse
897 4781 1248 4830 consensum,
1322 4762 1578 4819 conﬁtere
1629 4772 1679 4816 te
1734 4778 1858 4831 per-

280 4864 534 4931 spicuum
566 4859 857 4930 protulisse
883 4856 1239 4911 mendacium.
1271 4854 1403 4920 Quis
1425 4854 1570 4908 enim
1596 4869 1687 4908 rex
1710 4894 1724 4917 ,
1755 4854 1860 4907 An-

281 4951 422 5006 tonii
453 4949 624 5003 ﬁlium
655 4947 941 5002 Damasum
971 4943 1400 5014 HlSpﬂllCllSClIl?
1431 4943 1552 5012 quis
1595 4941 1856 4996 Innocen-

281 5043 420 5094 tium
461 5038 760 5093 Innocentii
810 5036 976 5089 ﬁlium
1020 5031 1423 5088 Albanenscm?
1460 5032 1581 5101 quis
1629 5032 1858 5100 denique

279 5131 561 5185 Zosimum
592 5128 838 5183 Graecum
868 5124 1110 5179 Ebramii
1143 5123 1312 5176 ﬁlium
1349 5122 1545 5191 elegit?
1573 5121 1693 5190 quis
1723 5137 1858 5189 pm.

280 5231 434 5276 terea
463 5221 699 5274 Leonem
737 5216 977 5292 Quiriani
1008 5215 1174 5268 ﬁlium
1212 5215 1278 5268 de
1309 5213 1540 5268 Tuscia?
1570 5213 1691 5281 quis
1715 5211 1862 5280 llila-_

280 5313 427 5366 rium
459 5309 694 5379 Crispini
730 5308 896 5362 ﬁlium
928 5291 1274 5361 de’Sardinia
1289 5305 1320 5381 ?_
1341 5306 1461 5376 quis
1512 5305 1860 5360 Caelestinum

282 5401 457 5456 Prisci
503 5400 735 5455 Romani
766 5398 899 5455 civis
930 5398 1134 5451 ﬁlium?
1178 5398 1300 5467 quis
1343 5395 1711 5459 Bonifacium,
1743 5395 1864 5464 quis

281 5491 639 5546 Anastasium
661 5503 811 5559 aeque
835 5487 1146 5542 Romanos?
1164 5486 1406 5554 Denique
1428 5485 1626 5538 multos
1656 5494 1862 5538 attexe-

281 5596 439 5644 rem,
489 5579 594 5634 nisi
636 5577 907 5633 fastidium
939 5592 1274 5645 generarem.
1307 5575 1413 5630 Sed
1463 5589 1531 5629 ne
1565 5588 1651 5628 me
1704 5583 1860 5643 putes

280 5688 398 5728 non
424 5672 716 5729 habentem
743 5668 952 5740 copiam
983 5670 1049 5726 ab
1075 5681 1263 5724 eorum
1294 5665 1699 5722 enumeratione
1724 5664 1855 5721 deli-

1985 509 2152 561 nutn?
2181 508 2410 564 Felicem
2460 511 2678 565 natione
2727 511 3069 566 Romanum?
3113 515 3236 583 quis
3282 514 3554 572 Gelasium

1983 597 2175 651 Afrum
2208 597 2405 653 Valerii
2454 600 2659 653 ﬁlium?
2691 602 2812 670 quis
2859 601 3242 672 Symmachum
3293 604 3556 662 Sardinia:

1984 688 2276 756 provincia:
2322 688 2488 742 lilium
2521 689 2838 744 Fortunati?
2865 692 2984 760 quis
3015 692 3356 748 Hormisdam
3388 694 3553 752 ﬁlium

1984 779 2121 834 Justi
2153 780 2368 835 natione
2393 780 2760 850 Campanum,
2783 780 3041 836 Joannem
3072 785 3261 838 ordine
3283 783 3552 848 Tuscum;

1984 869 2214 924 Felicem
2262 873 2479 926 natione
2530 871 2849 936 Samnitem,
2899 871 3230 927 Bonifacium
3289 873 3555 943 Sigibaldi

1985 958 2156 1012 ﬁlium
2180 998 2195 1023 ,
2234 958 2559 1013 Mercurium
2586 961 2848 1032 Projecti,
2877 962 3160 1031 Agapitum
3186 962 3435 1017 Cordiani
3459 979 3554 1017 na-

1983 1054 2107 1106 tura
2132 1047 2439 1101 Romanos?
2461 1047 2591 1113 Quis
2613 1051 2754 1102 enim
2780 1066 2963 1119 regum
2986 1051 3237 1104 electioni
3273 1050 3554 1118 cujuslibet

1984 1137 2212 1190 istorum
2245 1152 2398 1190 suum
2445 1137 2640 1207 legitur
2681 1139 2988 1193 adhibuisse
3025 1141 3384 1194 consensum?
3431 1155 3552 1193 cum

1981 1241 2168 1281 eorum
2215 1226 2544 1294 temporibus
2596 1226 2848 1280 Romana:
2909 1227 3216 1295 reipublicae
3260 1227 3552 1282 Christiani

1980 1314 2252 1383 principes
2281 1313 2560 1382 praefuisse
2588 1315 2853 1385 legantur,
2901 1317 2952 1369 id
2999 1325 3118 1382 est,
3150 1315 3555 1372 Valentinianus

1982 1401 2178 1456 Senior
2205 1418 2218 1466 ;
2253 1400 2450 1456 Valens
2475 1402 2644 1457 frater
2673 1405 2816 1474 ejus,
2842 1405 2932 1473 qui
2958 1406 3169 1460 occisus
3190 1406 3348 1459 estin
3377 1421 3552 1474 pugna

1981 1489 2210 1546 Gothica
2237 1505 2402 1560 prope
2437 1491 2874 1562 Adrianopolitn;
2915 1494 3237 1558 Gratianus,
3266 1497 3356 1562 qui
3389 1511 3416 1547 a
3445 1495 3553 1548 Ma-

1976 1579 2124 1634 ximo
2156 1588 2386 1649 tyranno
2411 1590 2722 1651 peremptus
2754 1591 2868 1648 est;
2899 1583 3306 1637 Valentinianus
3337 1581 3551 1648 Junior,

1977 1672 2071 1742 qui
2104 1682 2326 1727 necatus
2354 1681 2437 1727 est
2462 1689 2491 1728 a
2525 1675 2722 1729 comite
2751 1691 2848 1730 suo
2874 1675 3125 1741 Viennm;
3162 1676 3354 1730 deinde
3378 1677 3547 1730 Area-

1898 1755 1947 1815 B
1975 1763 2116 1828 dius,
2147 1761 2438 1827 Honorius,
2472 1765 2841 1830 Theodosius;
2877 1764 3115 1821 Joannes
3141 1765 3260 1847 ille,
3292 1766 3384 1836 qui
3409 1769 3552 1837 apud

1967 1851 2282 1908 Ravennam
2322 1854 2537 1908 occisus
2584 1863 2697 1919 est;
2735 1854 3142 1912 Valentinianus
3194 1860 3421 1923 tertius,
3456 1860 3550 1927 qui

1969 1945 2242 2016 inIcampo
2291 1945 2482 1999 Martio
2513 1954 2597 2000 est
2626 1955 2972 2016 peremptus,
3024 1948 3354 2013 Martianus,
3405 1948 3546 2013 Leo,

1968 2034 2298 2106 Majorianus
2320 2077 2333 2101 ,
2367 2035 2602 2090 Severus
2622 2077 2634 2101 ,
2659 2037 2979 2091 Anthemius
2999 2078 3013 2102 ,
3042 2038 3296 2107 Olybrius
3314 2080 3328 2104 ,
3359 2038 3549 2109 Glyce-

1967 2124 2112 2190 rius,
2145 2124 2320 2190 Zeno;
2351 2126 2526 2196 Nepos
2557 2125 2645 2181 ille
2669 2167 2683 2191 ,
2716 2127 2807 2194 qui
2838 2127 2893 2180 in
2939 2127 3064 2180 villa
3093 2144 3189 2182 sua
3221 2130 3435 2184 occisus
3461 2139 3546 2184 est

1961 2226 2115 2299 juxta
2148 2215 2415 2281 Salonas;
2462 2217 2797 2286 Augustulus
2817 2259 2830 2284 ,
2861 2215 3212 2284 Anastasius,
3263 2219 3509 2276 Justinus
3532 2263 3547 2285 ,

1967 2314 2022 2359 et
2053 2307 2237 2358 catteri
2285 2305 2515 2361 Romani
2567 2307 2955 2375 imperatores,
3005 2323 3142 2377 quos
3172 2310 3376 2364 vitandi
3416 2310 3548 2365 laci-

1967 2393 2106 2447 niosi
2135 2395 2257 2464 Styli
2280 2410 2440 2449 causa
2465 2402 2750 2464 praetereo.
2779 2395 2854 2450 Da
2877 2397 3010 2450 mihi
3035 2411 3162 2467 ergo
3188 2413 3396 2463 eorum,
3415 2414 3549 2467 quos

1967 2487 2427 2551 enumeravimus,
2453 2486 2714 2554 aliquem,
2737 2486 2821 2541 vel
2845 2487 3129 2556 praesulem
3157 2490 3542 2558 requirentem,

1966 2576 2049 2631 vel
2073 2577 2370 2646 principem
2403 2591 2686 2632 assensum
2715 2578 2770 2631 in
2799 2577 3068 2634 electione
3096 2581 3423 2648 praebentem
3456 2599 3467 2634 :
3493 2590 3549 2637 et

1967 2680 2068 2736 ego
2110 2667 2178 2720 do
2204 2682 2419 2722 manum
2439 2707 2453 2733 ,
2489 2683 2552 2722 ac
2582 2679 2635 2722 te
2686 2669 2947 2738 perhibeo
2988 2670 3340 2726 laureandum
3371 2691 3383 2725 :
3415 2673 3547 2728 alio-

1965 2759 2095 2828 quin
2130 2759 2174 2812 si
2202 2759 2330 2813 dare
2355 2776 2462 2816 non
2489 2760 2726 2830 poteris,
2776 2761 2829 2815 in
2875 2761 2976 2816 hoc
3026 2770 3078 2816 te
3109 2764 3418 2817 convictum
3451 2779 3548 2833 per

1966 2855 2146 2909 omnia
2174 2867 2394 2910 necesse
2421 2862 2505 2908 est
2531 2853 2775 2908 fatearis.
2804 2853 2957 2920 Quod
2981 2863 3163 2909 autem
3191 2855 3252 2908 Β.
3285 2854 3546 2926 Gregorio

1964 2943 2166 3014 legitur
2187 2943 2503 2998 adhibuisse
2529 2943 2813 2998 Mauritius
2841 2944 3137 3013 imperator
3167 2959 3465 3012 assensum,
3493 2953 3549 3000 et

1968 3037 2223 3105 perpauci
2279 3037 2368 3090 alii
2397 3038 2669 3106 principes
2701 3038 2821 3091 aliis
2855 3039 3238 3107 promovendis
3272 3057 3285 3092 :
3327 3040 3429 3095 hoc
3465 3041 3547 3095 di-

1970 3127 2136 3181 ctavit
2160 3128 2498 3195 perturbatio
2529 3134 2855 3196 temporum,
2872 3136 2928 3181 et
2953 3136 3246 3196 tempestas
3273 3129 3542 3185 horrenda

1967 3216 2251 3270 bellorum.

2485 3309 2678 3380 Regius
2717 3311 3021 3366 advocatus.

2038 3400 2095 3456 Si
2125 3401 2341 3457 mentiri
2371 3407 2453 3456 est
2481 3409 2672 3456 contra
2704 3410 2941 3456 mentem
2978 3401 3121 3471 loqui
3148 3442 3161 3467 ,
3197 3403 3541 3458 temerarium

1965 3503 2047 3549 est
2080 3509 2164 3548 me
2191 3491 2455 3548 mendacii
2488 3500 2598 3548 tam
2627 3492 2936 3562 procaciter.
2954 3493 3147 3564 argui,
3182 3493 3274 3564 qui
3296 3495 3542 3571 ηρκημιί-

1964 3598 2070 3653 que
2098 3582 2287 3637 falsum
2310 3623 2324 3648 ,
2363 3583 2457 3637 sed
2503 3597 2691 3636 verum
2721 3599 2808 3637 me
2849 3575 3054 3638 dixisse
3101 3585 3284 3652 putavi
3315 3603 3329 3637 :
3361 3595 3540 3639 tamen

1965 3676 2234 3731 assentior
2269 3684 2324 3730 et
2343 3675 2399 3729 in
2417 3674 2851 3744 hocsuperatum
2876 3691 2962 3730 me
2986 3675 3225 3731 dixissen
3250 3691 3320 3731 on
3340 3677 3536 3732 abnuo.

2469 3766 2728 3836 Defensor
2757 3766 3028 3821 Ecclesia’.

2039 3857 2107 3913 Ut
2137 3865 2314 3912 autem
2341 3858 2576 3928 idipsum
2605 3859 2783 3913 adhuc
2812 3858 3153 3915 manifestius
3179 3869 3380 3930 pateat,
3411 3847 3464 3916 ei
3488 3873 3541 3919 te

1962 3962 2130 4018 super
2156 3950 2258 4002 hac
2292 3949 2582 4005 dimicandi
2608 3949 2834 4004 materia
2866 3951 3197 4020 perdidisse,
3225 3952 3536 4023 tibimetipsi

1963 4037 2164 4094 clarius
2215 4038 2515 4094 innotescat
2571 4058 2583 4093 :
2638 4039 2757 4110 lege
2807 4039 3149 4096 Constantini
3196 4043 3536 4113 imperatoris

1964 4128 2200 4183 edictum
2223 4168 2238 4192 ,
2272 4129 2364 4182 ubi
2409 4128 2552 4183 sedis
2579 4129 2888 4198 apostolicae
2919 4131 3199 4185 constituit
3224 4146 3386 4200 super
3420 4147 3538 4187 om-

1963 4235 2063 4274 nes
2092 4220 2144 4272 in
2194 4219 2326 4274 orbe
2372 4218 2474 4289 55
2523 4228 2793 4274 terrarum
2836 4220 3107 4275 Ecclesias
3148 4224 3530 4293 principatum.

1957 4311 2097 4366 Nam
2120 4319 2401 4381 postquam
2427 4327 2587 4380 supra
2615 4327 2810 4379 corpus
2830 4310 2891 4364 B.
2919 4311 3063 4364 Petri
3095 4313 3372 4368 basilicam
3406 4315 3532 4370 fun-

1966 4403 2122 4457 dator
2145 4403 2348 4466 erexit,
2370 4410 2654 4472 postquam
2681 4401 3069 4471 patriarchium
3093 4402 3456 4460 Lateranense
3477 4407 3532 4462 in

1965 4493 2107 4549 beati
2140 4492 2435 4548 Salvatoris
2462 4493 2722 4546 honorem
2756 4492 3094 4558 construxit,
3126 4509 3253 4547 mox
3291 4509 3390 4564 per
3429 4497 3532 4552 im-

1965 4586 2180 4656 pcrialis
2210 4585 2455 4653 rescripti
2483 4585 2678 4639 seriem
2701 4583 2954 4638 Romana:
2992 4585 3238 4640 ecclesia:
3258 4590 3535 4643 constituit

1966 4674 2306 4743 dignitatem.
2361 4671 2460 4726 Ubi
2515 4673 2769 4725 nimirum
2837 4672 2896 4724 B.
2953 4671 3262 4742 Sylvestro,
3314 4676 3533 4744 suisque

1963 4764 2367 4819 successoribus
2393 4763 2616 4829 obtulit,
2648 4773 2707 4818 ut
2744 4764 2911 4834 regali
2941 4780 3092 4821 more
3142 4777 3197 4820 et
3244 4780 3405 4818 aurea
3438 4781 3528 4820 eo-

1967 4871 2098 4910 I'Olla
2131 4855 2493 4924 plecterentur
2524 4855 2578 4908 in
2605 4855 2809 4922 capite,
2851 4864 2905 4908 et
2933 4865 3157 4908 caeteras
3194 4855 3324 4924 regii
3355 4855 3534 4910 cultus

1965 4946 2167 5000 infulas
2202 4954 2522 5014 usurparent
2558 4944 2690 5012 (vide
2723 4954 2873 4997 notus
2917 4943 2987 5000 ed
3015 4941 3206 4997 calcem
3250 4943 3530 5011 opttsculi).

1963 5033 2163 5090 Verum
2214 5034 2274 5086 Β.
2327 5033 2600 5104 Sylvester
2647 5041 2995 5092 ornamenta,
3045 5042 3164 5099 quae
3210 5031 3529 5084 sacerdotali

1963 5141 2259 5195 congruere
2285 5123 2564 5191 judicabat
2587 5120 2784 5184 olﬁt-io,
2815 5121 2868 5172 in
2898 5119 3147 5188 pr0prios
3173 5136 3300 5174 usus
3322 5135 3532 5174 assum-

1960 5217 2067 5286 psit
2097 5233 2108 5268 :
2141 5230 2398 5270 coronam
2431 5227 2592 5277 vero,
2629 5211 2710 5264 vel
2737 5219 2932 5263 caetera
2953 5250 2968 5274 ,
3001 5224 3118 5277 qua:
3159 5209 3331 5279 magis
3358 5209 3532 5262 ambi-

1962 5305 2099 5359 tiosa
2141 5319 2301 5372 quam
2347 5301 2572 5372 mystica
2623 5299 2962 5366 videbantur,
2995 5300 3196 5354 omisit.
3225 5298 3322 5353 Cui
3363 5298 3528 5352 etiam

1959 5386 2350 5452 Constantinus
2390 5393 2755 5447 Lateranense
2793 5391 3086 5460 palatium,
3130 5389 3272 5458 quod
3305 5395 3529 5442 eatenus

1963 5487 2084 5542 aula
2131 5487 2334 5556 regalis
2377 5485 2692 5547 exstiterat,
2745 5491 3006 5552 perpetuo
3060 5480 3182 5549 jure
3227 5480 3526 5543 concessit;

1959 5594 2184 5648 regnqu
2229 5574 2770 5644 ltaliaejudicandum
2804 5572 3046 5626 tradidit.
3091 5569 3226 5624 Nam
3274 5579 3330 5624 et
3359 5568 3530 5638 ipsius

1959 5666 2103 5736 regis
2147 5665 2262 5722 haec
2309 5663 2476 5720 verba
2525 5671 2695 5720 sunt:
2741 5661 2896 5720 Uude
2939 5675 3268 5733 congruum,
3315 5657 3526 5724 inquit,
