4080 5346
574 177 635 230 71
994 174 1049 230 S.
1090 173 1295 229 PETRI
1336 171 1617 227 DAMIANI
1655 171 1807 227 OPP.
1848 168 2082 228 ΤοΜυὸ
2123 170 2256 228 SEU
2292 170 2472 227 PARS
2509 171 2597 229 Ill.
2637 201 2709 213 --
2745 171 3110 228 OPUSCULA
3150 171 3383 228 VARIA.
3753 172 3819 226 72

571 283 950 354 prospeximus
968 323 983 349 ,
1017 292 1262 338 nostrum
1294 283 1580 353 imperium
1600 323 1615 349 ,
1643 290 1699 338 et
1729 284 1880 354 regni
1908 290 2142 354 potesta-
2169 288 2219 348 Α
2245 282 2550 353 pulationes
2572 323 2588 350 ,
2611 291 2667 339 et
2697 292 2845 349 rata,
2876 284 3100 354 insuper
3126 292 3183 337 et
3216 284 3430 353 apicum
3474 296 3820 341 monumenta

546 420 547 423 η
573 381 682 427 tem
709 372 1069 428 orientalibus
1096 371 1407 437 transferri,
1437 387 1501 426 ac
1531 373 1882 427 transmutari
1912 372 2146 443 regioni-

567 461 705 528 bus,
760 469 815 516 et
861 461 913 515 in
961 460 1219 531 Bysantia
1274 462 1586 532 provincia,
1647 463 1701 517 in
1752 463 1958 533 Optimo
2025 464 2145 520 loco

570 553 773 607 nomini
801 560 985 606 nostro
1024 552 1300 607 civitatem
1334 553 1631 620 auliticari,
1663 565 1719 609 et
1760 565 2006 610 nostrum
2035 555 2147 611 illic

567 643 826 698 constitui
857 643 1181 713 imperium;
1215 646 1469 714 quoniam
1490 646 1583 701 ubi
1604 646 1940 717 principatus
1965 663 2146 704 sacer-

568 735 751 789 dotum
774 775 788 800 ,
827 743 883 790 et
927 735 1252 791 Christianae
1293 736 1568 807 religionis
1598 746 1760 809 caput
1789 739 1858 793 ab
1904 739 2142 808 impera—

568 833 688 880 tore
718 825 926 880 cmlesti
972 827 1325 882 constitutum
1373 835 1487 895 est,
1531 828 1739 898 justum
1788 846 1895 887 non
1940 839 2056 897 est,
2086 842 2147 888 ut

564 916 675 972 illic
702 917 1002 986 imperator
1032 926 1282 974 terrenus
1311 918 1508 973 habeat
1532 928 1874 989 potestatem.
1905 920 2139 986 Audisti,

564 1006 690 1074 quia
722 1014 975 1063 terrenus
1000 1008 1295 1077 imperator
1327 1023 1435 1063 non
1466 1009 1631 1065 habet
1660 1010 1714 1064 in
1756 1011 1996 1066 Romana
2038 1010 2142 1067 Ec-

564 1096 728 1149 clesia
750 1104 1071 1163 potestatem
1099 1114 1112 1150 :
1139 1098 1410 1166 quomodo
1430 1113 1561 1168 ergo
1585 1100 1703 1154 sine
1722 1100 1866 1155 illius
1895 1101 2140 1169 arbitrio,

561 1184 654 1252 qui
681 1182 754 1239 ibi
782 1193 1104 1254 potestatem
1132 1200 1239 1241 non
1266 1186 1462 1252 habet,
1513 1204 1618 1243 non
1645 1189 1768 1244 licet
1796 1190 1922 1262 eligi
1956 1206 2142 1247 sacer-

562 1274 777 1343 dotem?
802 1274 915 1342 ipse
935 1290 1066 1329 vero
1087 1273 1639 1347 Constantinopolim,
1661 1279 1809 1335 velut
1832 1280 1886 1335 in
1908 1282 2144 1336 secunda

561 1362 730 1417 Roma
752 1405 767 1429 ,
798 1374 1062 1434 perpetuo
1092 1374 1417 1435 regnaturus
1464 1368 1748 1423 abscessit.
1800 1369 1984 1441 Longe
2012 1387 2144 1428 vero

559 1461 682 1523 post
723 1454 1061 1510 Theodosius
1105 1455 1426 1526 imperator,
1474 1441 1617 1513 beati
1661 1457 1812 1514 Pauli
1861 1462 2142 1518 basilicam

555 1544 756 1614 coepit,
806 1561 913 1615 quo
959 1544 1237 1614 defuncto,
1285 1547 1429 1603 ﬁlius
1454 1549 1572 1618 ejus
1602 1548 1870 1607 Honorius
1895 1555 2139 1610 eamdem
2206 1581 2214 1618 ς

555 1602 840 1688 basilicam
888 1635 955 1689 ad
1002 1602 1237 1691 calcem,
1264 1653 1436 1707 usque
2172 1602 2215 1719 li

554 1724 813 1779 Romana:
842 1724 1096 1781 Ecclesiae
1123 1728 1474 1799 privilegium
1508 1731 1863 1789 nihilominus
1894 1733 2143 1791 ﬁrmave—
2194 1732 2209 1813 ΙΙ

554 1821 701 1867 runt.
732 1814 1015 1881 Quomodo
1047 1830 1178 1888 ergo
1206 1822 1627 1891 praerogativam
1675 1823 1779 1879 sibi
1809 1825 1862 1879 in
1911 1823 2142 1881 Romani

552 1907 826 1974 pontiﬁcis
849 1907 1117 1964 electione
1133 1909 1504 1980 relinquerent
1523 1914 1613 1982 qui
1636 1913 1933 1970 Romanam
1958 1916 2144 1973 Eccle—

556 1999 694 2051 siam
738 2012 1078 2069 nequaquam
1102 2000 1205 2055 sibi
1227 2002 1547 2058 studuerunt
1575 2004 1839 2072 subdere,
1873 2007 1965 2063 sed
2005 2022 2144 2077 prae-

550 2088 731 2144 ferre?
758 2103 861 2143 non
892 2091 1220 2161 praecipere,
1258 2093 1353 2150 sed
1396 2110 1623 2165 parere;
1656 2112 1765 2153 non
1803 2099 2138 2169 praecellere,

549 2180 647 2235 sed
679 2180 946 2237 subesse?
1694 2180 1705 2185 ’

1081 2271 1279 2346 Regius
1303 2277 1605 2334 advocatus.

617 2363 903 2419 Assentior
946 2363 1137 2434 plane,
1185 2374 1241 2421 et
1270 2383 1330 2423 re
1362 2376 1541 2424 actum
1572 2370 1741 2434 duco.
1776 2373 1920 2444 quod
1951 2374 2140 2448 loque-

551 2455 629 2511 ris
668 2473 681 2509 :
714 2457 808 2512 sed
836 2464 982 2522 esto,
1017 2458 1161 2528 quod
1211 2475 1357 2515 nunc
1398 2462 1545 2533 regia
1590 2462 1853 2520 celsitudo
1883 2480 1948 2519 ex
1993 2467 2139 2522 anti-

547 2561 777 2618 quorum
820 2549 1212 2606 consuetudine
1251 2552 1554 2625 principum
1588 2555 1694 2611 hoc
1740 2557 1959 2612 sibimet
2001 2558 2135 2615 alle-

547 2655 678 2711 gare
704 2654 810 2695 non
839 2642 1012 2711 possit
1062 2660 1076 2695 :
1124 2654 1502 2701 verumtamen
1550 2654 1604 2705 tu
1655 2647 1759 2703 hoc
1788 2664 1991 2720 negare
2027 2665 2138 2706 non

545 2742 733 2802 potes,
765 2734 907 2802 quod
936 2746 1094 2804 pater
1124 2734 1332 2790 domini
1384 2736 1489 2790 mei
1525 2737 1670 2806 regis
1716 2739 1818 2808 piae
1864 2740 2138 2795 memoria:

545 2821 809 2879 Henricus
830 2824 1125 2894 imperator
1140 2825 1317 2881 factus
1338 2824 1424 2882 est
1446 2828 1715 2896 patricius
1737 2822 2133 2899 Romanorum,

546 2916 798 2985 aquibus
843 2917 1007 2971 etiam
1039 2917 1283 2987 accepit,
1337 2918 1390 2971 in
1436 2919 1705 2977 electione
1729 2936 1943 2991 semper
1991 2925 2135 2979 ordi-

2247 375 2429 430 omnia
2454 375 2721 430 bonorum
2751 390 2974 431 suorum
3013 373 3125 429 ﬁlio
3158 375 3282 443 jura
3309 373 3557 444 delegat:
3601 374 3819 432 interim

2248 470 2450 530 tamen,
2471 478 2642 534 usque
2662 464 2787 520 dum
2814 464 2902 519 ille
2928 464 2993 518 ad
3011 463 3265 533 juvenilis
3291 463 3465 519 astatis
3488 463 3818 521 incrementa

2246 558 2545 626 perveniat,
2577 565 2634 612 et
2675 556 2901 611 rationis
2927 570 3097 625 capax
3131 554 3245 621 ﬁat,
3270 554 3358 609 illa
3384 562 3578 609 cuncta
3604 555 3818 624 dispen-

2206 640 2352 714 'sat,
2403 648 2585 704 omnia
2633 648 2889 702 ordinat:
2932 647 3117 716 sicque
3160 645 3303 715 quod
3344 643 3458 714 jam
3488 643 3647 699 alieni
3683 645 3821 714 juris

2245 747 2331 795 est
2382 738 2772 808 patrimonium
2823 737 2891 792 ad
2938 737 3170 807 propria:
3219 735 3455 806 disponit
3496 734 3821 805 provisiouis

2246 831 2553 887 arbitrium.
2601 828 2854 900 Nunquid
2887 829 2956 885 ob
2981 830 3086 883 hoc
3111 827 3335 884 dicenda
3367 835 3454 881 est
3500 826 3693 880 mulier
3730 825 3817 878 illa

2246 923 2357 978 ﬁlio
2384 939 2484 979 suo
2512 937 2773 978 concessa
2802 921 3163 976 subtrahere?
3201 920 3309 974 imo
3348 920 3529 974 verius
3568 918 3818 989 perhibe-

2246 1024 2373 1079 tur,
2422 1023 2480 1068 ut
2530 1022 2678 1083 puto,
2725 1012 2941 1083 pictatis
2988 1012 3165 1067 studio
3191 1011 3501 1076 deservire;
3548 1010 3674 1080 quia
3703 1022 3821 1077 qua

2246 1108 2396 1163 rudis
2428 1108 2602 1163 adhuc
2628 1107 2770 1161 ﬁlius
2795 1107 3091 1175 dilapidare
3127 1121 3191 1161 ac
3227 1105 3513 1175 prodigere
3560 1112 3813 1173 poterat;

2244 1199 2361 1253 hcce
2387 1198 2476 1251 illa
2509 1197 2726 1253 sibimet
2753 1205 2875 1267 apte
2904 1195 3182 1265 disposita,
3207 1204 3367 1249 caute
3389 1186 3622 1257 retenta,
3651 1190 3820 1246 ratio-

2245 1286 2500 1343 nabiliter
2549 1287 2798 1341 ordinata
2845 1294 3153 1341 conservat.
3199 1283 3444 1339 Carnalis
3473 1296 3604 1351 ergo
3645 1288 3821 1335 mater

2244 1379 2463 1448 adjuvat
2494 1378 2662 1434 ﬁlium
2703 1380 2755 1432 in
2797 1378 2958 1434 rebus
2985 1378 3254 1443 terrenis;
3286 1386 3342 1432 et
3370 1385 3543 1431 mater
3577 1373 3820 1429 Ecclesia

2244 1469 2357 1526 ﬁlio
2378 1485 2475 1527 suo
2501 1470 2610 1540 regi
2635 1470 2875 1540 praebere
2896 1483 3001 1525 non
3026 1468 3184 1524 debet
3210 1467 3468 1523 auxilium
3490 1467 3545 1520 in
3566 1465 3818 1536 spiritua-

2245 1563 2387 1620 libus
2414 1563 2604 1619 donis?
2654 1562 3006 1618 Obmutescat
3050 1576 3180 1632 ergo
3225 1559 3507 1632 plectenda
3554 1557 3814 1617 versutia,

2244 1669 2364 1724 qua:
2391 1655 2597 1711 scilicet
2622 1657 2723 1709 hoc
2748 1654 2988 1715 damnat,
3021 1653 3164 1724 quod
3193 1652 3488 1723 prmdicare
3522 1649 3814 1710 debuerat;

2245 1745 2320 1800 illi
2358 1746 2563 1801 crimen
2610 1747 2887 1815 imponere
2933 1743 3163 1809 nititur,
3218 1758 3337 1813 qua:
3376 1756 3475 1813 pro
3521 1737 3820 1795 benefactis

2246 1837 2429 1909 gloria:
2458 1837 2670 1892 titulum
2712 1846 3076 1908 promeretur.
3124 1835 3241 1891 Huc
3276 1832 3502 1897 accedit,
3529 1831 3655 1903 quia
3684 1845 3822 1885 non.

2242 1945 2516 2000 nunquam
2540 1931 2612 1985 ob
2642 1931 2960 1986 varietatem
3009 1937 3311 1998 temporum
3354 1940 3494 1996 saepe
3525 1923 3817 1978 mutandus

2242 2030 2325 2076 est
2361 2022 2495 2077 ordo
2520 2037 2827 2077 causarum.
2867 2021 3024 2085 ,Tunc
3067 2020 3213 2074 enim
3261 2017 3476 2089 quando
3506 2014 3818 2087 pontiﬁcem

2245 2111 2493 2168 Romana
2537 2113 2643 2168 sibi
2693 2111 2932 2181 prtefecit
2975 2110 3254 2175 Ecclesia,
3314 2118 3478 2164 tanta:
3527 2105 3822 2161 simultatis

2242 2204 2415 2259 fomes
2441 2205 2494 2258 in
2534 2203 2856 2259 seditionem
2884 2203 3033 2258 cives
3061 2201 3403 2265 accenderat,
3450 2206 3629 2253 tantus
3658 2196 3816 2256 livor,

2238 2306 2295 2352 et
2319 2298 2500 2353 odium
2526 2296 2900 2352 tumultuantis
2923 2294 3103 2366 populi
3130 2294 3292 2350 corda
3316 2292 3643 2353 turbaverat,
3668 2297 3727 2343 ut
3751 2288 3821 2342 de

2241 2396 2350 2441 tam
2379 2385 2690 2457 longinquis
2737 2394 3006 2441 terrarum
3054 2385 3243 2455 spatiis
3282 2396 3624 2454 nequaquam
3656 2379 3821 2450 regite

2241 2475 2542 2533 clementize
2567 2476 2867 2546 praestolari
2890 2490 3181 2546 possemus
3204 2466 3502 2531 oraculum.
3533 2473 3647 2528 Nisi
3668 2472 3817 2527 enim

2238 2567 2563 2637 quantocius
2588 2568 2931 2623 ordinaretur
2967 2567 3227 2633 antistes,
3271 2565 3604 2637 perniciosus
3630 2563 3683 2618 in
3714 2576 3817 2632 po-

2237 2658 2361 2728 pulo
2400 2657 2612 2729 gladius
2649 2659 2851 2714 mutuis
2893 2658 3206 2714 vulneribus
3236 2657 3555 2722 desaeviret,
3605 2663 3660 2711 et
3702 2668 3818 2708 non

2238 2760 2403 2815 parva
2430 2745 2793 2801 Romanorum
2820 2748 3018 2802 civium
3050 2756 3259 2816 strages
3289 2745 3457 2801 ﬁeret.

2769 2835 2959 2906 Regius
2984 2836 3286 2891 advocatus.

2310 2923 2551 2980 Obtcnde
2580 2926 2723 2995 quod
2752 2926 2852 2993 vis,
2877 2936 3257 2997 argumentare
3279 2926 3421 2995 quod
3443 2925 3640 2995 placet,
3660 2927 3818 2981 dum-

552 3007 715 3061 nandi
739 3006 1013 3076 pontiﬁcis
1035 3008 1421 3078 principatum.
1449 3009 1566 3065 lluc
1587 3012 1799 3067 accedit
1820 3014 1964 3082 quod
1991 3030 2131 3084 ιπε-
2161 2999 2207 3064 C
2239 3016 2399 3069 modo
2433 3024 2644 3069 constet
2669 3056 2684 3081 ,
2738 3016 2864 3085 quia
2916 3015 3220 3070 nullatenus
3267 3015 3452 3069 debuit
3497 3015 3773 3070 immutari
3802 3056 3817 3079 ,

544 3097 778 3151 stantius
826 3109 941 3163 est,
993 3100 1120 3168 quia
1153 3097 1410 3155 Nicolaus
1460 3115 1599 3171 papa
1630 3102 1734 3157 hoc
1764 3105 1982 3159 domino
2014 3122 2132 3163 meo

545 3183 679 3253 Regi
707 3186 1045 3255 privilegium
1064 3228 1078 3251 ,
1102 3188 1252 3255 quod
1281 3203 1346 3243 ex
1372 3198 1601 3258 paterno
1626 3191 1739 3258 jam
1763 3192 1886 3259 jure
1917 3209 2134 3249 succes-

545 3284 724 3340 serat,
756 3276 1014 3345 praebuit,
1042 3285 1097 3330 et
1128 3292 1226 3346 per
1247 3278 1522 3348 synodalis
1559 3279 1781 3348 insuper
1809 3281 2012 3336 decreti
2037 3298 2133 3352 pa-

547 3367 724 3438 ginam
774 3365 1140 3421 conﬁrmavit.
1189 3366 1323 3421 Cum
1371 3381 1504 3438 ergo
1546 3369 1791 3438 privatus
1838 3371 2069 3442 quisque
2099 3387 2130 3427 a

545 3469 646 3511 suo
674 3455 928 3511 decidere
966 3454 1091 3525 jure
1138 3469 1245 3509 non
1289 3455 1516 3523 debeat,
1549 3456 1724 3513 donec
1752 3461 2009 3517 ventilata
2035 3479 2132 3519 ne.

547 3546 699 3615 gotio
737 3544 1011 3614 judicialis
1036 3545 1090 3599 in
1129 3559 1251 3600 eum
1285 3546 1552 3600 sententia
1578 3548 1952 3618 promulgetur
1982 3570 1996 3606 :
2024 3566 2130 3622 quo

548 3648 712 3708 pacto
743 3636 1001 3705 majestas
1026 3636 1175 3705 regia
1203 3638 1619 3708 praerogativam
1648 3638 1791 3696 hanc
1822 3657 1933 3698 sua:
1959 3643 2131 3716 digni-

546 3726 677 3782 tatis
699 3726 884 3791 amisit
907 3766 921 3791 ,
960 3739 1124 3795 quam
1162 3733 1219 3781 et
1247 3739 1315 3781 ex
1347 3726 1658 3797 apostolica:
1703 3730 1848 3788 sedis
1891 3731 2130 3789 liberali-

545 3813 659 3877 tate
681 3819 952 3888 percepit,
983 3826 1040 3873 et
1065 3832 1134 3873 ex
1161 3827 1389 3889 paterno
1434 3820 1735 3892 imperialis
1763 3823 1966 3898 fastigii
2003 3826 2128 3896 jure

545 3909 847 3967 successit?
876 3908 993 3974 Quo
1012 3948 1028 3974 ,
1060 3910 1279 3979 inquam
1302 3952 1320 3979 ,
1352 3914 1514 3969 modo
1536 3915 1592 3970 in
1613 3914 1857 3973 Romana
1884 3917 2126 3975 Ecclesia

548 4000 824 4072 dignitatis
870 4000 1077 4069 adepta:
1121 4000 1296 4056 locum
1343 4005 1462 4061 sine
1486 4005 1690 4077 judicio
1732 4011 1998 4080 perdidit,
2032 4013 2124 4083 qui

548 4092 845 4149 Romanam
871 4092 1169 4148 Ecclesiam
1200 4099 1306 4151 nan
1348 4098 1610 4155 offendit?

835 4183 944 4256 56
978 4184 1237 4254 Defensor
1277 4187 1528 4245 Romana:
1568 4191 1837 4251 Ecclesiae.

610 4273 955 4343 Privilcgium
1003 4276 1361 4334 invictissimo
1402 4282 1514 4351 regi
1556 4293 1741 4338 nostro
1782 4285 1882 4353 ipsi
1910 4302 2122 4357 quoque

548 4362 907 4427 defendimus,
938 4374 992 4419 et
1015 4374 1071 4420 ut
1098 4382 1312 4437 semper
1337 4369 1573 4438 plenum,
1600 4372 1975 4444 illibatumquc
1998 4392 2124 4445 pos-

548 4454 751 4515 sideat,
787 4455 1135 4511 vehementer
1157 4468 1424 4527 optamus.
1455 4460 1625 4516 Porro
1662 4471 1857 4519 autem.
1876 4466 2122 4525 Romana

548 4545 787 4599 Ecclesia
822 4546 989 4615 multo
1016 4549 1265 4618 nobilius,
1290 4559 1451 4623 atque
1488 4554 1791 4622 sublimius,
1820 4573 1979 4627 quam
2009 4575 2121 4615 ma-

548 4644 634 4687 ter
658 4635 838 4690 carnis
865 4676 879 4699 ,
935 4648 1109 4693 mater
1137 4648 1223 4695 est
1252 4643 1416 4713 regis.
1445 4642 1538 4698 llla
1567 4645 1834 4715 siquidem
1879 4651 2117 4720 peperit.

549 4733 608 4776 ut
635 4738 731 4791 per
758 4723 873 4792 ejus
919 4729 1196 4783 traducem
1230 4741 1537 4787 revertatur
1567 4734 1622 4790 in
1653 4738 1932 4805 pulverem
1960 4782 1974 4807 ,
2018 4742 2122 4798 ista

512 4828 515 4833 ί
550 4813 756 4881 genuit,
785 4824 844 4869 ut
873 4815 1075 4872 Christi
1114 4819 1231 4875 sine
1260 4821 1366 4875 ﬁne
1398 4826 1677 4894 regnantis
1714 4827 1911 4884 efﬁciat
1940 4834 2121 4889 colite-

548 4903 753 4956 redem.
785 4903 850 4957 Et
880 4909 1054 4962 cuncti
1102 4908 1303 4978 liquido
1346 4915 1616 4983 novimus,
1663 4921 1787 4989 quia
1837 4939 1954 4991 rex,
1994 4926 2120 4982 licet

508 5006 511 5021 ί
547 4994 781 5065 egregiae
807 4996 1033 5067 indolis,
1083 5010 1261 5055 tamen
1309 5004 1483 5060 adhuc
1523 5023 1658 5077 puer
1695 5020 1795 5066 est.
1826 5013 1960 5080 Quid
1992 5032 2122 5090 ergo

549 5086 677 5138 mali
706 5085 947 5142 Romana
979 5087 1109 5144 facit
1137 5092 1403 5160 Ecclesia,
1434 5097 1477 5151 si
1512 5098 1620 5155 ﬁlio
1642 5118 1761 5168 suo,
1795 5121 1918 5161 cum
1944 5085 2122 5167 adhuc

550 5175 795 5244 impubes
820 5186 984 5243 esset,
1024 5194 1145 5233 cum
1189 5183 1368 5239 adhuc
1398 5194 1573 5242 tutore
1599 5203 1803 5261 egeret,
1836 5197 1948 5266 ipsa
1983 5208 2123 5254 tuto-

548 5266 624 5346 ris
655 5264 885 5320 oﬂicium
912 5269 1117 5335 subiit,
1158 5279 1212 5324 et
1237 5271 1325 5339 jus
1357 5279 1499 5344 quod
1530 5280 1603 5335 illi
1649 5264 1990 5346 competebat
2019 5292 2120 5346 im-

2236 3107 2379 3176 quod
2408 3122 2545 3176 papa
2588 3106 2879 3173 concessit,
2902 3106 3047 3176 quod
3084 3106 3304 3163 decreto
3338 3106 3641 3174 constituit,
3666 3110 3818 3176 quod

2234 3199 2526 3268 scriptione
2551 3199 2803 3254 ﬁrmavit.

2602 3291 2857 3360 Defensor
2893 3289 3143 3345 Romana:
3174 3289 3445 3345 Ecclesiw.

2304 3381 2444 3448 Quid
2484 3383 2680 3437 mirum
2717 3383 2762 3437 si
2802 3382 3059 3447 hominis,
3084 3384 3263 3436 carnis
3300 3383 3476 3437 adhuc
3513 3381 3818 3451 fragilitate

2231 3473 2572 3537 circumdati,
2602 3481 2802 3527 statuta
2847 3480 3155 3536 mutentur,
3201 3472 3414 3541 quando
3441 3472 3602 3527 etiam
3630 3476 3813 3530 omni-

2229 3571 2422 3633 potens
2447 3564 2608 3629 Deus,
2638 3563 2730 3631 qui
2755 3563 3005 3618 videlicet
3026 3563 3232 3628 omnia,
3274 3577 3395 3632 quae.
3433 3561 3613 3618 futura
3648 3577 3811 3635 sunt,

2228 3655 2377 3710 novit
2396 3672 2411 3711 :
2430 3670 2493 3709 ea
2508 3669 2740 3725 quoque,
2762 3668 2925 3723 quam
2949 3655 3239 3725 semetipso
3251 3654 3674 3722 constituuntur,
3703 3658 3811 3713 im-

2229 3746 2436 3800 mutat?
2472 3745 2578 3816 57
2608 3743 2745 3798 Nam
2776 3758 2842 3798 ex
2870 3758 2957 3811 eo,
2999 3746 3140 3814 quod
3181 3745 3487 3816 promittit,
3521 3746 3813 3818 aliquando

2225 3836 2427 3906 aliquid
2449 3836 2665 3902 minuit,
2688 3835 2775 3891 vel
2797 3837 2958 3892 etiam
2988 3845 3158 3893 totum
3184 3838 3491 3894 subtrahit:
3519 3842 3810 3912 aliquando

2225 3929 2367 3984 mala
2394 3929 2652 3995 minatur,
2681 3937 2737 3984 et
2766 3944 2873 3984 non
2903 3928 3114 4000 infligit.

2749 4019 2943 4091 Regius
2981 4022 3284 4076 advocatus.

2296 4109 2393 4174 Ea,
2417 4125 2537 4181 quae
2555 4112 2910 4183 proposuisti,
2936 4112 3231 4183 Scriptura
3252 4112 3597 4170 declarentur
3622 4131 3805 4170 exem-

2116 4199 2121 4207 '
2222 4200 2346 4271 piis.
2389 4200 2528 4267 Quid
2554 4210 2636 4256 est
2684 4216 2813 4272 ergo
2840 4204 2984 4272 quod
3017 4204 3157 4259 Deus
3187 4219 3426 4274 unquam
3466 4205 3716 4276 promisit
3752 4216 3802 4261 et

2226 4292 2458 4347 minuit?

2589 4382 2845 4454 Defensor
2878 4384 3129 4443 Romana:
3168 4389 3435 4445 Ecclesia'.

2299 4470 2354 4527 Si
2385 4488 2491 4527 non
2523 4475 2751 4542 excidit,
2782 4477 3057 4534 reminisci
3090 4490 3272 4549 potes,
3305 4482 3427 4551 quia
3459 4482 3596 4536 dixit
3620 4483 3802 4538 Domi-
3828 4520 3835 4524 .

2225 4579 2326 4619 nus
2370 4565 2437 4619 ad
2473 4563 2586 4621 Noe
2625 4583 2638 4619 :
2684 4585 2701 4618 ι
2736 4568 2852 4624 Νοη
2894 4573 3234 4640 permanebit
3281 4573 3513 4642 Spiritus
3556 4589 3708 4630 meus
3748 4576 3800 4630 in

2225 4654 2442 4710 homine
2487 4656 2539 4711 in
2569 4667 2866 4725 aeternum,
2896 4662 3021 4732 quia
3067 4676 3194 4717 caro
3233 4671 3346 4729 est,
3379 4672 3645 4733 eruntque
3690 4666 3801 4721 dies

2223 4742 2370 4798 illius
2398 4755 2611 4800 centum
2641 4748 2828 4818 viginti
2868 4766 3130 4806 annorum
3174 4751 3326 4823 (Gen.
3360 4755 3457 4822 vr).
3489 4772 3508 4803 ›
3544 4753 3649 4809 Sed
3679 4770 3799 4810 eum

2225 4834 2503 4906 Scriptura
2536 4853 2920 4896 commemoret
2945 4846 3361 4916 quingentorum
3381 4851 3513 4899 tunc
3533 4861 3798 4901 annorum

2225 4930 2496 4984 exstitisse
2524 4929 2636 4986 Noe
2660 4969 2675 4996 ,
2720 4934 2934 5000 quando
2965 4934 3078 4989 inec
3114 4936 3215 4991 sibi
3257 4935 3516 4991 Dominus
3546 4935 3800 5007 loqueba-

2222 5029 2340 5085 tur.
2389 5032 2769 5076 sexcentarum
2801 5038 2927 5078 vero
2974 5033 3096 5080 tunc
3137 5027 3248 5095 jam
3290 5041 3440 5091 esse,
3490 5042 3613 5081 cum
3645 5040 3800 5083 cata—

2221 5110 2457 5179 clysmns
2501 5112 2717 5182 erupuit
2760 5129 2773 5164 :
2816 5112 3018 5181 liquido
3066 5126 3251 5185 patet,
3294 5118 3480 5186 viginti
3525 5132 3699 5173 annos
3736 5121 3799 5173 de

2220 5202 2523 5272 pncscripti
2572 5204 2781 5257 numeri
2847 5205 3024 5272 Spatio
3075 5206 3240 5261 fuisse
3292 5211 3615 5262 subtractos.
3666 5209 3797 5264 Vita:

2221 5293 2403 5346 itaque
2429 5295 2681 5346 Spatium.
2708 5277 2851 5346 quod
2875 5294 3110 5346 humano
3154 5296 3334 5346 generi
3357 5294 3498 5346 Deus
3524 5298 3794 5346 nromisit.
