4080 5346
265 245 333 299 73
1183 241 1427 299 OPL‘SC.
1465 237 1556 295 ιν.
1597 269 1662 279 —-
1701 236 2150 294 DlSCEPTATlO
2187 238 2589 293 SYNODALIS.
3455 235 3524 290 71

266 356 420 417 Iuda,
451 362 504 408 et
531 353 639 408 dux
666 352 734 408 de
763 352 967 409 femore
994 355 1112 425 ejus
1130 354 1347 417 ,‘donec
1373 353 1553 408 veniat
1597 353 1690 421 qui
1720 351 1843 404 mit-
1878 372 1919 425 Α
1946 365 2064 404 sum
2092 366 2185 403 vos
2214 349 2348 419 (Jer.
2376 349 2529 416 xvn).
2562 368 2580 400 ι
2612 347 2748 400 llinc
2774 354 2878 412 est,
2904 345 3048 414 quod
3073 346 3140 399 ad
3170 346 3286 401 lieli
3315 362 3531 418 quoque

270 446 455 519 tendus
497 451 582 496 est
622 440 777 511 (Gen.
815 446 986 515 xux).
1019 465 1038 498 ι
1078 444 1144 498 Εῑ
1175 454 1351 498 tamen
1382 459 1481 498 nec
1513 442 1844 508 temporibus

265 536 507 590 Judicum
543 533 774 602 legimus
800 533 946 586 viros
975 531 1041 587 de
1081 532 1224 587 tribu
1267 530 1403 586 Juda
1443 547 1658 601 seraper
1685 546 1847 601 super

265 625 425 682 lsrael
466 625 708 680 tenuisse
744 625 996 678 ducatum
1019 664 1034 689 ,
1065 639 1164 680 nec
1195 639 1350 692 reges
1388 639 1453 678 ex
1482 625 1670 679 eadem
1704 624 1845 676 tribu

259 717 621 787 principatum
656 717 893 771 tenuisse
935 733 1105 786 usque
1148 718 1215 771 ad
1253 717 1455 771 Christi
1503 715 1848 784 reperiuntur

263 809 571 862 adventum.
602 806 830 862 Constat
861 823 1010 878 ergo,
1055 808 1184 877 quia
1233 824 1375 877 εει-ιη
1417 807 1560 862 Deus
1590 807 1842 876 omnipo-

265 908 398 963 tens,
421 899 566 968 quod
592 899 797 952 homini
828 900 1098 968 promisit,
1133 899 1435 965 imminuit;
1462 899 1717 968 quoniam
1747 897 1847 953 ho-

259 1005 366 1054 mo,
391 990 534 1058 quod
562 991 672 1044 Deo
699 989 982 1054 debuerat,
1011 1005 1115 1044 non
1147 990 1410 1060 implevit.

791 1077 985 1148 Regius
1025 1080 1328 1133 advocatus.

324 1169 469 1223 Doce
497 1169 666 1224 etiam
694 1169 782 1223 ubi
813 1169 954 1223 Deus
988 1171 1246 1238 .promisit
1277 1172 1476 1225 bonum
1521 1171 1760 1243 aliquod,
1795 1181 1850 1228 et

261 1259 550 1314 ellieaciter
580 1274 686 1313 non
721 1259 979 1329 implevit.

633 1349 892 1418 Defensor
927 1349 1184 1405 Rovnanae
1221 1350 1489 1407 Ecclesia.

327 1437 638 1493 Recordare
693 1439 821 1508 quia
867 1441 1000 1495 dicit
1041 1440 1303 1496 Dominus
1336 1441 1403 1496 ad
1431 1442 1635 1498 Josiam
1665 1459 1849 1513 regem

254 1530 388 1586 Juda
420 1548 434 1584 :
464 1550 483 1582 ι
516 1530 622 1584 Pro
640 1547 729 1596 eo,
757 1531 951 1600 inquit,
976 1533 1118 1601 quod
1146 1534 1327 1590 vidisti
1353 1537 1516 1590 verba
1538 1537 1846 1601 voluminis,

263 1630 311 1673 et
339 1620 691 1688 perterritum
718 1629 804 1674 est
827 1635 923 1675 cor
949 1629 1122 1686 tuum,
1149 1631 1204 1677 ct
1229 1624 1545 1680 humiliatus
1572 1640 1632 1680 es
1662 1641 1847 1681 coram

1947 453 2044 507 per
2065 440 2237 492 virum
2267 439 2357 493 Dei
2393 438 2652 492 Dominus
2675 437 2750 491 ait
2781 456 2792 490 :
2823 455 2842 488 ι
2873 437 3123 506 Loquens
3149 438 3360 495 locutus
3387 456 3530 504 sum,

1947 539 2005 582 ut
2052 531 2243 584 domus
2288 539 2416 593 tua,
2457 537 2514 583 et
2557 529 2748 582 domus
2778 527 2947 596 patris
2984 529 3057 582 tui
3103 528 3441 584 ministraret
3478 533 3530 584 in

1945 630 2237 688 conspectu
2269 635 2388 673 meo
2417 634 2586 689 usque
2627 619 2679 672 in
2709 618 3114 687 sempiternum.
3147 617 3300 674 Nunc
3326 629 3528 684 autem,

1946 711 2079 766 dicit
2109 712 2390 776 Dominus,
2417 712 2558 766 absit
2584 713 2684 766 hoc
2714 729 2743 764 a
2778 727 2883 776 me,
2919 715 3012 766 sed
3040 714 3348 783 quicunque
3370 715 3533 785 glori-

1948 802 2190 856 ﬁcaverit
2234 820 2342 866 me,
2370 804 2685 874 gloriﬁcabo
2711 819 2832 858 eum
2864 819 2879 857 :
2926 804 3018 874 qui
3055 815 3233 859 autem
3275 816 3530 861 contem-

1938 900 2082 944 nunt
2115 905 2220 955 me,
2253 902 2412 946 erunt
2438 892 2700 961 ignobiles
2727 891 2776 958 (1
2809 891 2935 962 Reg.
2969 893 3050 961 ιι).
3082 912 3100 943 ι

2473 983 2668 1053 Regius
2705 984 3010 1038 advocatus.

2019 1073 2188 1129 Recte
2217 1074 2373 1143 plane
2402 1086 2594 1130 cuncta
2615 1117 2628 1137 ,
2659 1092 2778 1145 qua:
2808 1091 3170 1145 proposueras
3191 1116 3205 1140 ,
3232 1076 3537 1146 perspicuis

1949 1165 2215 1220 roborasti
2271 1167 2594 1222 testimoniis
2651 1167 3094 1237 Seripturarum;
3155 1184 3300 1223 nunc
3354 1179 3534 1223 autem

1949 1255 2223 1325 paulisper
2251 1257 2318 1310 ad
2347 1257 2626 1327 superiora
2653 1267 2947 1322 revertere,
2977 1268 3028 1312 et
3064 1257 3217 1326 juxta
3237 1268 3353 1314 tua!
3378 1274 3540 1328 spon-

1949 1347 2117 1401 sionis
2164 1347 2420 1417 elogium,
2465 1350 2531 1404 de
2575 1349 2788 1405 Domini
2834 1350 2978 1422 regis
3025 1351 3222 1420 injuria
3269 1352 3536 1406 rationem

1946 1437 2133 1492 redde.

2323 1529 2578 1600 Defensor
2610 1529 2863 1585 Romana:
2901 1530 3171 1585 Ecclesiw.

2014 1618 2268 1675 Glorioso
2294 1621 2429 1690 regi,
2461 1623 2619 1676 nobis
2647 1622 2896 1692 eligendo
2919 1623 3250 1692 pontiﬁcem,
3269 1621 3442 1685 absit,
3483 1631 3542 1676 ut

266 1709 484 1763 Domino
504 1748 520 1774 ,
551 1709 754 1764 auditis
783 1712 1126 1766 sermonibus
1153 1722 1343 1768 contra
1369 1714 1545 1770 locum
1578 1715 1766 1780 istum,
1794 1726 1850 1771 et
1879 1708 1924 1768 Β
1953 1729 2052 1770 nos
2095 1714 2467 1770 intulissemus
2497 1715 2773 1783 injuriam,
2807 1731 2928 1769 cum
2975 1717 3042 1768 ad
3088 1716 3189 1770 hoc
3239 1731 3356 1777 nos,
3398 1715 3541 1769 sicut

265 1802 601 1856 habitatores
630 1800 770 1870 ejus,
801 1811 857 1857 et
885 1802 1092 1859 scidisti
1122 1805 1447 1861 vestimenta
1497 1816 1610 1872 tua,
1651 1819 1708 1862 et
1751 1807 1847 1862 lle-

264 1892 377 1944 visti
405 1907 597 1946 coram
630 1909 717 1948 me
751 1910 764 1946 :
805 1894 1007 1949 idcirco
1031 1895 1282 1967 colligam
1314 1907 1368 1952 te
1396 1899 1465 1952 ad
1493 1910 1679 1968 patres
1707 1911 1846 1968 tuos,

263 1993 312 2036 et
346 1983 624 2053 colligeris
659 1985 728 2038 ad
766 1985 1072 2054 sepulcrum
1119 1995 1268 2042 tuum
1313 1987 1367 2042 in
1410 2005 1541 2059 pace
1580 1989 1687 2061 (IV
1717 1991 1848 2063 Reg.

263 2076 410 2143 χιιι).
439 2094 456 2126 ι
479 2075 554 2129 Et
569 2085 745 2131 tamen
762 2077 922 2146 paulo
941 2088 1062 2148 post
1076 2081 1353 2150 Scriptura
1368 2082 1529 2137 dicit:
1553 2102 1570 2134 ι
1591 2083 1647 2137 1η
1665 2085 1852 2140 diebus

255 2166 372 2236 ejus
412 2167 683 2223 ascendet
723 2167 936 2223 Pharao
985 2169 1164 2226 Necho
1189 2171 1455 2245 [Nechao]
1504 2189 1600 2228 rex
1630 2175 1848 2246 Egypti

256 2267 447 2312 contra
480 2271 671 2328 regem
701 2258 1046 2330 Assyriorum
1070 2261 1142 2315 ad
1177 2260 1374 2316 ﬂumen
1404 2263 1756 2333 Euphratem,
1799 2273 1852 2318 et

257 2349 391 2403 abiit
419 2349 606 2405 Josias
635 2351 689 2405 in
720 2365 1006 2406 occursum
1036 2351 1177 2421 ejus,
1213 2361 1271 2409 et
1311 2355 1527 2410 occisus
1552 2366 1632 2410 est
1660 2357 1714 2410 in
1741 2355 1853 2410 Ma-

263 2442 390 2510 gedo
413 2440 752 2514 [Mageddo],
775 2459 899 2497 cum
926 2444 1150 2500 vidisset
1175 2461 1298 2501 eum
1329 2445 1437 2519 [IV
1466 2446 1593 2518 Reg.
1623 2451 1780 2518 χχιιι)
1827 2469 1846 2502 ι

264 2532 338 2585 Ad
383 2531 712 2586 Sedechiam
758 2547 973 2603 quoque
1020 2549 1201 2604 regem
1239 2533 1373 2590 Jnda
1423 2553 1520 2606 per
1562 2537 1852 2593 Jeremiam

257 2621 483 2677 dicitur:
527 2639 552 2674 ‹
580 2623 715 2678 Audi
747 2626 971 2680 verbum
1000 2625 1233 2694 Domini,
1270 2627 1528 2690 Sedcccia
1552 2645 1646 2684 rex
1671 2630 1807 2685 Juda
1837 2651 1850 2685 :

259 2714 380 2770 llaec
419 2715 565 2770 dicit
605 2716 864 2772 Dominus
891 2718 958 2772 ad
989 2729 1041 2772 te
1072 2736 1084 2772 :
1124 2718 1244 2774 Non
1277 2722 1528 2776 morieris
1568 2723 1622 2776 in
1652 2723 1852 2792 gladio,

255 2804 352 2857 sed
391 2805 444 2859 in
491 2821 637 2876 pace
683 2807 964 2873 morieris,
1009 2818 1062 2866 et
1114 2812 1409 2867 secundum
1452 2814 1857 2871 combustiones

259 2902 470 2960 patrum
513 2905 768 2962 tuorum,
800 2913 987 2968 regum
1033 2899 1296 2968 priorum,
1341 2902 1432 2971 qui
1466 2901 1688 2958 fuerunt
1731 2914 1856 2958 ante

266 2992 336 3047 te,
361 2985 439 3040 sic
466 2988 797 3042 comburcnt
823 2998 874 3043 te
911 3004 926 3042 :
957 2999 1012 3044 et
1049 3005 1151 3057 vae,
1191 2991 1436 3059 Domine,
1470 2993 1724 3063 plangent
1755 3005 1806 3049 te
1838 3009 1852 3048 :

1949 1807 2200 1876 superius
2231 1807 2435 1862 dictum
2463 1817 2572 1871 est,
2609 1808 2910 1862 necessitas
2955 1807 3244 1876 impulerit.
3293 1822 3399 1861 non
3449 1823 3540 1861 ra~

1951 1900 2074 1968 pina
2095 1917 2114 1953 τ
2142 1898 2206 1953 ad
2234 1901 2361 1962 hoc,
2390 1900 2627 1968 inquam.
2655 1914 2751 1953 nos
2779 1899 2977 1954 invitos
3000 1899 3223 1954 attraxit
3253 1899 3540 1953 imminens

1950 1992 2248 2062 periculum
2280 1991 2457 2047 civilis
2506 1990 2667 2057 belli,
2707 2007 2813 2045 non
2861 1991 3084 2046 itcdendi
3107 2031 3122 2057 ,
3149 1991 3233 2044 vel
3260 1991 3541 2044 minuendi

1951 2080 2090 2136 livor
2119 2081 2353 2151 imperii.

2487 2172 2680 2243 Regius
2718 2173 3019 2226 advocatus.

2021 2264 2194 2319 Civile
2225 2263 2421 2319 bellum
2452 2264 2665 2333 objicis,
2698 2263 2986 2318 imminens
3024 2263 3320 2331 periculum
3357 2264 3408 2316 in
3438 2273 3544 2317 tua:

1953 2354 2291 2425 allegationis
2319 2353 2634 2409 defensione
2665 2353 2996 2422 prtetendis;
3030 2352 3246 2407 dicatur
3267 2354 3433 2407 etiam
3453 2392 3467 2417 ,
3497 2355 3542 2407 si

1954 2445 2152 2514 placet,
2182 2445 2309 2516 quia
2340 2444 2536 2500 etclam
2566 2453 2772 2508 rueret,
2815 2453 2960 2498 terra
2985 2444 3190 2498 cmdem
3221 2445 3420 2498 civium
3451 2460 3546 2514 pa-

1955 2545 2176 2595 teretur.
2204 2551 2366 2605 perge
2395 2535 2571 2590 adhuc
2598 2533 2824 2600 addens,
2852 2535 2977 2604 quia
3011 2543 3207 2602 pontus
3249 2545 3543 2594 arescet-et.

1956 2637 2099 2681 terra
2147 2628 2404 2681 diluvium
2453 2626 2777 2689 inundaret,
2819 2627 2948 2695 quid
2995 2627 3124 2680 mihi
3177 2627 3356 2680 omnia
3405 2626 3543 2689 haec,

1955 2719 2082 2772 dum
2112 2726 2343 2782 constet,
2368 2718 2494 2787 quia
2521 2717 2779 2787 quidquid
2807 2717 3036 2782 accidet,
3066 2717 3212 2772 nullo
3237 2727 3391 2786 pacto
3421 2731 3547 2770 san-

1955 2812 2028 2865 cti
2067 2825 2222 2881 papae
2270 2810 2593 2864 sententiam
2624 2808 2855 2863 debuisti
2902 2808 3232 2878 infringere.
3269 2806 3409 2860 nulla
3459 2823 3548 2862 ra-

1960 2903 2104 2955 tione
2133 2899 2411 2970 synodalis
2433 2900 2635 2954 decreti
2665 2897 2980 2968 mysterium
3007 2897 3154 2951 licuit
3178 2896 3287 2966 59
3310 2896 3546 2950 violare?

1960 2989 2112 3044 Sicut
2133 2990 2276 3045 enim
2301 2988 2584 3058 Scriptura
2611 2988 2860 3057 perhibet
2892 3005 2905 3039 :
2942 3007 2960 3038 ι
2991 2987 3182 3042 Melius
3203 2998 3287 3041 est
3318 2997 3377 3040 ut
3402 2989 3548 3042 oria-

258 3086 382 3139 qua
409 3076 647 3130 verbum
691 3079 792 3132 hoc
838 3093 939 3149 ego
980 3078 1194 3134 locutus
1239 3095 1380 3147 sum,
1419 3082 1550 3136 dicit
1595 3062 1857 3137 Dominus
1883 3062 1928 3120 Ο
1961 3090 2051 3133 tur
2081 3078 2418 3137 scandalum,
2448 3093 2609 3145 quam
2641 3085 2698 3129 ut
2727 3077 2928 3130 veritas
2959 3076 3312 3144 relinquatur.
3346 3097 3363 3128 ι
3410 3075 3546 3130 Nam

259 3160 396 3228 (.‘er.
446 3163 679 3233 xxxiv).
724 3183 742 3216 ι
799 3166 952 3233 Quod
1002 3169 1258 3222 nimirum
1307 3171 1574 3239 quomodo
1623 3172 1860 3241 potuerit

262 3248 399 3315 ﬁeri,
429 3254 526 3322 qui
556 3253 759 3308 seriem
788 3265 1065 3312 scrutatur
1098 3257 1360 3322 historiae,
1393 3275 1668 3328 nunquam
1711 3272 1859 3329 pote-

263 3343 333 3395 rit
362 3344 634 3399 invenire.
671 3344 805 3400 Nam
838 3358 1121 3418 postquam
1159 3365 1189 3403 a
1223 3365 1349 3420 rege
1375 3351 1662 3420 Babylonis
1691 3350 1858 3407 semel

261 3443 342 3487 est
366 3444 588 3504 captus,
625 3435 1085 3509 Babyloniamque
1116 3441 1434 3507 translatus,
1464 3441 1694 3497 ulterius
1717 3461 1861 3498 nun-

261 3535 420 3588 quam
451 3523 662 3594 legitur
700 3524 810 3595 58
851 3527 920 3581 ah
966 3526 1082 3596 ejus
1113 3529 1342 3584 vinculis
1381 3530 1680 3586 absolutus.
1706 3531 1860 3588 Justo

259 3627 386 3681 ergo
407 3614 625 3683 judicio
648 3617 916 3672 subtrahit
946 3618 1087 3675 Deus
1115 3620 1319 3674 homini
1353 3638 1732 3691 nonnunquam
1764 3623 1857 3677 bo-

268 3718 330 3756 na
379 3721 500 3774 qum
546 3708 820 3776 promisit,
853 3723 977 3762 cum
1009 3709 1225 3766 rebellis
1268 3711 1431 3768 homo
1459 3713 1603 3767 illius
1639 3726 1861 3767 scrvare

265 3795 522 3850 mandata
550 3798 874 3851 contemnit.

801 3887 990 3959 Regius
1026 3891 1331 3945 advocatus.

334 3971 678 4045 Prosequere
705 3976 872 4033 etiam
917 3981 1187 4049 quomodo
1232 3981 1394 4048 Deus,
1438 3983 1582 4051 quod
1623 3981 1862 4038 minatus

263 4071 364 4127 est,
405 4081 514 4119 non
549 4067 766 4137 inﬂigit.

645 4155 906 4226 Defensor
947 4159 1197 4216 Romana:
1231 4161 1499 4216 Ecclesiw.

336 4241 531 4310 Nemo,
574 4247 668 4316 qui
719 4248 884 4305 limen
931 4253 1185 4308 Ecclesia:
1233 4255 1392 4318 terit,
1444 4255 1692 4325 ignorat,
1732 4257 1860 4328 quia

263 4332 432 4392 Jonas
465 4337 536 4391 ad
580 4337 811 4395 Niniven
835 4359 866 4396 a
894 4344 1122 4398 Domino
1157 4346 1372 4412 missus,
1401 4348 1748 4417 exclamavit,
1778 4349 1862 4404 di-

267 4439 397 4479 cens
425 4445 440 4480 :
481 4445 502 4478 ι
528 4428 721 4485 Adhuc
754 4434 1108 4505 quadraginta
1145 4436 1288 4502 dies,
1327 4447 1381 4492 et
1413 4437 1603 4494 binive
1632 4441 1859 4495 subver-

271 4521 416 4570 tetur
455 4514 640 4586 (Iona:
682 4518 789 4588 tn).
817 4538 835 4571 ι
884 4522 989 4577 Sed
1033 4524 1158 4592 quia
1205 4525 1396 4579 civitas
1443 4527 1530 4580 illa
1581 4528 1647 4583 ad
1689 4528 1858 4584 Deum

278 4611 386 4658 toto
414 4615 498 4660 est
529 4607 698 4662 corde
722 4623 998 4679 conversa,
1029 4629 1366 4684 nequaquam
1401 4616 1554 4685 juxta
1593 4617 1860 4672 minacem

277 4690 486 4748 Domini
518 4696 846 4750 sententiam
876 4703 1068 4757 excidii
1093 4713 1177 4757 est
1194 4705 1483 4760 eversione
1505 4706 1696 4761 deleta.
1723 4707 1858 4763 Cum

270 4795 401 4853 ergo
434 4783 584 4837 Deus
614 4787 953 4856 omnipotens
987 4806 1094 4846 non
1130 4795 1288 4849 modo
1314 4809 1496 4861 verax,
1529 4797 1621 4852 sed
1649 4807 1703 4852 et
1743 4798 1860 4868 ipsa

279 4873 346 4926 sit
373 4875 605 4938 veritas,
646 4875 898 4935 inviolato
927 4884 1136 4940 consilii
1166 4887 1247 4941 sui
1281 4901 1532 4943 manente
1561 4890 1859 4959 proposito,

278 4963 565 5018 exterioris
609 4963 802 5033 judicii
848 4972 929 5025 sui
975 4988 1119 5043 saepe
1167 4976 1342 5031 variat
1382 4979 1658 5042 ordinem,
1703 4977 1860 5046 juxta

275 5052 498 5109 immani
525 5055 652 5111 sive
668 5057 849 5139 probi,
875 5062 989 5118 sive
1019 5066 1250 5136 improbi
1290 5069 1469 5124 meriti
1502 5068 1818 5137 qualitatem
1845 5087 1858 5135 ;

278 5151 540 5210 quatenus
585 5153 648 5198 et
690 5160 720 5196 a
757 5151 1016 5214 pravitate
1043 5164 1339 5222 correctus,
1375 5159 1518 5228 quod
1551 5159 1689 5213 Deus
1717 5158 1865 5228 juste

276 5231 533 5297 minatur.
562 5232 768 5286 evadat
807 5254 821 5288 ι
869 5249 924 5295 et
961 5244 1244 5314 prolapsus
1275 5247 1328 5301 in
1366 5248 1608 5318 culpam,
1640 5247 1868 5303 nullate-

435 5339 552 5346 ---μ
593 5321 849 5346 -..112Α-ι-.

1961 3171 2004 3224 si
2037 3171 2140 3225 hoc
2165 3169 2364 3224 bellum
2385 3170 2694 3224 timuissent
2718 3169 2856 3223 beati
2890 3177 3180 3238 martyres,
3207 3168 3397 3225 tierent
3420 3184 3548 3241 pro.

1961 3260 2047 3315 cui
2080 3259 2241 3315 dubio
2268 3269 2475 3314 sancta:
2506 3259 2711 3312 militiae
2743 3257 3070 3312 desertores.

2325 3348 2584 3418 Defensor
2616 3347 2867 3401 Romana:
2907 3348 3176 3402 Ecclesia'.

2032 3440 2149 3496 Non
2191 3441 2429 3511 ignoras.
2456 3439 2598 3508 quod
2634 3439 2777 3494 inter
2817 3455 3007 3494 omnes
3035 3449 3549 3511 sanctosmartyres

1960 3531 2156 3586 Petrus
2183 3540 2239 3585 et
2283 3529 2478 3585 Paulus
2512 3530 2563 3584 in
2597 3529 2879 3600 apostolici
2912 3541 3133 3585 senatus
3159 3530 3394 3585 culmine
3425 3547 3552 3600 pos-

1962 3623 2140 3679 sident
2169 3622 2553 3691 principatum.

2488 3711 2682 3784 Regius
2719 3711 2789 3763 ad
2795 3723 3026 3766 vocatas.

2032 3804 2146 3858 lloc
2175 3805 2318 3859 sicut
2347 3817 2546 3873 negare
2575 3802 2898 3871 sacrilegum
2935 3810 3017 3856 cst
3037 3842 3051 3866 ,
3085 3801 3156 3855 ita
3195 3809 3249 3856 et
3282 3798 3552 3857 aﬂirmaro

1961 3893 2312 3965 superﬂuum.

2327 3984 2585 4054 Defensor
2621 3983 2875 4039 Romana:
2913 3983 3179 4039 Ecclesia.

2034 4073 2234 4129 Eorum
2267 4083 2390 4129 sunt
2423 4074 2580 4129 nobis
2615 4076 2845 4129 tenenda
2877 4075 3123 4143 vestigia,
3156 4089 3344 4130 eorum
3378 4075 3549 4130 forma

1960 4163 2166 4218 nostris
2193 4172 2279 4217 est
2306 4163 2518 4217 actibus
2540 4162 2923 4231 imprimenda,
2947 4163 3048 4217 sub
3073 4178 3260 4217 eortnn
3292 4165 3552 4234 magistra

1963 4253 2222 4310 debemus
2249 4254 2431 4308 vivere
2460 4253 2764 4322 disciplina.

2488 4343 2684 4414 Regius
2723 4346 3029 4398 advocatus.

2037 4437 2150 4494 lloc
2191 4438 2378 4507 utique
2419 4438 2624 4494 clarum
2652 4447 2737 4492 est
2776 4452 2840 4491 ac
2886 4435 3254 4506 perspicuum.
3287 4437 3395 4490 Sed
3423 4438 3556 4506 quid

1967 4546 1998 4583 a
2032 4537 2083 4582 te
2116 4530 2383 4598 portenti,
2410 4529 2538 4599 quid
2570 4527 2829 4598 prmstigii
2868 4527 2969 4582 sub
3007 4529 3108 4582 hoc
3138 4525 3375 4582 funiculo
3400 4529 3556 4583 indu-

1965 4620 2162 4674 ctionis
2191 4619 2387 4682 alatur,
2417 4620 2625 4689 ignoro.

2334 4710 2589 4781 Defensor
2623 4708 2877 4763 Romana:
2917 4707 3187 4762 Ecclesia'.

2040 4801 2191 4856 Tolle
2234 4801 2592 4872 prmstigium,
2631 4798 2870 4868 intelligo
2902 4799 3186 4853 veritatem
3223 4810 3238 4847 :
3273 4798 3432 4852 times
3471 4815 3559 4854 me

1969 4903 2225 4960 tanquam
2258 4892 2352 4946 tibi
2384 4889 2685 4947 tcndiculas
2712 4890 3113 4943 substrucnten‘t
3134 4926 3149 4950 ,
3176 4887 3303 4940 audi
3330 4886 3559 4943 Paulum

1970 4984 2036 5036 de
2083 4982 2394 5051 coapostolo
2439 4997 2538 5037 suo
2587 4978 2746 5032 Petro
2794 4978 3064 5032 veraciter
3110 4975 3491 5045 pet-bibentem
3545 4997 3555 5030 :

1975 5089 1993 5121 ι
2026 5069 2344 5138 Priusquam
2379 5071 2625 5126 venirent
2663 5064 2882 5133 quidam
2911 5083 2939 5120 a
2965 5063 3189 5129 Jacobo,
3221 5081 3349 5120 cum
3383 5070 3557 5136 genti-

1972 5161 2071 5214 bus
2105 5161 2296 5213 edcbat
2324 5175 2338 5214 :
2370 5177 2496 5218 cum
2540 5165 2718 5211 autem
2755 5158 3051 5221 venissent,
3082 5154 3439 5212 subtrahebat
3480 5171 3559 5218 se,

1971 5261 2026 5306 et
2075 5252 2431 5322 segregabat,
2501 5251 2696 5303 timens
2746 5263 2843 5304 eos
2887 5251 2977 5320 qui
3027 5265 3090 5303 ex
3144 5245 3562 5303 circumcisione
