4080 5346
541 211 610 265 ’15
960 208 1032 264 S.
1071 210 1273 264 PETRI
1311 208 1594 264 DAMIANI
1631 210 1782 266 OPP.
1818 209 2052 266 TOMUS
2087 209 2215 271 SEU
2259 209 2437 266 PARS
2477 211 2563 267 111.
2604 240 2674 252 —-
2710 210 3073 271 OPUSCULA
3112 211 3344 268 VARIA.

3735 216 3805 270 76

536 317 1192 391 exeinplum.‘Factusest
1212 316 1357 371 enim
1381 316 1580 373 Judmis
1609 327 1860 387 tanquam
1882 318 2117 387 Iudaeus,
2148 325 2193 384 Α
2222 336 2412 377 omnes
2439 322 2703 390 seniores,
2727 323 2818 393 qui
2847 339 2968 380 cum
3013 338 3078 380 eo
3118 331 3294 388 erant,
3325 321 3616 394 Evangelia
3660 323 3808 383 illius

537 416 599 461 ut
622 404 835 461 Iudaeos
864 404 1223 460 lucrifaceret.
1266 405 1355 460 Sic
1377 406 1625 461 Christus
1654 408 1903 477 apparuit
1925 408 1980 462 in
2008 408 2117 463 for-

538 498 833 552 ma-carnis
855 497 1084 567 peccati,
1110 506 1222 552 uta
1248 498 1487 568 peccatis
1517 498 1788 555 hominem
1814 499 2069 555 liberaret
2099 517 2112 554 :

537 600 593 646 et
621 607 743 647 cum
770 592 939 662 legem
959 591 1127 664 Moysi
1158 608 1264 647 non
1296 592 1596 665 ambigeret
1623 593 1963 659 abolendam,
1988 611 2117 650 con-

536 681 721 737 sulens
747 689 930 737 tamen
982 682 1160 738 adhuc
1203 683 1425 738 rudibus
1467 691 1521 739 et
1568 683 1797 739 infirmis
1836 683 2115 751 fratribus,

539 769 711 826 tenuit
748 771 819 827 ad
856 778 1070 841 tempus
1100 772 1344 847 umbram
1375 773 1531 844 legis,
1562 781 1621 828 ut
1661 788 1755 830 eos
1796 775 2117 846 quandoque

535 861 860 931 proveheret
891 862 956 916 ad
986 863 1225 932 perfecte
1257 865 1582 920 noscendam
1607 863 1994 934 plenitudinem
2021 880 2115 922 ve-

536 953 735 1008 ritatis.
776 952 833 1008 In
869 952 974 1008 hoc
1002 968 1133 1023 ergo
1168 952 1229 1007 Β.
1260 953 1454 1009 Petrus
1481 953 1820 1010 discretionis
1844 954 2000 1010 nobis
2029 969 2114 1011 re-

508 1041 717 1112 gulam
741 1042 911 1110 dedit,
935 1052 1203 1111 quatenus
1226 1042 1512 1112 aliquando
1539 1043 1628 1098 ubi
1656 1052 1831 1097 tamen
1864 1059 1970 1099 non
2000 1043 2120 1114 plu-

534 1136 734 1195 rimum
766 1146 994 1202 noceat,
1032 1135 1364 1192 declinemus
1392 1136 1783 1206 aliquantulum
1826 1152 1855 1190 a
1903 1138 2118 1192 tramite

534 1228 892 1292 rectitudinis,
925 1236 985 1282 ut
1009 1226 1290 1302 consulere
1318 1226 1592 1282 valeamus
1620 1226 1867 1282 infirmis.

1051 1315 1240 1386 Regius
1278 1317 1581 1371 advocatus.

604 1409 705 1477 Qui
735 1398 1068 1478 dicis,un
1098 1406 1292 1462 Petrus
1320 1407 1610 1476 aliquando
1636 1406 1806 1478 legem
1840 1406 2116 1464 Judaicam

500 1562 503 1563 ν
533 1504 726 1567 tenuit,
756 1517 856 1557 cur
883 1516 987 1561 non
1015 1499 1178 1555 etiam
1209 1498 1366 1564 dicis,
1391 1499 1534 1569 quod
1574 1499 1627 1554 in
1657 1500 1847 1553 eadem
1878 1498 2115 1571 Epistola

534 1592 753 1663 legitur,
779 1591 1062 1656 nimirum,
1085 1589 1209 1659 quia
1241 1587 1441 1644 Paulus
1464 1604 1587 1645 eum
1616 1589 1670 1644 in
1699 1589 1895 1646 faciem
1936 1605 2117 1660 repre-

2217 414 2589 481 comprobato,
2618 413 2873 470 dixerunt
2913 415 2963 471 ei
3004 432 3020 471 :
3049 414 3235 481 Vides,
3265 415 3452 483 frater,
3485 423 3617 482 quot
3638 416 3805 471 millia

2216 511 2344 556 sunt
2364 501 2555 568 Judaei,
2581 506 2672 572 qui
2697 507 3048 559 eredlderunt
3072 504 3127 558 in
3149 502 3449 570 Christum,
3472 513 3528 560 et
3551 504 3588 561 ii
3614 520 3809 562 omnes

2216 590 2557 648 aemulatores
2584 600 2712 647 sunt
2735 591 2888 662 legis.
2916 593 3220 648 Audierunt
3254 603 3436 650 autem
3463 595 3530 651 de
3558 604 3630 663 te,
3658 597 3807 666 quod

2216 679 2601 737 discessionem
2629 681 2825 737 doceas
2852 697 2883 736 a
2928 681 3130 753 Moyse,
3156 696 3344 738 eorum
3376 684 3467 754 qui
3493 700 3590 757 per
3616 696 3808 757 gentes

2217 778 2344 825 sunt
2386 770 2715 838 Judaeorum,
2747 770 2934 826 dicens
2987 786 3095 826 non
3134 770 3336 828 debere
3381 788 3478 829 eos
3513 775 3804 831 circumcis-

2217 859 2345 914 dere
2392 859 2531 915 filios
2580 875 2744 925 suos,
2793 874 2970 930 neque
3015 860 3313 916 secundum
3359 864 3804 919 consuetudinem

2218 948 2449 1020 ingredi.
2497 949 2637 1017 Quid
2682 966 2814 1022 ergo
2857 951 2978 1006 est?
3024 951 3210 1021 utique
3253 961 3463 1021 oportet
3514 955 3807 1011 convenire

2218 1041 2613 1096 multitudinem
2649 1059 2662 1095 :
2703 1042 2925 1097 audient
2972 1042 3116 1096 enim
3161 1050 3212 1096 te
3254 1043 3649 1113 supervenisse.
3691 1043 3807 1101 Hoc

2218 1146 2348 1202 ergo
2371 1131 2477 1198 fac,
2508 1134 2651 1204 quod
2678 1132 2776 1189 tibi
2805 1134 3073 1190 dicimus:
3103 1143 3231 1190 sunt
3255 1134 3412 1190 nobis
3439 1134 3538 1189 viri
3571 1144 3807 1207 quatuor

2216 1229 2402 1275 votum
2434 1222 2700 1277 habentes
2725 1238 2888 1293 super
2916 1238 2975 1279 se
3009 1240 3021 1277 :
3058 1223 3141 1289 bis
3184 1224 3499 1295 assumptis,
3525 1227 3804 1282 sanctiﬂca

2222 1319 2274 1367 te
2302 1325 2423 1365 cum
2456 1311 2606 1381 ipsis,
2633 1320 2689 1367 et
2714 1312 2964 1382 impende
2989 1314 3043 1368 in
3076 1326 3191 1380 eos,
3218 1322 3278 1367 ut
3300 1314 3493 1369 radant
3523 1315 3722 1385 capita,
3747 1326 3806 1373 et

2218 1403 2394 1458 sciant
2421 1417 2633 1468 omnes,
2666 1402 2789 1472 quia
2820 1418 2938 1473 qua:
2974 1402 3040 1459 de
3070 1412 3124 1458 te
3152 1404 3462 1469 audierunt,
3487 1404 3624 1461 falsa
3656 1416 3805 1474 sunt,

2218 1495 2311 1550 sed
2343 1493 2586 1548 ambulas
2614 1502 2669 1549 et
2700 1494 2814 1564 ipse
2847 1494 3162 1551 custodiens
3190 1494 3383 1565 legem.
3414 1495 3565 1554 Tunc
3584 1496 3803 1564 Paulus,

2221 1584 2515 1653 assumptis
2542 1583 2693 1648 viris,
2740 1584 3026 1654 posteriori
3067 1585 3155 1641 die
3195 1586 3511 1656 purificalus
3536 1604 3659 1645 eum
3699 1589 3807 1647 illis

532 1672 765 1745 bendit?
802 1701 822 1736 ι
850 1681 909 1736 1η
938 1681 1154 1746 faciem,
1190 1681 1383 1751 inquit,
1429 1681 1479 1736 ei
1524 1681 1726 1745 restiti,
1769 1682 1895 1751 quia
1927 1696 2108 1751 repre-
2135 1673 2185 1733 B
2211 1671 2436 1728 intravit
2460 1673 2514 1727 iu
2539 1672 2817 1743 templum,
2843 1674 3172 1730 annuntians
3195 1674 3553 1746 expletionem
3567 1678 3672 1749 ει
3690 1677 3807 1735 die-

531 1771 816 1846 he‘nsibilis
842 1780 992 1839 erat.
1022 1789 1041 1824 ι
1070 1770 1240 1840 Eique
1278 1769 1418 1825 dixit
1448 1789 1461 1824 :
1497 1790 1515 1821 ι
1544 1769 1602 1825 Si
1635 1779 1712 1836 tu,
1744 1778 1866 1825 cum
1915 1771 1991 1825 sis
2020 1768 2115 1825 Ju-

531 1864 697 1928 daeus,
731 1861 1029 1933 gentiliter,
1058 1868 1112 1915 et
1139 1874 1246 1915 non
1278 1858 1503 1915 Judaice
1529 1859 1697 1925 vivis,
1729 1860 2001 1929 quomodo
2026 1874 2109 1913 co-

530 1952 613 2021 gis
641 1959 832 2021 gentes
858 1949 1184 2021 judaizare?
1215 1967 1232 1999 ι
1281 1946 1482 2018 (Galat.
1509 1947 1594 2016 ιι.)
1639 1948 1773 2002 Cum
1817 1963 1947 2018 ergo
1990 1946 2116 2003 illud

524 2039 882 2113 praemisisti?
910 2038 1055 2093 istud
1083 2051 1250 2107 quare
1282 2032 1496 2091 silentio
1525 2034 1906 2111 suppressisti?

638 2186 639 2189 η
815 2130 925 2201 eo
960 2128 1211 2199 Defensor
1253 2127 1504 2182 Romana:
1540 2126 1808 2181 Ecclesia'.

587 2221 754 2290 eQuod
798 2220 994 2276 Petrus
1025 2217 1541 2288 egitcompassione
1579 2215 1987 2280 misericordiae,
2019 2216 2120 2270 hoc

518 2311 730 2368 Paulus
768 2310 947 2382 arguit
988 2324 1089 2380 pro
1133 2307 1447 2376 magisterio
1493 2305 1806 2375 disciplinae.
1858 2305 1949 2359 llle
1978 2305 2120 2374 quod

527 2404 661 2461 fecit
708 2400 1090 2473 dispensative,
1138 2406 1198 2454 ut
1247 2397 1478 2453 inﬁrmis
1510 2397 1721 2452 tolleret
1763 2397 2115 2463 scandalum;

531 2499 636 2553 hoc
681 2495 785 2551 iste
833 2493 1118 2562 corripuit,
1166 2507 1233 2547 ne
1277 2491 1605 2546 indiscretus
1645 2490 1872 2560 quilibet
1919 2490 2119 2560 passim

531 2589 826 2645 adduceret
850 2585 902 2640 in
931 2583 1256 2654 exemplum.
1293 2582 1349 2636 ln
1384 2581 1544 2636 Petro
1574 2582 1868 2647 discamus,
1899 2590 1952 2635 ut
1980 2581 2122 2650 peri-

530 2677 652 2734 culo
690 2677 863 2732 simus
890 2674 1205 2730 imminente
1236 2671 1487 2737 discreti;
1521 2669 1573 2725 in
1606 2669 1753 2725 Pauli
1781 2671 2124 2726 sermonibus

530 2770 887 2830 instruamur,
920 2774 977 2820 ut
1012 2764 1160 2819 sanis
1203 2761 1364 2818 rebus
1391 2761 1501 2816 vita
1546 2770 1733 2817 nostra
1763 2761 1895 2815 inire
1940 2760 2124 2817 descr-

522 2863 645 2917 .vittt
682 2857 1012 2915 rectitudiui.

1064 2946 1254 3017 Regius
1294 2946 1598 3001 advocatus.

2221 1777 2337 1815 rum
2365 1762 2792 1833 puriﬁcationis;
2829 1762 3001 1818 donec
3040 1762 3327 1819 offerretur
3352 1779 3452 1835 pro
3482 1780 3808 1838 unoquoque

2218 1866 2405 1905 eorum
2435 1850 2637 1905 oblatio
2665 1851 2802 1921 (Act.
2833 1867 2964 1907 xvtu
2992 1862 3038 1906 et
3068 1852 3205 1923 XXI).
3237 1871 3255 1904 ι

2288 1940 2399 1996 Cur
2438 1942 2621 2011 itaque
2658 1942 2858 2019 Paulus
2901 1941 3056 2011 juxta
3101 1945 3453 1999 caeremonias
3497 1942 3809 2002 Judatorutn

2220 2040 2381 2102 caput
2423 2033 2575 2097 rasit,
2610 2032 2953 2102 nudipedalia
2987 2034 3255 2100 exercuit,
3286 2034 3556 2090 sacrificia
3586 2034 3803 2104 obtulit,

2218 2130 2274 2177 et
2309 2121 2479 2192 legem
2511 2123 2811 2188 destruens,
2840 2121 2972 2194 legis
3008 2133 3272 2195 praecepta
3299 2125 3644 2181 observavit?
3669 2123 3804 2193 Cur,

2221 2214 2465 2284 inquam,
2498 2215 2614 2270 brec
2638 2215 2844 2281 omnia,
2881 2215 2986 2270 nisi
3032 2224 3089 2269 ut
3121 2216 3226 2282 bis,
3274 2217 3367 2286 qui
3401 2231 3467 2271 ex
3514 2215 3715 2273 ludatis
3743 2215 3805 2271 fl-

2222 2304 2371 2360 deles
2421 2305 2779 2373 exstiterant,
2834 2306 3151 2361 scandalum
3206 2306 3520 2362 tolleretur?
3571 2306 3803 2365 fortnam

2222 2394 2459 2464 suscepit
2499 2396 2865 2466 aegritudinis,
2906 2405 2966 2451 ut
3011 2397 3229 2454 morbos
3269 2396 3509 2454 auferret
3548 2399 3803 2470 aegrotis;

2223 2487 2460 2571 servavit
2489 2488 2843 2544 casremonias
2871 2488 3024 2560 legis,
3062 2492 3128 2545 de
3156 2490 3352 2560 quibus
3387 2501 3565 2546 tamen
3593 2490 3648 2545 in
3674 2490 3804 2562 Epi-

2224 2576 2362 2632 stola
2391 2592 2488 2632 sua
2513 2578 2646 2633 dicit
2669 2596 2684 2633 :
2723 2599 2741 2631 ι
2769 2578 2900 2646 Qua:
2927 2580 3056 2635 mihi
3082 2579 3304 2635 fuerunt
3328 2580 3476 2636 lucra
3510 2580 3651 2636 facta
3677 2589 3807 2636 sunt

2224 2666 2567 2731 detrimenta,
2600 2677 2657 2723 et
2680 2677 2905 2738 propter
2927 2668 3202 2724 Christum
3230 2669 3464 2726 arbitror
3493 2670 3640 2725 velut
3665 2678 3807 2727 ster-

2225 2772 2352 2812 cora
2377 2757 2602 2827 (Philip.
2640 2758 2746 2819 ml.
2779 2779 2798 2812 ι
2832 2759 3187 2816 Circumcidit
3215 2760 3509 2828 hominem,
3537 2771 3594 2817 et
3623 2771 3807 2818 tamen

2224 2850 2329 2906 hoc
2374 2851 2688 2907 terribiliter
2732 2851 2970 2908 clamat:
3007 2872 3025 2905 ι
3057 2853 3209 2917 Dico,
3241 2853 3438 2923 inquit,
3470 2853 3644 2919 vobis,
3677 2853 3805 2925 quia

2225 2942 2270 2998 si
2322 2942 2815 3010 circumcidamini,
2864 2943 3114 2999 Christus
3144 2943 3304 3019 nihil
3358 2943 3511 2999 vobis
3557 2943 3807 3014 proderit

584 3010 783 3101 ‘Laudo
824 3042 1044 3113 quidem
1083 3010 1349 3094 redditam
1397 3038 1687 3104 rationem,
1722 3036 1815 3092 sed
1845 3050 1966 3092 cum
1993 3036 2118 3091 duo-
2152 3020 2196 3080 C
2229 3032 2372 3105 (Gal.
2400 3032 2476 3106 v).
2509 3053 2526 3086 ι
2562 3034 2735 3101 Quod,
2768 3049 2972 3104 quaeso,
2998 3016 3171 3102 majus
3198 3042 3479 3104 peccatum
3510 3010 3632 3089 esse
3654 3040 3808 3104 pote-

530 3152 652 3193 rum
698 3133 1065 3205 apostolorum
1096 3129 1445 3200 proposueris
1474 3128 1844 3200 magisterium
1868 3168 1882 3191 ,
1928 3127 2124 3181 mirum

533 3243 651 3293 cur,
685 3225 1048 3299 praetermisso
1062 3222 1252 3290 Paulo,
1285 3221 1460 3279 solum
1498 3221 1717 3277 Petrum
1744 3220 2035 3277 adduxeris
2071 3221 2124 3273 in

535 3318 863 3389 exemplum.

497 3479 501 3483 _
898 3407 1158 3478 Defensor
1199 3404 1455 3461 Romamn
1488 3404 1761 3461 Ecclesiw.

602 3502 745 3567 Noli,
786 3501 973 3564 frater,
1020 3497 1304 3569 pueriliter
1333 3511 1577 3563 currere,
1626 3496 1738 3553 imo
1779 3495 1889 3551 noli
1917 3494 2121 3558 volare,

534 3595 629 3650 sed
653 3607 851 3664 perge;
890 3604 991 3662 pro
1014 3588 1280 3659 gravitate
1309 3588 1508 3658 quippe
1535 3587 1738 3658 negotii
1781 3586 2013 3656 prolatio
2041 3592 2128 3639 est

535 3698 750 3756 quoque
809 3680 1138 3738 moderanda
1187 3678 1474 3735 sermonis.
1532 3677 1674 3734 Audi
1724 3679 1887 3733 etiam
1938 3689 2127 3732 conse-

496 3784 768 3847 y-quenter
794 3780 848 3828 et
883 3770 1141 3836 Paulum,
1192 3768 1537 3825 discretionis
1577 3782 1756 3822 aureae
1788 3766 1985 3820 lineam
2030 3781 2125 3819 nu-

490 3856 491 3859 i
535 3865 665 3921 stris
693 3862 864 3919 oculis
891 3868 1275 3931 opponentem,
1307 3856 1959 3929 ejusdemdispensativae
1981 3868 2126 3908 com-

534 3954 803 4027 passiouis
818 3950 1277 4008 auctorem.Sieut
1297 3950 1441 4005 enim
1460 3947 1878 4019 apostolicorum
1894 3948 2125 4001 Actuum

538 4055 772 4104 testatur
800 4044 1028 4102 historia
1075 4061 1087 4097 :
1137 4061 1156 4095 ι
1186 4040 1609 4098 Perambulabat
1646 4038 1848 4094 Paulus
1893 4038 2126 4109 Syriam,

538 4146 595 4193 et
628 4135 915 4199 Ciliciam,
964 4131 1645 4197 conﬁrmansEcclesias,
1681 4127 2035 4200 pervenitque
2072 4128 2128 4181 in

536 4227 771 4291 Derben,
796 4236 849 4279 et
870 4225 1144 4296 Lystram.
1174 4224 1241 4279 Et
1268 4238 1394 4279 ecce
1419 4222 1716 4293 discipulus
1740 4221 1961 4291 quidam
1990 4226 2130 4284 erat,

538 4319 760 4372 nomine
788 4313 1126 4379 Timotheus,
1154 4313 1297 4367 [ilius
1323 4313 1566 4368 mulieris
1589 4313 1765 4367 vidua:
1791 4310 1995 4372 ﬁdelis,
2032 4326 2131 4379 pa-

538 4416 625 4460 tre
653 4413 831 4459 autem
858 4403 1041 4475 gentili
1068 4403 1206 4472 (Act.
1232 4404 1366 4474 xvi).
1397 4422 1415 4454 ι
1449 4402 1606 4459 llunc
1627 4418 1776 4474 ergo,
1806 4411 1863 4456 ut
1892 4403 1959 4458 ad
1980 4417 2129 4456 com-

536 4490 795 4565 pendium
828 4492 1131 4556 veniamus,
1157 4491 1446 4559 Apostolus
1480 4491 1839 4557 circumcidit,
1870 4490 2125 4560 quoniam

536 4581 773 4647 Judazos,
821 4581 930 4635 imo
968 4580 1186 4643 Judmis,
1219 4579 1310 4650 qui
1357 4579 1409 4633 in
1459 4578 1564 4635 illis
1591 4590 1749 4635 erant
1796 4579 2128 4650 regionibus,

540 4673 740 4730 timuit.
772 4671 883 4727 Cur
907 4672 1087 4741 itaque
1113 4669 1454 4724 circumcidit
1481 4669 1694 4727 ﬁdelem
1719 4671 1994 4726 hominem
2022 4682 2129 4722 non

532 4763 804 4829 Judaeum,
851 4761 944 4832 qui
978 4759 1230 4815 videlicet
1264 4758 1674 4816 incircumcisus
1706 4771 1843 4824 erat,
1897 4759 1991 4812 sed
2033 4772 2131 4810 na-

540 4853 690 4909 tione
719 4851 1010 4920 gentilem,
1043 4849 1147 4904 nisi
1187 4848 1530 4905 discretionis
1581 4848 1761 4904 studio
1807 4846 2129 4909 deserviret,

539 4939 796 5001 neJudaai
822 4940 1026 5006 fideles,
1057 4940 1110 4995 in
1141 4938 1453 4996 scandalum
1481 4948 1819 5002 corruentes,
1850 4953 1880 4990 a
1912 4937 2016 4990 tide
2045 4950 2130 4990 re-

540 5032 836 5090 cederent?
875 5031 988 5087 Hoc
1011 5032 1174 5088 etiam
1205 5046 1348 5086 nunc
1371 5031 1439 5087 ad
1468 5029 1793 5087 memoriam
1818 5027 1977 5091 redit,
2001 5038 2133 5095 quo-

541 5124 689 5180 niam
737 5121 1024 5194 aliquando
1064 5122 1219 5191 justa
1267 5137 1474 5178 morem
1503 5120 1885 5176 Nazarazorum
1919 5129 2128 5171 comam

541 5232 607 5272 ex
638 5223 765 5270 voto
794 5215 1044 5281 nutrivit,
1069 5224 1124 5271 et
1154 5222 1440 5285 postquam
1471 5213 1783 5282 navigasset
1813 5209 1867 5262 in
1896 5207 2129 5276 Syriam,

545 5324 600 5346 In
628 5306 889 5346 Πμηρῑηιῖα
920 5308 1126 5346 nncilnc
1195 5316 1355 5346 (tamn
1402 5306 1553 5346 ἰιιτιει
1601 5304 1735 5346 locis
1767 5299 2021 5346 mandata
2060 5306 2138 5346 l0-

2226 3125 2323 3190 rit,
2368 3138 2530 3193 quam
2574 3123 2850 3179 Christum
2881 3124 3130 3193 perdere,
3166 3123 3491 3178 Christianae
3529 3122 3812 3193 religioni!

2227 3212 2470 3284 regulam
2513 3212 2742 3277 violare,
2771 3210 3009 3267 Iudaicae
3054 3211 3190 3281 legis
3228 3211 3366 3267 ritus
3395 3210 3673 3278 inducere,
3703 3225 3808 3268 no-

2228 3320 2348 3360 vam
2382 3303 2657 3375 Evangelii
2701 3304 2931 3374 gratiam
2966 3302 3324 3373 impugnare?
3366 3302 3434 3356 Et
3479 3309 3660 3357 tamen
3689 3302 3812 3360 hac

2227 3393 2505 3465 apostolus
2537 3392 2740 3448 Paulus
2782 3394 2835 3447 in
2883 3393 3171 3463 superficie
3221 3393 3418 3449 fecisse
3450 3392 3809 3461 conspicitur,

2230 3501 2299 3541 ne
2325 3485 2378 3539 in
2425 3483 2556 3552 ipsis
2583 3498 2734 3540 novre
2763 3484 2888 3540 fidei
2933 3483 3257 3539 rudimentis
3284 3491 3494 3539 mentes
3522 3482 3702 3539 adhuc
3728 3490 3812 3540 te-

2232 3594 2379 3635 nera:
2407 3578 2661 3634 scandala
2687 3586 3024 3649 paterentur.
3057 3577 3332 3645 Quantum
3363 3592 3596 3647 namque
3621 3577 3676 3632 in
3709 3592 3809 3633 ex-

2231 3671 2521 3727 terioribus
2560 3669 2833 3735 cernitur,
2880 3668 3172 3725 Cerintbus
3213 3676 3269 3723 et
3324 3667 3497 3724 Ebion
3547 3667 3620 3740 nil
3669 3682 3810 3737 pene

2226 3763 2381 3833 pejus
2406 3762 2754 3817 inveniuntur
2775 3762 2952 3833 egisse
2992 3776 3153 3830 quam
3181 3760 3400 3826 Paulus.
3425 3760 3528 3827 Qui
3551 3760 3808 3815 nimirum

2231 3836 2285 3906 in
2313 3850 2588 3907 Christum
2621 3852 2923 3914 credentes,
2959 3858 3180 3919 propter
3207 3849 3312 3904 hoc
3342 3848 3513 3904 solum
3541 3863 3572 3902 a
3613 3863 3812 3918 paren—

2234 3940 2377 3996 tibus
2421 3941 2861 3996 anathematizati
2911 3950 3058 4006 sunt,
3108 3939 3234 4009 quia
3283 3938 3419 4009 legis
3458 3938 3812 3994 caeremonias

2231 4028 2436 4086 Christi
2470 4030 2763 4099 Evangelio
2791 4031 3160 4096 miscuerunt;
3200 4036 3257 4083 et
3298 4028 3376 4082 sic
3405 4042 3542 4082 nova
3571 4025 3810 4084 confessi

2234 4130 2379 4186 sunt,
2408 4129 2470 4176 ut
2497 4130 2686 4191 vetera
2729 4136 2836 4176 non
2882 4128 3177 4175 mutarent.
3212 4118 3317 4174 Sed
3353 4131 3480 4181 ecce
3510 4132 3633 4173 cum
3672 4116 3811 4172 diei-

2236 4220 2343 4277 tur,
2374 4213 2632 4280 quoniam
2656 4210 2894 4299 gacobus
2935 4217 2989 4263 et
3028 4222 3216 4263 omnes
3243 4207 3488 4262 seniores
3514 4206 3616 4261 hoc
3641 4204 3813 4261 Paulo

2238 4307 2523 4363 consilium
2576 4307 2869 4369 dederunt;
2926 4318 3116 4358 omnes
3165 4317 3296 4372 ergo
3347 4300 3614 4371 discipuli,
3666 4301 3812 4371 quod

2236 4400 2437 4456 Paulus
2471 4398 2620 4464 fecit,
2650 4397 2858 4469 pariter
2882 4397 3157 4461 fecerunt;
3188 4409 3353 4450 unum
3385 4393 3595 4449 scilicet
3624 4393 3678 4449 in
3707 4393 3812 4448 hoc

2237 4491 2439 4547 habent
2468 4489 2742 4556 meritum,
2768 4495 2824 4544 et
2845 4488 2938 4559 qui
2968 4487 3117 4550 fecit,
3147 4494 3203 4541 et
3233 4486 3322 4555 qui
3352 4483 3584 4540 faciendi
3613 4483 3812 4540 dedere

2237 4580 2539 4638 consilium.

2310 4671 2367 4727 Si
2413 4686 2544 4741 ergo
2585 4670 2686 4741 ipsi
2738 4670 3013 4742 principes
3066 4670 3276 4735 mundi,
3323 4682 3553 4739 quorum
3604 4666 3815 4738 legibus

2236 4768 2453 4831 parent,
2493 4774 2599 4814 non
2630 4760 2788 4816 modo
2817 4776 2982 4830 regna
3019 4768 3311 4825 terrarum,
3340 4757 3437 4812 sed
3468 4757 3611 4811 ultro
3643 4757 3812 4812 etiam

2239 4848 2503 4906 celsitudo
2541 4849 2830 4913 caelorum,
2861 4864 2970 4904 non
3016 4850 3332 4915 dubitavere
3372 4848 3680 4918 perpaucis,
3720 4847 3814 4918 qui

2236 4949 2363 4995 tunc
2415 4948 2572 4993 erant
2620 4940 2931 4996 hominibus
2982 4940 3037 4994 in
3084 4954 3194 4996 tam
3238 4939 3545 5010 periculoso
3596 4939 3817 5009 negotio

2235 5029 2623 5094 conscendere,
2657 5045 2754 5085 cur
2780 5030 2937 5085 nobis
2966 5031 3154 5099 utique
3182 5028 3445 5099 parvulis,
3481 5038 3536 5084 et
3569 5028 3714 5083 infra
3747 5026 3816 5083 il-

2235 5123 2411 5177 lorum
2440 5120 2668 5190 vestigia
2699 5120 2855 5191 longe
2889 5119 3198 5189 jacentibus
3227 5136 3334 5176 non
3379 5119 3533 5174 licuit
3568 5119 3820 5174 innume-

2208 5210 2395 5266 irabili
2439 5208 2696 5265 Romana:
2737 5209 2900 5265 Urbis
2951 5210 3278 5267 multitudini
3330 5208 3655 5265 subvenire?
3708 5206 3817 5263 Sed

2242 5300 2369 5346 ntiid
2411 5298 2682 5346 annstnlos
2730 5297 3002 5346 loquimur
3050 5297 3365 5346 scandalum
3410 5299 3622 5346 cavisse
3660 5297 3818 5346 debi-
