4080 5346
2907 283 3070 302 ,κνισῆν

349 311 419 365 ’ῖῖ
1272 314 1518 375 ὈῙἚΒΕ.
1555 313 1643 372 ιν.
1682 337 1752 357 -ι
1789 314 1940 372 DlSC

2046 315 2241 371 mro
2281 314 2685 371 svnomus.
2907 291 3028 302 ’Ἦ
3057 291 3070 300 ’
3147 291 3173 304 ’“
3551 312 3621 369 78

351 422 526 492 plum,
565 417 879 474 scandalum
921 423 1240 490 praecaverit
1283 423 1630 481 Judaeorum?
1675 445 1694 478 ι
1724 425 1940 491 Simon,
1970 432 2015 489 Α
2045 426 2189 494 quod
2238 437 2346 481 tam
2401 427 2648 482 districte
2691 424 2986 495 prohibuit,
3038 425 3154 496 ipse
3203 439 3301 496 pro
3354 425 3622 483 charitate

355 512 555 580 inquit,
587 526 741 580 reges
772 513 1038 564 terrarum
1069 528 1098 565 a
1129 515 1324 582 quibus
1351 517 1626 586 accipiunt
1652 518 1936 581 tributum,

356 619 386 656 a
420 603 543 656 filiis
589 603 719 666 suis,
758 619 826 656 an
868 604 936 658 ab
984 604 1210 659 alienis?
1253 623 1360 674 quo
1412 609 1817 678 respondente:
1873 608 1942 662 ab

357 697 585 760 alienis;
624 717 641 746 ι
672 706 874 764 praesto
902 697 1220 768 subjungit:
1259 718 1276 750 t
1309 701 1450 770 Ergo
1482 702 1636 755 liberi
1667 712 1792 754 sunt
1823 701 1941 754 filii.

359 787 429 840 Ut
472 797 656 840 autem
703 801 809 840 non
845 788 1278 844 scandalizemus
1310 805 1424 854 eos,
1469 791 1606 844 vade
1653 791 1718 844 ad
1772 806 1942 856 mare,

356 875 514 930 mitte
547 876 792 937 hamum,
823 885 877 929 et
903 891 1027 930 eum
1057 878 1281 945 piscem,
1311 881 1400 948 qui
1434 881 1584 948 prius
1618 880 1944 944 ascenderit,

355 966 504 1029 tolle,
536 973 593 1019 et
639 977 826 1035 aperto
866 982 961 1019 ore
1005 966 1124 1034 ejus
1172 970 1414 1024 invenies
1449 981 1753 1024 staterem:
1798 973 1946 1024 illum

354 1073 598 1120 sumens,
639 1059 704 1110 da
752 1057 832 1110 eis
874 1073 973 1127 pro
1017 1074 1104 1112 me
1136 1070 1192 1112 et
1240 1069 1292 1114 te
1334 1059 1548 1130 (Matth.
1613 1060 1769 1132 xvn).
1804 1080 1821 1112 ι
1867 1062 1947 1116 Ad

354 1147 693 1202 moliendum
729 1162 862 1217 ergo
909 1149 1143 1218 rigorem
1188 1152 1529 1205 rectitudinis
1561 1153 1625 1206 ad
1658 1152 1945 1206 tenendam

354 1238 610 1293 virtutem
644 1240 1011 1305 discretionis,
1043 1242 1086 1294 si
1119 1243 1212 1296 tibi
1253 1243 1445 1297 Petrus
1488 1260 1591 1298 non
1637 1243 1834 1299 suﬂicit
1881 1247 1946 1298 ad

355 1329 689 1398 exemplum,
719 1329 885 1400 junge
929 1331 1087 1384 simul
1118 1342 1170 1385 et
1201 1331 1450 1388 Paulum.
1477 1333 1628 1398 Quod
1653 1335 1696 1388 si
1727 1336 1942 1402 procaci

353 1422 716 1477 contumaciae
760 1433 1039 1492 nequeunt
1079 1433 1309 1495 uterque
1345 1425 1611 1489 sufﬁcere,
1655 1429 1854 1497 pudeat
1899 1438 1948 1482 te

352 1511 497 1564 ultra
523 1509 708 1565 Iesum
737 1526 836 1580 per
861 1511 1167 1568 dicacitatis
1199 1514 1459 1584 ineptiam
1487 1517 1738 1585 prosilire
1762 1535 1774 1569 :
1807 1535 1824 1568 ‹
1857 1517 1944 1572 Fi-

354 1602 441 1655 nis
482 1601 629 1654 enim
665 1601 798 1671 legis
825 1601 1074 1657 Christus
1101 1603 1168 1658 ad
1207 1604 1476 1674 justitiam
1506 1607 1656 1660 omni
1703 1608 1945 1662 credenti

354 1693 532 1765 (Rom.
565 1694 645 1768 ι).
684 1714 704 1748 ι

911 1783 1067 1855 Regis
1107 1785 1408 1840 advocatus.

425 1874 786 1930 Discretionis
814 1876 1073 1929 virtutem
1123 1885 1201 1932 tot
1247 1876 1651 1947 Scripturarum
1701 1879 1943 1933 testium-

354 1966 465 2021 niis
489 1966 846 2034 approbatam
880 1967 1187 2036 improbare
1215 1984 1319 2021 non
1349 1971 1365 1988 ‘
1398 1983 1616 2035 sumus;
1648 1972 1740 2024 sed
1777 1971 1942 2036 absit,

347 2066 412 2109 ut
441 2056 550 2111 ulla
581 2057 751 2112 virtus
778 2057 851 2112 sit
881 2065 989 2111 tam
1027 2057 1272 2113 sublimis
1291 2059 1398 2128 62
1425 2068 1604 2115 tamve
1648 2062 1940 2130 przecipua,

349 2154 508 2223 cujus
561 2155 805 2210 tenendae
857 2156 1037 2211 studio
1088 2156 1142 2210 in
1205 2156 1565 2212 anathetnatis
1621 2159 1941 2212 barathrum

350 2258 614 2300 corruere
639 2246 953 2301 debeamus.
984 2245 1117 2300 Nam
1149 2262 1270 2300 cum
1301 2263 1484 2312 omne,
1519 2251 1662 2318 quod
1694 2249 1850 2302 nobis
1877 2264 1944 2302 ex

350 2339 537 2394 divina
568 2339 688 2409 lege
715 2340 1053 2410 praecipitur,
1084 2341 1149 2395 ad
1182 2342 1283 2394 huc
1322 2341 1507 2410 procul
1538 2341 1700 2396 dubio
1731 2343 1937 2404 tendat,

349 2441 411 2484 ut
443 2445 543 2484 nos
575 2430 819 2486 Creatori
853 2441 1040 2486 nostro
1083 2433 1318 2487 societas
1359 2442 1560 2488 :Pterna
1599 2435 1892 2504 conjungat
1924 2451 1937 2487 :

349 2519 396 2574 si
427 2536 526 2575 nos
557 2520 625 2574 ab
654 2535 741 2584 eo,
778 2521 918 2590 quod
950 2520 1112 2585 absit,
1143 2535 1241 2589 per
1282 2522 1681 2577 maledictionis
1727 2532 1947 2576 senten-

351 2609 487 2662 tiam
516 2610 798 2680 contingat
819 2609 1134 2675 abscedere,
1158 2626 1277 2679 qua:
1302 2611 1494 2675 virtus,
1517 2628 1639 2681 qua:
1666 2612 1942 2676 discretio,

351 2711 496 2766 quaz,
523 2700 663 2754 sicut
687 2701 902 2764 dicitur,
929 2701 1017 2769 pia
1042 2702 1350 2771 compassio
1382 2710 1490 2754 tam
1521 2703 1944 2771 incomparabilc

353 2791 614 2844 damnum
647 2792 796 2845 nobis
825 2793 1030 2863 potegit
1057 2795 1446 2863 compensare?
1479 2794 1622 2848 Sane
1651 2795 1696 2848 si
1726 2806 1946 2864 propter

352 2882 460 2936 hoc
491 2881 666 2935 solum
696 2883 866 2937 virtus
896 2886 1186 2954 appetitur,
1225 2893 1284 2938 ut
1314 2885 1701 2955 omnipotentis
1733 2886 1826 2940 Dei
1859 2903 1944 2942 so-

352 2973 529 3027 cietas
559 2974 898 3042 acquiratur,
940 2975 1116 3043 qualis
1147 2974 1262 3043 jam
1310 2976 1402 3031 illa
1450 2978 1624 3031 virtus
1665 2978 1793 3043 erit,
1825 2993 1945 3048 qua:

351 3078 454 3118 nos
478 3079 511 3116 a
539 3064 706 3119 divini
737 3066 1076 3119 contubernii
1102 3067 1363 3122 societate
1393 3067 1636 3135 repellat.

713 3154 971 3222 Defensor
1011 3154 1266 3209 Romana!
1324 3156 1594 3209 Ecclesiw.

423 3243 557 3297 llaec
595 3259 694 3297 cur
736 3245 1108 3318 prosequaris,
1157 3246 1284 3315 quia
1335 3245 1492 3302 nobis
1536 3245 1749 3300 occulta
1797 3255 1940 3312 sunt,

349 3333 642 3389 evidenter
665 3348 892 3405 expone.

889 3428 1076 3498 Regius
1117 3430 1427 3484 advocatus.

426 3517 719 3591 Synodalis
747 3522 889 3574 enim
913 3522 1113 3576 decreti
1143 3522 1358 3591 pagina,
1385 3537 1548 3591 quam
1576 3537 1698 3576 cum
1730 3521 1944 3578 concilii

349 3611 527 3665 totius
552 3625 776 3664 assensu
823 3611 1014 3666 beatus
1045 3611 1300 3667 Nicolaus
1331 3627 1467 3682 papa
1512 3612 1815 3679 constituit,
1856 3614 1942 3670 cui

349 3699 594 3768 propria:
621 3715 811 3752 manus
841 3700 1128 3754 articulum
1174 3700 1390 3766 indidit,
1417 3717 1582 3770 quam
1628 3711 1706 3756 tot
1734 3702 1939 3771 episco‘

351 3805 550 3859 parum
578 3788 944 3855 venerandus,
983 3790 1321 3859 celebrisque
1361 3801 1662 3845 conventus
1709 3791 1945 3846 subscri-

351 3880 544 3951 ptione
588 3879 844 3943 ﬁrmavit,
875 3883 1238 3937 anathematis
1283 3882 1498 3937 vinculo
1539 3881 1696 3951 juxta
1739 3897 1944 3937 morem

350 3987 550 4029 carere
596 3987 705 4026 non
733 3973 926 4042 potuit.
971 3974 1124 4029 Unde
1149 3989 1247 4029 vos
1290 3989 1390 4043 pro
1434 3975 1828 4043 compassioue,
1859 3973 1945 4028 vel

351 4064 842 4129 condescensione,
894 4066 1100 4130 nescio,
1151 4081 1314 4135 quam
1357 4065 1538 4120 dicitis
1583 4064 1812 4120 furentis
1854 4080 1949 4135 po-

347 4156 490 4225 puli,
524 4169 875 4222 nequaquam
915 4157 1278 4224 vosmetipsos
1309 4155 1580 4209 deberetis
1616 4165 1722 4207 tam
1755 4157 1945 4209 ineno-

351 4244 576 4299 dalibus
597 4245 879 4298 sententia:
900 4246 1127 4300 nexibus
1152 4247 1387 4299 irretire.
1415 4243 1720 4297 Ridiculum
1748 4245 1946 4314 quippe

349 4347 461 4401 est,
489 4337 573 4391 sic
599 4337 850 4390 obrutum
885 4338 949 4392 de
978 4338 1235 4407 voragine
1281 4336 1474 4390 marini
1502 4335 1702 4389 fluctus
1731 4351 1943 4399 eruere,

351 4439 413 4482 ut
435 4431 559 4498 ipse
586 4429 940 4498 compellatur
967 4441 1185 4500 ereptor
1209 4429 1310 4484 sub
1333 4429 1557 4483 undosis
1582 4428 1941 4498 procellarum
1979 4486 2002 4500 ,,

352 4519 731 4592 spumantium
764 4521 992 4576 cumulis
1028 4535 1333 4576 remanere.

726 4610 982 4679 Defensor
1016 4611 1273 4664 Rommuc
1313 4608 1582 4664 Ecclesia’.

427 4701 574 4756 Cum
604 4701 717 4756 haec
746 4701 1106 4756 inconsultius
1133 4700 1392 4769 loqueris,
1423 4701 1816 4753 amiabatarum
1850 4699 1945 4752 ad-

352 4807 581 4848 versum
611 4807 694 4846 me
727 4791 1132 4862 moreconlligis
1159 4791 1293 4861 (vide
1308 4785 1663 4859 scholia),qni
1693 4788 1946 4842 nimirum

357 4885 490 4939 dum
527 4883 729 4938 clausis
774 4897 986 4952 semper
1033 4882 1208 4936 oculis
1251 4890 1514 4951 pugnant,
1557 4880 1692 4934 alios
1729 4879 1946 4947 quidem

357 4976 676 5040 vulnerant,
727 4975 824 5030 sed
868 4976 1136 5044 quomodo
1189 4974 1509 5042 semetipsos
1558 4987 1588 5024 a
1637 4970 1947 5025 vulneribus

358 5075 636 5130 tueantur,
671 5066 942 5136 ignorant.
968 5066 1113 5119 Dicis
1137 5066 1262 5134 quia
1314 5077 1657 5132 nequaquam
1688 5062 1945 5115 debemus

361 5155 413 5184 ἔκ
447 5156 740 5184 η--Αιιιηηιη
778 5169 1029 5184 anno-"nun
1085 5155 1246 5184 nl:n-n
1297 5153 1338 5184 εἶ
1388 5168 1485 5184 I\nﬂ
1525 5153 1626 5184 ιδηιο
1672 5149 1912 5184 ν’)ΙιιιὶιῐὶΙΙ

2045 515 2272 570 fratrum
2326 517 2750 580 infirmantium,
2801 531 2870 570 ne
2922 516 3237 571 scandalum
3280 524 3619 585 paterentur,

2046 606 2305 672 implevit.
2354 608 2507 674 Quod
2557 606 2702 661 enim
2749 605 2945 673 majus,
2986 599 3112 662 sive.
3143 607 3383 686 deterius
3422 609 3623 678 poterit

2045 698 2166 766 quis
2190 700 2475 752 anathema
2505 699 2708 762 subire,
2738 711 2899 766 quam
2925 699 3010 752 eui
3039 707 3289 767 negatum
3321 706 3425 764 est,
3455 697 3622 754 Chri-

2047 799 2188 840 suum
2217 803 2314 855 pro
2357 787 2438 840 sui
2471 795 2652 841 reatus
2679 781 3344 855 damnatione‘prodesse?
3370 787 3504 842 Nam
3534 788 3623 843 cui

2046 877 2294 933 Christus
2328 892 2433 933 non
2467 879 2709 948 prodest,
2754 877 2940 947 procul
2985 878 3148 933 dubio
3192 881 3480 935 anathema
3512 889 3618 948 est,

2046 969 2287 1038 nihilque
2317 980 2399 1024 est
2443 969 2588 1022 aliud
2628 969 2914 1023 anathema
2947 969 3245 1036 quemlibet
3277 969 3416 1036 fieri,
3443 970 3549 1026 nisi
3587 985 3621 1024 a

2046 1058 2269 1121 Christi,
2301 1058 2354 1111 in
2387 1073 2493 1127 quo
2535 1058 2933 1111 benedicuntur
2961 1072 3151 1112 omnes
3195 1067 3405 1128 gentes,
3451 1060 3625 1115 socie-

2048 1157 2158 1201 tate
2201 1147 2408 1217 repelli.
2441 1148 2498 1203 Si
2529 1163 2660 1219 ergo
2700 1148 2897 1204 Paulus
2925 1149 3028 1205 hoc
3057 1152 3344 1206 anathema
3373 1168 3471 1222 pro
3493 1153 3625 1207 cha-

2048 1242 2208 1296 ritate
2230 1241 2460 1296 fratrum
2486 1243 2668 1297 subire
2693 1259 2798 1298 non
2829 1244 3029 1310 timuit,
3057 1244 3164 1298 imo
3185 1260 3407 1314 prorsus
3428 1246 3622 1310 evasit,

2047 1348 2167 1388 cum
2192 1348 2297 1388 non
2337 1335 2770 1404 qualemcunque
2797 1334 3098 1400 hominem,
3128 1336 3222 1390 sed
3251 1335 3624 1392 Christianum

2046 1426 2231 1494 utique
2257 1425 2578 1496 discipulum
2625 1427 2999 1494 circumcidit;
3043 1439 3121 1492 tu,
3154 1443 3355 1496 quaeso,
3388 1427 3479 1482 ubi
3507 1443 3626 1483 cor—

2048 1519 2130 1572 dis
2173 1519 2358 1574 oculos
2388 1519 2638 1584 amisisti,
2671 1522 2760 1589 qui
2783 1560 2798 1586 ,
2827 1521 2970 1590 quod
3009 1519 3298 1590 Apostolus
3336 1521 3486 1586 fecit,
3519 1537 3629 1578 non

2048 1610 2355 1665 faciendum
2382 1627 2503 1668 esse
2532 1614 2787 1668 testaris?
2810 1614 2926 1684 Ipse
2951 1614 3094 1669 enim
3120 1615 3284 1670 dicit:
3316 1634 3333 1667 ι
3361 1614 3630 1682 Quaecun-

2047 1719 2152 1771 que
2198 1705 2399 1774 scripta
2449 1716 2604 1772 sunt,
2658 1707 2727 1762 ad
2778 1715 3020 1762 nostram
3070 1707 3375 1763 doctrinam
3423 1710 3629 1779 scripta

1977 1773 2019 1832 Β
2050 1804 2174 1849 sunt
2207 1773 2387 1866 (Rom.
2419 1796 2534 1867 xv).
2571 1817 2588 1849 ι

2492 1889 2599 1960 63
2635 1887 2826 1960 Regius
2869 1889 3176 1945 advocatus.

2118 1976 2421 2032 Verisimile
2488 1986 2570 2032 est
2641 1979 2791 2048 quia,
2839 1981 2979 2034 sicut
3023 1979 3222 2036 Paulus
3281 1980 3627 2051 coapostolus

2045 2083 2200 2121 suum
2252 2067 2471 2122 Petrum
2523 2068 2590 2123 de
2625 2069 2936 2138 judaizandi
2984 2070 3223 2123 rediviva
3271 2070 3630 2140 usurpatione

2044 2157 2335 2228 corripuit;
2382 2159 2453 2212 ita
2495 2157 2848 2212 nihilominus
2891 2159 3030 2212 etin
3069 2160 3443 2229 semeptisum,
3472 2169 3626 2230 post-

2045 2263 2206 2317 quam
2249 2247 2575 2318 discipulum
2623 2243 3065 2314 circumciderat,
3109 2248 3493 2320 reprehendit:
3526 2266 3630 2307 nec

2046 2339 2177 2392 mihi
2211 2340 2314 2393 hoc
2343 2339 2501 2392 aliter
2531 2351 2768 2407 unquam
2797 2334 2996 2407 poterit
3020 2340 3360 2408 persuaderi,
3387 2338 3488 2394 nisi
3518 2337 3628 2394 for-

2047 2424 2206 2483 lassis
2230 2430 2287 2481 in
2317 2428 2435 2499 ejus
2460 2428 2638 2482 verbis
2663 2426 3007 2498 aliquatenus
3034 2428 3214 2483 valeat
3244 2428 3494 2484 inveniri.

2404 2521 2662 2590 Defensor
2706 2519 2960 2574 Romana:
2999 2519 3270 2576 Ecclesiae.

2118 2611 2190 2666 Ut
2218 2611 2395 2666 nullus
2422 2611 2792 2680 ambiguitatis
2819 2628 3003 2667 naevus
3033 2612 3085 2666 in
3117 2622 3208 2666 tua
3240 2621 3422 2668 mente
3450 2627 3628 2668 rema-

2047 2713 2193 2766 neat,
2225 2712 2283 2755 ut
2312 2702 2461 2755 nulla
2489 2718 2585 2756 cor
2625 2712 2776 2756 tuum
2808 2717 2970 2772 super
3001 2703 3106 2758 hoc
3136 2701 3350 2774 negotio
3375 2704 3628 2774 deinceps

2047 2790 2221 2861 caligo
2243 2787 2564 2856 confundat,
2595 2791 2719 2844 andi
2748 2786 2876 2860 quid
2923 2791 3061 2845 idem
3099 2789 3302 2845 Paulus
3331 2788 3397 2847 ad
3426 2791 3630 2846 Roma-

2046 2898 2146 2935 nos
2177 2882 2359 2935 dicat:
2400 2900 2417 2932 ι
2449 2882 2746 2936 Veritatem
2777 2882 2898 2936 dico
2939 2881 2993 2935 in
3036 2881 3277 2948 Christo,
3321 2897 3430 2936 non
3471 2895 3628 2937 men-

2048 2977 2173 3040 tior,
2204 2977 2578 3031 testimonium
2618 2971 2746 3030 mihi
2795 2976 3115 3045 perhibente
3146 2976 3478 3032 conscientia
3510 2991 3630 3032 mea

2050 3066 2105 3119 in
2133 3066 2338 3136 Spiritu
2364 3076 2573 3131 sancto,
2599 3067 2853 3137 quoniam
2886 3067 3102 3120 tristitia
3123 3075 3206 3120 est
3248 3066 3378 3120 mihi
3410 3082 3627 3138 magna,

1971 3136 2017 3198 θ
2049 3167 2104 3212 et
2141 3157 2432 3211 continuus
2459 3136 2624 3210 dolor
2656 3157 2806 3211 cordi
2840 3171 2990 3221 meo;
3038 3157 3290 3225 optabam
3326 3157 3471 3212 enim
3509 3136 3633 3228 ipse

2047 3248 2338 3302 anathema
2387 3261 2508 3302 esse
2553 3263 2582 3300 a
2629 3245 2849 3302 Christo
2888 3261 2990 3317 pro
3036 3247 3297 3301 fratribus
3338 3247 3500 3314 meis,
3539 3248 3634 3316 qui

2046 3349 2175 3394 sunt
2201 3339 2416 3408 cognati
2447 3337 2550 3392 mei
2581 3337 2877 3392 secundum
2905 3351 3144 3398 carnem,
3181 3332 3272 3405 qui
3301 3345 3428 3390 sunt
3456 3336 3632 3390 lsrae-

2045 3430 2153 3486 lita:
2182 3429 2359 3502 (Rom.
2386 3425 2485 3498 ix).
2522 3448 2541 3481 ι
2569 3421 2712 3484 Ecce
2735 3421 2956 3492 Paulus,
2990 3442 3112 3481 cum
3129 3441 3237 3480 non
3265 3427 3338 3481 sit
3365 3427 3506 3481 sicut
3531 3441 3633 3481 nos

2045 3522 2371 3578 necessitate
2397 3528 2638 3585 coactus,
2671 3528 2862 3589 sponte
2901 3534 2964 3573 ac
3005 3519 3312 3574 voluntarie
3357 3518 3632 3574 desiderat

2047 3615 2335 3668 anathema
2375 3628 2497 3668 esse
2539 3627 2637 3682 pro
2669 3611 2966 3677 fratribus;
3010 3620 3066 3667 et
3105 3621 3160 3665 tu
3205 3612 3333 3666 mihi
3373 3612 3634 3682 preponis

2047 3706 2338 3760 anathema
2386 3704 2706 3768 timendum,
2755 3704 2842 3758 ubi
2886 3718 2970 3757 me
3002 3703 3284 3772 perspicis,
3315 3714 3371 3758 et
3402 3704 3633 3760 inevita-

2047 3796 2137 3851 bili
2168 3811 2398 3866 prorsus
2429 3796 2762 3849 necessitate
2789 3793 2955 3848 fuisse
2976 3794 3352 3857 constrictum,
3375 3802 3432 3848 et
3457 3793 3636 3849 chari-

2050 3887 2174 3939 tatis
2213 3885 2413 3948 studio,
2446 3899 2515 3938 ne
2560 3893 2704 3937 tan-ta
2747 3881 2977 3936 fratrum
3014 3882 3306 3936 multitudo
3331 3893 3633 3948 corrueret,

2051 3973 2393 4028 inclinatum.
2445 3973 2587 4027 Audi
2635 3971 2798 4026 etiam
2855 3965 2985 4040 quid
3032 3969 3242 4042 Moyses
3296 3986 3395 4042 pro
3439 3971 3636 4043 populo

2048 4065 2348 4119 Israelitico
2371 4064 2648 4133 postulans
2676 4063 2820 4117 dicat
2847 4081 2859 4115 :
2895 4082 2912 4114 ί
2947 4063 3206 4128 Obsecro,
3242 4063 3486 4131 Domine,
3511 4080 3637 4134 pec-

2050 4157 2196 4212 cavit
2235 4155 2460 4224 popnlus
2489 4156 2588 4209 iste
2634 4163 2910 4222 peccaturo
2945 4169 3218 4222 maguum,
3248 4153 3494 4209 fecerunt
3532 4156 3634 4210 sibi

2051 4248 2182 4299 deos
2207 4260 2402 4298 aureos
2430 4263 2441 4295 :
2470 4255 2561 4296 aut
2583 4245 2792 4296 dimitte
2817 4245 2897 4296 eis
2924 4244 3064 4296 hanc
3095 4259 3311 4307 noxam,
3334 4253 3427 4298 aut
3451 4245 3495 4298 si
3527 4261 3632 4300 non

2051 4335 2243 4398 facias,
2273 4335 2389 4389 dele
2420 4350 2506 4388 tne
2547 4334 2613 4387 tle
2655 4333 2792 4386 libro
2829 4342 2920 4386 tuo
2950 4349 3107 4401 quem
3137 4335 3400 4404 scripsisti
3434 4334 3633 4406 (Exod.

2051 4434 2231 4491 xxiii).
2262 4444 2279 4475 ι
2330 4425 2483 4490 Quod
2515 4423 2768 4478 nimirum
2803 4434 2933 4477 tunc
2964 4423 3197 4494 pleniter
3241 4424 3354 4489 ﬁet,
3384 4441 3506 4480 eum
3544 4443 3636 4484 re-

2051 4514 2235 4584 probis
2283 4514 2334 4566 in
2369 4511 2576 4579 judicio
2618 4513 2784 4566 dicit:
2837 4531 2854 4562 ι
2887 4512 2986 4574 lle,
3023 4513 3310 4576 maledicti,
3355 4515 3406 4568 in
3457 4516 3634 4585 ignem

2053 4617 2318 4657 :etcrnum
2361 4602 2578 4671 (illailla.
2629 4603 2775 4670 xxv).
2821 4622 2837 4652 ι
2892 4602 3030 4657 Ecce
3075 4601 3203 4656 hinc
3242 4602 3441 4656 Paulus
3485 4614 3639 4673 optat

2052 4696 2342 4749 anathema
2374 4708 2472 4760 pro
2501 4692 2757 4746 fratribus
2786 4691 2932 4757 ﬁeri;
2965 4706 3090 4747 cccc
3128 4690 3275 4744 illinc
3304 4691 3514 4761 Moyses
3541 4709 3637 4762 po-

2053 4785 2221 4840 stulat
2255 4800 2322 4838 ex
2354 4782 2446 4836 Dei
2489 4784 2623 4839 libro
2665 4797 2762 4850 pro
2800 4781 3004 4850 populi,
3037 4795 3194 4850 quem
3226 4781 3480 4847 ducebat,
3509 4785 3638 4838 cha-

2057 4881 2218 4932 ritate
2247 4877 2444 4942 deleri,
2482 4887 2534 4932 ct
2573 4876 2685 4932 sola
2729 4874 2971 4927 Romana
3013 4871 3272 4933 Ecclesia,
3304 4887 3424 4941 quae
3465 4876 3641 4943 pieta-

2055 4980 2188 5035 tem,
2219 4980 2273 5024 et
2301 4971 2625 5023 charitatem
2657 4975 2767 5020 tuto
2788 4974 3056 5018 terrarum
3078 4961 3207 5017 orbe
3225 4963 3556 5030 specialiter,
3589 4972 3642 5018 ct

2056 5058 2438 5131 principaliter
2467 5061 2643 5121 docet,
2673 5072 2737 5108 ex
2771 5051 3176 5108 imminentibus
3200 5061 3252 5105 et
3271 5051 3384 5120 jam
3413 5054 3643 5108 vibratis

2921 5163 3054 5184 mm:
3093 5144 3331 5184 numidia
3361 5159 3459 5184 nnr
3503 5146 3641 5184 carri

2056 5154 2295 5184 ιιιὶίιῖηιιη
2324 5152 2516 5184 ηιηιδῖίι·
2738 5161 2863 5184 εηηε
