4106 6310
484 341 552 396 το
907 330 992 390 $.-
1003 333 1207 390 PETRI
1247 332 1528 388 DAMIANI
1562 331 1716 390 OPP.
1757 327 1994 386 TOMUS
2036 328 2168 385 SEU
2205 329 2385 386 PARS
2422 329 2512 386 Ill.
2547 357 2622 372 —
2655 330 3018 390 OPUSCULA
3049 331 3276 386 VARIA.
3661 336 3730 392 80

485 455 752 512 liberavit.
786 455 880 510 Vis
905 453 1093 508 audire
1121 450 1249 519 quid
1277 451 1440 504 etiam
1471 450 1538 504 de
1566 449 1684 516 ipso
1711 445 1858 511 Iesu,
1891 445 2056 500 totius
2085 452 2131 506 Α
2155 443 2296 512 juris
2326 446 2570 512 amittat;
2603 454 2658 500 et
2704 462 2864 515 quem
2894 457 3114 500 auctore
3162 445 3272 499 Deo
3300 444 3440 500 votis
3476 447 3730 504 omnibus

485 544 876 602 benedictionis
897 551 1142 606 auctore,
1170 541 1310 594 idem
1335 538 1623 610 Apostolus
1647 536 1828 592 dicat?
1852 553 1872 588 ι
1900 535 2052 590 Chri-

486 645 621 701 stus,
675 634 871 704 inquit,
923 641 984 687 ut
1030 646 1130 686 nos
1174 630 1430 685 liberaret
1473 643 1505 682 a
1552 627 1860 682 maledictio
1900 625 2054 693 legis,

485 724 664 778 factus
689 731 773 778 est
802 719 1146 776 maledictum
1195 717 1339 788 (Gal.
1366 717 1473 787 ιιι).
1510 736 1531 769 ι
1568 715 1625 770 Si
1654 730 1784 784 ergo
1814 715 1928 784 ipse
1954 729 2054 768 au-

469 823 605 866 ctor
645 809 1038 867 benedictionis
1064 818 1302 871 aeternae,
1341 815 1400 861 ut
1445 821 1544 862 nos
1571 822 1601 860 a
1632 805 1851 860 vinculo
1888 805 2056 859 male-

486 903 736 957 dictionis
792 900 1130 962 absolveret,
1181 896 1549 952 maledictioui
1600 911 1708 950 non
1765 905 1850 950 est
1908 893 2058 948 dedi-

486 999 681 1058 gnatus
730 990 1047 1058 subjacere:
1092 987 1136 1042 si
1179 985 1356 1042 sancti
1405 986 1606 1054 quique
1643 984 1730 1040 vel
1790 983 1927 1039 Novi
1970 982 2057 1037 vel

486 1078 700 1133 Veteris
724 1076 1075 1139 Testamenti,
1101 1075 1227 1130 dum
1252 1073 1334 1129 sui
1355 1074 1545 1143 capitis
1570 1074 1848 1127 imitantur
1868 1087 2057 1127 exem-

485 1169 653 1238 plum.
697 1176 751 1223 et
797 1167 1024 1222 infirmis
1062 1165 1350 1220 subvenire
1401 1163 1658 1218 fratribus
1702 1163 1756 1217 in
1804 1161 2058 1232 periculis

485 1257 894 1326 concupiscunt,
924 1264 977 1309 et
1004 1252 1361 1308 anathematis
1388 1252 1567 1306 subire
1590 1251 1910 1306 sententiam
1939 1250 2058 1304 nul-

469 1348 700 1403 “latenus
742 1347 1200 1416 perhorrescunt:
1235 1360 1332 1399 cur
1363 1360 1525 1398 unum
1562 1345 1694 1398 mihi
1726 1343 1915 1398 niteris
1958 1343 2059 1396 im-

485 1451 680 1509 putare
719 1447 1018 1510 peccatum,
1064 1445 1118 1491 et
1166 1437 1487 1490 charitatem
1531 1436 1596 1492 ad
1631 1437 1733 1490 hoc
1781 1434 2059 1489 induxisse

487 1547 594 1586 non
617 1529 898 1600 perspicis,
922 1544 1042 1599 qua:
1063 1527 1236 1597 operit
1259 1525 1652 1580 multitudinem
1677 1534 2023 1594 peccatorum
2037 1524 2062 1576 ἲ

487 1622 540 1694 (1
571 1621 686 1675 Pet.
720 1620 820 1690 Iv.)
859 1617 1138 1687 Quomodo
1179 1626 1360 1671 autem
1389 1632 1474 1671 me
1499 1615 1784 1685 cujuslibet
1825 1613 2061 1668 hominis

486 1714 753 1768 sententia
785 1712 936 1782 ligat,
981 1725 1139 1780 quem
1187 1708 1425 1762 charitas
1465 1708 1602 1776 ipsa,
1638 1721 1758 1776 quae
1799 1705 1945 1760 Deus
1977 1710 2061 1758 est

2156 535 2531 604 przestolamur
2565 536 2630 590 ad
2676 536 2952 604 imperiale
2996 534 3289 605 fastigium,
3321 551 3424 590 non
3463 539 3730 606 permitti-

2156 642 2278 680 mus
2305 626 2374 681 ob
2405 626 2638 681 alienam
2681 627 2892 697 culpam
2933 627 3094 697 regia:
3123 628 3401 696 dignitatis
3447 628 3730 686 incurrere

2156 715 2559 769 detrimentum.

2228 801 2333 856 Sed
2364 810 2424 856 ut
2452 810 2621 856 totam
2653 803 2907 858 inaudita:
2935 803 3260 859 calamitatis
3283 812 3481 860 nostra:
3507 819 3728 876 percur-

2154 907 2340 946 ramus
2386 893 2693 958 historiam,
2745 893 3050 963 Stephanus
3100 894 3393 952 cardinalis
3446 899 3729 969 presbyter

2157 979 2465 1049 apostolicae
2507 981 2668 1045 sedis,
2710 981 2794 1034 vir
2831 982 3082 1037 videlicet
3133 991 3298 1038 tantae
3343 986 3625 1054 gravitatis
3674 997 3731 1043 et

2159 1069 2460 1124 honestatis
2487 1070 2662 1125 nitore
2704 1071 3059 1140 conspicuus;
3096 1073 3262 1126 tantis
3304 1073 3560 1143 denique,
3591 1076 3728 1132 sicut

2157 1175 2263 1214 non
2318 1161 2609 1215 obscurum
2657 1170 2771 1223 est.
2829 1162 3088 1216 virtutum
3141 1162 3364 1220 ﬂoribus
3413 1163 3727 1234 insignitus,

2157 1265 2280 1304 eum
2349 1251 2686 1319 aspostolicis
2751 1251 2947 1306 litteris
2995 1253 3060 1306 ad
3111 1252 3290 1307 aulam
3352 1256 3557 1324 regiam
3602 1257 3732 1312 mis-

2158 1352 2284 1405 sus,
2335 1337 2404 1392 ab
2449 1338 2637 1394 aulicis
2680 1339 3209 1397 administratoribus
3255 1358 3362 1398 non
3406 1353 3491 1400 est
3530 1347 3733 1400 admis-

2157 1445 2283 1496 sus;
2333 1429 2428 1485 sed
2485 1447 2583 1500 per
2631 1433 2870 1503 quinque
2918 1434 3028 1489 fere
3075 1435 3211 1500 dies,
3267 1436 3334 1492 ad
3381 1436 3445 1490 Β.
3481 1437 3626 1494 Petri
3676 1449 3734 1495 et

2158 1521 2461 1591 apostolicce
2485 1522 2628 1576 sedis
2651 1522 2923 1591 injuriam,
2950 1541 3062 1596 pra:
3092 1525 3298 1582 foribus
3323 1530 3518 1584 mansit
3544 1530 3731 1584 exclu-

2159 1630 2270 1670 sus.
2310 1615 2463 1682 Quod
2497 1617 2608 1683 ille,
2637 1627 2822 1686 utpote
2853 1620 2935 1674 vir
2975 1622 3180 1692 gravis,
3209 1633 3264 1678 et
3291 1625 3525 1693 patiens,
3553 1642 3733 1696 :equa-

2161 1706 2380 1760 nimiter
2411 1707 2558 1767 tulit;
2601 1707 2762 1778 legati
2805 1718 2985 1764 tamen
3029 1710 3288 1778 ofﬁcium,
3326 1729 3434 1782 quo
3478 1715 3734 1786 fungeba-

487 1802 538 1871 (I
564 1801 723 1856 Joan.
763 1803 861 1871 Iv),
905 1798 1133 1855 liberat?
1173 1797 1470 1852 Erubescat
1509 1810 1638 1866 ergo
1669 1794 1889 1849 humani
1920 1808 2054 1847 ana-
2089 1783 2131 1840 Β
2163 1803 2267 1858 tur,
2311 1793 2535 1862 implere
2588 1810 2692 1850 non
2741 1798 2938 1866 potuit.
2987 1796 3240 1853 Clausum
3295 1800 3498 1870 itaque,
3556 1783 3734 1875 signa-

485 1892 741 1946 thematis
769 1892 1083 1960 impulator,
1114 1903 1236 1943 cum
1262 1887 1372 1958 64
1395 1902 1492 1956 per
1520 1884 1804 1941 cbaritatis
1827 1884 2058 1956 gratiam

480 1997 696 2056 mecum
723 1982 794 2037 sit
818 1989 1034 2036 aeterna:
1060 1979 1454 2035 benedictionis
1481 1977 1738 2032 indultor.

1005 2070 1202 2141 Regius
1240 2069 1545 2123 advocatus.

556 2163 868 2233 Cuicunque
937 2162 988 2216 in
1036 2159 1400 2230 disputatione
1435 2157 1664 2213 certanti
1701 2157 1904 2212 veritas
1946 2158 2058 2227 ipsa

477 2251 768 2317 defecerit,
808 2251 1049 2321 ineptum
1094 2257 1178 2304 est
1224 2249 1400 2304 adhuc
1439 2263 1536 2317 per
1580 2247 1834 2318 ambages
1898 2257 2060 2316 atque

485 2339 756 2393 versutias
812 2336 1160 2408 pertinaciter
1208 2336 1342 2402 niti;
1393 2335 1678 2392 ridiculum
1729 2347 1812 2391 est
1857 2335 2059 2391 diutius

481 2429 669 2484 verbis
695 2429 1078 2498 prolixioribus
1107 2428 1386 2483 immorari
1417 2447 1430 2481 :
1459 2429 1524 2482 de
1550 2427 1763 2483 vinculo
1790 2427 2056 2498 siquidem

490 2521 870 2584 anathematis,
919 2535 1026 2589 quo
1069 2528 1119 2574 te
1165 2520 1428 2574 hactenus
1468 2518 1774 2572 arbitrabar
1811 2517 2058 2587 astringi,

491 2613 568 2666 ita
600 2621 654 2667 te
695 2612 905 2665 naviter
933 2609 1220 2680 expedisti,
1265 2619 1323 2664 ut
1351 2608 1486 2664 nihil
1515 2609 1580 2664 de
1606 2617 1805 2664 czetero
1835 2609 1930 2663 tibi
1961 2625 2058 2662 va-

489 2699 598 2756 leat
625 2701 804 2771 objici,
839 2700 910 2753 nil
934 2715 1096 2770 super
1125 2701 1230 2755 hoc
1257 2699 1490 2768 capitulo
1523 2698 1916 2755 rationabiliter
1936 2715 2062 2768 pos-

487 2793 560 2849 sit
589 2791 804 2864 opponi.
831 2791 1212 2846 Verumtamen
1233 2792 1410 2846 adhuc
1432 2791 1561 2846 mihi
1591 2792 1744 2846 video
1773 2790 2056 2845 materiam

490 2896 794 2952 superesse,
839 2896 1001 2950 quam
1034 2881 1126 2935 tibi
1172 2879 1378 2935 valeam
1422 2896 1530 2935 non
1575 2880 1692 2935 sine
1720 2895 1882 2935 causa
1916 2879 2062 2934 relu-

491 2979 668 3027 ctator
693 2969 952 3041 obiicere.
993 2971 1203 3037 Dicitis,
1235 2972 1363 3041 quia
1401 2971 1724 3026 necessitate
1753 2973 2058 3038 constricti,

486 3070 545 3116 et
591 3061 737 3116 velut
783 3061 996 3131 angusti
1043 3061 1300 3130 temporis
1347 3061 1499 3116 brevi
1549 3061 1726 3131 spatio
1774 3063 2060 3129 coarctati,

2159 1891 2376 1951 tumque
2410 1881 2519 1952 65
2549 1885 2864 1954 mysterium
2888 1886 3121 1950 concilii,
3160 1888 3314 1958 cujus
3341 1901 3458 1944 erat
3487 1893 3732 1962 gerulus,

2157 1971 2361 2037 retulit,
2406 1973 2532 2040 quia
2600 1973 2743 2044 regis
2802 1990 2925 2029 cum
2975 1978 3292 2044 praesentari
3353 1983 3734 2050 conspectibus

2157 2063 2440 2118 curialium
2466 2064 2747 2134 plectenda
2776 2067 3052 2122 temeritas
3075 2083 3182 2122 non
3207 2069 3477 2138 permisit.
3515 2071 3573 2127 In
3624 2089 3729 2142 qua

2159 2151 2412 2206 nimirum
2467 2154 2754 2223 inopinata!
2801 2158 3237 2226 praesumptionis
3287 2160 3514 2216 audacia
3580 2171 3729 2220 tanta

2157 2243 2462 2314 disputandi
2495 2245 2772 2300 videretur
2818 2246 2996 2302 inesse
3042 2249 3291 2312 materia,
3324 2259 3384 2304 ut
3435 2260 3490 2306 et
3541 2252 3735 2308 Demo-

2159 2331 2368 2386 sthenis
2428 2332 2789 2403 eloquentiam
2845 2333 3051 2400 vincat,
3105 2345 3160 2391 et
3210 2338 3424 2406 copiam
3476 2340 3736 2397 Tullianae

2160 2419 2434 2476 facultatis
2459 2423 2704 2478 excedat.
2733 2422 2888 2479 Unde
2933 2425 2978 2479 si
3041 2426 3302 2484 vellemus
3341 2427 3592 2497 injuriam
3641 2449 3736 2488 no-

2159 2520 2329 2565 stram
2353 2511 2651 2567 districtius
2677 2513 2946 2583 persequi,
2966 2514 3089 2584 jure
3111 2530 3392 2584 possemus
3417 2520 3736 2588 obtendere,

2159 2603 2286 2673 quia
2319 2618 2417 2659 vos
2448 2603 2705 2658 Romana:
2749 2603 3033 2670 Ecclesiae,
3065 2608 3422 2676 vosmetipsos
3454 2610 3568 2679 ipso
3595 2610 3735 2667 dono

2160 2693 2432 2765 privastis,
2461 2694 2552 2765 qui
2590 2693 2796 2750 scilicet
2820 2695 2869 2749 ei
2893 2694 3189 2767 prmjudicii
3225 2699 3388 2752 vestri
3415 2701 3584 2769 gratis
3608 2716 3736 2757 mn-

2161 2784 2434 2840 tumeliam
2462 2785 2737 2841 intulistis.
2764 2786 2858 2855 ille
2886 2787 3085 2858 quippe
3127 2787 3304 2842 foedus
3338 2791 3592 2846 amicitiae
3620 2794 3735 2848 vio-

2162 2877 2257 2943 lat,
2286 2880 2376 2948 qui
2427 2879 2596 2950 gratis
2647 2880 2878 2934 amicum
2927 2896 3024 2950 per
3069 2879 3385 2936 offensionis
3435 2883 3737 2940 molestiam

2161 2967 2358 3037 pulsat.
2389 2968 2525 3021 Nam
2554 2976 2609 3021 et
2637 2967 2897 3022 Dominus
2925 2967 3124 3023 Judmis
3153 2985 3251 3038 per
3287 2970 3575 3027 Jeremiam
3603 2975 3679 3028 ait
3719 2991 3736 3027 :

2169 3075 2186 3108 ι
2222 3057 2356 3113 Ecce
2381 3057 2570 3112 feriam
2599 3058 2779 3112 domui
2806 3058 2991 3124 Israel,
3039 3069 3094 3114 et
3134 3061 3318 3115 domui
3369 3061 3504 3117 .luda
3560 3063 3740 3122 foedus

488 3165 828 3220 nequaquam
858 3125 1114 3219 potuistis
1152 3125 1214 3203 in
1256 3148 1519 3204 electione
1557 3125 1829 3219 pontificis
1869 3125 2132 3220 exspe;C
2164 3165 2383 3213 novum,
2435 3164 2542 3203 non
2591 3149 2887 3205 secundum
2932 3158 3148 3218 pactum
3203 3153 3346 3221 quod
3393 3153 3568 3225 pepigi
3617 3171 3738 3210 cum

488 3252 638 3296 ctare
683 3256 1006 3296 consensum
1051 3241 1212 3311 regia:
1255 3241 1574 3310 majestatis,
1625 3243 1767 3311 quod
1816 3243 2060 3314 profecto

488 3329 737 3385 frivolum
762 3343 880 3384 esse
900 3329 1243 3398 perspicuum
1266 3339 1369 3384 est.
1392 3329 1620 3385 Constat
1641 3332 1786 3386 enim
1812 3340 1922 3386 tres
1943 3332 2062 3402 plus

491 3422 674 3476 minus
736 3435 952 3475 menses
996 3420 1214 3474 interim
1251 3421 1555 3478 decurrisse
1606 3437 1671 3478 ex
1717 3438 1825 3492 quo
1865 3427 2075 3479 sancta:

491 3513 764 3569 memoriae
781 3527 920 3584 papa
945 3511 1197 3568 Nicolaus
1216 3513 1485 3578 occubuit,
1508 3529 1680 3584 usque
1707 3515 1772 3569 ad
1796 3514 2062 3569 Kalendas

483 3601 739 3658 Octobris
768 3615 890 3654 cum
934 3600 1034 3654 iste
1073 3601 1351 3656 successit.
1398 3601 1691 3658 Videamus
1722 3617 1852 3674 ergo
1892 3602 1936 3658 si
1967 3618 2063 3673 per

493 3699 603 3744 tam
653 3703 925 3743 morosam
983 3688 1409 3758 longitudinem,
1464 3691 1755 3746 trimestris
1816 3691 2064 3746 videlicet

491 3780 686 3851 spatii,
719 3794 820 3832 non
849 3779 1085 3849 potuerit
1114 3779 1181 3832 ah
1222 3779 1342 3834 aula
1378 3782 1526 3851 regia
1555 3781 1902 3850 pragmatica:
1933 3796 2060 3835 san-

491 3871 686 3926 ctionis
707 3870 862 3925 vobis
889 3869 1092 3939 apocha
1125 3870 1411 3939 reportari.

845 3958 1104 4026 Defensor
1141 3956 1392 4012 Romana:
1441 3958 1709 4014 Ecclesiae.

562 4051 702 4106 Ecce
734 4048 1009 4119 compellis
1059 4063 1146 4103 me
1187 4047 1405 4118 vulgato
1455 4062 1705 4104 sermone
1747 4051 2062 4120 depromere

481 4141 634 4210 quod
663 4139 732 4194 ob
764 4138 1058 4208 imperialis
1101 4138 1286 4206 palatii
1335 4139 1692 4193 reverentiam
1720 4141 2060 4196 decreveram

489 4230 706 4285 silentio
731 4231 1038 4300 pnetcrire;
1076 4230 1168 4282 sed
1189 4227 1343 4296 juxta
1376 4240 1568 4284 vestra:
1595 4230 1804 4286 scilicet
1831 4231 2064 4286 exactio—

493 4321 581 4374 nis
627 4319 971 4382 instantiam,
1018 4317 1131 4386 jam
1180 4319 1486 4389 proferatur
1541 4321 1596 4375 in
1641 4323 1875 4376 medium
1927 4338 2063 4392 opus

491 4411 773 4480 egregium
831 4416 1109 4469 vestrum,
1169 4409 1380 4464 saeculis
1428 4411 1676 4465 omnibus
1740 4413 2059 4466 inauditum.

496 4499 756 4554 Rectorcs
784 4498 926 4551 enim
970 4497 1105 4551 aulae
1136 4499 1296 4564 regite
1321 4514 1443 4553 cum
1488 4499 1756 4554 nonnullis
1788 4501 2062 4555 Teutonici

495 4589 646 4658 regni
694 4587 917 4650 sanctis,
951 4594 1009 4639 ut
1041 4587 1113 4640 ita
1151 4587 1362 4657 loquar,
1393 4589 1663 4658 epismpis
1691 4591 2065 4658 conspirantes

495 4689 686 4733 conitra
732 4677 1029 4731 Romanam
1060 4676 1378 4739 Ecclesiam,
1422 4678 1706 4732 concilium
1749 4677 2064 4746 collegistis.

497 4789 605 4842 quo
647 4785 836 4840 papam
882 4768 1037 4837 quasi
1092 4784 1189 4837 per
1234 4768 1544 4839 synodalem
1585 4771 1908 4823 sententiam
1938 4783 2066 4822 con-

497 4861 813 4923 demnastis.
862 4869 918 4913 et
963 4860 1164 4920 omnia,
1207 4876 1326 4927 qua:
1363 4860 1430 4914 ab
1472 4874 1538 4914 eo
1577 4857 1792 4913 fuerant
1841 4867 2062 4923 statuta,

499 4966 718 5007 cassare
755 4949 1053 5004 incredibili
1087 4931 1308 5018 prorsus
1350 4950 1572 5004 audacia
1605 4949 2062 5018 praesumpsistis:

500 5043 554 5096 in
585 5055 693 5108 quo
725 5037 978 5092 nimirum
1011 5053 1115 5092 non
1152 5039 1326 5092 dicam
1351 5039 1574 5108 judicio,
1609 5041 1701 5094 sed
1734 5037 2065 5110 prmjudicio,

499 5130 732 5199 idipsum
780 5142 994 5198 quoque
1043 5128 1405 5198 privilegium,
1445 5131 1589 5198 quod
1635 5131 1747 5200 regi
1781 5131 2069 5201 praedictus

497 5233 634 5288 papa
684 5216 1007 5280 contulerat,
1051 5217 1095 5271 si
1149 5216 1330 5274 dicere
1377 5217 1556 5284 liceat,
1595 5221 1886 5274 vacuastis.
1934 5220 2066 5274 Nam

499 5309 649 5371 dum,
677 5305 938 5376 quidquid
988 5306 1076 5360 ille
1113 5307 1414 5367 constituit,
1453 5317 1631 5362 vestra
1664 5310 1929 5363 sententia
1973 5309 2068 5363 de-

498 5407 772 5460 cernente,
817 5395 1142 5457 destruitur;
1188 5405 1577 5464 consequenter
1617 5400 1780 5452 etiam
1822 5399 1895 5464 id,
1923 5401 2063 5468 quod

498 5488 565 5541 ab
593 5501 661 5542 eo
698 5486 810 5557 regi
853 5487 1148 5556 przestitum
1181 5485 1380 5552 fuerat,
1418 5487 1682 5542 aboletur.
1717 5488 1824 5544 Sed
1861 5489 2000 5544 absit
2036 5506 2065 5544 a

499 5575 689 5639 nobis,
736 5583 798 5628 ut
845 5583 1062 5645 propter
1111 5573 1397 5643 cujuslibet
1450 5576 1684 5631 hominis
1728 5578 2065 5633 insolentiam

499 5682 620 5732 rex,
665 5665 759 5735 qui
793 5665 1048 5720 innocens
1087 5674 1225 5732 erat,
1257 5675 1518 5736 quantum
1559 5668 1626 5722 ad
1668 5683 1789 5735 nos,
1836 5685 1948 5725 rem
1985 5671 2067 5726 sui

2164 3239 2407 3308 patribus
2434 3253 2646 3306 eorum,
2666 3250 2884 3309 pactum
2913 3241 3054 3309 quod
3080 3241 3291 3296 irritum
3325 3241 3572 3299 fecerunt
3603 3245 3741 3314 (Jer.

2164 3327 2336 3397 xxxi).
2370 3347 2388 3379 ι
2420 3328 2512 3382 ille
2533 3343 2668 3398 ergo
2696 3329 2905 3382 irritum
2931 3329 3108 3383 reddit
3125 3329 3370 3386 beneficii
3396 3343 3628 3400 pactum,
3648 3333 3742 3404 qui

2165 3429 2314 3498 prior
2365 3426 2532 3481 violat
2581 3425 2835 3480 amicitia:
2882 3434 3300 3480 sacramentum.
3361 3427 3742 3481 Verumtamen

2163 3517 2407 3572 Romana
2442 3514 2685 3569 Ecclesia
2727 3529 2835 3568 non
2879 3513 2994 3566 vult
3044 3527 3338 3581 exagerare
3385 3512 3528 3582 quod
3561 3522 3744 3583 pertu-

2165 3605 2257 3671 lit;
2302 3606 2393 3660 sed
2427 3616 2777 3675 perseverare
2819 3603 2969 3671 cupit
3022 3603 3075 3656 in
3127 3617 3348 3657 munere
3401 3603 3543 3672 quod
3595 3604 3746 3674 regio

2164 3696 2385 3751 culmini
2412 3694 2712 3751 liberaliter
2740 3694 3084 3765 prazrogavit.
3403 3699 3410 3704 ‘

2687 3803 2878 3875 Regius
2912 3805 3215 3859 advocatus.

2235 3897 2389 3964 Quod
2419 3897 2639 3951 domino
2679 3905 2866 3950 nostro
2899 3897 3012 3966 regi
3049 3906 3360 3954 reverenter
3384 3899 3614 3956 ascribis
3663 3901 3743 3956 inv

2167 3989 2493 4054 nocentiam,
2523 3990 2682 4060 digne
2719 3988 2854 4044 facis
2885 4005 2898 4042 :
2926 3991 3071 4060 quod
3119 4000 3298 4046 autem
3346 3992 3744 4049 administrato-

2165 4079 2316 4135 ribus
2373 4079 2508 4134 aula:
2560 4081 2789 4148 publica:
2818 4081 3056 4137 devolvis
3081 4097 3112 4136 e
3140 4081 3355 4136 diverso
3391 4082 3740 4147 calumniam,

2165 4171 2377 4225 videtur
2403 4170 2678 4242 injustum.
2707 4170 2976 4241 Quidquid
3007 4171 3151 4226 enim
3179 4171 3324 4226 circa
3352 4187 3446 4225 vos
3475 4171 3530 4225 in
3558 4171 3741 4238 hujus-

2167 4265 2309 4320 modi
2341 4265 2556 4320 casibus
2595 4273 2775 4318 actum
2812 4273 2914 4326 est,
2953 4264 3020 4317 ad
3051 4263 3154 4318 hoc
3195 4279 3295 4317 nos
3348 4266 3509 4332 regia:
3553 4264 3743 4320 matris

2167 4354 2376 4424 impulit
2398 4353 2674 4422 imperiale
2702 4361 3053 4420 praeceptum,
3081 4365 3185 4406 non
3208 4352 3438 4420 propria:
3467 4351 3742 4408 libertatis

2169 4443 2474 4496 arbitrium.

2523 4529 2775 4598 Defensor
2829 4528 3077 4584 Romana:
3119 4525 3386 4585 Ecclesia.

2242 4620 2305 4672 Et
2345 4635 2444 4688 ego
2485 4619 2577 4674 tibi
2609 4622 2902 4673 secundum
2927 4620 3106 4674 cordis
3134 4622 3210 4674 tui
3241 4622 3494 4676 duritiam
3521 4638 3746 4692 respon-

2170 4710 2307 4764 debo
2339 4724 2352 4761 :
2389 4709 2508 4764 dico
2535 4709 2677 4763 enim
2704 4710 2830 4778 quia
2886 4709 2978 4763 Dei
3029 4709 3419 4779 omnipotentis
3470 4713 3744 4781 obtempe-

2171 4814 2292 4854 rare
2327 4799 2668 4855 sermonibus
2690 4799 2976 4868 aliquando
3003 4809 3282 4869 peccatum
3306 4809 3408 4855 est.

2695 4908 2885 4978 Regius
2928 4910 3229 4964 advocatus.

2243 5001 2322 5054 Ad
2350 5001 2474 5062 hoc,
2498 4999 2642 5067 quod
2666 4999 2886 5062 asseris,
2921 5015 3073 5054 mens
3118 5001 3354 5054 humana
3411 5001 3741 5066 concutitur,

2171 5102 2226 5146 et
2263 5091 2582 5145 Christiana:
2620 5090 2837 5159 pietatis
2878 5089 3022 5145 ferre
3051 5107 3159 5146 non
3195 5091 3337 5145 valet
3365 5091 3598 5145 auditus.

2526 5200 2779 5268 Defensor
2819 5199 3072 5256 Romana:
3119 5200 3386 5254 Ecclesia.

2245 5309 2378 5376 Quia
2402 5310 2506 5365 hoc
2550 5317 2831 5376 tantOpere
2881 5308 3115 5373 miraris,
3165 5307 3292 5362 illud
3346 5308 3507 5362 etiam
3554 5322 3743 5363 conse-

2173 5410 2401 5470 quenter
2422 5398 2635 5468 adjicio.
2663 5402 2786 5469 quia
2818 5412 3037 5471 prepter
3059 5401 3178 5459 hoc,
3208 5401 3351 5468 quod
3376 5398 3487 5453 Deo
3521 5399 3740 5467 quidam

2177 5500 2454 5561 promptus
2475 5491 2728 5554 obedivit,
2757 5491 2998 5546 funditus
3017 5491 3172 5560 periit
3207 5508 3218 5542 :
3252 5489 3390 5545 alius
3417 5491 3488 5546 ob
3520 5489 3594 5557 id,
3615 5487 3740 5558 quia

2177 5580 2553 5650 obtemperare
2577 5582 2919 5650 contempsit,
2945 5583 3010 5636 ad
3040 5581 3307 5636 cumulum
3337 5581 3522 5651 gratim
3544 5579 3746 5649 plenio—

2181 5669 2256 5726 ris
2285 5668 2545 5726 ascendit.
