4106 6310
355 393 419 446 ει
1283 399 1528 457 cause.
1569 401 1658 456 ιν.
1698 431 1770 443 -
1807 362 2258 464 ntsCEerA'no
2294 408 2699 467 εγΝοῡΑιιε.
3555 423 3633 476 se

863 511 1052 584 Regius
1081 513 1384 570 advocatus.

434 601 760 660 Incredibile
783 613 867 660 est
893 604 1078 670 valde,
1105 607 1247 676 quod
1273 607 1408 663 dicis
1444 625 1459 664 :
1500 619 1868 665 verumtamen
1899 611 1947 666 si

363 693 509 747 rules
529 695 798 764 exemplis
840 699 1140 766 approbare
1195 701 1339 769 quod
1384 701 1640 772 loqueris,
1689 703 1778 758 die
1827 704 1949 775 quis

359 797 600 852 unquam
629 785 744 840 Deo
778 787 1036 849 obedivit,
1069 803 1134 843 ac
1159 799 1445 861 propterea
1471 793 1668 861 periit?

719 874 977 942 Defensor
1022 877 1271 934 Romamc
1321 879 1592 937 Ecclesiae.

429 962 549 1019 Non
577 973 628 1019 te
652 965 804 1030 latet,
828 968 953 1036 quia
983 966 1136 1024 Judae
1159 970 1400 1026 lscarioti
1424 1013 1440 1036 ,
1467 973 1558 1043 qui
1579 974 1694 1044 jam
1724 984 1946 1043 accepto

356 1055 587 1109 consilio
641 1069 766 1111 eum
823 1059 1124 1114 traditurus
1168 1072 1304 1127 erat,
1350 1063 1462 1134 66
1505 1063 1762 1118 Dominus
1806 1063 1881 1117 ait
1927 1077 1944 1116 :

358 1168 382 1200 ς
417 1148 576 1218 Quod
627 1151 785 1215 facis,
830 1152 916 1208 fac
941 1155 1324 1228 citiust(Joan.
1362 1159 1503 1230 xm).
1541 1179 1560 1211 ι
1595 1158 1944 1214 Postmodum

354 1256 597 1310 quoque,
627 1257 752 1298 cum
782 1243 850 1298 ad
871 1244 988 1314 ejus
1012 1246 1256 1302 osculum
1286 1248 1546 1304 accedere
1575 1249 1946 1318 praesumpsis-

353 1341 459 1398 set,
485 1332 725 1402 adjecit:
763 1353 782 1387 ι
811 1335 1102 1402 Amice,ad
1124 1339 1251 1409 quid
1277 1341 1506 1396 venisti?
1542 1361 1562 1395 ι
1601 1343 1940 1408 subauditur,

350 1424 578 1493 perﬁce.
609 1424 715 1481 Sed
747 1427 872 1496 quia
916 1428 1084 1483 miser
1131 1430 1217 1485 his
1264 1431 1607 1488 sermonibus
1653 1431 1945 1488 ellicaeitcr

348 1513 621 1578 ebedivit,
655 1516 1088 1572 irrevocabiliter
1109 1521 1291 1589 periit.

890 1609 1086 1680 Regius
1115 1613 1419 1669 advocatus.

421 1695 598 1763 Hujus
633 1701 1021 1770 propositionis
1048 1703 1256 1760 ratione
1292 1705 1499 1760 reddita
1523 1752 1538 1775 ,
1599 1709 1763 1764 redde
1813 1725 1944 1765 con-

347 1795 648 1855 sequenter
674 1788 931 1856 alterius,
983 1792 1106 1863 quis
1148 1794 1356 1850 scilicet
1410 1795 1505 1852 Dei
1552 1799 1940 1868 omnipotentis

1973 522 2023 580 Α
2050 535 2152 576 suo
2181 537 2286 577 non
2317 523 2577 593 pepercit,
2605 524 2701 580 sed
2753 540 2852 594 pro
2903 528 3058 583 nobis
3108 529 3360 586 omnibus
3412 532 3634 588 tradidit

2050 610 2196 665 illum
2251 612 2430 683 (Rom.
2460 613 2601 686 vru).
2643 635 2662 668 ι
2715 615 2813 671 Cui
2843 626 2898 672 et
2930 617 3185 676 Salomon
3222 621 3301 676 ait
3353 639 3368 676 :
3429 641 3448 674 ι
3492 623 3663 694 Cum,

2047 703 2123 756 sis
2143 701 2346 771 justus,
2377 713 2433 761 et
2479 707 2660 762 omnia
2698 706 2846 777 juste
2877 709 3153 781 disponas,
3184 713 3358 782 ipsum
3393 703 3686 784 quoque,‘.-,

2048 797 2138 866 qui
2179 812 2288 852 non
2338 798 2498 853 debet
2529 799 2729 869 puniri,
2762 801 3092 858 condemnas
3121 801 3270 874 (Sap.
3302 804 3386 876 ιι).
3420 824 3438 858 ι
3474 806 3628 873 Quod
3673 792 3687 816 ⁷

2046 895 2226 943 autem
2255 903 2314 944 se
2340 888 2508 945 Filius
2548 891 2830 946 tradiderit
2883 892 3024 948 idem
3083 893 3214 948 dicit
3261 896 3552 966 Apostolus
3611 917 3624 951 :

2053 995 2072 1028 σ
2109 977 2210 1046 Qui
2243 994 2331 1034 me
2361 979 2568 1046 dilexit,
2614 991 2670 1035 et
2725 983 2947 1037 tradidit
2999 983 3234 1054 seipsum
3277 1000 3376 1054 pro
3426 1001 3534 1042 me.
3603 1008 3658 1065 »νΔ

2045 1067 2200 1134 Quod
2228 1078 2411 1124 autem
2440 1078 2496 1124 et
2540 1069 2776 1141 Spiritus
2821 1083 3043 1130 sanctus
3099 1075 3382 1132 tradiderit
3429 1077 3627 1134 Filium

2047 1156 2326 1228 Sapientia
2355 1160 2628 1229 perhibet,
2666 1161 2896 1217 dicens:
2952 1181 2972 1214 ι
3030 1162 3301 1234 Benignus
3353 1171 3440 1219 est
3480 1166 3628 1220 enim

2046 1251 2283 1322 Spiritus
2320 1254 2620 1323 sapientiae,
2645 1263 2701 1311 et
2752 1270 2860 1310 non
2907 1255 3160 1312 liberabit
3197 1256 3543 1312 maledictum
3595 1275 3628 1312 a

2045 1343 2202 1398 labiis
2229 1344 2344 1399 suis
2384 1343 2538 1414 (Sap.
2562 1346 2625 1417 ι).
2661 1364 2679 1398 ι
2719 1345 2988 1404 Maledicti
3041 1348 3180 1419 apud
3229 1357 3440 1404 veteres
3483 1349 3630 1403 diee-

2043 1435 2242 1490 bantur
2296 1451 2488 1493 omnes
2545 1440 2637 1508 qui
2691 1440 3000 1509 pendebant
3053 1441 3107 1495 in
3156 1440 3322 1511 ligno.
3380 1439 3631 1497 Christus

2045 1535 2251 1592 autem,
2277 1535 2336 1581 ut
2365 1527 2657 1597 Apostolus
2689 1529 2843 1595 dicit,
2871 1537 2931 1584 ut
2956 1544 3056 1586 nos
3084 1531 3340 1586 liberaret
3385 1545 3415 1585 a
3461 1529 3631 1584 male-

2042 1614 2209 1679 dicto,
2238 1615 2412 1670 factus
2433 1624 2518 1672 est
2545 1616 2892 1673 maledictum
2921 1616 3066 1688 (Gal.
3100 1617 3205 1689 ιιι).
3237 1617 3473 1688 Spiritus
3499 1631 3632 1672 vero

2042 1713 2264 1760 sanctus
2292 1720 2399 1760 non
2430 1705 2686 1762 liberavit
2706 1707 3052 1763 maledictum
3081 1723 3112 1763 a
3146 1708 3304 1764 labiis
3331 1707 3468 1773 suis,
3497 1707 3627 1776 quia
3655 1744 3662 1751 ι

2043 1811 2163 1866 quae
2191 1811 2289 1866 per
2313 1812 2409 1851 ora
2438 1797 2824 1868 prophetarum
2849 1799 2916 1854 de
2944 1797 3147 1854 Christi
3179 1799 3432 1869 passione
3477 1798 3629 1853 locu-

347 1879 716 1935 obedientiam
737 1884 958 1954 sprevit,
973 1893 1028 1939 et
1052 1896 1275 1957 propter
1301 1889 1404 1944 hoc
1435 1890 1793 1960 copiosiorem
1820 1908 1941 1963 gra-
1971 1869 2014 1928 Β
2045 1895 2131 1941 lus
2156 1897 2262 1948 est.
2298 1902 2405 1942 ηοη
2438 1887 2745 1956 ρτοῆῖδιιίις
2778 1887 2871 1943 sed
2897 1903 3060 1958 ευΡθι·
3094 1903 3218 1944 θυι)
3246 1888 3365 1943 Sine
3393 1887 3628 1942 diminu‘

351 1969 488 2024 tiam
515 1973 749 2026 meruit?

711 2063 968 2132 Defensor
1015 2065 1270 2122 Romam:
1293 2068 1586 2135 Ecclesiae.

421 2152 482 2208 Si
520 2154 701 2224 placet
730 2156 832 2210 hoc
854 2156 907 2209 in
936 2158 1254 2213 memoriam
1273 2173 1469 2215 revoca
1513 2162 1656 2230 quod
1677 2161 1940 2220 Dominus

343 2244 417 2297 ad
442 2241 736 2298 Jeremiam
767 2245 902 2299 dixit
943 2265 956 2300 :
993 2264 1013 2296 ι
1047 2245 1196 2302 Vade
1240 2249 1308 2302 ad
1347 2249 1566 2305 domum
1613 2251 1932 2309 Rechabita-

350 2346 501 2396 rum,
526 2343 581 2386 et
612 2331 834 2402 loquere
859 2335 960 2396 eis.
985 2343 1041 2391 et
1070 2337 1384 2393 introduces
1411 2339 1463 2394 in
1487 2341 1704 2396 domum
1727 2343 1940 2398 Domini

349 2421 406 2476 iu
435 2436 598 2474 unam
624 2423 881 2477 exedram
917 2424 1319 2494 thesaurorum,
1349 2435 1404 2482 et
1442 2429 1596 2484 dabis
1639 2430 1720 2487 eis
1751 2430 1940 2488 bibere

348 2514 538 2568 vinum
577 2515 714 2585 (Jer.
744 2519 934 2588 xxxv).
974 2539 993 2573 ι
1028 2519 1097 2574 Ει
1123 2520 1284 2591 paulo
1336 2532 1458 2591 post
1503 2524 1766 2594 propheta
1813 2526 1940 2582 sub-

347 2602 524 2674 iungit
567 2624 581 2660 :
625 2625 645 2657 ι
683 2608 749 2662 Et
769 2611 923 2678 posui
955 2626 1138 2666 coram
1171 2613 1296 2669 ﬁliis
1336 2614 1758 2672 Rechabitarnm
1813 2634 1938 2689 scy-

347 2693 485 2759 phos
521 2694 712 2762 plenos
741 2698 887 2763 vino,
919 2707 974 2753 et
1003 2701 1224 2766 calices,
1253 2711 1309 2757 et
1336 2703 1444 2758 dixi
1482 2704 1551 2760 ad
1579 2720 1674 2761 eos
1707 2721 1722 2761 :
1763 2705 1938 2764 Bibite

344 2785 568 2850 vinum;
601 2789 692 2857 qui
721 2792 1153 2861 responderunt:
1178 2795 1296 2850 Non
1316 2796 1564 2853 bibemus
1585 2800 1794 2867 vinum,
1811 2801 1937 2870 quia

344 2874 594 2932 Ionadab
621 2890 774 2948 pater
797 2891 981 2937 noster
1009 2886 1264 2956 praecepit
1288 2888 1463 2952 nobis,
1511 2890 1699 2947 dicens
1749 2909 1765 2949 :
1814 2891 1934 2948 Non

346 2965 548 3024 bibetis
585 2970 770 3026 vinum
800 2987 897 3029 vos
929 2984 985 3029 et
1015 2974 1110 3030 ﬁlii
1149 2978 1313 3032 vestri
1347 2994 1521 3048 usque
1549 2980 1604 3036 in
1651 2982 1939 3052 sempiter-

347 3076 501 3116 num.
540 3081 558 3114 ι
595 3061 751 3118 Unde
777 3067 1116 3132 postmodum
1149 3067 1413 3126 Jeremias
1443 3070 1518 3125 ait
1555 3073 1636 3126 eis
1679 3089 1692 3126 :
1746 3089 1765 3123 ι
1795 3071 1938 3128 ,Ηωο

346 3153 483 3206 dicit
509 3153 770 3210 Dominus
793 3155 934 3210 Dens
959 3159 1298 3212 exercituum
1325 3174 1341 3214 :
1366 3159 1480 3215 Non
1511 3162 1728 3218 deﬁciet
1756 3164 1842 3219 vir
1869 3164 1936 3220 de

347 3241 519 3312 stirpe
547 3241 794 3299 Ionadab
817 3243 911 3298 ﬁlii
950 3245 1192 3312 Rechab,
1226 3257 1378 3302 stans
1405 3249 1456 3303 in
1485 3259 1779 3322 conspectu
1813 3268 1935 3308 meo

345 3333 561 3387 cunctis
589 3334 798 3389 diebus.
835 3355 854 3386 ι
886 3336 1024 3392 Ecce
1049 3337 1137 3392 ille
1163 3339 1304 3395 male
1326 3339 1936 3413 obediens,perfunctns

345 3425 670 3482 obedientiae
700 3444 928 3484 munere
956 3433 1197 3486 cucurrit
1218 3433 1282 3487 ad
1314 3432 1563 3503 laqueum
1591 3449 1606 3488 :
1640 3434 1728 3489 isti
1762 3435 1936 3490 felici-

347 3504 435 3570 ter
465 3517 862 3584 inobedientes,
887 3531 1206 3591 perpetuum
1237 3521 1550 3580 Conditoris
1576 3525 1658 3580 sui
1685 3540 1937 3581 meruere

343 3619 720 3678 censpectum.
753 3611 868 3667 Hoc
890 3613 1052 3667 etiam
1081 3615 1149 3668 ad
1186 3615 1290 3670 hoc
1326 3616 1492 3681 valet,
1516 3618 1660 3687 quod
1687 3619 1935 3687 superius

348 3698 552 3754 dictum
579 3710 680 3764 est,
707 3703 832 3771 quia
859 3719 980 3759 cum
1009 3719 1202 3775 papam
1233 3706 1351 3762 sine
1378 3723 1643 3764 consensu
1675 3712 1817 3781 regis
1841 3711 1938 3772 cli,-

349 3791 549 3859 gimus,
570 3808 675 3849 non
705 3803 927 3864 prasto,
951 3797 1092 3866 quod
1115 3799 1458 3854 extrinsecus
1479 3810 1658 3854 actum
1688 3809 1770 3855 est
1797 3798 1936 3867 diju-

348 3881 561 3950 dieare,
588 3884 682 3939 sed
729 3886 908 3955 potius
932 3902 1040 3956 quo
1070 3888 1252 3942 animo
1272 3929 1288 3952 ,
1318 3897 1372 3942 et
1402 3904 1506 3958 qua
1536 3889 1833 3945 intentione
1864 3891 1937 3946 sit

349 3969 581 4042 factum,
613 3975 883 4033 deberetis
907 3978 1194 4048 diligenter
1231 3981 1532 4036 attendere.

882 4066 1072 4138 Regius
1093 4069 1400 4125 advocatus.

425 4153 549 4210 Haec
577 4169 893 4228 argumenta
942 4160 1099 4216 nobis
1151 4161 1445 4218 domestica
1500 4174 1644 4224 sunt.
1687 4172 1742 4219 et
1790 4180 1931 4220 nun-

345 4261 514 4314 quam
545 4248 830 4316 deﬁciunt,
857 4251 982 4321 quia
1008 4252 1076 4306 de
1123 4253 1514 4322 promptuariis
1541 4254 1930 4324 proferuntur;

2043 1978 2188 2034 tione
2211 1978 2470 2048 compleri
2509 1973 2706 2034 cuncta
2744 1978 3011 2048 permisit.
3049 1979 3193 2050 Ergo
3221 1979 3516 2034 secundum
3551 1986 3625 2042 te,

2041 2069 2134 2138 qui
2176 2083 2282 2124 non
2313 2069 2378 2124 de
2404 2069 2588 2125 cordis
2617 2069 2950 2134 intentione,
2983 2069 3079 2124 sed
3109 2084 3325 2140 semper
3351 2083 3419 2124 ex
3448 2067 3630 2139 operis

2039 2160 2123 2215 vis
2155 2159 2440 2230 superﬁcie
2470 2158 2756 2227 judicare:
2787 2160 2831 2216 si
2861 2160 3026 2215 Pater
3070 2159 3293 2214 tradidit
3318 2157 3539 2220 Filium,
3573 2164 3630 2212 et

2041 2249 2158 2320 ipse
2187 2265 2246 2305 se
2277 2249 2499 2305 tradidit
2542 2249 2736 2314 Filius,
2767 2249 2990 2318 insuper
3015 2257 3070 2304 et
3102 2247 3336 2320 Spiritus
3384 2255 3629 2312 sanctus,

2038 2337 2206 2394 ludas
2232 2338 2362 2409 quid
2391 2338 2518 2393 mali
2552 2337 2716 2394 fecit?
2759 2335 2922 2392 Facta
2971 2345 3054 2392 est
3100 2336 3319 2392 traditio
3365 2351 3397 2391 a
3443 2335 3628 2398 Patre,

2040 2427 2185 2484 facta
2207 2437 2291 2484 est
2319 2444 2349 2483 a
2381 2428 2540 2494 Filio,
2573 2443 2674 2484 nec
2705 2443 2813 2484 non
2841 2443 2872 2482 a
2897 2425 3102 2498 Spiritu
3133 2433 3354 2488 sancto,
3378 2423 3518 2480 facta
3543 2433 3653 2479 est.

2037 2529 2089 2575 et
2117 2533 2146 2574 a
2172 2516 2332 2574 Juda.
2365 2517 2486 2575 Una
2508 2533 2598 2574 res
2627 2534 2658 2573 a
2688 2517 2935 2588 pluribus
2962 2516 3106 2572 facta
3134 2524 3250 2580 est,
3294 2513 3406 2570 sed'
3434 2513 3625 2568 eadem
3640 2541 3656 2565 -.-

2039 2627 2129 2667 res
2182 2613 2235 2668 in
2285 2611 2664 2681 operatoribus
2721 2608 3076 2666 discernenda
3134 2617 3241 2664 est.
3282 2605 3436 2672 Quod
3481 2604 3656 2659 enim-

2038 2701 2182 2757 Deus
2209 2702 2551 2771 omnipotens
2573 2716 2641 2756 ex
2671 2701 2969 2766 charitate,
3027 2701 3132 2756 hoc
3177 2697 3345 2755 .ludas
3385 2696 3514 2752 fecit
3559 2709 3641 2751 ex-

2037 2793 2286 2864 pecuniae
2329 2793 2675 2864 acquirendae
2725 2777 3002 2864 cupidine.
3034 2790 3188 2858 Quod
3235 2791 3376 2845 Deus
3404 2786 3533 2843 fecit
3560 2786 3627 2842 ad

2038 2883 2228 2939 salutis
2255 2891 2454 2938 nostrae
2480 2883 2778 2939 remedium
2799 2921 2814 2947 ,
2848 2883 2953 2938 hoc
2974 2880 3063 2936 ille
3078 2879 3289 2936 fecitad
3301 2877 3628 2948 explendum

2039 2976 2362 3032 insatiabilis
2407 2977 2650 3032 avaritiae
2703 2983 2911 3032 votum.
2967 2974 3132 3030 Vides
3180 2988 3311 3044 ergo
3354 2972 3484 3042 quia
3520 2984 3643 3024 non...

2037 3066 2167 3137 quid
2189 3066 2351 3124 homo
2378 3066 2564 3132 faciat,
2591 3066 2853 3122 debemus
2891 3064 3170 3120 attendere
3199 3080 3214 3128 ;
3243 3061 3339 3117 sed
3373 3076 3481 3130 quo
3511 3060 3630 3112 ani-

2039 3172 2128 3212 mo
2147 3167 2202 3212 et
2229 3157 2505 3212 voluntate
2536 3155 2723 3222 faciat,
2777 3154 3063 3225 diligenter
3111 3152 3445 3208 examinare.
3486 3148 3626 3204 Nam

1964 3227 2008 3290 (δ
2041 3251 2086 3306 si
2113 3249 2228 3306 sola
2251 3250 2515 3304 duntaxat
2543 3248 2814 3304 exteriora
2871 3245 3278 3316 perpendimus,
3322 3241 3632 3298 invenimus

2045 3339 2219 3409 ipsum
2273 3338 2563 3393 Dominum
2593 3337 2930 3393 Salvatorem
2961 3345 3015 3391 et
3037 3335 3241 3391 dixisse
3269 3333 3413 3402 quod
3441 3331 3626 3401 prohi-

2039 3431 2154 3496 bet,
2176 3439 2232 3486 et
2259 3430 2418 3486 aliter
2447 3429 2642 3485 fecisse
2681 3443 2846 3500 quam
2896 3429 3070 3499 jubet.
3131 3445 3151 3479 t
3204 3422 3483 3495 Quisquis,
3524 3421 3639 3488 ait,

2038 3526 2240 3583 dixerit
2283 3523 2439 3578 l‘ratri
2492 3538 2612 3589 suo,
2643 3523 2836 3589 Fatue,
2866 3537 2992 3578 reus
3023 3521 3129 3577 erit
3176 3521 3438 3589 gehennze
3486 3515 3627 3586 ignis

2039 3616 2256 3688 (Matth.
2286 3614 2341 3684 v)
2381 3631 2396 3667 :
2448 3631 2468 3665 ι
2501 3622 2558 3668 et
2593 3621 2773 3667 tamen
2811 3612 2925 3682 ipse
2955 3608 3373 3666 resurrectionis
3397 3621 3510 3662 suae
3536 3605 3636 3660 die

2039 3705 2248 3762 duobus
2277 3704 2342 3759 de
2362 3717 2422 3759 se
2451 3703 2754 3758 dubitative
2783 3701 3132 3772 loquentibus
3161 3701 3241 3754 ait
3274 3717 3288 3753 :
3320 3717 3338 3750 t
3369 3699 3414 3755 0
3448 3697 3635 3762 stulti,

2037 3807 2094 3850 et
2122 3794 2263 3850 tardi
2286 3793 2453 3848 corde
2479 3793 2547 3848 ad
2575 3793 2905 3849 credendum
2931 3793 2946 3846 !
2977 3791 3194 3862 (Matth.
3226 3795 3382 3862 xxv.)
3407 3808 3424 3842 ι
3463 3788 3623 3844 Dixe-

2038 3894 2126 3940 rat
2153 3885 2318 3940 etiam
2347 3885 2399 3939 in
2438 3895 2623 3940 monte
2645 3885 2924 3953 discipulis
2972 3903 2986 3938 :
3035 3902 3056 3936 ι
3093 3882 3150 3938 Si
3209 3883 3334 3954 quis
3388 3892 3441 3937 te
3495 3896 3622 3952 pcr-

2036 3978 2268 4032 eusserit
2296 3977 2347 4030 in
2371 3976 2650 4031 dexteram
2681 3975 2978 4040 maxillam,
3001 3975 3181 4044 praebe
3207 3974 3281 4029 illi
3313 3981 3370 4028 et
3398 3972 3635 4027 alteram

2037 4067 2254 4138 (Matth.
2276 4067 2351 4138 v).
2377 4087 2396 4120 ι
2421 4066 2478 4121 1η
2495 4067 2746 4137 passione
2768 4080 2899 4122 vero
2919 4066 3128 4137 positus
3149 4065 3469 4135 percutienti
3486 4078 3544 4118 se
3567 4063 3634 4116 in-

2037 4158 2315 4212 maxillam
2367 4173 2540 4228 puero
2584 4157 2885 4213 sacerdotis
2911 4170 3018 4211 non
3049 4155 3210 4210 modo
3237 4169 3345 4210 non
3392 4155 3630 4208 alteram

2035 4247 2288 4316 praebuit,
2319 4245 2413 4300 sed
2441 4247 2662 4315 insuper
2687 4245 2862 4299 dixit:
2909 4263 2928 4296 ι
2970 4243 3029 4298 Si
3057 4243 3197 4299 male
3236 4243 3450 4298 locutus
3477 4257 3618 4305 sum,

351 4350 576 4407 semper
598 4339 744 4394 enim
775 4356 1060 4411 possumus
1091 4343 1142 4397 in
1193 4344 1344 4414 pravi
1394 4344 1574 4414 operis
1599 4345 1934 4400 exhibitione
2033 4336 2303 4406 “probra
2333 4336 2400 4389 de
2419 4336 2590 4400 malo;
2620 4337 2702 4389 Sin
2731 4343 2911 4389 amem
2942 4336 3100 4398 bene,
3127 4347 3226 4386 cur
3248 4347 3334 4387 me
3362 4330 3561 4386 θεάῖεῖ
3592 4349 3611 4383 ³

350 4426 688 4498 delinquere,
707 4441 763 4486 et
791 4431 915 4501 quia
940 4435 1148 4489 occulta
1169 4446 1253 4491 est
1278 4436 1344 4492 ad
1370 4453 1519 4508 purae
1545 4437 1742 4492 mentis
1768 4438 1931 4494 debe-

353 4533 476 4573 mus
501 4523 865 4590 patrocinium
891 4525 1196 4583 convolare.

709 4612 966 4682 Defensor
1019 4615 1272 4673 Romam:
1316 4617 1584 4675 Ecclesiae.

424 4697 700 4756 Censesne
729 4717 944 4774 semper
969 4706 1167 4763 debere
1191 4707 1343 4775 juxta
1377 4725 1582 4775 rerum,
1611 4720 1773 4782 atque
1813 4730 1936 4768 ver-

355 4789 547 4845 borum
579 4793 919 4862 superﬁciem
941 4797 1213 4865 judicari?
1241 4800 1368 4868 quid
1389 4800 1535 4855 enim
1557 4801 1714 4871 juxta
1743 4804 1938 4858 verbo-

357 4896 475 4935 rum
502 4883 789 4951 strepitum
823 4887 994 4958 magis
1019 4899 1103 4940 est
1133 4890 1418 4953 absonum,
1446 4907 1606 4960 quam
1645 4908 1767 4947 cum
1799 4893 1940 4948 Deus

360 4969 540 5036 Pater,
589 4982 645 5028 et
687 4975 878 5042 Filius,
929 4987 984 5032 et
1033 4978 1270 5048 Spiritus
1313 4991 1537 5038 sanctus
1584 4985 1938 5039 mediatorem

361 5059 452 5116 Dei
499 5071 556 5117 et
581 5065 863 5120 hominum
898 5067 1096 5123 dicitur
1127 5071 1433 5125 tradidisse.
1485 5073 1622 5128 Ecce
1663 5074 1937 5129 Christum

362 5153 584 5210 tradidit
610 5155 798 5221 Judas,
831 5160 1049 5214 tradidit
1079 5170 1133 5214 et
1166 5162 1305 5215 Deus
1328 5161 1522 5226 Pater;
1563 5164 1802 5232 nunquid
1833 5180 1937 5218 non

359 5243 511 5308 quasi
544 5244 723 5300 simile
774 5246 972 5302 factum
1026 5249 1276 5304 videtur?
1317 5250 1531 5320 Ergone
1579 5254 1805 5309 traditur
1859 5264 1944 5310 est

357 5329 543 5399 ludas,
570 5341 625 5388 et
657 5337 886 5392 traditur
915 5337 1058 5392 Deus
1088 5337 1286 5393 Pater?

888 5427 1077 5500 Regius
1108 5430 1409 5486 advocatus.

433 5510 590 5567 Unde
623 5517 838 5583 probas,
871 5519 994 5586 quia
1021 5517 1206 5585 Pater,
1251 5514 1307 5574 et
1351 5521 1542 5588 Filius,
1601 5529 1656 5578 et
1705 5521 1941 5592 Spiritus

362 5611 584 5658 sanctus
615 5605 937 5660 tradiderint
968 5605 1349 5664 Salvatorem?

641 5695 751 5766 67
805 5696 1059 5765 Defensor
1094 5697 1347 5756 Romana:
1388 5703 1659 5758 Ecclesiae.

434 5782 574 5841 Audi
613 5785 928 5856 Apostolum
971 5789 1239 5856 dicentem
1274 5808 1287 5847 :
1327 5811 1346 5844 ι
1381 5791 1481 5860 Qui
1529 5795 1752 5867 preprio
1808 5794 1942 5850 Filio

1962 4577 2014 4637 ι)

2036 4429 2220 4486 lloan.
2242 4427 2421 4500 xvm.)
2477 4428 2544 4482 Et
2589 4427 2858 4499 quomodo
2882 4427 2996 4498 jam
3033 4441 3223 4481 verum
3247 4425 3351 4480 erit
3374 4425 3518 4494 quod
3552 4425 3618 4480 de

2039 4519 2131 4574 illo
2159 4517 2336 4574 Lucas
2360 4517 2475 4572 ait:
2505 4536 2525 4568 ι
2558 4517 2695 4584 Quia
2730 4517 2897 4588 coepit
2933 4515 3133 4583 facere,
3163 4524 3220 4572 et
3251 4517 3443 4572 docere
3477 4516 3632 4587 (Ach.

2041 4611 2104 4676 ι),
2142 4629 2162 4662 ι
2193 4610 2236 4665 si
2283 4610 2426 4678 quod
2452 4608 2637 4665 docuit
2666 4624 2773 4663 non
2805 4608 3083 4680 implevit?
3111 4608 3217 4664 Sed
3243 4606 3617 4677 proculdubio

2037 4702 2445 4774 intelligendum
2471 4711 2558 4757 est
2602 4703 2705 4756 hoc
2730 4716 2854 4756 eum
2880 4700 3296 4770 praecepisse-ad
3341 4713 3615 4768 praepara-

2038 4795 2240 4849 tionem
2299 4793 2500 4858 cordis,
2542 4808 2650 4847 non
2703 4794 2770 4847 ad
2801 4792 3218 4847 ostentationem
3241 4791 3442 4858 operis.
3475 4787 3619 4854 Quo-

2037 4886 2199 4941 modo
2221 4885 2366 4940 enim
2392 4892 2614 4954 paratus
2637 4885 2802 4939 corde
2827 4899 2934 4938 non
2960 4881 3062 4936 fuit
3092 4882 3144 4942 in
3177 4879 3454 4936 maxillam
3482 4876 3639 4932 alte-m

2038 4990 2156 5029 ram
2179 4975 2337 5040 caedi,
2361 4976 2453 5044 qui
2483 4989 2584 5044 pro
2614 4973 2890 5028 hominum
2926 4971 3101 5026 salute
3138 4973 3453 5025 decreverat
3507 4976 3619 5023 toto

2041 5079 2268 5134 corpore
2309 5064 2596 5134 cruciﬁgi?
2652 5063 2852 5117 Paulus
2899 5061 3065 5116 etiam
3115 5060 3296 5130 palma
3332 5073 3620 5128 percussus

2036 5156 2282 5227 jussione
2310 5155 2601 5226 pontiﬁcis,
2631 5155 2707 5207 ait
2735 5171 2751 5208 :
2804 5171 2824 5204 ι
2854 5152 3129 5207 Pcrcutiet
3159 5161 3210 5208 te
3251 5152 3414 5216 Deus,
3441 5150 3644 5221 paries.

2043 5245 2290 5301 dealbate
2335 5246 2475 5315 (Act.
2516 5245 2698 5316 χχιιι).
2730 5262 2748 5296 ι
2783 5243 2936 5310 Quod
2977 5245 3156 5300 minus
3199 5243 3640 5314 intelligentibus.

2045 5339 2255 5393 videtur
2285 5339 2341 5392 in
2374 5338 2541 5392 verbo
2568 5336 2894 5401 convicium,
2923 5335 3018 5392 sed
3058 5336 3112 5391 in
3133 5351 3293 5391 sensu
3320 5334 3621 5406 prophetici

2046 5437 2194 5484 tenet
2227 5428 2434 5484 oraculi
2463 5435 2884 5482 sacramentum.
2913 5425 3100 5483 Paries
3145 5426 3290 5483 enim
3343 5426 3623 5481 dealbatus

2043 5520 2348 5591 hypocrisis
2369 5528 2470 5584 est,
2494 5517 2884 5575 sacerdotalem
2919 5521 3020 5574 sub
3046 5520 3148 5575 hoc
3173 5519 3391 5574 nomine
3434 5515 3627 5587 praefe—

2044 5626 2170 5665 rens
2215 5611 2557 5681 dignitatem,
2589 5611 2685 5666 sed
2727 5611 3008 5668 occultans
3055 5612 3383 5668 intrinsecus
3423 5611 3622 5665 luteam

2045 5702 2268 5758 malitiae
2294 5703 2680 5773 turpitudinem
2715 5721 2729 5759 :
2760 5721 2884 5760 nam
2931 5706 3074 5776 quod
3133 5705 3456 5761 humilitatis
3501 5704 3618 5764 fuit,

2049 5795 2376 5852 mirabiliter
2423 5797 2729 5855 custodivit.
2786 5797 2922 5854 Cum
2977 5799 3120 5854 enim
3174 5799 3248 5852 illi
3297 5799 3566 5852 diceretur
3606 5812 3626 5850 ἱ
