4106 6310
499 383 564 441 S3
602 404 626 475 ν·
921 385 979 440 S.
1022 383 1229 443 PETRl
1267 381 1551 449 DAMIANI
1590 384 1742 443 OPP.
1787 386 2025 475 TOMUS
2066 386 2195 442 SEU
2239 389 2418 446 PARS
2455 390 2544 446 lll.
2578 421 2651 432 ιιι-
2688 385 3055 447 OPUSCULA
3092 373 3341 449 νΑΙὶΙᾹ.⁸
3680 391 3749 451 ες

499 514 518 549 ι
579 496 812 567 Principi
863 497 1203 552 sacerdotum
1268 497 1591 552 maledicis?
1647 516 1666 550 ι
1724 497 2002 568 respondit
2053 510 2068 550 :
2100 500 2147 557 Α
2175 506 2334 566 atque
2364 501 2625 555 cononica
2658 499 2796 556 falce
2821 502 3102 570 praecisus,
3131 509 3192 556 ut
3227 517 3295 557 ne
3327 503 3379 556 in
3424 513 3596 558 morte
3635 506 3758 575 qni-

500 605 520 638 ε
555 586 789 653 Neseivi,
816 586 1004 646 frater.
1035 589 1149 659 68
1200 588 1336 658 quia.
1366 589 1616 657 princeps
1644 596 1793 644 esset
1824 589 2074 644 sacerdo-

496 688 609 735 tum
643 698 656 734 :
683 678 955 750 Scriptum
985 691 1070 736 est
1094 680 1240 735 enim
1270 698 1283 735 :
1316 681 1620 751 Principem
1648 681 1830 751 populi
1857 681 1933 735 tui
1964 696 2073 735 non

495 768 783 825 malediees
833 769 969 841 (Act.
1022 770 1201 839 xxnr).
1252 790 1271 822 υ
1323 770 1424 827 Ubi
1460 779 1711 841 patenter
1744 770 2073 835 ostenditur,

494 867 695 928 quanta
722 858 851 913 illud
878 859 1263 927 tranquillitate
1293 856 1537 918 dixisset.
1561 861 1700 930 quod
1726 860 1895 913 iratus
1936 861 2079 914 intu-

494 945 625 1001 lisse
640 946 938 1003 videbatur.
958 948 1162 1016 Quibus
1186 949 1591 1016 Scripturarum
1602 949 1926 1004 testimoniis
1949 948 2076 1018 quid

495 1033 642 1089 aliud
693 1037 1006 1101 edocemur,
1053 1037 1158 1090 nisi
1195 1038 1318 1106 quia
1368 1053 1481 1093 no.
1524 1038 1677 1104 juxta
1728 1039 1870 1092 nuda
1913 1036 2077 1091 verba

494 1137 710 1193 semper
736 1127 991 1181 debemus
1018 1129 1312 1181 Sententias
1324 1127 1600 1195 judicare:
1627 1129 1721 1183 sed
1747 1144 1854 1197 quo
1873 1129 2075 1192 animo,

500 1218 606 1283 qua
633 1214 832 1270 mentis
855 1215 1151 1272 intentione
1180 1217 1546 1287 proferantur,
1570 1218 1868 1290 inspicere?

892 1312 895 1313 ⁷
1016 1306 1208 1378 Regius
1247 1309 1556 1364 advocatus.

566 1394 771 1461 Dubia,
824 1409 946 1467 quae
991 1388 1287 1468 prepenis,
1337 1399 1640 1454 luculenter
1689 1399 1929 1455 eluciJas
1981 1414 2079 1468 per

495 1485 766 1556 exempla,
796 1501 917 1556 qure
951 1487 1173 1556 subjicis
1221 1506 1235 1543 :
1280 1492 1372 1545 sed
1397 1505 1599 1560 qmeso,
1636 1502 1707 1555 te,
1741 1502 1800 1545 ut
1827 1492 1893 1545 ad
1921 1506 2080 1561 supe-

494 1574 643 1658 riora
670 1576 942 1647 paulisper
968 1581 1172 1643 redeas,
1202 1589 1255 1635 et
1278 1596 1376 1635 cur
1403 1597 1502 1636 nos
1530 1582 1896 1644 calumnieris.
1927 1582 2079 1638 vobis

493 1666 864 1737 praejuiicium
896 1671 1165 1736 intulisse,
1199 1672 1291 1741 qui
1338 1673 1501 1743 regiae
1542 1672 1728 1728 ditioni
1766 1673 2075 1742 paruimus,

494 1764 747 1825 patenter
770 1771 1027 1828 exponas.

853 1849 1113 1919 Defensor
1159 1849 1411 1906 Romanae
1459 1851 1729 1907 Ecclesia’.

563 1936 749 2003 Recte,
796 1939 975 2009 plane,
1022 1940 1398 1995 ordinabiliter
1421 1949 1479 1995 et
1514 1951 1896 2011 congruenter,
1918 1950 2074 2010 post-

493 2038 655 2096 quam
697 2029 874 2082 cumis
916 2037 1112 2083 vestra:
1149 2032 1318 2099 partis
1358 2028 1590 2098 objectio
1632 2047 1737 2084 nun
1788 2031 2078 2086 rhetoricis

503 2119 856 2189 argumentis,
888 2135 993 2174 non
1042 2120 1314 2176 cohiribus
1367 2122 1643 2186 oratoriis,
1698 2136 1806 2177 non
1846 2122 2079 2192 denique

499 2205 798 2262 dialecticis
824 2208 1172 2279 syllogismis,
1204 2212 1295 2264 sed
1338 2211 1472 2265 vine
1514 2212 1715 2279 potius,
1746 2221 1908 2280 atque
1952 2226 2078 2280 per-

496 2296 696 2368 spicua:
721 2299 967 2355 veritatis
991 2309 1074 2355 est
1104 2301 1315 2355 ratione
1342 2311 1570 2372 purgata
1599 2320 1612 2355 :
1642 2317 1796 2356 versa
1821 2303 1939 2356 vice
1963 2301 2077 2367 jam

497 2386 719 2457 dignum
757 2397 861 2454 est,
893 2399 952 2443 ut
984 2389 1052 2445 de
1108 2391 1304 2446 vestris
1352 2394 1667 2446 excessibus
1715 2391 1796 2445 vel
1846 2391 2083 2446 breviter

499 2473 822 2531 disseratur.
850 2476 1140 2533 Enimvero
1169 2477 1445 2534 damnatio
1471 2493 1623 2549 papa:
1659 2488 1765 2533 tam
1795 2479 1998 2550 gravis.
2029 2487 2082 2535 et

496 2561 892 2633 inexplicabilis
923 2574 1036 2631 est,
1062 2575 1124 2621 ut
1154 2582 1258 2622 non
1293 2568 1551 2633 humano,
1596 2568 1692 2624 sed
1729 2568 1914 2623 divino
1943 2569 2080 2623 dun-

496 2659 650 2707 taxat
675 2653 747 2707 sit
769 2655 1286 2724 tractandajudicio.
1316 2658 1489 2728 Reges
1509 2668 1689 2713 autem
1713 2666 1930 2713 nostros
1955 2673 2081 2713 eum

498 2741 674 2796 atatis
699 2741 1010 2806 inﬁrmitas,
1056 2755 1170 2800 tum
1201 2728 1464 2817 fragilitas
1487 2762 1649 2802 sexus
1677 2756 1927 2813 excusat;
1958 2748 2080 2818 qui-

499 2830 604 2887 bus
626 2831 816 2902 utique
838 2846 955 2888 non
981 2845 1164 2891 reatus
1187 2837 1498 2902 ascribitur,
1526 2838 1624 2893 sed
1670 2853 1861 2893 eorum
1906 2838 2088 2893 consi-

496 2926 693 2993 liariis,
708 2937 768 2982 ut
793 2929 1009 3000 dignum
1039 2940 1144 2998 est,
1171 2931 1483 3001 imputatur.
1504 2932 1733 2989 Omissis
1756 2934 1940 3006 itaque
1960 2949 2086 3007 per-

499 3016 854 3101 versitatihus
875 3019 1108 3085 caeteris,
1127 3029 1187 3074 ut
1208 3021 1339 3092 quid
1362 3022 1642 3092 ignorante
1674 3021 1843 3078 Roma
1893 3038 2084 3093 repro-

499 3106 631 3161 bum
659 3108 932 3164 hominem
969 3110 1021 3165 in
1053 3110 1355 3168 Romanum
1382 3113 1692 3185 pontiﬁcem
1723 3114 1921 3185 eligere
1949 3127 2082 3186 pm-

501 3199 847 3270 sumpsistis‘i

1035 3295 1223 3367 Regius
1254 3297 1557 3353 advocatus.

574 3378 906 3439 Electtonem
957 3387 1206 3456 quidem,
1233 3396 1292 3443 ut
1339 3389 1516 3457 palam
1559 3398 1662 3453 est,
1696 3390 1958 3447 fecimus:
1990 3391 2083 3447 sed

497 3469 664 3543 longe
690 3474 842 3542 prius
867 3475 1111 3531 Gerardo
1162 3478 1380 3542 comite,
1415 3477 1644 3549 aliisque
1692 3477 1971 3546 Romanis,
2029 3491 2088 3537 ut

503 3561 815 3629 dicebatur,
860 3566 1069 3622 civibus
1119 3567 1528 3639 infatigabiliter
1577 3569 1972 3635 insistentibus,
2019 3573 2086 3627 ad

504 3653 611 3710 hoc
638 3654 844 3711 inducti
876 3671 1080 3713 sumus.
1104 3657 1250 3712 ‘Nam
1275 3668 1331 3714 et
1370 3658 1537 3714 abbas
1567 3662 1910 3728 monasterii,
1943 3662 2087 3731 quod

505 3742 708 3800 dicitur
736 3745 920 3802 Clivus
949 3746 1161 3811 Scauri,
1204 3763 1308 3803 non
1353 3749 1544 3803 defuit.
1581 3749 1697 3803 Non
1726 3764 1883 3821 ergo,
1916 3759 1975 3805 ut
2001 3766 2088 3806 as-

504 3836 667 3903 seris,
697 3837 983 3909 ignorante
1010 3839 1203 3906 Roma,
1233 3840 1326 3896 sed
1359 3848 1623 3911 praesente
1650 3849 1816 3912 atque
1839 3850 2082 3911 petente,

505 3922 744 3982 Romani
772 3928 1048 3998 pontificis
1075 3928 1269 4005 electio
1299 3930 1442 3984 facta
1475 3938 1579 3985 est.

870 4017 1128 4087 Defensor
1166 4018 1414 4074 Romanis
1444 4018 1714 4073 Ecclesirc.
1774 4074 1781 4081 ,

482 4119 492 4138 λ
575 4103 637 4160 In
661 4105 770 4160 hoc
794 4119 894 4176 pro
922 4122 1009 4162 me
1036 4106 1193 4175 facis,
1230 4108 1357 4164 dum
1404 4107 1649 4164 Gerardo
1709 4106 1810 4162 sub
1855 4106 2082 4163 anathe—

503 4202 654 4248 suate
675 4193 977 4250 constituto
1002 4203 1053 4250 te
1082 4195 1512 4250 communicasse
1567 4195 1824 4250 testaris:
1854 4209 1977 4249 nam
2023 4204 2085 4249 ut

505 4282 574 4338 de
598 4284 830 4346 abbate.
858 4293 915 4338 et
963 4283 1085 4339 aliis
1138 4284 1355 4339 interim
1401 4284 1677 4349 sileamus,
1725 4284 1799 4340 de
1840 4283 2084 4341 Gerardo

504 4373 671 4429 liceat
724 4376 1104 4431 tantummodo:
1143 4375 1347 4443 dicere,
1369 4375 1626 4431 Ecclesiae
1672 4376 1943 4431 hominem
1975 4393 2080 4433 non

505 4461 698 4523 fuisse.
732 4471 788 4517 et
826 4463 1029 4518 Christi
1057 4480 1395 4535 nequaquam
1425 4464 1757 4534 pertinuisse
1815 4464 2077 4519 fidelibus.

506 4549 642 4608 lllud
673 4555 820 4610 enim
838 4570 1016 4615 unum
1038 4565 1201 4627 caput
1221 4558 1577 4625 anathemati,
1605 4557 2084 4626 ntaledictionique
2111 4541 2162 4600 θ

508 4642 777 4712 ςυὲπίθουίι
811 4647 1049 4701 omnium
1085 4645 1201 4704 fere
1227 4648 1575 4718 pontiﬁcum,
1621 4649 1930 4719 quicunque
1975 4646 2086 4701 Ro-

507 4749 685 4794 manae
703 4739 958 4795 Ecclesiae
979 4741 1091 4796 suis
1112 4743 1447 4812 temporibus
1468 4741 1798 4811 praefuerunt
1821 4756 1838 4795 :
1868 4740 2086 4795 demum

509 4827 671 4896 paulo
717 4838 1005 4899 antequam
1058 4841 1379 4896 moreretur,
1426 4840 1645 4900 propter
1671 4831 1883 4893 ducem,
1913 4836 1968 4882 et
2000 4843 2092 4880 ar-

510 4917 914 4988 chiepiscopum
947 4920 1267 4991 Anglorum,
1297 4935 1435 4991 quos
1468 4935 1500 4973 a
1532 4920 1674 4975 beati
1699 4918 1845 4974 Petri
1888 4917 2088 4972 limini-

509 5007 613 5063 bus
652 5010 938 5066 redeuntes
962 5011 1187 5077 invasit,
1210 5011 1482 5082 spoliavit,
1510 5020 1567 5066 et
1600 5026 1771 5079 usque
1818 5010 1887 5065 ad
1935 5009 2081 5064 mille

510 5098 792 5173 Papiensis
817 5111 1040 5159 monetae
1065 5103 1232 5159 libras
1251 5103 1605 5173 appendentia
1631 5103 1826 5171 rapuit.
1856 5101 2084 5171 Propter

512 5194 616 5250 hoc
647 5195 827 5265 itaque
853 5196 905 5251 in
940 5196 1179 5267 plenaria
1205 5196 1440 5267 synodo,
1470 5209 1607 5264 papa
1643 5194 1863 5249 Nicoiao
1898 5195 2083 5264 praesi-

513 5284 695 5352 dente,
718 5288 1218 5343 excommunicatus
1235 5295 1336 5352 est,
1352 5295 1407 5342 et
1426 5287 1706 5342 exstinctis
1728 5286 2084 5342 luminaribus

510 5374 612 5429 sub
625 5385 884 5445 perpetuo
897 5376 996 5431 fuit
1009 5377 1350 5431 anathemate
1361 5378 1768 5431 condemnatus.
1782 5376 2082 5444 Per-pendat

511 5465 677 5534 igitur
694 5477 880 5523 sancta
903 5467 1160 5539 synodus,
1176 5468 1218 5521 si
1234 5467 1378 5522 illius
1390 5467 1614 5536 ejusque
1625 5469 1945 5538 eomplieum
1968 5477 2082 5522 rata

506 5553 628 5623 jure
650 5556 762 5627 69
788 5557 1033 5612 videatur
1056 5557 1265 5621 electio,
1300 5556 1394 5625 qui
1424 5565 1531 5611 tam
1580 5556 1893 5613 terribiliter
1922 5566 2084 5625 atque

513 5646 941 5703 irrevocabiliter
965 5658 1050 5703 est
1076 5649 1142 5703 ab
1175 5647 1426 5703 Ecclesiae
1452 5648 1748 5704 visceribus
1771 5647 2079 5719 evangelica

583 5758 659 5827 (Ξ)
698 5759 986 5815 Cadaloum
1016 5762 1324 5832 antipapam
1354 5760 1617 5833 intelligit.

2177 588 2296 643 dem
2330 591 2394 644 ad
2429 589 2856 645 Christianitatis
2885 590 3048 644 fuerit
3075 590 3287 645 titulum
3314 591 3637 647 reformatus
3666 602 3757 646 :et

2175 676 2255 731 sic
2282 692 2380 747 per
2406 693 2530 733 eum
2559 678 2803 734 ordinari
2837 677 3137 733 Romanam
3188 678 3487 734 Ecclesiam
3532 680 3752 751 dignum

2174 764 2298 832 fuit,
2333 767 2424 836 qui
2452 768 2567 837 ejus
2597 782 2812 837 semper
2840 776 3097 823 cruentus
3116 768 3328 822 exstitit
3364 769 3635 833 inimicus,
3664 770 3763 838 qui

2176 870 2295 910 eam
2337 872 2549 925 semper
2586 865 2672 912 est
2716 856 2958 912 feraliter
2992 867 3327 926 persecutus.
3372 859 3441 912 Et
3485 861 3753 928 quomodo

2177 962 2443 1001 summam
2474 948 2633 1002 debet
2668 948 2963 1003 Ecclesiam
2996 948 3270 1014 ordinare,
3295 948 3662 1019 cujuscunque
3690 948 3753 1003 li-

2180 1054 2300 1093 men
2328 1038 2584 1095 Ecclesia:
2610 1056 2717 1094 non
2748 1040 2875 1095 licet
2900 1040 3206 1111 attingere?
3243 1041 3457 1096 Clanrat
3493 1040 3759 1096 Dominus

2178 1127 2245 1182 ad
2272 1128 2435 1182 lsrael
2465 1142 2479 1181 :
2513 1147 2531 1179 ι
2563 1128 2861 1184 Anathema
2884 1129 2936 1182 in
2967 1130 3142 1183 medio
3177 1129 3276 1193 tui,
3306 1128 3502 1192 lsrael;
3536 1142 3637 1183 nec
3661 1142 3759 1198 po-

2180 1217 2311 1273 teris
2370 1226 2516 1272 stare
2561 1227 2749 1272 contra
2794 1219 2976 1273 hostes
3010 1227 3150 1283 tuos,
3190 1218 3363 1273 donec
3408 1218 3652 1273 deleatur
3689 1231 3760 1272 ex

2182 1316 2254 1372 te,
2288 1308 2377 1376 qui
2416 1310 2516 1362 hoc
2542 1309 2942 1363 contaminatus
2978 1317 3063 1363 est
3087 1308 3309 1363 scelere.
3344 1327 3365 1360 ι
3399 1308 3467 1362 Ει
3492 1308 3594 1361 hoc
3625 1322 3769 1377 qua-

2181 1397 2274 1451 re?
2301 1397 2567 1464 Quoniam
2618 1397 2994 1452 Achar‘ﬁlius
3019 1397 3240 1452 Charmi
3295 1397 3361 1451 de
3411 1398 3764 1454 anathemate

2179 1485 2397 1543 Iericho
2427 1488 2689 1543 ducentos
2732 1490 2994 1544 duntaxat
3027 1490 3233 1559 argenti
3283 1489 3463 1553 siclos,
3497 1488 3762 1560 regulam-

2182 1593 2286 1648 que
2308 1594 2537 1657 auream
2570 1581 2959 1650 quinquaginta
3007 1581 3286 1648 sielorum,
3335 1592 3392 1634 et
3448 1581 3760 1636 coccineum

2181 1670 2481 1725 abstulerat
2502 1670 2721 1739 pallium
2755 1688 2768 1725 :
2800 1680 2857 1725 et
2884 1671 2953 1725 ob
2985 1670 3124 1724 hanc
3150 1669 3309 1724 vilem
3334 1669 3587 1725 videlicet
3607 1684 3762 1724 sum-

2182 1775 2326 1813 mam
2373 1768 2563 1815 auctor
2609 1759 2832 1816 sceleris
2878 1776 2984 1815 non
3043 1760 3205 1814 modo
3252 1759 3553 1828 lapidatur,
3581 1759 3675 1814 sed
3704 1765 3787 1841 et.

2108 1851 2157 1910 B
2185 1852 2418 1922 lapidum
2453 1853 2665 1908 acervis
2701 1854 2968 1923 obruitur.
3026 1853 3082 1907 Si
3123 1862 3343 1923 propter
3390 1852 3539 1908 illum
3587 1853 3764 1908 homi-

2185 1956 2330 2006 nem,
2352 1943 2444 2010 qui
2474 1941 2735 1996 duntaxat
2761 1958 2925 1997 unum
2953 1943 3293 2013 sacrilegium
3326 1942 3513 1997 fraude
3538 1941 3763 1998 commi-

2183 2040 2352 2095 serat,
2395 2029 2568 2084 lsrael
2604 2038 2730 2085 ante
2776 2045 2997 2085 suorum
3036 2030 3272 2086 hostium
3301 2031 3494 2086 faciem
3524 2030 3783 2085 ruiturus.

2183 2131 2299 2175 erat
2329 2138 2342 2173 :
2370 2125 2639 2190 quomodo
2665 2122 2829 2176 stabit
2855 2121 3121 2188 Ecclesia,
3150 2121 3193 2176 si
3229 2136 3324 2191 per
3347 2122 3523 2176 virum
3553 2128 3633 2176 tot
3656 2121 3764 2177 cri-

2183 2211 2429 2266 minibus
2450 2209 2773 2275 invelutum,
2803 2209 2968 2265 fuerit
2997 2212 3242 2265 ordinata
3266 2211 3289 2264 ?
3318 2210 3613 2280 praesertim
3635 2224 3763 2264 cum

2184 2310 2239 2354 et
2278 2300 2434 2356 talem
2482 2300 2728 2370 elegerit,
2761 2302 2812 2354 in
2839 2316 3020 2371 quem,
3051 2310 3187 2356 teste
3237 2300 3466 2365 mundo,
3522 2300 3761 2355 omnium

2184 2392 2436 2447 vitiorum
2466 2393 2679 2447 sentina
2703 2393 2960 2448 conﬂuxit
2981 2393 3520 2462 pseudoepisropum,
3550 2401 3765 2460 aposto-

2185 2480 2293 2535 lum
2328 2482 2672 2546 Antichristi,
2703 2483 3073 2537 adversariurn
3101 2476 3323 2543 Christi,
3352 2481 3585 2534 animam
3610 2478 3765 2550 puel-

2185 2567 2382 2634 larum,
2413 2583 2731 2639 mangonem
2763 2569 3115 2624 ecclesiarum
3165 2569 3264 2638 (2).
3309 2568 3440 2635 Quis
3467 2582 3597 2637 ergo
3627 2566 3762 2621 isto-

2187 2678 2303 2716 rum
2328 2661 2475 2730 justo
2498 2662 2769 2716 videbitur
2790 2662 3037 2716 examine
3065 2659 3467 2731 praeferendus?
3487 2667 3666 2714 utrum
3691 2657 3762 2721 is,

2186 2768 2348 2822 quem
2387 2753 2549 2823 elegit
2587 2767 2727 2806 unus
2769 2751 2853 2805 vir
2893 2761 3166 2821 perpetuae
3213 2748 3607 2805 maledictionis
3634 2762 3765 2802 ana.

2189 2843 2429 2897 themate
2469 2839 2887 2906 condemnatus;
2919 2858 2987 2896 an
3020 2840 3109 2896 ille
3131 2841 3313 2911 potius
3333 2881 3348 2906 ,
3378 2854 3538 2910 quem
3584 2836 3763 2893 cardi-

2187 2932 2338 2988 nales
2365 2933 2602 3002 episcopi
2633 2931 2960 2986 unanimiter
2988 2940 3314 2987 vocaveruut
3345 2948 3359 2983 :
3397 2944 3557 2999 quem
3586 2926 3764 2983 clerus

2187 3024 2368 3095 elegit,
2401 3040 2560 3095 quem
2600 3023 2835 3094 populus
2886 3024 3148 3094 expetivit
3181 3038 3287 3078 non
3334 3023 3388 3077 in
3418 3018 3764 3077 extremitate

2190 3125 2480 3180 terrarum,
2505 3117 2599 3171 sed
2629 3117 2772 3170 intra
2805 3116 3006 3169 mmnia
3033 3114 3421 3180 Romanorum,
3443 3120 3500 3167 et
3518 3112 3572 3166 in
3596 3109 3764 3181 ipsius

2109 3194 2153 3255 C
2185 3201 2330 3257 sedis
2356 3200 2661 3271 apostolica:
2681 3200 2906 3271 gremio.

2711 3288 2907 3358 Regius
2937 3290 3239 3342 adrocatus.

2260 3382 2423 3437 Tota
2458 3390 2514 3436 te
2561 3378 2860 3435 rationibus
2901 3377 3148 3441 redditis,
3188 3391 3472 3446 possemus
3518 3373 3767 3430 fortassis

2186 3474 2445 3529 adhibere
2498 3485 2863 3535 consensum,
2929 3468 2973 3523 si
3034 3468 3198 3522 semel
3242 3467 3497 3522 emissam
3545 3464 3767 3520 deceret

2187 3565 2391 3631 regiam
2437 3560 2773 3630 majestatem
2822 3569 3035 3615 mutare
3067 3558 3424 3622 sententiam,
3478 3556 3763 3626 principali

2186 3656 2384 3724 quippe
2412 3652 2594 3724 gloria:
2615 3652 2761 3707 velut
2791 3650 3172 3706 inconstantia
3201 3665 3384 3704 ntcvus
3413 3648 3762 3719 imprimitur,

2187 3745 2234 3800 si
2291 3745 2650 3814 quodcunque
2692 3758 2803 3798 sure
2850 3740 3247 3798 constitutionis
3295 3740 3528 3795 edictum
3570 3738 3766 3795 leviter

2186 3834 2495 3890 annulctur.
2552 3856 2557 3861 ι

2555 3923 2809 3993 Defensor
2838 3921 3090 3977 Romana!
3121 3920 3389 3976 Ecclesiae.

2257 4016 2390 4083 Quis
2419 4016 2627 4071 nesciat
2660 4030 2783 4086 rege
2807 4016 2976 4070 Deum
3013 4028 3134 4068 esse
3163 4011 3422 4081 majorem
3441 4012 3467 4066 τ
3493 4009 3562 4066 Et
3585 4016 3773 4064 tamen.

2184 4105 2366 4161 dicere
2409 4119 2518 4160 non
2565 4103 2835 4160 erubescit
2865 4122 2878 4157 :
2909 4121 2927 4156 ι
2961 4101 3196 4158 Paenitet
3224 4118 3311 4157 me
3335 4142 3350 4167 ,
3384 4100 3527 4170 quod
3566 4097 3768 4155 consti-

2184 4196 2379 4252 tuerim
2428 4196 2555 4250 Saul
2585 4210 2764 4267 regem
2803 4194 2855 4265 (I
2904 4192 3058 4263 Reg.,
3102 4192 3228 4262 xv);
3262 4210 3280 4243 ι
3312 4203 3366 4246 et
3393 4206 3490 4260 per
3530 4188 3756 4245 Samuel

2184 4284 2288 4340 lem
2326 4286 2377 4340 ei
2404 4285 2687 4341 denuntiat
2714 4283 2899 4337 dicens
2927 4299 2940 4335 :
2982 4301 3001 4333 r
3034 4280 3271 4348 Proiecit
3295 4290 3348 4335 te
3373 4280 3661 4345 Dominus,
3693 4293 3770 4334 ne

2185 4379 2263 4433 sis
2300 4394 2396 4433 rex
2433 4392 2596 4445 super
2625 4375 2790 4430 lsrael
2822 4372 3031 4442 (Mitt).
3073 4392 3091 4425 ι
3128 4370 3184 4426 Si
3218 4372 3483 4441 poenitere
3524 4385 3582 4426 se
3621 4370 3773 4425 Deus

2186 4469 2455 4531 asseruit,
2484 4466 2576 4536 qui
2606 4466 2789 4518 futura
2821 4471 3016 4518 cuncta
3049 4469 3371 4531 cognoverat
3402 4478 3416 4514 :
3447 4475 3569 4517 eum
3598 4460 3763 4515 homo

2187 4572 2340 4611 suam
2379 4565 2714 4610 commutare
2766 4554 2821 4607 in
2875 4551 3066 4607 melius
3106 4551 3425 4627 sententiam
3454 4551 3761 4614 erubescat,

2187 4648 2276 4717 qui
2307 4645 2483 4715 qualis
2504 4685 2519 4707 ,
2545 4652 2600 4698 et
2631 4643 2747 4713 ipse
2779 4656 2995 4712 quoque
3025 4640 3095 4694 sit
3126 4641 3357 4705 futurus,
3391 4639 3639 4711 ignorat?
3666 4636 3761 4692 Ille

2187 4738 2255 4792 de
2285 4737 2426 4791 bono
2454 4732 2636 4788 factus
2664 4741 2747 4787 est
2773 4730 2983 4795 malus;
3028 4730 3130 4785 iste
3169 4722 3420 4784 videlicet
3455 4726 3760 4791 Cadalous,

2189 4831 2261 4886 de
2298 4829 2439 4883 malo
2481 4827 2704 4896 utique,
2744 4823 2887 4894 quod
2930 4823 3042 4895 jam
3094 4829 3242 4887 erat,
3275 4821 3343 4875 sit
3378 4818 3617 4891 quotidie
3643 4817 3761 4873 dia-

2189 4918 2297 4975 boli
2337 4931 2487 4973 more
2530 4915 2787 4971 deterior.

2706 5005 2896 5075 Regius
2925 5002 3229 5060 advocatus.

2258 5098 2437 5168 Quam.
2488 5095 2790 5152 inconsulte
2838 5109 2982 5149 nunc
3027 5093 3264 5163 loqueris
3290 5131 3314 5156 ,,
3351 5089 3453 5160 qui
3490 5085 3762 5142 diabolum

2189 5189 2504 5245 deteriorari
2537 5202 2695 5259 posse
2725 5186 2959 5249 testaris,
2991 5184 3082 5255 qui
3110 5191 3258 5239 certe
3282 5190 3391 5236 tam
3421 5177 3596 5233 malus
3640 5183 3760 5240 est,

2191 5288 2251 5335 ut
2279 5278 2515 5334 deterior
2541 5292 2660 5331 esse
2692 5291 2799 5331 non
2830 5274 3019 5343 possit.
3130 5344 3131 5347 η

2488 5367 2595 5437 70
2621 5365 2875 5435 Defensor
2898 5361 3147 5415 Romame
3176 5357 3445 5413 Ecclesia.

2262 5458 2529 5524 Mentior,
2579 5458 2623 5513 si
2677 5457 2820 5527 quod
2851 5453 3141 5524 proposui,
3174 5451 3468 5521 Scriptum
3517 5447 3760 5505 testimo-

2188 5551 2293 5606 niis
2331 5550 2681 5619 comprobare
2730 5563 2836 5610 non
2880 5545 3049 5600 valeo.
3098 5544 3251 5606 Nam,
3303 5543 3442 5598 lsaia
3484 5551 3639 5604 teste,
3681 5540 3759 5594 di-

2187 5645 2344 5702 cebat
2382 5645 2647 5715 superbus
2688 5642 2742 5696 in
2788 5639 2971 5695 mundi
3015 5637 3280 5709 principio
3322 5655 3334 5691 :
3376 5656 3396 5689 ‹
3457 5635 3761 5691 Ascendam
