  <div class='ocr_page' id='page_1' title='image "/cluster/home/n/w/nwhite01/storage/ocr_20150623/145/hvd.32044015471824/050.png"; bbox 0 0 4106 6310; ppageno 0'>
   <div class='ocr_carea' id='block_1_1' title="bbox 335 405 3606 468">
    <p class='ocr_par' dir='ltr' id='par_1_1' title="bbox 335 405 3606 468">
     <span class='ocr_line' id='line_1_1' title="bbox 335 405 3606 468; baseline -0.002 -2"><span class='ocrx_word' id='word_1_1' title='bbox 335 411 408 466; x_wconf 83' lang='lat'><strong>85</strong></span> <span class='ocrx_word' id='word_1_2' title='bbox 1267 407 1510 467; x_wconf 79' lang='lat' dir='ltr'><strong>OPUSC.</strong></span> <span class='ocrx_word' id='word_1_3' title='bbox 1556 407 1644 462; x_wconf 84' lang='lat' dir='ltr'><strong>lV.</strong></span> <span class='ocrx_word' id='word_1_4' title='bbox 1680 413 1755 449; x_wconf 66' lang='grc' dir='ltr'><strong>-έ</strong></span> <span class='ocrx_word' id='word_1_5' title='bbox 1791 405 2238 463; x_wconf 71' lang='lat' dir='ltr'><strong>DISCEPTATIO</strong></span> <span class='ocrx_word' id='word_1_6' title='bbox 2277 406 2682 462; x_wconf 77' lang='lat' dir='ltr'><strong>SYNODALIS.</strong></span> <span class='ocrx_word' id='word_1_7' title='bbox 3536 411 3606 468; x_wconf 76' lang='lat'><strong>86</strong></span> 
     </span>
    </p>
   </div>
   <div class='ocr_carea' id='block_1_2' title="bbox 337 516 3704 599">
    <p class='ocr_par' dir='ltr' id='par_1_2' title="bbox 337 516 3704 599">
     <span class='ocr_line' id='line_1_2' title="bbox 337 516 3704 599; baseline -0.002 -14"><span class='ocrx_word' id='word_1_8' title='bbox 337 545 502 599; x_wconf 73' lang='lat' dir='ltr'><strong>super</strong></span> <span class='ocrx_word' id='word_1_9' title='bbox 545 526 886 583; x_wconf 71' lang='lat' dir='ltr'><strong>altitudinem</strong></span> <span class='ocrx_word' id='word_1_10' title='bbox 946 525 1216 591; x_wconf 78' lang='lat' dir='ltr'><strong>nubium,</strong></span> <span class='ocrx_word' id='word_1_11' title='bbox 1268 524 1460 579; x_wconf 75' lang='lat' dir='ltr'><strong>similis</strong></span> <span class='ocrx_word' id='word_1_12' title='bbox 1500 539 1593 579; x_wconf 93' lang='lat' dir='ltr'><strong>ere</strong></span> <span class='ocrx_word' id='word_1_13' title='bbox 1647 521 1925 577; x_wconf 85' lang='lat' dir='ltr'><strong>Altissimo</strong></span> <span class='ocrx_word' id='word_1_14' title='bbox 1953 527 2001 585; x_wconf 81' lang='grc' dir='ltr'>Α</span> <span class='ocrx_word' id='word_1_15' title='bbox 2031 519 2107 572; x_wconf 93' lang='lat' dir='ltr'><strong>vit</strong></span> <span class='ocrx_word' id='word_1_16' title='bbox 2137 518 2427 588; x_wconf 80' lang='lat' dir='ltr'><strong>exemplis;</strong></span> <span class='ocrx_word' id='word_1_17' title='bbox 2465 527 2522 572; x_wconf 89' lang='lat' dir='ltr'><strong>ut</strong></span> <span class='ocrx_word' id='word_1_18' title='bbox 2552 533 2649 570; x_wconf 91' lang='lat' dir='ltr'><strong>nos</strong></span> <span class='ocrx_word' id='word_1_19' title='bbox 2678 522 2901 572; x_wconf 90' lang='lat' dir='ltr'><strong>eatenus</strong></span> <span class='ocrx_word' id='word_1_20' title='bbox 2934 516 3114 588; x_wconf 83' lang='lat' dir='ltr'><strong>ignota</strong></span> <span class='ocrx_word' id='word_1_21' title='bbox 3144 521 3391 587; x_wconf 88' lang='lat' dir='ltr'><strong>doceret,</strong></span> <span class='ocrx_word' id='word_1_22' title='bbox 3426 531 3478 579; x_wconf 87' lang='lat' dir='ltr'><strong>et</strong></span> <span class='ocrx_word' id='word_1_23' title='bbox 3515 539 3610 579; x_wconf 89' lang='lat' dir='ltr'><strong>vos</strong></span> <span class='ocrx_word' id='word_1_24' title='bbox 3698 583 3704 589; x_wconf 92' lang='lat'><strong>_</strong></span> 
     </span>
    </p>
   </div>
   <div class='ocr_carea' id='block_1_3' title="bbox 337 614 1923 693">
    <p class='ocr_par' dir='ltr' id='par_1_3' title="bbox 337 614 1923 693">
     <span class='ocr_line' id='line_1_3' title="bbox 337 614 1923 693; baseline -0.004 -19"><span class='ocrx_word' id='word_1_25' title='bbox 337 621 495 693; x_wconf 67' lang='lat' dir='ltr'><strong>(Iani.</strong></span> <span class='ocrx_word' id='word_1_26' title='bbox 526 619 663 688; x_wconf 77' lang='lat' dir='ltr'><strong>xiv).</strong></span> <span class='ocrx_word' id='word_1_27' title='bbox 729 637 748 669; x_wconf 76' lang='grc' dir='ltr'><strong>ι</strong></span> <span class='ocrx_word' id='word_1_28' title='bbox 801 616 997 672; x_wconf 83' lang='lat' dir='ltr'><strong>Paulus</strong></span> <span class='ocrx_word' id='word_1_29' title='bbox 1037 626 1220 671; x_wconf 88' lang='lat' dir='ltr'><strong>autem</strong></span> <span class='ocrx_word' id='word_1_30' title='bbox 1276 616 1407 670; x_wconf 92' lang='lat' dir='ltr'><strong>dicit</strong></span> <span class='ocrx_word' id='word_1_31' title='bbox 1449 631 1464 670; x_wconf 88' lang='lat'><strong>:</strong></span> <span class='ocrx_word' id='word_1_32' title='bbox 1521 635 1538 666; x_wconf 74' lang='grc' dir='ltr'><strong>ι</strong></span> <span class='ocrx_word' id='word_1_33' title='bbox 1581 614 1682 681; x_wconf 85' lang='lat' dir='ltr'><strong>Qui</strong></span> <span class='ocrx_word' id='word_1_34' title='bbox 1723 615 1777 668; x_wconf 91' lang='lat' dir='ltr'><strong>in</strong></span> <span class='ocrx_word' id='word_1_35' title='bbox 1820 615 1923 668; x_wconf 85' lang='lat' dir='ltr'><strong>line</strong></span> 
     </span>
    </p>
   </div>
   <div class='ocr_carea' id='block_1_4' title="bbox 331 710 1920 778">
    <p class='ocr_par' dir='ltr' id='par_1_4' title="bbox 331 710 1920 778">
     <span class='ocr_line' id='line_1_4' title="bbox 331 710 1920 778; baseline -0.004 -10"><span class='ocrx_word' id='word_1_36' title='bbox 331 712 526 768; x_wconf 81' lang='lat' dir='ltr'><strong>mundi</strong></span> <span class='ocrx_word' id='word_1_37' title='bbox 551 711 792 775; x_wconf 90' lang='lat' dir='ltr'><strong>veniens,</strong></span> <span class='ocrx_word' id='word_1_38' title='bbox 820 710 1164 776; x_wconf 69' lang='lat' dir='ltr'><strong>adversatur,</strong></span> <span class='ocrx_word' id='word_1_39' title='bbox 1182 719 1236 764; x_wconf 92' lang='lat' dir='ltr'><strong>et</strong></span> <span class='ocrx_word' id='word_1_40' title='bbox 1256 710 1532 764; x_wconf 80' lang='lat' dir='ltr'><strong>extollitur</strong></span> <span class='ocrx_word' id='word_1_41' title='bbox 1557 724 1716 778; x_wconf 90' lang='lat' dir='ltr'><strong>supra</strong></span> <span class='ocrx_word' id='word_1_42' title='bbox 1740 723 1920 774; x_wconf 90' lang='lat' dir='ltr'><strong>omne,</strong></span> 
     </span>
    </p>
   </div>
   <div class='ocr_carea' id='block_1_5' title="bbox 335 799 1917 875">
    <p class='ocr_par' dir='ltr' id='par_1_5' title="bbox 335 799 1917 875">
     <span class='ocr_line' id='line_1_5' title="bbox 335 799 1917 875; baseline -0.004 -17"><span class='ocrx_word' id='word_1_43' title='bbox 335 805 484 875; x_wconf 87' lang='lat' dir='ltr'><strong>quod</strong></span> <span class='ocrx_word' id='word_1_44' title='bbox 511 804 714 860; x_wconf 83' lang='lat' dir='ltr'><strong>dicitur</strong></span> <span class='ocrx_word' id='word_1_45' title='bbox 738 803 904 867; x_wconf 83' lang='lat' dir='ltr'><strong>Deus,</strong></span> <span class='ocrx_word' id='word_1_46' title='bbox 928 802 1184 871; x_wconf 82' lang='lat' dir='ltr'><strong>aut-quod</strong></span> <span class='ocrx_word' id='word_1_47' title='bbox 1219 803 1415 856; x_wconf 87' lang='lat' dir='ltr'><strong>colitur</strong></span> <span class='ocrx_word' id='word_1_48' title='bbox 1439 800 1521 872; x_wconf 87' lang='grc'><strong>(11</strong></span> <span class='ocrx_word' id='word_1_49' title='bbox 1571 799 1754 854; x_wconf 76' lang='lat' dir='ltr'><strong>Thess.</strong></span> <span class='ocrx_word' id='word_1_50' title='bbox 1789 801 1867 870; x_wconf 89' lang='grc' dir='ltr'>ιι).</span> <span class='ocrx_word' id='word_1_51' title='bbox 1899 819 1917 852; x_wconf 75' lang='grc' dir='ltr'><strong>ι</strong></span> 
     </span>
    </p>
   </div>
   <div class='ocr_carea' id='block_1_6' title="bbox 335 889 1923 966">
    <p class='ocr_par' dir='ltr' id='par_1_6' title="bbox 335 889 1923 966">
     <span class='ocr_line' id='line_1_6' title="bbox 335 889 1923 966; baseline -0.006 -15"><span class='ocrx_word' id='word_1_52' title='bbox 335 896 478 965; x_wconf 85' lang='lat' dir='ltr'><strong>Quia</strong></span> <span class='ocrx_word' id='word_1_53' title='bbox 506 911 636 966; x_wconf 84' lang='lat' dir='ltr'><strong>ergo</strong></span> <span class='ocrx_word' id='word_1_54' title='bbox 670 904 798 949; x_wconf 90' lang='lat' dir='ltr'><strong>tunc</strong></span> <span class='ocrx_word' id='word_1_55' title='bbox 827 893 1102 949; x_wconf 77' lang='lat' dir='ltr'><strong>affectavit</strong></span> <span class='ocrx_word' id='word_1_56' title='bbox 1150 893 1260 948; x_wconf 90' lang='lat' dir='ltr'><strong>Deo</strong></span> <span class='ocrx_word' id='word_1_57' title='bbox 1303 908 1364 948; x_wconf 91' lang='lat' dir='ltr'><strong>se</strong></span> <span class='ocrx_word' id='word_1_58' title='bbox 1407 892 1642 946; x_wconf 91' lang='lat' dir='ltr'><strong>similem</strong></span> <span class='ocrx_word' id='word_1_59' title='bbox 1694 905 1836 952; x_wconf 89' lang='lat' dir='ltr'><strong>esse,</strong></span> <span class='ocrx_word' id='word_1_60' title='bbox 1870 889 1923 943; x_wconf 92' lang='lat' dir='ltr'><strong>in</strong></span> 
     </span>
    </p>
   </div>
   <div class='ocr_carea' id='block_1_7' title="bbox 331 981 1926 1055">
    <p class='ocr_par' dir='ltr' id='par_1_7' title="bbox 331 981 1926 1055">
     <span class='ocr_line' id='line_1_7' title="bbox 331 981 1926 1055; baseline -0.007 -11"><span class='ocrx_word' id='word_1_61' title='bbox 331 988 449 1044; x_wconf 78' lang='lat' dir='ltr'><strong>ﬁne</strong></span> <span class='ocrx_word' id='word_1_62' title='bbox 472 986 658 1041; x_wconf 89' lang='lat' dir='ltr'><strong>mundi</strong></span> <span class='ocrx_word' id='word_1_63' title='bbox 683 985 796 1055; x_wconf 89' lang='lat' dir='ltr'><strong>jam</strong></span> <span class='ocrx_word' id='word_1_64' title='bbox 834 985 1075 1041; x_wconf 91' lang='lat' dir='ltr'><strong>deterior</strong></span> <span class='ocrx_word' id='word_1_65' title='bbox 1108 984 1310 1048; x_wconf 87' lang='lat' dir='ltr'><strong>factus,</strong></span> <span class='ocrx_word' id='word_1_66' title='bbox 1342 983 1456 1036; x_wconf 90' lang='lat' dir='ltr'><strong>vult</strong></span> <span class='ocrx_word' id='word_1_67' title='bbox 1490 981 1642 1051; x_wconf 84' lang='lat' dir='ltr'><strong>quasi</strong></span> <span class='ocrx_word' id='word_1_68' title='bbox 1681 981 1926 1049; x_wconf 88' lang='lat' dir='ltr'><strong>superior</strong></span> 
     </span>
    </p>
   </div>
   <div class='ocr_carea' id='block_1_8' title="bbox 333 1069 1926 1146">
    <p class='ocr_par' dir='ltr' id='par_1_8' title="bbox 333 1069 1926 1146">
     <span class='ocr_line' id='line_1_8' title="bbox 333 1069 1926 1146; baseline -0.008 -11"><span class='ocrx_word' id='word_1_69' title='bbox 333 1078 602 1135; x_wconf 76' lang='lat' dir='ltr'><strong>eminere.</strong></span> <span class='ocrx_word' id='word_1_70' title='bbox 652 1075 756 1130; x_wconf 89' lang='lat' dir='ltr'><strong>Per</strong></span> <span class='ocrx_word' id='word_1_71' title='bbox 799 1075 944 1146; x_wconf 89' lang='lat' dir='ltr'><strong>quod</strong></span> <span class='ocrx_word' id='word_1_72' title='bbox 992 1074 1278 1129; x_wconf 85' lang='lat' dir='ltr'><strong>manifeste</strong></span> <span class='ocrx_word' id='word_1_73' title='bbox 1318 1072 1611 1143; x_wconf 85' lang='lat' dir='ltr'><strong>colligitur,</strong></span> <span class='ocrx_word' id='word_1_74' title='bbox 1652 1069 1926 1126; x_wconf 90' lang='lat' dir='ltr'><strong>diabolum</strong></span> 
     </span>
    </p>
   </div>
   <div class='ocr_carea' id='block_1_9' title="bbox 335 1152 1927 1237">
    <p class='ocr_par' dir='ltr' id='par_1_9' title="bbox 335 1152 1927 1237">
     <span class='ocr_line' id='line_1_9' title="bbox 335 1152 1927 1237; baseline -0.006 -11"><span class='ocrx_word' id='word_1_75' title='bbox 335 1171 518 1226; x_wconf 81' lang='lat' dir='ltr'><strong>adhuc</strong></span> <span class='ocrx_word' id='word_1_76' title='bbox 557 1170 610 1222; x_wconf 86' lang='lat' dir='ltr'><strong>in</strong></span> <span class='ocrx_word' id='word_1_77' title='bbox 640 1169 908 1224; x_wconf 87' lang='lat' dir='ltr'><strong>deteriora</strong></span> <span class='ocrx_word' id='word_1_78' title='bbox 961 1181 1119 1237; x_wconf 86' lang='lat' dir='ltr'><strong>posse</strong></span> <span class='ocrx_word' id='word_1_79' title='bbox 1167 1180 1452 1230; x_wconf 88' lang='lat' dir='ltr'><strong>corruere;</strong></span> <span class='ocrx_word' id='word_1_80' title='bbox 1501 1165 1630 1234; x_wconf 85' lang='lat' dir='ltr'><strong>quia</strong></span> <span class='ocrx_word' id='word_1_81' title='bbox 1680 1152 1927 1216; x_wconf 85' lang='lat' dir='ltr'><strong>diabolus</strong></span> 
     </span>
    </p>
   </div>
   <div class='ocr_carea' id='block_1_10' title="bbox 335 1256 1928 1332">
    <p class='ocr_par' dir='ltr' id='par_1_10' title="bbox 335 1256 1928 1332">
     <span class='ocr_line' id='line_1_10' title="bbox 335 1256 1928 1332; baseline -0.006 -15"><span class='ocrx_word' id='word_1_82' title='bbox 335 1262 733 1332; x_wconf 78' lang='lat' dir='ltr'><strong>interpretatur</strong></span> <span class='ocrx_word' id='word_1_83' title='bbox 776 1261 1018 1313; x_wconf 77' lang='lat' dir='ltr'><strong>deorsum</strong></span> <span class='ocrx_word' id='word_1_84' title='bbox 1083 1261 1270 1328; x_wconf 79' lang='lat' dir='ltr'><strong>ﬂuens.</strong></span> <span class='ocrx_word' id='word_1_85' title='bbox 1303 1257 1569 1314; x_wconf 90' lang='lat' dir='ltr'><strong>Cadalous</strong></span> <span class='ocrx_word' id='word_1_86' title='bbox 1609 1272 1639 1310; x_wconf 89' lang='lat' dir='ltr'><strong>a</strong></span> <span class='ocrx_word' id='word_1_87' title='bbox 1682 1256 1928 1310; x_wconf 90' lang='lat' dir='ltr'><strong>cadendo</strong></span> 
     </span>
    </p>
   </div>
   <div class='ocr_carea' id='block_1_11' title="bbox 336 1344 1928 1419">
    <p class='ocr_par' dir='ltr' id='par_1_11' title="bbox 336 1344 1928 1419">
     <span class='ocr_line' id='line_1_11' title="bbox 336 1344 1928 1419; baseline -0.006 -12"><span class='ocrx_word' id='word_1_88' title='bbox 336 1352 555 1417; x_wconf 87' lang='lat' dir='ltr'><strong>dictus,</strong></span> <span class='ocrx_word' id='word_1_89' title='bbox 606 1351 814 1403; x_wconf 81' lang='lat' dir='ltr'><strong>ruinam</strong></span> <span class='ocrx_word' id='word_1_90' title='bbox 855 1347 1034 1419; x_wconf 82' lang='lat' dir='ltr'><strong>populi</strong></span> <span class='ocrx_word' id='word_1_91' title='bbox 1079 1357 1269 1413; x_wconf 76' lang='lat' dir='ltr'><strong>sonat,</strong></span> <span class='ocrx_word' id='word_1_92' title='bbox 1309 1347 1440 1416; x_wconf 90' lang='lat' dir='ltr'><strong>ipsis</strong></span> <span class='ocrx_word' id='word_1_93' title='bbox 1487 1361 1699 1416; x_wconf 91' lang='lat' dir='ltr'><strong>quoque</strong></span> <span class='ocrx_word' id='word_1_94' title='bbox 1755 1344 1928 1399; x_wconf 90' lang='lat' dir='ltr'><strong>nemi-</strong></span> 
     </span>
    </p>
   </div>
   <div class='ocr_carea' id='block_1_12' title="bbox 332 1438 1927 1512">
    <p class='ocr_par' dir='ltr' id='par_1_12' title="bbox 332 1438 1927 1512">
     <span class='ocr_line' id='line_1_12' title="bbox 332 1438 1927 1512; baseline -0.004 -14"><span class='ocrx_word' id='word_1_95' title='bbox 332 1443 501 1498; x_wconf 81' lang='lat' dir='ltr'><strong>nibus</strong></span> <span class='ocrx_word' id='word_1_96' title='bbox 547 1441 827 1512; x_wconf 86' lang='lat' dir='ltr'><strong>aptissime</strong></span> <span class='ocrx_word' id='word_1_97' title='bbox 878 1441 1111 1495; x_wconf 87' lang='lat' dir='ltr'><strong>invicem</strong></span> <span class='ocrx_word' id='word_1_98' title='bbox 1173 1450 1403 1509; x_wconf 87' lang='lat' dir='ltr'><strong>uterque</strong></span> <span class='ocrx_word' id='word_1_99' title='bbox 1459 1439 1772 1493; x_wconf 88' lang='lat' dir='ltr'><strong>concordat.</strong></span> <span class='ocrx_word' id='word_1_100' title='bbox 1832 1438 1927 1492; x_wconf 91' lang='lat' dir='ltr'><strong>Dic</strong></span> 
     </span>
    </p>
   </div>
   <div class='ocr_carea' id='block_1_13' title="bbox 332 1527 1927 1603">
    <p class='ocr_par' dir='ltr' id='par_1_13' title="bbox 332 1527 1927 1603">
     <span class='ocr_line' id='line_1_13' title="bbox 332 1527 1927 1603; baseline -0.006 -15"><span class='ocrx_word' id='word_1_101' title='bbox 332 1548 468 1603; x_wconf 82' lang='lat' dir='ltr'><strong>ergo</strong></span> <span class='ocrx_word' id='word_1_102' title='bbox 489 1532 758 1601; x_wconf 90' lang='lat' dir='ltr'><strong>quomodo</strong></span> <span class='ocrx_word' id='word_1_103' title='bbox 781 1531 883 1585; x_wconf 93' lang='lat' dir='ltr'><strong>iste</strong></span> <span class='ocrx_word' id='word_1_104' title='bbox 910 1527 1149 1600; x_wconf 84' lang='lat' dir='ltr'><strong>pontifex</strong></span> <span class='ocrx_word' id='word_1_105' title='bbox 1178 1530 1303 1595; x_wconf 88' lang='lat' dir='ltr'><strong>erit,</strong></span> <span class='ocrx_word' id='word_1_106' title='bbox 1333 1545 1492 1599; x_wconf 87' lang='lat' dir='ltr'><strong>quem</strong></span> <span class='ocrx_word' id='word_1_107' title='bbox 1525 1545 1629 1583; x_wconf 92' lang='lat' dir='ltr'><strong>non</strong></span> <span class='ocrx_word' id='word_1_108' title='bbox 1653 1528 1927 1582; x_wconf 85' lang='lat' dir='ltr'><strong>Romanus</strong></span> 
     </span>
    </p>
   </div>
   <div class='ocr_carea' id='block_1_14' title="bbox 331 1619 1926 1693">
    <p class='ocr_par' dir='ltr' id='par_1_14' title="bbox 331 1619 1926 1693">
     <span class='ocr_line' id='line_1_14' title="bbox 331 1619 1926 1693; baseline -0.004 -17"><span class='ocrx_word' id='word_1_109' title='bbox 331 1621 589 1693; x_wconf 84' lang='lat' dir='ltr'><strong>pepulus,</strong></span> <span class='ocrx_word' id='word_1_110' title='bbox 611 1622 705 1677; x_wconf 89' lang='lat' dir='ltr'><strong>sed</strong></span> <span class='ocrx_word' id='word_1_111' title='bbox 728 1637 867 1676; x_wconf 87' lang='lat' dir='ltr'><strong>unus</strong></span> <span class='ocrx_word' id='word_1_112' title='bbox 899 1622 1059 1678; x_wconf 89' lang='lat' dir='ltr'><strong>homo</strong></span> <span class='ocrx_word' id='word_1_113' title='bbox 1081 1637 1204 1676; x_wconf 90' lang='lat' dir='ltr'><strong>cum</strong></span> <span class='ocrx_word' id='word_1_114' title='bbox 1227 1621 1339 1676; x_wconf 90' lang='lat' dir='ltr'><strong>suis</strong></span> <span class='ocrx_word' id='word_1_115' title='bbox 1362 1619 1728 1690; x_wconf 84' lang='lat' dir='ltr'><strong>complicibus,</strong></span> <span class='ocrx_word' id='word_1_116' title='bbox 1762 1619 1926 1673; x_wconf 85' lang='lat' dir='ltr'><strong>idem-</strong></span> 
     </span>
    </p>
   </div>
   <div class='ocr_carea' id='block_1_15' title="bbox 334 1713 1926 1785">
    <p class='ocr_par' dir='ltr' id='par_1_15' title="bbox 334 1713 1926 1785">
     <span class='ocr_line' id='line_1_15' title="bbox 334 1713 1926 1785; baseline -0.001 -16"><span class='ocrx_word' id='word_1_117' title='bbox 334 1729 443 1785; x_wconf 84' lang='lat' dir='ltr'><strong>que</strong></span> <span class='ocrx_word' id='word_1_118' title='bbox 466 1731 572 1769; x_wconf 92' lang='lat' dir='ltr'><strong>non</strong></span> <span class='ocrx_word' id='word_1_119' title='bbox 590 1715 886 1778; x_wconf 80' lang='lat' dir='ltr'><strong>Romanus,</strong></span> <span class='ocrx_word' id='word_1_120' title='bbox 913 1714 1006 1769; x_wconf 88' lang='lat' dir='ltr'><strong>sed</strong></span> <span class='ocrx_word' id='word_1_121' title='bbox 1029 1714 1370 1770; x_wconf 87' lang='lat' dir='ltr'><strong>suburbanus</strong></span> <span class='ocrx_word' id='word_1_122' title='bbox 1388 1715 1509 1784; x_wconf 72' lang='lat'><strong>(2‘),</strong></span> <span class='ocrx_word' id='word_1_123' title='bbox 1535 1725 1590 1769; x_wconf 91' lang='lat' dir='ltr'><strong>et</strong></span> <span class='ocrx_word' id='word_1_124' title='bbox 1614 1731 1718 1768; x_wconf 91' lang='lat' dir='ltr'><strong>non</strong></span> <span class='ocrx_word' id='word_1_125' title='bbox 1738 1713 1926 1768; x_wconf 88' lang='lat' dir='ltr'><strong>Eccle-</strong></span> 
     </span>
    </p>
   </div>
   <div class='ocr_carea' id='block_1_16' title="bbox 333 1806 1928 1876">
    <p class='ocr_par' dir='ltr' id='par_1_16' title="bbox 333 1806 1928 1876">
     <span class='ocr_line' id='line_1_16' title="bbox 333 1806 1928 1876; baseline -0.003 -14"><span class='ocrx_word' id='word_1_126' title='bbox 333 1809 434 1863; x_wconf 74' lang='lat' dir='ltr'><strong>sia:</strong></span> <span class='ocrx_word' id='word_1_127' title='bbox 452 1807 613 1870; x_wconf 82' lang='lat' dir='ltr'><strong>ﬁlius,</strong></span> <span class='ocrx_word' id='word_1_128' title='bbox 643 1809 735 1863; x_wconf 91' lang='lat' dir='ltr'><strong>sed</strong></span> <span class='ocrx_word' id='word_1_129' title='bbox 772 1807 1112 1874; x_wconf 90' lang='lat' dir='ltr'><strong>maledictus,</strong></span> <span class='ocrx_word' id='word_1_130' title='bbox 1139 1817 1191 1862; x_wconf 91' lang='lat' dir='ltr'><strong>et</strong></span> <span class='ocrx_word' id='word_1_131' title='bbox 1214 1808 1706 1862; x_wconf 87' lang='lat' dir='ltr'><strong>anathematizatus</strong></span> <span class='ocrx_word' id='word_1_132' title='bbox 1728 1806 1928 1876; x_wconf 78' lang='lat' dir='ltr'><strong>elegit?</strong></span> 
     </span>
    </p>
   </div>
   <div class='ocr_carea' id='block_1_17' title="bbox 333 1878 1923 1969">
    <p class='ocr_par' dir='ltr' id='par_1_17' title="bbox 333 1897 1921 1969">
     <span class='ocr_line' id='line_1_17' title="bbox 333 1897 1921 1969; baseline -0.003 -15"><span class='ocrx_word' id='word_1_133' title='bbox 333 1898 502 1954; x_wconf 88' lang='lat' dir='ltr'><strong>lllene</strong></span> <span class='ocrx_word' id='word_1_134' title='bbox 531 1900 636 1954; x_wconf 90' lang='lat' dir='ltr'><strong>erit</strong></span> <span class='ocrx_word' id='word_1_135' title='bbox 665 1908 755 1953; x_wconf 92' lang='lat' dir='ltr'><strong>tuo</strong></span> <span class='ocrx_word' id='word_1_136' title='bbox 789 1899 998 1969; x_wconf 88' lang='lat' dir='ltr'><strong>judicio</strong></span> <span class='ocrx_word' id='word_1_137' title='bbox 1035 1899 1302 1968; x_wconf 80' lang='lat' dir='ltr'><strong>pontifex,</strong></span> <span class='ocrx_word' id='word_1_138' title='bbox 1331 1900 1422 1968; x_wconf 89' lang='lat' dir='ltr'><strong>qui</strong></span> <span class='ocrx_word' id='word_1_139' title='bbox 1470 1915 1621 1952; x_wconf 87' lang='lat' dir='ltr'><strong>suam</strong></span> <span class='ocrx_word' id='word_1_140' title='bbox 1661 1897 1921 1960; x_wconf 73' lang='lat' dir='ltr'><strong>vendidit,</strong></span> 
     </span>
    </p>
   </div>
   <div class='ocr_carea' id='block_1_18' title="bbox 2026 1878 3726 1969">
    <p class='ocr_par' dir='ltr' id='par_1_18' title="bbox 2031 1878 3726 1961">
     <span class='ocr_line' id='line_1_18' title="bbox 2031 1878 3726 1961; baseline 0.008 -30"><span class='ocrx_word' id='word_1_141' title='bbox 2031 1878 2254 1934; x_wconf 70' lang='lat' dir='ltr'><strong>fallacim</strong></span> <span class='ocrx_word' id='word_1_142' title='bbox 2291 1881 2615 1937; x_wconf 87' lang='lat' dir='ltr'><strong>dcservitur.</strong></span> <span class='ocrx_word' id='word_1_143' title='bbox 2657 1885 2756 1954; x_wconf 85' lang='lat' dir='ltr'><strong>ipsi</strong></span> <span class='ocrx_word' id='word_1_144' title='bbox 2784 1887 2942 1956; x_wconf 89' lang='lat' dir='ltr'><strong>plane</strong></span> <span class='ocrx_word' id='word_1_145' title='bbox 2975 1891 3178 1961; x_wconf 89' lang='lat' dir='ltr'><strong>liquide</strong></span> <span class='ocrx_word' id='word_1_146' title='bbox 3209 1892 3454 1948; x_wconf 83' lang='lat' dir='ltr'><strong>novimus</strong></span> <span class='ocrx_word' id='word_1_147' title='bbox 3485 1909 3619 1946; x_wconf 88' lang='lat' dir='ltr'><strong>ana-</strong></span> <span class='ocrx_word' id='word_1_148' title='bbox 3703 1939 3726 1945; x_wconf 83' lang='lat'>_</span> 
     </span>
    </p>
   </div>
   <div class='ocr_carea' id='block_1_19' title="bbox 331 1987 1927 2058">
    <p class='ocr_par' dir='ltr' id='par_1_19' title="bbox 331 1987 1927 2058">
     <span class='ocr_line' id='line_1_19' title="bbox 331 1987 1927 2058; baseline -0.001 -14"><span class='ocrx_word' id='word_1_149' title='bbox 331 1997 399 2044; x_wconf 68' lang='lat' dir='ltr'><strong>ut</strong></span> <span class='ocrx_word' id='word_1_150' title='bbox 441 1987 745 2043; x_wconf 84' lang='lat' dir='ltr'><strong>Romanam</strong></span> <span class='ocrx_word' id='word_1_151' title='bbox 806 1989 1103 2044; x_wconf 87' lang='lat' dir='ltr'><strong>Ecclesiam</strong></span> <span class='ocrx_word' id='word_1_152' title='bbox 1145 1990 1449 2045; x_wconf 88' lang='lat' dir='ltr'><strong>obtineret?</strong></span> <span class='ocrx_word' id='word_1_153' title='bbox 1503 1990 1592 2058; x_wconf 86' lang='lat' dir='ltr'><strong>qui</strong></span> <span class='ocrx_word' id='word_1_154' title='bbox 1655 1989 1927 2045; x_wconf 83' lang='lat' dir='ltr'><strong>Romanos</strong></span> 
     </span>
    </p>
   </div>
   <div class='ocr_carea' id='block_1_20' title="bbox 333 2079 1928 2150">
    <p class='ocr_par' dir='ltr' id='par_1_20' title="bbox 333 2079 1928 2150">
     <span class='ocr_line' id='line_1_20' title="bbox 333 2079 1928 2150; baseline -0.001 -16"><span class='ocrx_word' id='word_1_155' title='bbox 333 2079 541 2135; x_wconf 88' lang='lat' dir='ltr'><strong>occidit</strong></span> <span class='ocrx_word' id='word_1_156' title='bbox 573 2080 625 2134; x_wconf 92' lang='lat' dir='ltr'><strong>in</strong></span> <span class='ocrx_word' id='word_1_157' title='bbox 672 2095 768 2136; x_wconf 89' lang='lat' dir='ltr'><strong>ore</strong></span> <span class='ocrx_word' id='word_1_158' title='bbox 798 2080 998 2150; x_wconf 80' lang='lat' dir='ltr'><strong>gladii,</strong></span> <span class='ocrx_word' id='word_1_159' title='bbox 1040 2089 1098 2134; x_wconf 91' lang='lat' dir='ltr'><strong>ut</strong></span> <span class='ocrx_word' id='word_1_160' title='bbox 1141 2080 1416 2136; x_wconf 85' lang='lat' dir='ltr'><strong>Romanus</strong></span> <span class='ocrx_word' id='word_1_161' title='bbox 1462 2080 1710 2134; x_wconf 82' lang='lat' dir='ltr'><strong>Pontifex</strong></span> <span class='ocrx_word' id='word_1_162' title='bbox 1742 2080 1928 2135; x_wconf 87' lang='lat' dir='ltr'><strong>fieret?</strong></span> 
     </span>
    </p>
   </div>
   <div class='ocr_carea' id='block_1_21' title="bbox 333 2174 1925 2247">
    <p class='ocr_par' dir='ltr' id='par_1_21' title="bbox 333 2174 1925 2247">
     <span class='ocr_line' id='line_1_21' title="bbox 333 2174 1925 2247; baseline -0.001 -18"><span class='ocrx_word' id='word_1_163' title='bbox 333 2174 489 2230; x_wconf 86' lang='lat' dir='ltr'><strong>Dicis</strong></span> <span class='ocrx_word' id='word_1_164' title='bbox 541 2190 647 2229; x_wconf 92' lang='lat' dir='ltr'><strong>non</strong></span> <span class='ocrx_word' id='word_1_165' title='bbox 694 2176 947 2231; x_wconf 89' lang='lat' dir='ltr'><strong>debuisse</strong></span> <span class='ocrx_word' id='word_1_166' title='bbox 1005 2191 1092 2230; x_wconf 90' lang='lat' dir='ltr'><strong>me</strong></span> <span class='ocrx_word' id='word_1_167' title='bbox 1132 2175 1442 2247; x_wconf 85' lang='lat' dir='ltr'><strong>pontificem</strong></span> <span class='ocrx_word' id='word_1_168' title='bbox 1491 2177 1608 2230; x_wconf 90' lang='lat' dir='ltr'><strong>sine</strong></span> <span class='ocrx_word' id='word_1_169' title='bbox 1659 2188 1925 2228; x_wconf 84' lang='lat' dir='ltr'><strong>consensu</strong></span> 
     </span>
    </p>
   </div>
   <div class='ocr_carea' id='block_1_22' title="bbox 332 2266 1925 2339">
    <p class='ocr_par' dir='ltr' id='par_1_22' title="bbox 332 2266 1925 2339">
     <span class='ocr_line' id='line_1_22' title="bbox 332 2266 1925 2339; baseline 0 -19"><span class='ocrx_word' id='word_1_170' title='bbox 332 2266 500 2336; x_wconf 76' lang='lat' dir='ltr'><strong>Regis</strong></span> <span class='ocrx_word' id='word_1_171' title='bbox 523 2266 745 2339; x_wconf 81' lang='lat' dir='ltr'><strong>eligere,</strong></span> <span class='ocrx_word' id='word_1_172' title='bbox 774 2277 828 2323; x_wconf 88' lang='lat' dir='ltr'><strong>et</strong></span> <span class='ocrx_word' id='word_1_173' title='bbox 861 2269 1384 2339; x_wconf 83' lang='lat' dir='ltr'><strong>magnipendcndum</strong></span> <span class='ocrx_word' id='word_1_174' title='bbox 1413 2268 1542 2322; x_wconf 87' lang='lat' dir='ltr'><strong>mihi</strong></span> <span class='ocrx_word' id='word_1_175' title='bbox 1575 2283 1682 2322; x_wconf 93' lang='lat' dir='ltr'><strong>non</strong></span> <span class='ocrx_word' id='word_1_176' title='bbox 1726 2267 1925 2330; x_wconf 87' lang='lat' dir='ltr'><strong>fuisse,</strong></span> 
     </span>
    </p>
   </div>
   <div class='ocr_carea' id='block_1_23' title="bbox 334 2356 1929 2426">
    <p class='ocr_par' dir='ltr' id='par_1_23' title="bbox 334 2356 1929 2426">
     <span class='ocr_line' id='line_1_23' title="bbox 334 2356 1929 2426; baseline 0.001 -18"><span class='ocrx_word' id='word_1_177' title='bbox 334 2365 399 2408; x_wconf 88' lang='lat' dir='ltr'><strong>ut</strong></span> <span class='ocrx_word' id='word_1_178' title='bbox 442 2356 671 2424; x_wconf 86' lang='lat' dir='ltr'><strong>populus</strong></span> <span class='ocrx_word' id='word_1_179' title='bbox 718 2371 824 2410; x_wconf 92' lang='lat' dir='ltr'><strong>non</strong></span> <span class='ocrx_word' id='word_1_180' title='bbox 873 2357 1096 2424; x_wconf 89' lang='lat' dir='ltr'><strong>periret.</strong></span> <span class='ocrx_word' id='word_1_181' title='bbox 1135 2357 1275 2412; x_wconf 82' lang='lat' dir='ltr'><strong>Ecce</strong></span> <span class='ocrx_word' id='word_1_182' title='bbox 1329 2357 1453 2411; x_wconf 85' lang='lat' dir='ltr'><strong>hinc</strong></span> <span class='ocrx_word' id='word_1_183' title='bbox 1503 2356 1561 2410; x_wconf 86' lang='grc' dir='ltr'><strong>Β.</strong></span> <span class='ocrx_word' id='word_1_184' title='bbox 1597 2356 1929 2426; x_wconf 84' lang='lat' dir='ltr'><strong>Augustinus</strong></span> 
     </span>
    </p>
   </div>
   <div class='ocr_carea' id='block_1_24' title="bbox 337 2442 1923 2516">
    <p class='ocr_par' dir='ltr' id='par_1_24' title="bbox 337 2442 1923 2516">
     <span class='ocr_line' id='line_1_24' title="bbox 337 2442 1923 2516; baseline 0 -18"><span class='ocrx_word' id='word_1_185' title='bbox 337 2442 673 2515; x_wconf 78' lang='lat' dir='ltr'><strong>Hipponensi</strong></span> <span class='ocrx_word' id='word_1_186' title='bbox 702 2445 959 2501; x_wconf 75' lang='lat' dir='ltr'><strong>Ecclesize</strong></span> <span class='ocrx_word' id='word_1_187' title='bbox 985 2487 998 2510; x_wconf 94' lang='lat'><strong>,</strong></span> <span class='ocrx_word' id='word_1_188' title='bbox 1030 2445 1247 2502; x_wconf 82' lang='lat' dir='ltr'><strong>Valerio</strong></span> <span class='ocrx_word' id='word_1_189' title='bbox 1293 2448 1540 2509; x_wconf 87' lang='lat' dir='ltr'><strong>vivente,</strong></span> <span class='ocrx_word' id='word_1_190' title='bbox 1587 2445 1881 2516; x_wconf 79' lang='lat' dir='ltr'><strong>praeficitur</strong></span> <span class='ocrx_word' id='word_1_191' title='bbox 1911 2464 1923 2498; x_wconf 94' lang='lat'><strong>:</strong></span> 
     </span>
    </p>
   </div>
   <div class='ocr_carea' id='block_1_25' title="bbox 335 2535 1926 2608">
    <p class='ocr_par' dir='ltr' id='par_1_25' title="bbox 335 2535 1926 2608">
     <span class='ocr_line' id='line_1_25' title="bbox 335 2535 1926 2608; baseline 0.001 -18"><span class='ocrx_word' id='word_1_192' title='bbox 335 2550 467 2591; x_wconf 86' lang='lat' dir='ltr'><strong>ecce</strong></span> <span class='ocrx_word' id='word_1_193' title='bbox 494 2535 644 2590; x_wconf 91' lang='lat' dir='ltr'><strong>illinc</strong></span> <span class='ocrx_word' id='word_1_194' title='bbox 671 2536 993 2592; x_wconf 79' lang='lat' dir='ltr'><strong>Ambrosius</strong></span> <span class='ocrx_word' id='word_1_195' title='bbox 1019 2546 1212 2593; x_wconf 88' lang='lat' dir='ltr'><strong>octavo</strong></span> <span class='ocrx_word' id='word_1_196' title='bbox 1237 2538 1326 2592; x_wconf 91' lang='lat' dir='ltr'><strong>die</strong></span> <span class='ocrx_word' id='word_1_197' title='bbox 1351 2548 1636 2608; x_wconf 87' lang='lat' dir='ltr'><strong>postquam</strong></span> <span class='ocrx_word' id='word_1_198' title='bbox 1687 2539 1926 2608; x_wconf 85' lang='lat' dir='ltr'><strong>baptiza-</strong></span> 
     </span>
    </p>
   </div>
   <div class='ocr_carea' id='block_1_26' title="bbox 337 2628 1978 2701">
    <p class='ocr_par' dir='ltr' id='par_1_26' title="bbox 337 2628 1978 2701">
     <span class='ocr_line' id='line_1_26' title="bbox 337 2628 1978 2701; baseline 0.005 -23"><span class='ocrx_word' id='word_1_199' title='bbox 337 2636 426 2680; x_wconf 89' lang='lat' dir='ltr'><strong>tus</strong></span> <span class='ocrx_word' id='word_1_200' title='bbox 470 2635 588 2692; x_wconf 87' lang='lat' dir='ltr'><strong>est,</strong></span> <span class='ocrx_word' id='word_1_201' title='bbox 634 2628 907 2697; x_wconf 88' lang='lat' dir='ltr'><strong>perceptis</strong></span> <span class='ocrx_word' id='word_1_202' title='bbox 953 2629 1166 2684; x_wconf 89' lang='lat' dir='ltr'><strong>cunctis</strong></span> <span class='ocrx_word' id='word_1_203' title='bbox 1218 2629 1599 2686; x_wconf 85' lang='lat' dir='ltr'><strong>ecclesiasticis</strong></span> <span class='ocrx_word' id='word_1_204' title='bbox 1649 2631 1922 2701; x_wconf 78' lang='lat' dir='ltr'><strong>gradibus,</strong></span> <span class='ocrx_word' id='word_1_205' title='bbox 1963 2674 1978 2686; x_wconf 85' lang='lat'><strong>.</strong></span> 
     </span>
    </p>
   </div>
   <div class='ocr_carea' id='block_1_27' title="bbox 336 2717 1925 2791">
    <p class='ocr_par' dir='ltr' id='par_1_27' title="bbox 336 2717 1925 2791">
     <span class='ocr_line' id='line_1_27' title="bbox 336 2717 1925 2791; baseline 0.004 -21"><span class='ocrx_word' id='word_1_206' title='bbox 336 2717 624 2787; x_wconf 87' lang='lat' dir='ltr'><strong>episcopus</strong></span> <span class='ocrx_word' id='word_1_207' title='bbox 665 2717 966 2774; x_wconf 88' lang='lat' dir='ltr'><strong>ordinatur.</strong></span> <span class='ocrx_word' id='word_1_208' title='bbox 1002 2720 1057 2774; x_wconf 84' lang='lat' dir='ltr'><strong>In</strong></span> <span class='ocrx_word' id='word_1_209' title='bbox 1100 2720 1298 2790; x_wconf 84' lang='lat' dir='ltr'><strong>quibus</strong></span> <span class='ocrx_word' id='word_1_210' title='bbox 1343 2722 1528 2791; x_wconf 90' lang='lat' dir='ltr'><strong>utique</strong></span> <span class='ocrx_word' id='word_1_211' title='bbox 1571 2722 1640 2776; x_wconf 94' lang='lat' dir='ltr'><strong>ob</strong></span> <span class='ocrx_word' id='word_1_212' title='bbox 1676 2723 1749 2776; x_wconf 88' lang='lat' dir='ltr'><strong>nil</strong></span> <span class='ocrx_word' id='word_1_213' title='bbox 1781 2723 1925 2777; x_wconf 84' lang='lat' dir='ltr'><strong>aliud</strong></span> 
     </span>
    </p>
   </div>
   <div class='ocr_carea' id='block_1_28' title="bbox 337 2807 1926 2874">
    <p class='ocr_par' dir='ltr' id='par_1_28' title="bbox 337 2807 1926 2874">
     <span class='ocr_line' id='line_1_28' title="bbox 337 2807 1926 2874; baseline 0.003 -14"><span class='ocrx_word' id='word_1_214' title='bbox 337 2807 616 2862; x_wconf 77' lang='lat' dir='ltr'><strong>canonica:</strong></span> <span class='ocrx_word' id='word_1_215' title='bbox 642 2809 989 2864; x_wconf 87' lang='lat' dir='ltr'><strong>auctoritatis</strong></span> <span class='ocrx_word' id='word_1_216' title='bbox 1025 2811 1160 2865; x_wconf 86' lang='lat' dir='ltr'><strong>ordo</strong></span> <span class='ocrx_word' id='word_1_217' title='bbox 1197 2811 1484 2874; x_wconf 84' lang='lat' dir='ltr'><strong>deseritur,</strong></span> <span class='ocrx_word' id='word_1_218' title='bbox 1529 2813 1633 2866; x_wconf 89' lang='lat' dir='ltr'><strong>nisi</strong></span> <span class='ocrx_word' id='word_1_219' title='bbox 1665 2812 1926 2868; x_wconf 71' lang='lat' dir='ltr'><strong>duntaxat</strong></span> 
     </span>
    </p>
   </div>
   <div class='ocr_carea' id='block_1_29' title="bbox 336 2898 1923 2969">
    <p class='ocr_par' dir='ltr' id='par_1_29' title="bbox 336 2898 1923 2969">
     <span class='ocr_line' id='line_1_29' title="bbox 336 2898 1923 2969; baseline 0.002 -17"><span class='ocrx_word' id='word_1_220' title='bbox 336 2907 400 2952; x_wconf 90' lang='lat' dir='ltr'><strong>ut</strong></span> <span class='ocrx_word' id='word_1_221' title='bbox 438 2898 599 2954; x_wconf 89' lang='lat' dir='ltr'><strong>saluti</strong></span> <span class='ocrx_word' id='word_1_222' title='bbox 653 2899 830 2969; x_wconf 86' lang='lat' dir='ltr'><strong>populi</strong></span> <span class='ocrx_word' id='word_1_223' title='bbox 873 2901 1206 2956; x_wconf 90' lang='lat' dir='ltr'><strong>consulatur.</strong></span> <span class='ocrx_word' id='word_1_224' title='bbox 1254 2903 1322 2956; x_wconf 88' lang='lat' dir='ltr'><strong>Et</strong></span> <span class='ocrx_word' id='word_1_225' title='bbox 1365 2912 1420 2956; x_wconf 88' lang='lat' dir='ltr'><strong>tu</strong></span> <span class='ocrx_word' id='word_1_226' title='bbox 1470 2902 1601 2956; x_wconf 79' lang='lat' dir='ltr'><strong>milii</strong></span> <span class='ocrx_word' id='word_1_227' title='bbox 1644 2903 1780 2957; x_wconf 90' lang='lat' dir='ltr'><strong>dicis</strong></span> <span class='ocrx_word' id='word_1_228' title='bbox 1806 2944 1819 2967; x_wconf 96' lang='lat'><strong>,</strong></span> <span class='ocrx_word' id='word_1_229' title='bbox 1872 2903 1923 2955; x_wconf 91' lang='lat' dir='ltr'><strong>in</strong></span> 
     </span>
    </p>
   </div>
   <div class='ocr_carea' id='block_1_30' title="bbox 335 2987 1926 3062">
    <p class='ocr_par' dir='ltr' id='par_1_30' title="bbox 335 2987 1926 3062">
     <span class='ocr_line' id='line_1_30' title="bbox 335 2987 1926 3062; baseline 0.003 -19"><span class='ocrx_word' id='word_1_230' title='bbox 335 2989 607 3043; x_wconf 68' lang='lat' dir='ltr'><strong>servando</strong></span> <span class='ocrx_word' id='word_1_231' title='bbox 651 2989 849 3059; x_wconf 88' lang='lat' dir='ltr'><strong>popqu</strong></span> <span class='ocrx_word' id='word_1_232' title='bbox 880 2991 978 3060; x_wconf 90' lang='lat' dir='ltr'><strong>ipsi</strong></span> <span class='ocrx_word' id='word_1_233' title='bbox 1026 2993 1135 3062; x_wconf 83' lang='lat' dir='ltr'><strong>regi</strong></span> <span class='ocrx_word' id='word_1_234' title='bbox 1186 3009 1271 3047; x_wconf 92' lang='lat' dir='ltr'><strong>me</strong></span> <span class='ocrx_word' id='word_1_235' title='bbox 1301 3010 1406 3047; x_wconf 92' lang='lat' dir='ltr'><strong>non</strong></span> <span class='ocrx_word' id='word_1_236' title='bbox 1441 2993 1690 3048; x_wconf 86' lang='lat' dir='ltr'><strong>debuisse</strong></span> <span class='ocrx_word' id='word_1_237' title='bbox 1731 2987 1926 3048; x_wconf 75' lang='lat' dir='ltr'><strong>censu-</strong></span> 
     </span>
    </p>
   </div>
   <div class='ocr_carea' id='block_1_31' title="bbox 333 3079 1925 3152">
    <p class='ocr_par' dir='ltr' id='par_1_31' title="bbox 333 3079 1925 3152">
     <span class='ocr_line' id='line_1_31' title="bbox 333 3079 1925 3152; baseline 0.004 -20"><span class='ocrx_word' id='word_1_238' title='bbox 333 3079 484 3143; x_wconf 90' lang='lat' dir='ltr'><strong>lere,</strong></span> <span class='ocrx_word' id='word_1_239' title='bbox 527 3089 586 3132; x_wconf 90' lang='lat' dir='ltr'><strong>ut</strong></span> <span class='ocrx_word' id='word_1_240' title='bbox 631 3081 850 3134; x_wconf 87' lang='lat' dir='ltr'><strong>sibimet</strong></span> <span class='ocrx_word' id='word_1_241' title='bbox 879 3080 931 3135; x_wconf 92' lang='lat' dir='ltr'><strong>in</strong></span> <span class='ocrx_word' id='word_1_242' title='bbox 976 3083 1155 3137; x_wconf 87' lang='lat' dir='ltr'><strong>dando</strong></span> <span class='ocrx_word' id='word_1_243' title='bbox 1189 3099 1454 3139; x_wconf 89' lang='lat' dir='ltr'><strong>consensu</strong></span> <span class='ocrx_word' id='word_1_244' title='bbox 1501 3085 1660 3140; x_wconf 89' lang='lat' dir='ltr'><strong>unius</strong></span> <span class='ocrx_word' id='word_1_245' title='bbox 1688 3084 1925 3152; x_wconf 66' lang='lat' dir='ltr'><strong>epistola:</strong></span> 
     </span>
    </p>
   </div>
   <div class='ocr_carea' id='block_1_32' title="bbox 330 3171 1922 3247">
    <p class='ocr_par' dir='ltr' id='par_1_32' title="bbox 330 3171 1922 3247">
     <span class='ocr_line' id='line_1_32' title="bbox 330 3171 1922 3247; baseline 0.004 -25"><span class='ocrx_word' id='word_1_246' title='bbox 330 3171 510 3242; x_wconf 82' lang='lat' dir='ltr'><strong>gloria</strong></span> <span class='ocrx_word' id='word_1_247' title='bbox 538 3173 868 3240; x_wconf 87' lang='lat' dir='ltr'><strong>proveniret.</strong></span> <span class='ocrx_word' id='word_1_248' title='bbox 903 3173 1035 3228; x_wconf 88' lang='lat' dir='ltr'><strong>Nam</strong></span> <span class='ocrx_word' id='word_1_249' title='bbox 1087 3176 1230 3232; x_wconf 89' lang='lat' dir='ltr'><strong>unde</strong></span> <span class='ocrx_word' id='word_1_250' title='bbox 1256 3177 1600 3247; x_wconf 88' lang='lat' dir='ltr'><strong>postmodum</strong></span> <span class='ocrx_word' id='word_1_251' title='bbox 1642 3177 1922 3231; x_wconf 82' lang='lat' dir='ltr'><strong>Romanus</strong></span> 
     </span>
    </p>
   </div>
   <div class='ocr_carea' id='block_1_33' title="bbox 2025 608 3604 680">
    <p class='ocr_par' dir='ltr' id='par_1_33' title="bbox 2025 608 3604 680">
     <span class='ocr_line' id='line_1_33' title="bbox 2025 608 3604 680; baseline 0.001 -14"><span class='ocrx_word' id='word_1_252' title='bbox 2025 612 2092 666; x_wconf 88' lang='lat' dir='ltr'><strong>ab</strong></span> <span class='ocrx_word' id='word_1_253' title='bbox 2148 608 2288 665; x_wconf 91' lang='lat' dir='ltr'><strong>illius</strong></span> <span class='ocrx_word' id='word_1_254' title='bbox 2356 610 2638 664; x_wconf 73' lang='lat' dir='ltr'><strong>sententia:</strong></span> <span class='ocrx_word' id='word_1_255' title='bbox 2702 609 2919 663; x_wconf 88' lang='lat' dir='ltr'><strong>vinculo</strong></span> <span class='ocrx_word' id='word_1_256' title='bbox 2979 621 3228 680; x_wconf 88' lang='lat' dir='ltr'><strong>potenter</strong></span> <span class='ocrx_word' id='word_1_257' title='bbox 3280 613 3604 668; x_wconf 87' lang='lat' dir='ltr'><strong>absolveret.</strong></span> 
     </span>
    </p>
   </div>
   <div class='ocr_carea' id='block_1_34' title="bbox 2024 699 3610 774">
    <p class='ocr_par' dir='ltr' id='par_1_34' title="bbox 2024 699 3610 774">
     <span class='ocr_line' id='line_1_34' title="bbox 2024 699 3610 774; baseline 0.002 -19"><span class='ocrx_word' id='word_1_258' title='bbox 2024 702 2226 757; x_wconf 90' lang='lat' dir='ltr'><strong>Deinde</strong></span> <span class='ocrx_word' id='word_1_259' title='bbox 2266 719 2295 756; x_wconf 91' lang='lat' dir='ltr'><strong>a</strong></span> <span class='ocrx_word' id='word_1_260' title='bbox 2329 701 2529 755; x_wconf 91' lang='lat' dir='ltr'><strong>domini</strong></span> <span class='ocrx_word' id='word_1_261' title='bbox 2571 701 2673 755; x_wconf 91' lang='lat' dir='ltr'><strong>mei</strong></span> <span class='ocrx_word' id='word_1_262' title='bbox 2707 699 2874 770; x_wconf 87' lang='lat' dir='ltr'><strong>regis,</strong></span> <span class='ocrx_word' id='word_1_263' title='bbox 2907 715 3067 770; x_wconf 89' lang='lat' dir='ltr'><strong>quam</strong></span> <span class='ocrx_word' id='word_1_264' title='bbox 3100 703 3435 770; x_wconf 84' lang='lat' dir='ltr'><strong>dicebamus,</strong></span> <span class='ocrx_word' id='word_1_265' title='bbox 3469 705 3610 774; x_wconf 89' lang='lat' dir='ltr'><strong>inju-</strong></span> 
     </span>
    </p>
   </div>
   <div class='ocr_carea' id='block_1_35' title="bbox 2026 791 3610 862">
    <p class='ocr_par' dir='ltr' id='par_1_35' title="bbox 2026 791 3610 862">
     <span class='ocr_line' id='line_1_35' title="bbox 2026 791 3610 862; baseline 0.001 -16"><span class='ocrx_word' id='word_1_266' title='bbox 2026 794 2130 856; x_wconf 90' lang='lat' dir='ltr'><strong>ria,</strong></span> <span class='ocrx_word' id='word_1_267' title='bbox 2161 807 2280 862; x_wconf 74' lang='lat' dir='ltr'><strong>qurc</strong></span> <span class='ocrx_word' id='word_1_268' title='bbox 2317 791 2526 846; x_wconf 89' lang='lat' dir='ltr'><strong>scilicet</strong></span> <span class='ocrx_word' id='word_1_269' title='bbox 2556 807 2654 846; x_wconf 91' lang='lat' dir='ltr'><strong>nos</strong></span> <span class='ocrx_word' id='word_1_270' title='bbox 2682 791 2968 846; x_wconf 90' lang='lat' dir='ltr'><strong>adversum</strong></span> <span class='ocrx_word' id='word_1_271' title='bbox 2999 808 3094 846; x_wconf 92' lang='lat' dir='ltr'><strong>vos</strong></span> <span class='ocrx_word' id='word_1_272' title='bbox 3131 794 3310 849; x_wconf 90' lang='lat' dir='ltr'><strong>acrius</strong></span> <span class='ocrx_word' id='word_1_273' title='bbox 3348 797 3610 850; x_wconf 56' lang='lat' dir='ltr'><strong>accender</strong></span> 
     </span>
    </p>
   </div>
   <div class='ocr_carea' id='block_1_36' title="bbox 2025 884 3610 954">
    <p class='ocr_par' dir='ltr' id='par_1_36' title="bbox 2025 884 3610 954">
     <span class='ocr_line' id='line_1_36' title="bbox 2025 884 3610 954; baseline 0.003 -16"><span class='ocrx_word' id='word_1_274' title='bbox 2025 884 2136 947; x_wconf 86' lang='lat' dir='ltr'><strong>bat,</strong></span> <span class='ocrx_word' id='word_1_275' title='bbox 2171 892 2279 937; x_wconf 86' lang='lat' dir='ltr'><strong>tam</strong></span> <span class='ocrx_word' id='word_1_276' title='bbox 2323 891 2543 937; x_wconf 89' lang='lat' dir='ltr'><strong>strenue</strong></span> <span class='ocrx_word' id='word_1_277' title='bbox 2588 891 2677 936; x_wconf 91' lang='lat' dir='ltr'><strong>tua</strong></span> <span class='ocrx_word' id='word_1_278' title='bbox 2721 898 2780 937; x_wconf 90' lang='lat' dir='ltr'><strong>se</strong></span> <span class='ocrx_word' id='word_1_279' title='bbox 2817 884 3069 954; x_wconf 84' lang='lat' dir='ltr'><strong>purgavit</strong></span> <span class='ocrx_word' id='word_1_280' title='bbox 3097 887 3366 952; x_wconf 79' lang='lat' dir='ltr'><strong>oratorio,</strong></span> <span class='ocrx_word' id='word_1_281' title='bbox 3412 895 3473 941; x_wconf 76' lang='lat' dir='ltr'><strong>ut</strong></span> <span class='ocrx_word' id='word_1_282' title='bbox 3498 889 3610 942; x_wconf 91' lang='lat' dir='ltr'><strong>evi-</strong></span> 
     </span>
    </p>
   </div>
   <div class='ocr_carea' id='block_1_37' title="bbox 2026 973 3611 1051">
    <p class='ocr_par' dir='ltr' id='par_1_37' title="bbox 2026 973 3611 1051">
     <span class='ocr_line' id='line_1_37' title="bbox 2026 973 3611 1051; baseline 0.005 -23"><span class='ocrx_word' id='word_1_283' title='bbox 2026 973 2173 1028; x_wconf 88' lang='lat' dir='ltr'><strong>denti</strong></span> <span class='ocrx_word' id='word_1_284' title='bbox 2209 973 2472 1028; x_wconf 87' lang='lat' dir='ltr'><strong>clarescat</strong></span> <span class='ocrx_word' id='word_1_285' title='bbox 2503 975 2727 1039; x_wconf 90' lang='lat' dir='ltr'><strong>indicio,</strong></span> <span class='ocrx_word' id='word_1_286' title='bbox 2759 977 2884 1044; x_wconf 89' lang='lat' dir='ltr'><strong>quia</strong></span> <span class='ocrx_word' id='word_1_287' title='bbox 2917 978 2972 1030; x_wconf 92' lang='lat' dir='ltr'><strong>in</strong></span> <span class='ocrx_word' id='word_1_288' title='bbox 3011 991 3097 1042; x_wconf 91' lang='lat' dir='ltr'><strong>eo,</strong></span> <span class='ocrx_word' id='word_1_289' title='bbox 3131 978 3283 1046; x_wconf 81' lang='lat' dir='ltr'><strong>quod</strong></span> <span class='ocrx_word' id='word_1_290' title='bbox 3306 980 3408 1034; x_wconf 91' lang='lat' dir='ltr'><strong>sibi</strong></span> <span class='ocrx_word' id='word_1_291' title='bbox 3433 983 3611 1051; x_wconf 87' lang='lat' dir='ltr'><strong>ponti-</strong></span> 
     </span>
    </p>
   </div>
   <div class='ocr_carea' id='block_1_38' title="bbox 2027 1058 3633 1142">
    <p class='ocr_par' dir='ltr' id='par_1_38' title="bbox 2027 1058 3633 1142">
     <span class='ocr_line' id='line_1_38' title="bbox 2027 1058 3633 1142; baseline 0.006 -26"><span class='ocrx_word' id='word_1_292' title='bbox 2027 1064 2182 1118; x_wconf 85' lang='lat' dir='ltr'><strong>ficem</strong></span> <span class='ocrx_word' id='word_1_293' title='bbox 2238 1064 2468 1133; x_wconf 87' lang='lat' dir='ltr'><strong>populus</strong></span> <span class='ocrx_word' id='word_1_294' title='bbox 2517 1064 2796 1119; x_wconf 82' lang='lat' dir='ltr'><strong>Romanus</strong></span> <span class='ocrx_word' id='word_1_295' title='bbox 2849 1065 3038 1135; x_wconf 81' lang='lat' dir='ltr'><strong>elegit,</strong></span> <span class='ocrx_word' id='word_1_296' title='bbox 3105 1066 3386 1136; x_wconf 74' lang='lat' dir='ltr'><strong>inajcstati</strong></span> <span class='ocrx_word' id='word_1_297' title='bbox 3452 1058 3633 1142; x_wconf 64' lang='lat' dir='ltr'><strong>regite</strong></span> 
     </span>
    </p>
   </div>
   <div class='ocr_carea' id='block_1_39' title="bbox 2025 1154 3610 1232">
    <p class='ocr_par' dir='ltr' id='par_1_39' title="bbox 2025 1154 3610 1232">
     <span class='ocr_line' id='line_1_39' title="bbox 2025 1154 3610 1232; baseline 0.008 -28"><span class='ocrx_word' id='word_1_298' title='bbox 2025 1154 2368 1222; x_wconf 88' lang='lat' dir='ltr'><strong>potissimum</strong></span> <span class='ocrx_word' id='word_1_299' title='bbox 2399 1155 2744 1219; x_wconf 85' lang='lat' dir='ltr'><strong>ministravit,</strong></span> <span class='ocrx_word' id='word_1_300' title='bbox 2772 1172 2870 1212; x_wconf 90' lang='lat' dir='ltr'><strong>nec</strong></span> <span class='ocrx_word' id='word_1_301' title='bbox 2898 1158 2969 1222; x_wconf 89' lang='lat' dir='ltr'><strong>ei,</strong></span> <span class='ocrx_word' id='word_1_302' title='bbox 2995 1157 3135 1213; x_wconf 86' lang='lat' dir='ltr'><strong>sicut</strong></span> <span class='ocrx_word' id='word_1_303' title='bbox 3165 1159 3465 1228; x_wconf 84' lang='lat' dir='ltr'><strong>dicebatur,</strong></span> <span class='ocrx_word' id='word_1_304' title='bbox 3496 1164 3610 1232; x_wconf 82' lang='lat' dir='ltr'><strong>pri-</strong></span> 
     </span>
    </p>
   </div>
   <div class='ocr_carea' id='block_1_40' title="bbox 2027 1244 3615 1315">
    <p class='ocr_par' dir='ltr' id='par_1_40' title="bbox 2027 1244 3615 1315">
     <span class='ocr_line' id='line_1_40' title="bbox 2027 1244 3615 1315; baseline 0.008 -19"><span class='ocrx_word' id='word_1_305' title='bbox 2027 1244 2278 1314; x_wconf 84' lang='lat' dir='ltr'><strong>vilegium</strong></span> <span class='ocrx_word' id='word_1_306' title='bbox 2311 1246 2461 1310; x_wconf 90' lang='lat' dir='ltr'><strong>tulit,</strong></span> <span class='ocrx_word' id='word_1_307' title='bbox 2513 1247 2605 1300; x_wconf 89' lang='lat' dir='ltr'><strong>sed</strong></span> <span class='ocrx_word' id='word_1_308' title='bbox 2653 1247 2834 1315; x_wconf 87' lang='lat' dir='ltr'><strong>potius</strong></span> <span class='ocrx_word' id='word_1_309' title='bbox 2886 1250 3186 1315; x_wconf 86' lang='lat' dir='ltr'><strong>roboravit,</strong></span> <span class='ocrx_word' id='word_1_310' title='bbox 3225 1252 3352 1305; x_wconf 90' lang='lat' dir='ltr'><strong>dum</strong></span> <span class='ocrx_word' id='word_1_311' title='bbox 3393 1269 3499 1308; x_wconf 89' lang='lat' dir='ltr'><strong>non</strong></span> <span class='ocrx_word' id='word_1_312' title='bbox 3547 1255 3615 1309; x_wconf 88' lang='lat' dir='ltr'><strong>de</strong></span> 
     </span>
    </p>
   </div>
   <div class='ocr_carea' id='block_1_41' title="bbox 2028 1333 3613 1409">
    <p class='ocr_par' dir='ltr' id='par_1_41' title="bbox 2028 1333 3613 1409">
     <span class='ocr_line' id='line_1_41' title="bbox 2028 1333 3613 1409; baseline 0.007 -24"><span class='ocrx_word' id='word_1_313' title='bbox 2028 1333 2268 1388; x_wconf 81' lang='lat' dir='ltr'><strong>Romana</strong></span> <span class='ocrx_word' id='word_1_314' title='bbox 2317 1333 2591 1400; x_wconf 83' lang='lat' dir='ltr'><strong>Ecclesia,</strong></span> <span class='ocrx_word' id='word_1_315' title='bbox 2635 1337 2728 1390; x_wconf 90' lang='lat' dir='ltr'><strong>sed</strong></span> <span class='ocrx_word' id='word_1_316' title='bbox 2782 1353 2850 1392; x_wconf 79' lang='lat' dir='ltr'><strong>ex</strong></span> <span class='ocrx_word' id='word_1_317' title='bbox 2913 1339 3034 1393; x_wconf 87' lang='lat' dir='ltr'><strong>aula</strong></span> <span class='ocrx_word' id='word_1_318' title='bbox 3087 1339 3233 1409; x_wconf 87' lang='lat' dir='ltr'><strong>regia</strong></span> <span class='ocrx_word' id='word_1_319' title='bbox 3275 1343 3613 1398; x_wconf 87' lang='lat' dir='ltr'><strong>sacerdotem</strong></span> 
     </span>
    </p>
   </div>
   <div class='ocr_carea' id='block_1_42' title="bbox 2027 1423 3614 1493">
    <p class='ocr_par' dir='ltr' id='par_1_42' title="bbox 2027 1423 3614 1493">
     <span class='ocr_line' id='line_1_42' title="bbox 2027 1423 3614 1493; baseline 0.008 -15"><span class='ocrx_word' id='word_1_320' title='bbox 2027 1423 2094 1490; x_wconf 84' lang='lat' dir='ltr'><strong>ad</strong></span> <span class='ocrx_word' id='word_1_321' title='bbox 2123 1426 2433 1493; x_wconf 85' lang='lat' dir='ltr'><strong>apostolicae</strong></span> <span class='ocrx_word' id='word_1_322' title='bbox 2463 1427 2606 1481; x_wconf 90' lang='lat' dir='ltr'><strong>sedis</strong></span> <span class='ocrx_word' id='word_1_323' title='bbox 2630 1428 2840 1484; x_wconf 90' lang='lat' dir='ltr'><strong>culmen</strong></span> <span class='ocrx_word' id='word_1_324' title='bbox 2873 1431 3070 1485; x_wconf 88' lang='lat' dir='ltr'><strong>evexit.</strong></span> <span class='ocrx_word' id='word_1_325' title='bbox 3092 1431 3373 1488; x_wconf 87' lang='lat' dir='ltr'><strong>Postremo</strong></span> <span class='ocrx_word' id='word_1_326' title='bbox 3400 1435 3466 1490; x_wconf 90' lang='lat' dir='ltr'><strong>de</strong></span> <span class='ocrx_word' id='word_1_327' title='bbox 3506 1435 3614 1490; x_wconf 88' lang='lat' dir='ltr'><strong>ele—</strong></span> 
     </span>
    </p>
   </div>
   <div class='ocr_carea' id='block_1_43' title="bbox 2028 1515 3633 1594">
    <p class='ocr_par' dir='ltr' id='par_1_43' title="bbox 2028 1515 3633 1594">
     <span class='ocr_line' id='line_1_43' title="bbox 2028 1515 3633 1594; baseline 0.006 -24"><span class='ocrx_word' id='word_1_328' title='bbox 2028 1515 2204 1570; x_wconf 89' lang='lat' dir='ltr'><strong>ctione</strong></span> <span class='ocrx_word' id='word_1_329' title='bbox 2234 1515 2544 1572; x_wconf 82' lang='lat' dir='ltr'><strong>Parmensis</strong></span> <span class='ocrx_word' id='word_1_330' title='bbox 2568 1520 2806 1590; x_wconf 81' lang='lat' dir='ltr'><strong>cpisc0pi</strong></span> <span class='ocrx_word' id='word_1_331' title='bbox 2839 1522 2967 1589; x_wconf 89' lang='lat' dir='ltr'><strong>quid</strong></span> <span class='ocrx_word' id='word_1_332' title='bbox 2996 1522 3275 1577; x_wconf 88' lang='lat' dir='ltr'><strong>dicemus?</strong></span> <span class='ocrx_word' id='word_1_333' title='bbox 3302 1524 3515 1594; x_wconf 87' lang='lat' dir='ltr'><strong>loquar,</strong></span> <span class='ocrx_word' id='word_1_334' title='bbox 3546 1541 3633 1579; x_wconf 60' lang='lat' dir='ltr'><strong>an.</strong></span> 
     </span>
    </p>
   </div>
   <div class='ocr_carea' id='block_1_44' title="bbox 2028 1607 3613 1685">
    <p class='ocr_par' dir='ltr' id='par_1_44' title="bbox 2028 1607 3613 1685">
     <span class='ocr_line' id='line_1_44' title="bbox 2028 1607 3613 1685; baseline 0.006 -24"><span class='ocrx_word' id='word_1_335' title='bbox 2028 1608 2249 1662; x_wconf 83' lang='lat' dir='ltr'><strong>sileam?</strong></span> <span class='ocrx_word' id='word_1_336' title='bbox 2278 1607 2403 1673; x_wconf 88' lang='lat' dir='ltr'><strong>Sed,</strong></span> <span class='ocrx_word' id='word_1_337' title='bbox 2425 1609 2579 1677; x_wconf 82' lang='lat' dir='ltr'><strong>juxta</strong></span> <span class='ocrx_word' id='word_1_338' title='bbox 2613 1612 2975 1684; x_wconf 88' lang='lat' dir='ltr'><strong>Scripturam,</strong></span> <span class='ocrx_word' id='word_1_339' title='bbox 3011 1631 3028 1663; x_wconf 73' lang='grc' dir='ltr'><strong>ι</strong></span> <span class='ocrx_word' id='word_1_340' title='bbox 3057 1625 3376 1685; x_wconf 90' lang='lat' dir='ltr'><strong>conceptum</strong></span> <span class='ocrx_word' id='word_1_341' title='bbox 3404 1631 3613 1672; x_wconf 86' lang='lat' dir='ltr'><strong>sermo-</strong></span> 
     </span>
    </p>
   </div>
   <div class='ocr_carea' id='block_1_45' title="bbox 2027 1702 3621 1775">
    <p class='ocr_par' dir='ltr' id='par_1_45' title="bbox 2027 1702 3621 1775">
     <span class='ocr_line' id='line_1_45' title="bbox 2027 1702 3621 1775; baseline 0.007 -24"><span class='ocrx_word' id='word_1_342' title='bbox 2027 1713 2149 1752; x_wconf 92' lang='lat' dir='ltr'><strong>nem</strong></span> <span class='ocrx_word' id='word_1_343' title='bbox 2176 1706 2358 1753; x_wconf 88' lang='lat' dir='ltr'><strong>tenere</strong></span> <span class='ocrx_word' id='word_1_344' title='bbox 2390 1702 2510 1768; x_wconf 86' lang='lat' dir='ltr'><strong>quis</strong></span> <span class='ocrx_word' id='word_1_345' title='bbox 2541 1704 2754 1770; x_wconf 82' lang='lat' dir='ltr'><strong>possit?</strong></span> <span class='ocrx_word' id='word_1_346' title='bbox 2777 1704 2898 1774; x_wconf 88' lang='lat' dir='ltr'><strong>(Job</strong></span> <span class='ocrx_word' id='word_1_347' title='bbox 2922 1705 3020 1775; x_wconf 82' lang='lat' dir='ltr'><strong>tv.)</strong></span> <span class='ocrx_word' id='word_1_348' title='bbox 3047 1725 3064 1756; x_wconf 75' lang='grc' dir='ltr'><strong>ι</strong></span> <span class='ocrx_word' id='word_1_349' title='bbox 3093 1706 3158 1758; x_wconf 84' lang='grc' dir='ltr'>Ει</span> <span class='ocrx_word' id='word_1_350' title='bbox 3179 1716 3325 1762; x_wconf 90' lang='lat' dir='ltr'><strong>certe</strong></span> <span class='ocrx_word' id='word_1_351' title='bbox 3355 1708 3444 1763; x_wconf 91' lang='lat' dir='ltr'><strong>ubi</strong></span> <span class='ocrx_word' id='word_1_352' title='bbox 3470 1710 3621 1763; x_wconf 76' lang='lat' dir='ltr'><strong>nuda-</strong></span> 
     </span>
    </p>
   </div>
   <div class='ocr_carea' id='block_1_46' title="bbox 2027 1789 3617 1865">
    <p class='ocr_par' dir='ltr' id='par_1_46' title="bbox 2027 1789 3617 1865">
     <span class='ocr_line' id='line_1_46' title="bbox 2027 1789 3617 1865; baseline 0.009 -24"><span class='ocrx_word' id='word_1_353' title='bbox 2027 1789 2228 1843; x_wconf 89' lang='lat' dir='ltr'><strong>veritas</strong></span> <span class='ocrx_word' id='word_1_354' title='bbox 2257 1793 2518 1856; x_wconf 89' lang='lat' dir='ltr'><strong>cernitur,</strong></span> <span class='ocrx_word' id='word_1_355' title='bbox 2559 1795 2729 1862; x_wconf 89' lang='lat' dir='ltr'><strong>turpis</strong></span> <span class='ocrx_word' id='word_1_356' title='bbox 2759 1797 3067 1865; x_wconf 52' lang='lat' dir='ltr'><strong>ignominia),</strong></span> <span class='ocrx_word' id='word_1_357' title='bbox 3095 1808 3204 1865; x_wconf 88' lang='lat' dir='ltr'><strong>est,</strong></span> <span class='ocrx_word' id='word_1_358' title='bbox 3232 1802 3274 1855; x_wconf 88' lang='lat' dir='ltr'><strong>si</strong></span> <span class='ocrx_word' id='word_1_359' title='bbox 3309 1813 3617 1857; x_wconf 89' lang='lat' dir='ltr'><strong>commento</strong></span> 
     </span>
    </p>
   </div>
   <div class='ocr_carea' id='block_1_47' title="bbox 2032 1971 3615 2052">
    <p class='ocr_par' dir='ltr' id='par_1_47' title="bbox 2032 1971 3615 2052">
     <span class='ocr_line' id='line_1_47' title="bbox 2032 1971 3615 2052; baseline 0.008 -27"><span class='ocrx_word' id='word_1_360' title='bbox 2032 1971 2437 2027; x_wconf 86' lang='lat' dir='ltr'><strong>tbcmatizatum</strong></span> <span class='ocrx_word' id='word_1_361' title='bbox 2484 1991 2606 2030; x_wconf 90' lang='lat' dir='ltr'><strong>esse</strong></span> <span class='ocrx_word' id='word_1_362' title='bbox 2647 1976 2970 2045; x_wconf 87' lang='lat' dir='ltr'><strong>Gerardum,</strong></span> <span class='ocrx_word' id='word_1_363' title='bbox 3014 1996 3113 2036; x_wconf 87' lang='lat' dir='ltr'><strong>nec</strong></span> <span class='ocrx_word' id='word_1_364' title='bbox 3157 1982 3472 2052; x_wconf 85' lang='lat' dir='ltr'><strong>ignoramus</strong></span> <span class='ocrx_word' id='word_1_365' title='bbox 3497 1982 3615 2052; x_wconf 90' lang='lat' dir='ltr'><strong>ejus</strong></span> 
     </span>
    </p>
   </div>
   <div class='ocr_carea' id='block_1_48' title="bbox 2029 2064 3614 2144">
    <p class='ocr_par' dir='ltr' id='par_1_48' title="bbox 2029 2064 3614 2144">
     <span class='ocr_line' id='line_1_48' title="bbox 2029 2064 3614 2144; baseline 0.008 -26"><span class='ocrx_word' id='word_1_366' title='bbox 2029 2064 2286 2120; x_wconf 90' lang='lat' dir='ltr'><strong>instinctu</strong></span> <span class='ocrx_word' id='word_1_367' title='bbox 2316 2067 2655 2135; x_wconf 87' lang='lat' dir='ltr'><strong>potissimum</strong></span> <span class='ocrx_word' id='word_1_368' title='bbox 2698 2071 2842 2125; x_wconf 87' lang='lat' dir='ltr'><strong>hunc</strong></span> <span class='ocrx_word' id='word_1_369' title='bbox 2880 2073 3192 2142; x_wconf 86' lang='lat' dir='ltr'><strong>episcopum</strong></span> <span class='ocrx_word' id='word_1_370' title='bbox 3236 2074 3289 2128; x_wconf 91' lang='lat' dir='ltr'><strong>in</strong></span> <span class='ocrx_word' id='word_1_371' title='bbox 3322 2074 3425 2130; x_wconf 90' lang='lat' dir='ltr'><strong>hoc</strong></span> <span class='ocrx_word' id='word_1_372' title='bbox 3446 2089 3614 2144; x_wconf 78' lang='lat' dir='ltr'><strong>nego-</strong></span> 
     </span>
    </p>
   </div>
   <div class='ocr_carea' id='block_1_49' title="bbox 2031 2155 3612 2235">
    <p class='ocr_par' dir='ltr' id='par_1_49' title="bbox 2031 2155 3612 2235">
     <span class='ocr_line' id='line_1_49' title="bbox 2031 2155 3612 2235; baseline 0.006 -26"><span class='ocrx_word' id='word_1_373' title='bbox 2031 2155 2162 2210; x_wconf 90' lang='lat' dir='ltr'><strong>tium</strong></span> <span class='ocrx_word' id='word_1_374' title='bbox 2202 2156 2368 2212; x_wconf 86' lang='lat' dir='ltr'><strong>fuisse</strong></span> <span class='ocrx_word' id='word_1_375' title='bbox 2394 2159 2701 2227; x_wconf 91' lang='lat' dir='ltr'><strong>pellectum.</strong></span> <span class='ocrx_word' id='word_1_376' title='bbox 2760 2161 2830 2216; x_wconf 89' lang='lat' dir='ltr'><strong>Ut</strong></span> <span class='ocrx_word' id='word_1_377' title='bbox 2859 2162 3023 2234; x_wconf 82' lang='lat' dir='ltr'><strong>igitur</strong></span> <span class='ocrx_word' id='word_1_378' title='bbox 3065 2165 3137 2218; x_wconf 89' lang='lat' dir='ltr'><strong>ita</strong></span> <span class='ocrx_word' id='word_1_379' title='bbox 3183 2164 3394 2235; x_wconf 90' lang='lat' dir='ltr'><strong>loquar,</strong></span> <span class='ocrx_word' id='word_1_380' title='bbox 3427 2165 3612 2230; x_wconf 86' lang='lat' dir='ltr'><strong>arbor,</strong></span> 
     </span>
    </p>
   </div>
   <div class='ocr_carea' id='block_1_50' title="bbox 2029 2249 3616 2326">
    <p class='ocr_par' dir='ltr' id='par_1_50' title="bbox 2029 2249 3616 2326">
     <span class='ocr_line' id='line_1_50' title="bbox 2029 2249 3616 2326; baseline 0.006 -27"><span class='ocrx_word' id='word_1_381' title='bbox 2029 2262 2148 2317; x_wconf 63' lang='lat' dir='ltr'><strong>quae</strong></span> <span class='ocrx_word' id='word_1_382' title='bbox 2163 2249 2228 2301; x_wconf 91' lang='lat' dir='ltr'><strong>de</strong></span> <span class='ocrx_word' id='word_1_383' title='bbox 2248 2261 2507 2304; x_wconf 89' lang='lat' dir='ltr'><strong>venenata</strong></span> <span class='ocrx_word' id='word_1_384' title='bbox 2534 2252 2715 2307; x_wconf 90' lang='lat' dir='ltr'><strong>radice</strong></span> <span class='ocrx_word' id='word_1_385' title='bbox 2735 2255 3097 2310; x_wconf 84' lang='lat' dir='ltr'><strong>anathematis</strong></span> <span class='ocrx_word' id='word_1_386' title='bbox 3117 2257 3307 2321; x_wconf 90' lang='lat' dir='ltr'><strong>oritur,</strong></span> <span class='ocrx_word' id='word_1_387' title='bbox 3326 2264 3616 2326; x_wconf 90' lang='lat' dir='ltr'><strong>antequam</strong></span> 
     </span>
    </p>
   </div>
   <div class='ocr_carea' id='block_1_51' title="bbox 2027 2338 3617 2414">
    <p class='ocr_par' dir='ltr' id='par_1_51' title="bbox 2027 2338 3617 2414">
     <span class='ocr_line' id='line_1_51' title="bbox 2027 2338 3617 2414; baseline 0.007 -22"><span class='ocrx_word' id='word_1_388' title='bbox 2027 2338 2392 2407; x_wconf 87' lang='lat' dir='ltr'><strong>perniciosum</strong></span> <span class='ocrx_word' id='word_1_389' title='bbox 2424 2354 2744 2414; x_wconf 90' lang='lat' dir='ltr'><strong>prorumpat</strong></span> <span class='ocrx_word' id='word_1_390' title='bbox 2773 2344 2826 2398; x_wconf 92' lang='lat' dir='ltr'><strong>in</strong></span> <span class='ocrx_word' id='word_1_391' title='bbox 2856 2346 3092 2400; x_wconf 87' lang='lat' dir='ltr'><strong>fructum</strong></span> <span class='ocrx_word' id='word_1_392' title='bbox 3131 2346 3304 2402; x_wconf 90' lang='lat' dir='ltr'><strong>modis</strong></span> <span class='ocrx_word' id='word_1_393' title='bbox 3330 2346 3579 2402; x_wconf 88' lang='lat' dir='ltr'><strong>onmibus</strong></span> <span class='ocrx_word' id='word_1_394' title='bbox 3599 2388 3617 2411; x_wconf 91' lang='lat'><strong>,</strong></span> 
     </span>
    </p>
   </div>
   <div class='ocr_carea' id='block_1_52' title="bbox 2029 2433 3616 2508">
    <p class='ocr_par' dir='ltr' id='par_1_52' title="bbox 2029 2433 3616 2508">
     <span class='ocr_line' id='line_1_52' title="bbox 2029 2433 3616 2508; baseline 0.006 -25"><span class='ocrx_word' id='word_1_395' title='bbox 2029 2445 2251 2484; x_wconf 81' lang='lat' dir='ltr'><strong>necesse</strong></span> <span class='ocrx_word' id='word_1_396' title='bbox 2273 2440 2356 2486; x_wconf 90' lang='lat' dir='ltr'><strong>est</strong></span> <span class='ocrx_word' id='word_1_397' title='bbox 2385 2433 2663 2499; x_wconf 89' lang='lat' dir='ltr'><strong>evellatur,</strong></span> <span class='ocrx_word' id='word_1_398' title='bbox 2703 2443 2938 2492; x_wconf 87' lang='lat' dir='ltr'><strong>testante</strong></span> <span class='ocrx_word' id='word_1_399' title='bbox 2974 2437 3245 2504; x_wconf 80' lang='lat' dir='ltr'><strong>Veritate,</strong></span> <span class='ocrx_word' id='word_1_400' title='bbox 3271 2453 3392 2508; x_wconf 63' lang='lat' dir='ltr'><strong>qua:</strong></span> <span class='ocrx_word' id='word_1_401' title='bbox 3437 2438 3569 2492; x_wconf 89' lang='lat' dir='ltr'><strong>dicit</strong></span> <span class='ocrx_word' id='word_1_402' title='bbox 3598 2451 3616 2493; x_wconf 93' lang='lat'><strong>:</strong></span> 
     </span>
    </p>
   </div>
   <div class='ocr_carea' id='block_1_53' title="bbox 2033 2520 3619 2595">
    <p class='ocr_par' dir='ltr' id='par_1_53' title="bbox 2033 2520 3619 2595">
     <span class='ocr_line' id='line_1_53' title="bbox 2033 2520 3619 2595; baseline 0.007 -24"><span class='ocrx_word' id='word_1_403' title='bbox 2033 2536 2053 2571; x_wconf 73' lang='grc' dir='ltr'><strong>ι</strong></span> <span class='ocrx_word' id='word_1_404' title='bbox 2095 2520 2284 2574; x_wconf 86' lang='lat' dir='ltr'><strong>Omnis</strong></span> <span class='ocrx_word' id='word_1_405' title='bbox 2313 2522 2477 2576; x_wconf 88' lang='lat' dir='ltr'><strong>arbor</strong></span> <span class='ocrx_word' id='word_1_406' title='bbox 2533 2539 2655 2593; x_wconf 79' lang='lat' dir='ltr'><strong>quae</strong></span> <span class='ocrx_word' id='word_1_407' title='bbox 2690 2539 2796 2580; x_wconf 90' lang='lat' dir='ltr'><strong>non</strong></span> <span class='ocrx_word' id='word_1_408' title='bbox 2836 2524 2965 2582; x_wconf 81' lang='lat' dir='ltr'><strong>facit</strong></span> <span class='ocrx_word' id='word_1_409' title='bbox 3001 2525 3238 2582; x_wconf 89' lang='lat' dir='ltr'><strong>fructum</strong></span> <span class='ocrx_word' id='word_1_410' title='bbox 3268 2527 3493 2595; x_wconf 88' lang='lat' dir='ltr'><strong>bonum,</strong></span> <span class='ocrx_word' id='word_1_411' title='bbox 3521 2541 3619 2584; x_wconf 79' lang='lat' dir='ltr'><strong>ex-</strong></span> 
     </span>
    </p>
   </div>
   <div class='ocr_carea' id='block_1_54' title="bbox 2029 2611 3352 2691">
    <p class='ocr_par' dir='ltr' id='par_1_54' title="bbox 2029 2611 3352 2691">
     <span class='ocr_line' id='line_1_54' title="bbox 2029 2611 3352 2691; baseline 0.005 -25"><span class='ocrx_word' id='word_1_412' title='bbox 2029 2611 2258 2681; x_wconf 86' lang='lat' dir='ltr'><strong>cidetur,</strong></span> <span class='ocrx_word' id='word_1_413' title='bbox 2291 2614 2425 2668; x_wconf 91' lang='lat' dir='ltr'><strong>etin</strong></span> <span class='ocrx_word' id='word_1_414' title='bbox 2454 2615 2632 2685; x_wconf 88' lang='lat' dir='ltr'><strong>ignem</strong></span> <span class='ocrx_word' id='word_1_415' title='bbox 2667 2617 2915 2672; x_wconf 87' lang='lat' dir='ltr'><strong>mittetur</strong></span> <span class='ocrx_word' id='word_1_416' title='bbox 2947 2620 3158 2689; x_wconf 78' lang='lat' dir='ltr'><strong>(Matth.</strong></span> <span class='ocrx_word' id='word_1_417' title='bbox 3194 2621 3299 2691; x_wconf 89' lang='grc' dir='ltr'>ιιι).</span> <span class='ocrx_word' id='word_1_418' title='bbox 3333 2638 3352 2672; x_wconf 78' lang='grc' dir='ltr'><strong>ι</strong></span> 
     </span>
    </p>
   </div>
   <div class='ocr_carea' id='block_1_55' title="bbox 2403 2704 3236 2774">
    <p class='ocr_par' dir='ltr' id='par_1_55' title="bbox 2403 2704 3236 2774">
     <span class='ocr_line' id='line_1_55' title="bbox 2403 2704 3236 2774; baseline 0.006 -17"><span class='ocrx_word' id='word_1_419' title='bbox 2403 2704 2660 2774; x_wconf 75' lang='lat' dir='ltr'><strong>Defensor</strong></span> <span class='ocrx_word' id='word_1_420' title='bbox 2689 2706 2939 2764; x_wconf 75' lang='lat' dir='ltr'><strong>Ronzano:</strong></span> <span class='ocrx_word' id='word_1_421' title='bbox 2965 2710 3236 2766; x_wconf 70' lang='lat' dir='ltr'><strong>Ecclesite.</strong></span> 
     </span>
    </p>
   </div>
   <div class='ocr_carea' id='block_1_56' title="bbox 2104 2791 3616 2867">
    <p class='ocr_par' dir='ltr' id='par_1_56' title="bbox 2104 2791 3616 2867">
     <span class='ocr_line' id='line_1_56' title="bbox 2104 2791 3616 2867; baseline 0.009 -21"><span class='ocrx_word' id='word_1_422' title='bbox 2104 2791 2244 2848; x_wconf 86' lang='lat' dir='ltr'><strong>Ecce</strong></span> <span class='ocrx_word' id='word_1_423' title='bbox 2270 2794 2477 2849; x_wconf 84' lang='lat' dir='ltr'><strong>audivit</strong></span> <span class='ocrx_word' id='word_1_424' title='bbox 2500 2796 2780 2854; x_wconf 91' lang='lat' dir='ltr'><strong>beatitudo</strong></span> <span class='ocrx_word' id='word_1_425' title='bbox 2807 2808 2983 2854; x_wconf 90' lang='lat' dir='ltr'><strong>vestra</strong></span> <span class='ocrx_word' id='word_1_426' title='bbox 3003 2841 3018 2867; x_wconf 94' lang='lat'><strong>,</strong></span> <span class='ocrx_word' id='word_1_427' title='bbox 3049 2801 3383 2858; x_wconf 88' lang='lat' dir='ltr'><strong>venerabiles</strong></span> <span class='ocrx_word' id='word_1_428' title='bbox 3404 2802 3616 2867; x_wconf 84' lang='lat' dir='ltr'><strong>Patres,</strong></span> 
     </span>
    </p>
   </div>
   <div class='ocr_carea' id='block_1_57' title="bbox 2026 2884 3617 2959">
    <p class='ocr_par' dir='ltr' id='par_1_57' title="bbox 2026 2884 3617 2959">
     <span class='ocr_line' id='line_1_57' title="bbox 2026 2884 3617 2959; baseline 0.009 -23"><span class='ocrx_word' id='word_1_429' title='bbox 2026 2884 2281 2952; x_wconf 91' lang='lat' dir='ltr'><strong>quoniam</strong></span> <span class='ocrx_word' id='word_1_430' title='bbox 2310 2886 2401 2955; x_wconf 88' lang='lat' dir='ltr'><strong>qui</strong></span> <span class='ocrx_word' id='word_1_431' title='bbox 2429 2885 2705 2955; x_wconf 90' lang='lat' dir='ltr'><strong>inspector</strong></span> <span class='ocrx_word' id='word_1_432' title='bbox 2733 2898 2816 2944; x_wconf 91' lang='lat' dir='ltr'><strong>est</strong></span> <span class='ocrx_word' id='word_1_433' title='bbox 2847 2892 3132 2959; x_wconf 91' lang='lat' dir='ltr'><strong>mentium,</strong></span> <span class='ocrx_word' id='word_1_434' title='bbox 3161 2893 3496 2950; x_wconf 77' lang='lat' dir='ltr'><strong>confcederat</strong></span> <span class='ocrx_word' id='word_1_435' title='bbox 3517 2908 3617 2950; x_wconf 81' lang='lat' dir='ltr'><strong>nos</strong></span> 
     </span>
    </p>
   </div>
   <div class='ocr_carea' id='block_1_58' title="bbox 2027 2973 3618 3039">
    <p class='ocr_par' dir='ltr' id='par_1_58' title="bbox 2027 2973 3618 3039">
     <span class='ocr_line' id='line_1_58' title="bbox 2027 2973 3618 3039; baseline 0.008 -13"><span class='ocrx_word' id='word_1_436' title='bbox 2027 2973 2081 3027; x_wconf 91' lang='lat' dir='ltr'><strong>in</strong></span> <span class='ocrx_word' id='word_1_437' title='bbox 2103 2975 2510 3030; x_wconf 90' lang='lat' dir='ltr'><strong>concertatione</strong></span> <span class='ocrx_word' id='word_1_438' title='bbox 2537 2977 2846 3033; x_wconf 88' lang='lat' dir='ltr'><strong>verborum.</strong></span> <span class='ocrx_word' id='word_1_439' title='bbox 2881 2979 3028 3036; x_wconf 84' lang='lat' dir='ltr'><strong>Vidit</strong></span> <span class='ocrx_word' id='word_1_440' title='bbox 3066 2983 3211 3037; x_wconf 90' lang='lat' dir='ltr'><strong>enim</strong></span> <span class='ocrx_word' id='word_1_441' title='bbox 3238 2998 3339 3039; x_wconf 91' lang='lat' dir='ltr'><strong>nos</strong></span> <span class='ocrx_word' id='word_1_442' title='bbox 3364 2998 3474 3039; x_wconf 91' lang='lat' dir='ltr'><strong>non</strong></span> <span class='ocrx_word' id='word_1_443' title='bbox 3500 2998 3618 3038; x_wconf 89' lang='lat' dir='ltr'><strong>ma-</strong></span> 
     </span>
    </p>
   </div>
   <div class='ocr_carea' id='block_1_59' title="bbox 2028 3065 3618 3137">
    <p class='ocr_par' dir='ltr' id='par_1_59' title="bbox 2028 3065 3618 3137">
     <span class='ocr_line' id='line_1_59' title="bbox 2028 3065 3618 3137; baseline 0.008 -19"><span class='ocrx_word' id='word_1_444' title='bbox 2028 3065 2155 3119; x_wconf 67' lang='lat' dir='ltr'><strong>litia:</strong></span> <span class='ocrx_word' id='word_1_445' title='bbox 2184 3081 2342 3121; x_wconf 87' lang='lat' dir='ltr'><strong>causa</strong></span> <span class='ocrx_word' id='word_1_446' title='bbox 2373 3067 2679 3137; x_wconf 78' lang='lat' dir='ltr'><strong>conﬂigere,</strong></span> <span class='ocrx_word' id='word_1_447' title='bbox 2707 3070 2802 3126; x_wconf 89' lang='lat' dir='ltr'><strong>sed</strong></span> <span class='ocrx_word' id='word_1_448' title='bbox 2852 3072 3188 3129; x_wconf 66' lang='lat' dir='ltr'><strong>invenienda:</strong></span> <span class='ocrx_word' id='word_1_449' title='bbox 3228 3075 3473 3130; x_wconf 82' lang='lat' dir='ltr'><strong>veritatis</strong></span> <span class='ocrx_word' id='word_1_450' title='bbox 3502 3082 3618 3131; x_wconf 74' lang='lat' dir='ltr'><strong>stu-</strong></span> 
     </span>
    </p>
   </div>
   <div class='ocr_carea' id='block_1_60' title="bbox 2028 3155 3613 3235">
    <p class='ocr_par' dir='ltr' id='par_1_60' title="bbox 2028 3155 3613 3235">
     <span class='ocr_line' id='line_1_60' title="bbox 2028 3155 3613 3235; baseline 0.008 -26"><span class='ocrx_word' id='word_1_451' title='bbox 2028 3155 2116 3209; x_wconf 92' lang='lat' dir='ltr'><strong>dio</strong></span> <span class='ocrx_word' id='word_1_452' title='bbox 2137 3155 2414 3211; x_wconf 84' lang='lat' dir='ltr'><strong>deservire</strong></span> <span class='ocrx_word' id='word_1_453' title='bbox 2445 3157 2659 3228; x_wconf 76' lang='lat' dir='ltr'><strong>(Ep/tes.</strong></span> <span class='ocrx_word' id='word_1_454' title='bbox 2708 3162 2802 3232; x_wconf 86' lang='grc' dir='ltr'>ιι),</span> <span class='ocrx_word' id='word_1_455' title='bbox 2835 3161 3062 3233; x_wconf 89' lang='lat' dir='ltr'><strong>ideoque</strong></span> <span class='ocrx_word' id='word_1_456' title='bbox 3100 3165 3350 3235; x_wconf 85' lang='lat' dir='ltr'><strong>dignatus</strong></span> <span class='ocrx_word' id='word_1_457' title='bbox 3373 3173 3457 3220; x_wconf 88' lang='lat' dir='ltr'><strong>est</strong></span> <span class='ocrx_word' id='word_1_458' title='bbox 3491 3180 3613 3221; x_wconf 89' lang='lat' dir='ltr'><strong>mo-</strong></span> 
     </span>
    </p>
   </div>
   <div class='ocr_carea' id='block_1_61' title="bbox 335 3239 3612 3338">
    <p class='ocr_par' dir='ltr' id='par_1_61' title="bbox 335 3239 3612 3338">
     <span class='ocr_line' id='line_1_61' title="bbox 335 3239 3612 3338; baseline 0.005 -43"><span class='ocrx_word' id='word_1_459' title='bbox 335 3239 637 3334; x_wconf 34' lang='lat' dir='ltr'><strong>{mpem’lor</strong></span> <span class='ocrx_word' id='word_1_460' title='bbox 666 3263 852 3332; x_wconf 55' lang='lat' dir='ltr'><strong>ﬁeret,</strong></span> <span class='ocrx_word' id='word_1_461' title='bbox 882 3267 926 3321; x_wconf 67' lang='lat' dir='ltr'><strong>si</strong></span> <span class='ocrx_word' id='word_1_462' title='bbox 957 3277 1083 3322; x_wconf 52' lang='lat' dir='ltr'><strong>tunc</strong></span> <span class='ocrx_word' id='word_1_463' title='bbox 1121 3282 1179 3322; x_wconf 71' lang='lat' dir='ltr'>se</span> <span class='ocrx_word' id='word_1_464' title='bbox 1225 3239 1505 3323; x_wconf 68' lang='lat' dir='ltr'><strong>R&#39;omanus</strong></span> <span class='ocrx_word' id='word_1_465' title='bbox 1533 3268 1762 3338; x_wconf 63' lang='lat' dir='ltr'><strong>populus</strong></span> <span class='ocrx_word' id='word_1_466' title='bbox 1808 3283 1925 3322; x_wconf 74' lang='lat' dir='ltr'><strong>mu-</strong></span> <span class='ocrx_word' id='word_1_467' title='bbox 1951 3239 1996 3300; x_wconf 93' lang='lat' dir='ltr'><strong><em>C</em></strong></span> <span class='ocrx_word' id='word_1_468' title='bbox 2031 3257 2137 3302; x_wconf 91' lang='lat' dir='ltr'><strong>tam</strong></span> <span class='ocrx_word' id='word_1_469' title='bbox 2169 3249 2308 3305; x_wconf 89' lang='lat' dir='ltr'><strong>inter</strong></span> <span class='ocrx_word' id='word_1_470' title='bbox 2332 3266 2431 3306; x_wconf 92' lang='lat' dir='ltr'><strong>nos</strong></span> <span class='ocrx_word' id='word_1_471' title='bbox 2451 3253 2631 3322; x_wconf 87' lang='lat' dir='ltr'><strong>sepire</strong></span> <span class='ocrx_word' id='word_1_472' title='bbox 2656 3254 2932 3323; x_wconf 88' lang='lat' dir='ltr'><strong>querelam</strong></span> <span class='ocrx_word' id='word_1_473' title='bbox 2952 3297 2966 3320; x_wconf 94' lang='lat'><strong>,</strong></span> <span class='ocrx_word' id='word_1_474' title='bbox 2989 3265 3044 3312; x_wconf 91' lang='lat' dir='ltr'><strong>et</strong></span> <span class='ocrx_word' id='word_1_475' title='bbox 3072 3272 3229 3313; x_wconf 89' lang='lat' dir='ltr'><strong>suam</strong></span> <span class='ocrx_word' id='word_1_476' title='bbox 3259 3257 3417 3313; x_wconf 88' lang='lat' dir='ltr'><strong>nobis</strong></span> <span class='ocrx_word' id='word_1_477' title='bbox 3439 3257 3612 3328; x_wconf 82' lang='lat' dir='ltr'><strong>inspi-</strong></span> 
     </span>
    </p>
   </div>
   <div class='ocr_carea' id='block_1_62' title="bbox 335 3356 1924 3429">
    <p class='ocr_par' dir='ltr' id='par_1_62' title="bbox 335 3356 1924 3429">
     <span class='ocr_line' id='line_1_62' title="bbox 335 3356 1924 3429; baseline 0.003 -19"><span class='ocrx_word' id='word_1_478' title='bbox 335 3356 446 3411; x_wconf 83' lang='lat' dir='ltr'><strong>tuis</strong></span> <span class='ocrx_word' id='word_1_479' title='bbox 495 3356 814 3413; x_wconf 86' lang='lat' dir='ltr'><strong>vulneribus</strong></span> <span class='ocrx_word' id='word_1_480' title='bbox 858 3361 1212 3428; x_wconf 87' lang='lat' dir='ltr'><strong>peremisset?</strong></span> <span class='ocrx_word' id='word_1_481' title='bbox 1253 3360 1422 3416; x_wconf 89' lang='lat' dir='ltr'><strong>Porro</strong></span> <span class='ocrx_word' id='word_1_482' title='bbox 1459 3371 1640 3416; x_wconf 89' lang='lat' dir='ltr'><strong>autem</strong></span> <span class='ocrx_word' id='word_1_483' title='bbox 1665 3403 1678 3426; x_wconf 93' lang='lat'><strong>,</strong></span> <span class='ocrx_word' id='word_1_484' title='bbox 1709 3361 1833 3429; x_wconf 90' lang='lat' dir='ltr'><strong>quia</strong></span> <span class='ocrx_word' id='word_1_485' title='bbox 1871 3361 1924 3415; x_wconf 93' lang='lat' dir='ltr'><strong>in</strong></span> 
     </span>
    </p>
   </div>
   <div class='ocr_carea' id='block_1_63' title="bbox 334 3446 1927 3515">
    <p class='ocr_par' dir='ltr' id='par_1_63' title="bbox 334 3446 1927 3515">
     <span class='ocr_line' id='line_1_63' title="bbox 334 3446 1927 3515; baseline 0.004 -15"><span class='ocrx_word' id='word_1_486' title='bbox 334 3446 716 3500; x_wconf 88' lang='lat' dir='ltr'><strong>constituendo</strong></span> <span class='ocrx_word' id='word_1_487' title='bbox 755 3448 1009 3515; x_wconf 82' lang='lat' dir='ltr'><strong>pontifice</strong></span> <span class='ocrx_word' id='word_1_488' title='bbox 1056 3449 1298 3504; x_wconf 78' lang='lat' dir='ltr'><strong>Romana</strong></span> <span class='ocrx_word' id='word_1_489' title='bbox 1332 3450 1574 3506; x_wconf 87' lang='lat' dir='ltr'><strong>Ecclesia</strong></span> <span class='ocrx_word' id='word_1_490' title='bbox 1601 3467 1629 3504; x_wconf 91' lang='lat' dir='ltr'><strong>a</strong></span> <span class='ocrx_word' id='word_1_491' title='bbox 1658 3450 1927 3506; x_wconf 83' lang='lat' dir='ltr'><strong>charitate</strong></span> 
     </span>
    </p>
   </div>
   <div class='ocr_carea' id='block_1_64' title="bbox 334 3536 1925 3609">
    <p class='ocr_par' dir='ltr' id='par_1_64' title="bbox 334 3536 1925 3609">
     <span class='ocr_line' id='line_1_64' title="bbox 334 3536 1925 3609; baseline 0.003 -21"><span class='ocrx_word' id='word_1_492' title='bbox 334 3536 484 3606; x_wconf 84' lang='lat' dir='ltr'><strong>regia</strong></span> <span class='ocrx_word' id='word_1_493' title='bbox 516 3552 624 3590; x_wconf 90' lang='lat' dir='ltr'><strong>non</strong></span> <span class='ocrx_word' id='word_1_494' title='bbox 657 3538 902 3603; x_wconf 87' lang='lat' dir='ltr'><strong>recessit,</strong></span> <span class='ocrx_word' id='word_1_495' title='bbox 949 3540 1050 3594; x_wconf 85' lang='lat' dir='ltr'><strong>hoc</strong></span> <span class='ocrx_word' id='word_1_496' title='bbox 1076 3540 1239 3594; x_wconf 90' lang='lat' dir='ltr'><strong>etiam</strong></span> <span class='ocrx_word' id='word_1_497' title='bbox 1272 3540 1472 3596; x_wconf 89' lang='lat' dir='ltr'><strong>indicio</strong></span> <span class='ocrx_word' id='word_1_498' title='bbox 1501 3549 1616 3604; x_wconf 89' lang='lat' dir='ltr'><strong>est,</strong></span> <span class='ocrx_word' id='word_1_499' title='bbox 1647 3541 1774 3609; x_wconf 87' lang='lat' dir='ltr'><strong>quia</strong></span> <span class='ocrx_word' id='word_1_500' title='bbox 1801 3555 1925 3595; x_wconf 87' lang='lat' dir='ltr'><strong>etnn</strong></span> 
     </span>
    </p>
   </div>
   <div class='ocr_carea' id='block_1_65' title="bbox 335 3625 1926 3700">
    <p class='ocr_par' dir='ltr' id='par_1_65' title="bbox 335 3625 1926 3700">
     <span class='ocr_line' id='line_1_65' title="bbox 335 3625 1926 3700; baseline 0.003 -21"><span class='ocrx_word' id='word_1_501' title='bbox 335 3626 391 3679; x_wconf 90' lang='lat' dir='ltr'><strong>in</strong></span> <span class='ocrx_word' id='word_1_502' title='bbox 424 3625 574 3680; x_wconf 92' lang='lat' dir='ltr'><strong>clero</strong></span> <span class='ocrx_word' id='word_1_503' title='bbox 604 3642 703 3682; x_wconf 91' lang='lat' dir='ltr'><strong>suo</strong></span> <span class='ocrx_word' id='word_1_504' title='bbox 733 3627 1003 3698; x_wconf 87' lang='lat' dir='ltr'><strong>religiosis</strong></span> <span class='ocrx_word' id='word_1_505' title='bbox 1050 3629 1182 3685; x_wconf 91' lang='lat' dir='ltr'><strong>viris</strong></span> <span class='ocrx_word' id='word_1_506' title='bbox 1227 3639 1277 3685; x_wconf 91' lang='lat' dir='ltr'><strong>et</strong></span> <span class='ocrx_word' id='word_1_507' title='bbox 1327 3630 1662 3700; x_wconf 88' lang='lat' dir='ltr'><strong>sapientibus</strong></span> <span class='ocrx_word' id='word_1_508' title='bbox 1687 3630 1926 3684; x_wconf 86' lang='lat' dir='ltr'><strong>abunda-</strong></span> 
     </span>
    </p>
   </div>
   <div class='ocr_carea' id='block_1_66' title="bbox 337 3719 1924 3792">
    <p class='ocr_par' dir='ltr' id='par_1_66' title="bbox 337 3719 1924 3792">
     <span class='ocr_line' id='line_1_66' title="bbox 337 3719 1924 3792; baseline 0.003 -21"><span class='ocrx_word' id='word_1_509' title='bbox 337 3724 444 3782; x_wconf 90' lang='lat' dir='ltr'><strong>ret,</strong></span> <span class='ocrx_word' id='word_1_510' title='bbox 473 3733 579 3773; x_wconf 91' lang='lat' dir='ltr'><strong>non</strong></span> <span class='ocrx_word' id='word_1_511' title='bbox 615 3719 684 3774; x_wconf 89' lang='lat' dir='ltr'><strong>de</strong></span> <span class='ocrx_word' id='word_1_512' title='bbox 725 3720 988 3788; x_wconf 89' lang='lat' dir='ltr'><strong>propriis,</strong></span> <span class='ocrx_word' id='word_1_513' title='bbox 1036 3721 1130 3776; x_wconf 89' lang='lat' dir='ltr'><strong>sed</strong></span> <span class='ocrx_word' id='word_1_514' title='bbox 1161 3737 1319 3786; x_wconf 91' lang='lat' dir='ltr'><strong>eum,</strong></span> <span class='ocrx_word' id='word_1_515' title='bbox 1359 3722 1450 3791; x_wconf 92' lang='lat' dir='ltr'><strong>qui</strong></span> <span class='ocrx_word' id='word_1_516' title='bbox 1499 3722 1612 3792; x_wconf 84' lang='lat' dir='ltr'><strong>regi</strong></span> <span class='ocrx_word' id='word_1_517' title='bbox 1670 3731 1924 3792; x_wconf 77' lang='lat' dir='ltr'><strong>tanquam</strong></span> 
     </span>
    </p>
   </div>
   <div class='ocr_carea' id='block_1_67' title="bbox 333 3807 1484 3882">
    <p class='ocr_par' dir='ltr' id='par_1_67' title="bbox 333 3807 1484 3882">
     <span class='ocr_line' id='line_1_67' title="bbox 333 3807 1484 3882; baseline 0.003 -21"><span class='ocrx_word' id='word_1_518' title='bbox 333 3807 674 3864; x_wconf 82' lang='lat' dir='ltr'><strong>demesticus</strong></span> <span class='ocrx_word' id='word_1_519' title='bbox 719 3817 775 3864; x_wconf 91' lang='lat' dir='ltr'><strong>et</strong></span> <span class='ocrx_word' id='word_1_520' title='bbox 806 3808 1090 3866; x_wconf 83' lang='lat' dir='ltr'><strong>familiaris</strong></span> <span class='ocrx_word' id='word_1_521' title='bbox 1121 3820 1270 3877; x_wconf 90' lang='lat' dir='ltr'><strong>erat,</strong></span> <span class='ocrx_word' id='word_1_522' title='bbox 1304 3811 1484 3882; x_wconf 86' lang='lat' dir='ltr'><strong>elegit.</strong></span> 
     </span>
    </p>
   </div>
   <div class='ocr_carea' id='block_1_68' title="bbox 869 3922 1396 3994">
    <p class='ocr_par' dir='ltr' id='par_1_68' title="bbox 869 3922 1396 3994">
     <span class='ocr_line' id='line_1_68' title="bbox 869 3922 1396 3994; baseline 0.004 -17"><span class='ocrx_word' id='word_1_523' title='bbox 869 3922 1061 3994; x_wconf 79' lang='lat' dir='ltr'><strong>Regius</strong></span> <span class='ocrx_word' id='word_1_524' title='bbox 1091 3925 1396 3980; x_wconf 78' lang='lat' dir='ltr'><strong>advocatus.</strong></span> 
     </span>
    </p>
   </div>
   <div class='ocr_carea' id='block_1_69' title="bbox 409 4009 1921 4087">
    <p class='ocr_par' dir='ltr' id='par_1_69' title="bbox 409 4009 1921 4087">
     <span class='ocr_line' id='line_1_69' title="bbox 409 4009 1921 4087; baseline 0.007 -25"><span class='ocrx_word' id='word_1_525' title='bbox 409 4009 669 4082; x_wconf 85' lang='lat' dir='ltr'><strong>Quisquis</strong></span> <span class='ocrx_word' id='word_1_526' title='bbox 702 4013 954 4079; x_wconf 87' lang='lat' dir='ltr'><strong>veritati,</strong></span> <span class='ocrx_word' id='word_1_527' title='bbox 995 4025 1283 4086; x_wconf 86' lang='lat' dir='ltr'><strong>postquam</strong></span> <span class='ocrx_word' id='word_1_528' title='bbox 1331 4016 1602 4087; x_wconf 87' lang='lat' dir='ltr'><strong>patefacta</strong></span> <span class='ocrx_word' id='word_1_529' title='bbox 1637 4017 1921 4081; x_wconf 84' lang='lat' dir='ltr'><strong>claruerit,</strong></span> 
     </span>
    </p>
   </div>
   <div class='ocr_carea' id='block_1_70' title="bbox 339 4101 1927 4178">
    <p class='ocr_par' dir='ltr' id='par_1_70' title="bbox 339 4101 1927 4178">
     <span class='ocr_line' id='line_1_70' title="bbox 339 4101 1927 4178; baseline 0.004 -22"><span class='ocrx_word' id='word_1_530' title='bbox 339 4101 614 4158; x_wconf 88' lang='lat' dir='ltr'><strong>obstinate</strong></span> <span class='ocrx_word' id='word_1_531' title='bbox 658 4104 947 4170; x_wconf 90' lang='lat' dir='ltr'><strong>renititur,</strong></span> <span class='ocrx_word' id='word_1_532' title='bbox 1000 4107 1094 4162; x_wconf 92' lang='lat' dir='ltr'><strong>Dei</strong></span> <span class='ocrx_word' id='word_1_533' title='bbox 1143 4108 1529 4178; x_wconf 90' lang='lat' dir='ltr'><strong>omnipotentis</strong></span> <span class='ocrx_word' id='word_1_534' title='bbox 1583 4103 1927 4163; x_wconf 78' lang='lat' dir='ltr'><strong>adversarius</strong></span> 
     </span>
    </p>
   </div>
   <div class='ocr_carea' id='block_1_71' title="bbox 335 4191 1924 4267">
    <p class='ocr_par' dir='ltr' id='par_1_71' title="bbox 335 4191 1924 4267">
     <span class='ocr_line' id='line_1_71' title="bbox 335 4191 1924 4267; baseline 0.004 -23"><span class='ocrx_word' id='word_1_535' title='bbox 335 4205 446 4245; x_wconf 88' lang='lat' dir='ltr'><strong>non</strong></span> <span class='ocrx_word' id='word_1_536' title='bbox 499 4191 775 4248; x_wconf 89' lang='lat' dir='ltr'><strong>immerito</strong></span> <span class='ocrx_word' id='word_1_537' title='bbox 815 4192 1127 4265; x_wconf 90' lang='lat' dir='ltr'><strong>judicatur,</strong></span> <span class='ocrx_word' id='word_1_538' title='bbox 1161 4197 1312 4267; x_wconf 88' lang='lat' dir='ltr'><strong>cujus</strong></span> <span class='ocrx_word' id='word_1_539' title='bbox 1357 4198 1644 4253; x_wconf 89' lang='lat' dir='ltr'><strong>adversum</strong></span> <span class='ocrx_word' id='word_1_540' title='bbox 1685 4212 1744 4252; x_wconf 93' lang='lat' dir='ltr'><strong>se</strong></span> <span class='ocrx_word' id='word_1_541' title='bbox 1787 4197 1924 4251; x_wconf 91' lang='lat' dir='ltr'><strong>iram</strong></span> 
     </span>
    </p>
   </div>
   <div class='ocr_carea' id='block_1_72' title="bbox 334 4281 1922 4358">
    <p class='ocr_par' dir='ltr' id='par_1_72' title="bbox 334 4281 1922 4358">
     <span class='ocr_line' id='line_1_72' title="bbox 334 4281 1922 4358; baseline 0.004 -24"><span class='ocrx_word' id='word_1_542' title='bbox 334 4281 821 4352; x_wconf 85' lang='lat' dir='ltr'><strong>inextinguibiliter</strong></span> <span class='ocrx_word' id='word_1_543' title='bbox 845 4295 1106 4355; x_wconf 86' lang='lat' dir='ltr'><strong>provocat</strong></span> <span class='ocrx_word' id='word_1_544' title='bbox 1147 4287 1198 4358; x_wconf 85' lang='grc' dir='ltr'><strong>(Ι</strong></span> <span class='ocrx_word' id='word_1_545' title='bbox 1236 4288 1401 4342; x_wconf 87' lang='lat' dir='ltr'><strong>Joan.</strong></span> <span class='ocrx_word' id='word_1_546' title='bbox 1436 4288 1513 4358; x_wconf 89' lang='lat' dir='ltr'><strong>v),</strong></span> <span class='ocrx_word' id='word_1_547' title='bbox 1542 4289 1587 4343; x_wconf 91' lang='lat' dir='ltr'><strong>si</strong></span> <span class='ocrx_word' id='word_1_548' title='bbox 1620 4287 1922 4351; x_wconf 88' lang='lat' dir='ltr'><strong>veritatem,</strong></span> 
     </span>
    </p>
   </div>
   <div class='ocr_carea' id='block_1_73' title="bbox 332 4373 1922 4449">
    <p class='ocr_par' dir='ltr' id='par_1_73' title="bbox 332 4373 1922 4449">
     <span class='ocr_line' id='line_1_73' title="bbox 332 4373 1922 4449; baseline 0.003 -25"><span class='ocrx_word' id='word_1_549' title='bbox 332 4386 458 4440; x_wconf 69' lang='lat' dir='ltr'><strong>quae</strong></span> <span class='ocrx_word' id='word_1_550' title='bbox 485 4373 602 4442; x_wconf 90' lang='lat' dir='ltr'><strong>ipse</strong></span> <span class='ocrx_word' id='word_1_551' title='bbox 649 4382 767 4439; x_wconf 90' lang='lat' dir='ltr'><strong>est,</strong></span> <span class='ocrx_word' id='word_1_552' title='bbox 795 4377 1146 4445; x_wconf 86' lang='lat' dir='ltr'><strong>pertinaciter</strong></span> <span class='ocrx_word' id='word_1_553' title='bbox 1180 4387 1235 4432; x_wconf 92' lang='lat' dir='ltr'><strong>et</strong></span> <span class='ocrx_word' id='word_1_554' title='bbox 1265 4386 1584 4449; x_wconf 86' lang='lat' dir='ltr'><strong>arroganter</strong></span> <span class='ocrx_word' id='word_1_555' title='bbox 1618 4378 1922 4447; x_wconf 87' lang='lat' dir='ltr'><strong>impugnat.</strong></span> 
     </span>
    </p>
   </div>
   <div class='ocr_carea' id='block_1_74' title="bbox 333 4460 1922 4538">
    <p class='ocr_par' dir='ltr' id='par_1_74' title="bbox 333 4460 1922 4538">
     <span class='ocr_line' id='line_1_74' title="bbox 333 4460 1922 4538; baseline 0.003 -23"><span class='ocrx_word' id='word_1_556' title='bbox 333 4460 470 4516; x_wconf 81' lang='lat' dir='ltr'><strong>Nam</strong></span> <span class='ocrx_word' id='word_1_557' title='bbox 501 4473 563 4518; x_wconf 91' lang='lat' dir='ltr'><strong>ut</strong></span> <span class='ocrx_word' id='word_1_558' title='bbox 583 4464 697 4534; x_wconf 89' lang='lat' dir='ltr'><strong>ipse</strong></span> <span class='ocrx_word' id='word_1_559' title='bbox 720 4465 1075 4536; x_wconf 88' lang='lat' dir='ltr'><strong>disputationi</strong></span> <span class='ocrx_word' id='word_1_560' title='bbox 1106 4476 1208 4522; x_wconf 66' lang='lat' dir='ltr'><strong>tua:</strong></span> <span class='ocrx_word' id='word_1_561' title='bbox 1235 4468 1380 4523; x_wconf 90' lang='lat' dir='ltr'><strong>velut</strong></span> <span class='ocrx_word' id='word_1_562' title='bbox 1404 4467 1672 4538; x_wconf 81' lang='lat' dir='ltr'><strong>epilogum</strong></span> <span class='ocrx_word' id='word_1_563' title='bbox 1702 4466 1922 4530; x_wconf 83' lang='lat' dir='ltr'><strong>faciam,</strong></span> 
     </span>
    </p>
   </div>
   <div class='ocr_carea' id='block_1_75' title="bbox 331 4554 1921 4626">
    <p class='ocr_par' dir='ltr' id='par_1_75' title="bbox 331 4554 1921 4626">
     <span class='ocr_line' id='line_1_75' title="bbox 331 4554 1921 4626; baseline 0.003 -21"><span class='ocrx_word' id='word_1_564' title='bbox 331 4567 458 4606; x_wconf 89' lang='lat' dir='ltr'><strong>cum</strong></span> <span class='ocrx_word' id='word_1_565' title='bbox 491 4554 633 4608; x_wconf 89' lang='lat' dir='ltr'><strong>inter</strong></span> <span class='ocrx_word' id='word_1_566' title='bbox 673 4571 772 4610; x_wconf 88' lang='lat' dir='ltr'><strong>nos</strong></span> <span class='ocrx_word' id='word_1_567' title='bbox 800 4559 1028 4625; x_wconf 65' lang='lat' dir='ltr'><strong>quaestio</strong></span> <span class='ocrx_word' id='word_1_568' title='bbox 1057 4566 1388 4623; x_wconf 90' lang='lat' dir='ltr'><strong>moveretur,</strong></span> <span class='ocrx_word' id='word_1_569' title='bbox 1417 4567 1598 4612; x_wconf 89' lang='lat' dir='ltr'><strong>utrum</strong></span> <span class='ocrx_word' id='word_1_570' title='bbox 1637 4557 1753 4612; x_wconf 91' lang='lat' dir='ltr'><strong>sine</strong></span> <span class='ocrx_word' id='word_1_571' title='bbox 1779 4556 1921 4626; x_wconf 86' lang='lat' dir='ltr'><strong>regis</strong></span> 
     </span>
    </p>
   </div>
   <div class='ocr_carea' id='block_1_76' title="bbox 2030 3343 3622 3420">
    <p class='ocr_par' dir='ltr' id='par_1_76' title="bbox 2030 3343 3622 3420">
     <span class='ocr_line' id='line_1_76' title="bbox 2030 3343 3622 3420; baseline 0.007 -26"><span class='ocrx_word' id='word_1_572' title='bbox 2030 3357 2155 3396; x_wconf 90' lang='lat' dir='ltr'><strong>rare</strong></span> <span class='ocrx_word' id='word_1_573' title='bbox 2201 3343 2569 3397; x_wconf 83' lang='lat' dir='ltr'><strong>concordiam.</strong></span> <span class='ocrx_word' id='word_1_574' title='bbox 2622 3344 2736 3400; x_wconf 81' lang='lat' dir='ltr'><strong>Pax</strong></span> <span class='ocrx_word' id='word_1_575' title='bbox 2807 3347 2953 3402; x_wconf 89' lang='lat' dir='ltr'><strong>enim</strong></span> <span class='ocrx_word' id='word_1_576' title='bbox 3013 3358 3196 3404; x_wconf 90' lang='lat' dir='ltr'><strong>nostra</strong></span> <span class='ocrx_word' id='word_1_577' title='bbox 3233 3390 3248 3414; x_wconf 94' lang='lat'><strong>,</strong></span> <span class='ocrx_word' id='word_1_578' title='bbox 3311 3363 3432 3420; x_wconf 74' lang='lat' dir='ltr'><strong>quae</strong></span> <span class='ocrx_word' id='word_1_579' title='bbox 3487 3348 3622 3405; x_wconf 76' lang='lat' dir='ltr'><strong>fecit</strong></span> 
     </span>
    </p>
   </div>
   <div class='ocr_carea' id='block_1_77' title="bbox 2029 3437 3617 3504">
    <p class='ocr_par' dir='ltr' id='par_1_77' title="bbox 2029 3437 3617 3504">
     <span class='ocr_line' id='line_1_77' title="bbox 2029 3437 3617 3504; baseline 0.006 -17"><span class='ocrx_word' id='word_1_580' title='bbox 2029 3444 2260 3504; x_wconf 89' lang='lat' dir='ltr'><strong>utraque</strong></span> <span class='ocrx_word' id='word_1_581' title='bbox 2282 3452 2476 3500; x_wconf 91' lang='lat' dir='ltr'><strong>unum,</strong></span> <span class='ocrx_word' id='word_1_582' title='bbox 2507 3437 2764 3492; x_wconf 87' lang='lat' dir='ltr'><strong>conflavit</strong></span> <span class='ocrx_word' id='word_1_583' title='bbox 2794 3438 2846 3492; x_wconf 91' lang='lat' dir='ltr'><strong>in</strong></span> <span class='ocrx_word' id='word_1_584' title='bbox 2877 3440 3067 3495; x_wconf 89' lang='lat' dir='ltr'><strong>eodem</strong></span> <span class='ocrx_word' id='word_1_585' title='bbox 3097 3455 3256 3496; x_wconf 84' lang='lat' dir='ltr'><strong>sensu</strong></span> <span class='ocrx_word' id='word_1_586' title='bbox 3289 3440 3455 3496; x_wconf 85' lang='lat' dir='ltr'><strong>corda</strong></span> <span class='ocrx_word' id='word_1_587' title='bbox 3480 3441 3617 3496; x_wconf 89' lang='lat' dir='ltr'><strong>duo-</strong></span> 
     </span>
    </p>
   </div>
   <div class='ocr_carea' id='block_1_78' title="bbox 2029 3527 3613 3603">
    <p class='ocr_par' dir='ltr' id='par_1_78' title="bbox 2029 3527 3613 3603">
     <span class='ocr_line' id='line_1_78' title="bbox 2029 3527 3613 3603; baseline 0.006 -27"><span class='ocrx_word' id='word_1_588' title='bbox 2029 3540 2168 3579; x_wconf 89' lang='lat' dir='ltr'><strong>rum.</strong></span> <span class='ocrx_word' id='word_1_589' title='bbox 2205 3527 2442 3595; x_wconf 84' lang='lat' dir='ltr'><strong>Agamus</strong></span> <span class='ocrx_word' id='word_1_590' title='bbox 2498 3528 2571 3581; x_wconf 86' lang='lat' dir='ltr'><strong>illi</strong></span> <span class='ocrx_word' id='word_1_591' title='bbox 2625 3529 2853 3597; x_wconf 85' lang='lat' dir='ltr'><strong>gratias,</strong></span> <span class='ocrx_word' id='word_1_592' title='bbox 2903 3533 2993 3601; x_wconf 88' lang='lat' dir='ltr'><strong>qui</strong></span> <span class='ocrx_word' id='word_1_593' title='bbox 3029 3533 3180 3601; x_wconf 89' lang='lat' dir='ltr'><strong>prius</strong></span> <span class='ocrx_word' id='word_1_594' title='bbox 3229 3546 3487 3602; x_wconf 88' lang='lat' dir='ltr'><strong>sagenam</strong></span> <span class='ocrx_word' id='word_1_595' title='bbox 3531 3529 3613 3603; x_wconf 80' lang='lat'><strong>(3)</strong></span> 
     </span>
    </p>
   </div>
   <div class='ocr_carea' id='block_1_79' title="bbox 2027 3615 3616 3690">
    <p class='ocr_par' dir='ltr' id='par_1_79' title="bbox 2027 3615 3616 3690">
     <span class='ocr_line' id='line_1_79' title="bbox 2027 3615 3616 3690; baseline 0.006 -21"><span class='ocrx_word' id='word_1_596' title='bbox 2027 3615 2189 3672; x_wconf 87' lang='lat' dir='ltr'><strong>Petro</strong></span> <span class='ocrx_word' id='word_1_597' title='bbox 2220 3618 2514 3686; x_wconf 89' lang='lat' dir='ltr'><strong>periclitari</strong></span> <span class='ocrx_word' id='word_1_598' title='bbox 2557 3621 2842 3690; x_wconf 87' lang='lat' dir='ltr'><strong>permisit,</strong></span> <span class='ocrx_word' id='word_1_599' title='bbox 2875 3630 2930 3676; x_wconf 90' lang='lat' dir='ltr'><strong>et</strong></span> <span class='ocrx_word' id='word_1_600' title='bbox 2965 3622 3177 3678; x_wconf 82' lang='lat' dir='ltr'><strong>turbine</strong></span> <span class='ocrx_word' id='word_1_601' title='bbox 3218 3633 3532 3689; x_wconf 84' lang='lat' dir='ltr'><strong>ventorum,</strong></span> <span class='ocrx_word' id='word_1_602' title='bbox 3558 3633 3616 3679; x_wconf 79' lang='lat' dir='ltr'><strong>et</strong></span> 
     </span>
    </p>
   </div>
   <div class='ocr_carea' id='block_1_80' title="bbox 2028 3709 3612 3789">
    <p class='ocr_par' dir='ltr' id='par_1_80' title="bbox 2028 3709 3612 3789">
     <span class='ocr_line' id='line_1_80' title="bbox 2028 3709 3612 3789; baseline 0.007 -28"><span class='ocrx_word' id='word_1_603' title='bbox 2028 3709 2278 3778; x_wconf 90' lang='lat' dir='ltr'><strong>procellis</strong></span> <span class='ocrx_word' id='word_1_604' title='bbox 2321 3711 2627 3766; x_wconf 87' lang='lat' dir='ltr'><strong>undarum:</strong></span> <span class='ocrx_word' id='word_1_605' title='bbox 2662 3714 2758 3768; x_wconf 89' lang='lat' dir='ltr'><strong>sed</strong></span> <span class='ocrx_word' id='word_1_606' title='bbox 2807 3730 2933 3771; x_wconf 88' lang='lat' dir='ltr'><strong>ecce</strong></span> <span class='ocrx_word' id='word_1_607' title='bbox 2975 3725 3032 3771; x_wconf 91' lang='lat' dir='ltr'><strong>ut</strong></span> <span class='ocrx_word' id='word_1_608' title='bbox 3059 3717 3372 3789; x_wconf 83' lang='lat' dir='ltr'><strong>regrediens</strong></span> <span class='ocrx_word' id='word_1_609' title='bbox 3392 3733 3612 3774; x_wconf 92' lang='lat' dir='ltr'><strong>manum</strong></span> 
     </span>
    </p>
   </div>
   <div class='ocr_carea' id='block_1_81' title="bbox 2030 3803 3610 3883">
    <p class='ocr_par' dir='ltr' id='par_1_81' title="bbox 2030 3803 3610 3883">
     <span class='ocr_line' id='line_1_81' title="bbox 2030 3803 3610 3883; baseline 0.007 -27"><span class='ocrx_word' id='word_1_610' title='bbox 2030 3804 2298 3868; x_wconf 84' lang='lat' dir='ltr'><strong>tetendit,</strong></span> <span class='ocrx_word' id='word_1_611' title='bbox 2345 3803 2564 3860; x_wconf 83' lang='lat' dir='ltr'><strong>Petrum</strong></span> <span class='ocrx_word' id='word_1_612' title='bbox 2601 3809 2821 3875; x_wconf 85' lang='lat' dir='ltr'><strong>erexit,</strong></span> <span class='ocrx_word' id='word_1_613' title='bbox 2860 3811 3037 3866; x_wconf 88' lang='lat' dir='ltr'><strong>ventis</strong></span> <span class='ocrx_word' id='word_1_614' title='bbox 3084 3812 3370 3882; x_wconf 89' lang='lat' dir='ltr'><strong>imperavit</strong></span> <span class='ocrx_word' id='word_1_615' title='bbox 3399 3813 3610 3883; x_wconf 82' lang='lat' dir='ltr'><strong>(Marc.</strong></span> 
     </span>
    </p>
   </div>
   <div class='ocr_carea' id='block_1_82' title="bbox 2026 3892 3612 3971">
    <p class='ocr_par' dir='ltr' id='par_1_82' title="bbox 2026 3892 3612 3971">
     <span class='ocr_line' id='line_1_82' title="bbox 2026 3892 3612 3971; baseline 0.008 -26"><span class='ocrx_word' id='word_1_616' title='bbox 2026 3892 2130 3962; x_wconf 77' lang='lat' dir='ltr'><strong>vi),</strong></span> <span class='ocrx_word' id='word_1_617' title='bbox 2181 3904 2236 3947; x_wconf 90' lang='lat' dir='ltr'><strong>et</strong></span> <span class='ocrx_word' id='word_1_618' title='bbox 2291 3894 2606 3951; x_wconf 88' lang='lat' dir='ltr'><strong>discrimina</strong></span> <span class='ocrx_word' id='word_1_619' title='bbox 2653 3898 2863 3953; x_wconf 89' lang='lat' dir='ltr'><strong>marina</strong></span> <span class='ocrx_word' id='word_1_620' title='bbox 2912 3902 3280 3971; x_wconf 90' lang='lat' dir='ltr'><strong>compescuit,</strong></span> <span class='ocrx_word' id='word_1_621' title='bbox 3325 3901 3612 3959; x_wconf 83' lang='lat' dir='ltr'><strong>confestim</strong></span> 
     </span>
    </p>
   </div>
   <div class='ocr_carea' id='block_1_83' title="bbox 2028 3984 3612 4060">
    <p class='ocr_par' dir='ltr' id='par_1_83' title="bbox 2028 3984 3612 4060">
     <span class='ocr_line' id='line_1_83' title="bbox 2028 3984 3612 4060; baseline 0.009 -26"><span class='ocrx_word' id='word_1_622' title='bbox 2028 3997 2196 4047; x_wconf 83' lang='lat' dir='ltr'><strong>mare,</strong></span> <span class='ocrx_word' id='word_1_623' title='bbox 2225 3985 2368 4052; x_wconf 90' lang='lat' dir='ltr'><strong>quod</strong></span> <span class='ocrx_word' id='word_1_624' title='bbox 2421 3985 2474 4038; x_wconf 88' lang='lat' dir='ltr'><strong>in</strong></span> <span class='ocrx_word' id='word_1_625' title='bbox 2503 3987 2750 4043; x_wconf 90' lang='lat' dir='ltr'><strong>cumules</strong></span> <span class='ocrx_word' id='word_1_626' title='bbox 2789 3990 3120 4060; x_wconf 85' lang='lat' dir='ltr'><strong>erigebatur,</strong></span> <span class='ocrx_word' id='word_1_627' title='bbox 3165 3993 3442 4059; x_wconf 86' lang='lat' dir='ltr'><strong>obruitur,</strong></span> <span class='ocrx_word' id='word_1_628' title='bbox 3477 3984 3612 4049; x_wconf 78' lang='lat' dir='ltr'><strong>tent-</strong></span> 
     </span>
    </p>
   </div>
   <div class='ocr_carea' id='block_1_84' title="bbox 2025 4073 3613 4157">
    <p class='ocr_par' dir='ltr' id='par_1_84' title="bbox 2025 4073 3613 4157">
     <span class='ocr_line' id='line_1_84' title="bbox 2025 4073 3613 4157; baseline 0.01 -33"><span class='ocrx_word' id='word_1_629' title='bbox 2025 4073 2251 4142; x_wconf 90' lang='lat' dir='ltr'><strong>pestatis</strong></span> <span class='ocrx_word' id='word_1_630' title='bbox 2266 4076 2498 4144; x_wconf 80' lang='lat' dir='ltr'><strong>procella</strong></span> <span class='ocrx_word' id='word_1_631' title='bbox 2523 4078 2762 4141; x_wconf 84' lang='lat' dir='ltr'><strong>sedatur,</strong></span> <span class='ocrx_word' id='word_1_632' title='bbox 2780 4089 3063 4138; x_wconf 90' lang='lat' dir='ltr'><strong>ventorum</strong></span> <span class='ocrx_word' id='word_1_633' title='bbox 3096 4084 3252 4139; x_wconf 86' lang='lat' dir='ltr'><strong>turbo</strong></span> <span class='ocrx_word' id='word_1_634' title='bbox 3275 4087 3613 4157; x_wconf 86' lang='lat' dir='ltr'><strong>reprimitur,</strong></span> 
     </span>
    </p>
   </div>
   <div class='ocr_carea' id='block_1_85' title="bbox 2025 4165 2938 4225">
    <p class='ocr_par' dir='ltr' id='par_1_85' title="bbox 2025 4165 2938 4225">
     <span class='ocr_line' id='line_1_85' title="bbox 2025 4165 2938 4225; baseline 0.013 -11"><span class='ocrx_word' id='word_1_635' title='bbox 2025 4170 2080 4215; x_wconf 91' lang='lat' dir='ltr'><strong>et</strong></span> <span class='ocrx_word' id='word_1_636' title='bbox 2108 4179 2270 4218; x_wconf 92' lang='lat' dir='ltr'><strong>aurea</strong></span> <span class='ocrx_word' id='word_1_637' title='bbox 2297 4165 2418 4220; x_wconf 63' lang='lat' dir='ltr'><strong>caeli</strong></span> <span class='ocrx_word' id='word_1_638' title='bbox 2449 4166 2612 4221; x_wconf 88' lang='lat' dir='ltr'><strong>facies</strong></span> <span class='ocrx_word' id='word_1_639' title='bbox 2633 4181 2938 4225; x_wconf 88' lang='lat' dir='ltr'><strong>serenatur.</strong></span> 
     </span>
    </p>
   </div>
   <div class='ocr_carea' id='block_1_86' title="bbox 2563 4261 3112 4323">
    <p class='ocr_par' dir='ltr' id='par_1_86' title="bbox 2563 4261 3112 4323">
     <span class='ocr_line' id='line_1_86' title="bbox 2563 4261 3112 4323; baseline 0.015 -9"><span class='ocrx_word' id='word_1_640' title='bbox 2563 4261 2817 4319; x_wconf 80' lang='lat' dir='ltr'><strong>Clausula</strong></span> <span class='ocrx_word' id='word_1_641' title='bbox 2848 4267 3112 4323; x_wconf 77' lang='lat' dir='ltr'><strong>dictionis.</strong></span> 
     </span>
    </p>
   </div>
   <div class='ocr_carea' id='block_1_87' title="bbox 2095 4346 3613 4431">
    <p class='ocr_par' dir='ltr' id='par_1_87' title="bbox 2095 4346 3613 4431">
     <span class='ocr_line' id='line_1_87' title="bbox 2095 4346 3613 4431; baseline 0.013 -32"><span class='ocrx_word' id='word_1_642' title='bbox 2095 4346 2304 4402; x_wconf 85' lang='lat' dir='ltr'><strong>Amodo</strong></span> <span class='ocrx_word' id='word_1_643' title='bbox 2332 4349 2514 4418; x_wconf 82' lang='lat' dir='ltr'><strong>igitur,</strong></span> <span class='ocrx_word' id='word_1_644' title='bbox 2545 4353 2902 4422; x_wconf 80' lang='lat' dir='ltr'><strong>dilectissimi,</strong></span> <span class='ocrx_word' id='word_1_645' title='bbox 2934 4357 3081 4413; x_wconf 90' lang='lat' dir='ltr'><strong>illinc</strong></span> <span class='ocrx_word' id='word_1_646' title='bbox 3110 4363 3306 4431; x_wconf 87' lang='lat' dir='ltr'><strong>regalis</strong></span> <span class='ocrx_word' id='word_1_647' title='bbox 3327 4363 3465 4417; x_wconf 74' lang='lat' dir='ltr'><strong>aulae</strong></span> <span class='ocrx_word' id='word_1_648' title='bbox 3485 4377 3613 4419; x_wconf 84' lang='lat' dir='ltr'><strong>con-</strong></span> 
     </span>
    </p>
   </div>
   <div class='ocr_carea' id='block_1_88' title="bbox 2026 4436 3612 4525">
    <p class='ocr_par' dir='ltr' id='par_1_88' title="bbox 2026 4436 3612 4525">
     <span class='ocr_line' id='line_1_88' title="bbox 2026 4436 3612 4525; baseline 0.011 -33"><span class='ocrx_word' id='word_1_649' title='bbox 2026 4436 2240 4503; x_wconf 87' lang='lat' dir='ltr'><strong>siliarii,</strong></span> <span class='ocrx_word' id='word_1_650' title='bbox 2272 4439 2399 4494; x_wconf 85' lang='lat' dir='ltr'><strong>hinc</strong></span> <span class='ocrx_word' id='word_1_651' title='bbox 2434 4442 2576 4498; x_wconf 90' lang='lat' dir='ltr'><strong>sedis</strong></span> <span class='ocrx_word' id='word_1_652' title='bbox 2612 4446 2927 4513; x_wconf 70' lang='lat' dir='ltr'><strong>apostolica:</strong></span> <span class='ocrx_word' id='word_1_653' title='bbox 2956 4451 3312 4508; x_wconf 90' lang='lat' dir='ltr'><strong>comministri</strong></span> <span class='ocrx_word' id='word_1_654' title='bbox 3333 4494 3349 4519; x_wconf 91' lang='lat'><strong>,</strong></span> <span class='ocrx_word' id='word_1_655' title='bbox 3379 4463 3612 4525; x_wconf 86' lang='lat' dir='ltr'><strong>utraque</strong></span> 
     </span>
    </p>
   </div>
   <div class='ocr_carea' id='block_1_89' title="bbox 2025 4530 3613 4613">
    <p class='ocr_par' dir='ltr' id='par_1_89' title="bbox 2025 4530 3613 4613">
     <span class='ocr_line' id='line_1_89' title="bbox 2025 4530 3613 4613; baseline 0.014 -32"><span class='ocrx_word' id='word_1_656' title='bbox 2025 4544 2150 4598; x_wconf 88' lang='lat' dir='ltr'><strong>pars</strong></span> <span class='ocrx_word' id='word_1_657' title='bbox 2188 4530 2238 4584; x_wconf 92' lang='lat' dir='ltr'><strong>in</strong></span> <span class='ocrx_word' id='word_1_658' title='bbox 2272 4532 2375 4588; x_wconf 84' lang='lat' dir='ltr'><strong>hoc</strong></span> <span class='ocrx_word' id='word_1_659' title='bbox 2405 4549 2509 4589; x_wconf 90' lang='lat' dir='ltr'><strong>uno</strong></span> <span class='ocrx_word' id='word_1_660' title='bbox 2541 4537 2719 4592; x_wconf 90' lang='lat' dir='ltr'><strong>studio</strong></span> <span class='ocrx_word' id='word_1_661' title='bbox 2744 4541 3117 4611; x_wconf 88' lang='lat' dir='ltr'><strong>conspiremus</strong></span> <span class='ocrx_word' id='word_1_662' title='bbox 3149 4545 3515 4613; x_wconf 87' lang='lat' dir='ltr'><strong>elaborantes,</strong></span> <span class='ocrx_word' id='word_1_663' title='bbox 3549 4556 3613 4604; x_wconf 82' lang='lat' dir='ltr'><strong>ut</strong></span> 
     </span>
    </p>
   </div>
   <div class='ocr_carea' id='block_1_90' title="bbox 331 4604 3608 4718">
    <p class='ocr_par' dir='ltr' id='par_1_90' title="bbox 331 4604 3608 4718">
     <span class='ocr_line' id='line_1_90' title="bbox 331 4604 3608 4718; baseline 0.01 -57"><span class='ocrx_word' id='word_1_664' title='bbox 331 4658 559 4700; x_wconf 63' lang='lat' dir='ltr'><strong>assensu</strong></span> <span class='ocrx_word' id='word_1_665' title='bbox 588 4604 1113 4716; x_wconf 65' lang='lat' dir='ltr'><strong>Romani&#39;pommcis</strong></span> <span class='ocrx_word' id='word_1_666' title='bbox 1135 4647 1250 4701; x_wconf 65' lang='lat' dir='ltr'><strong>“eri</strong></span> <span class='ocrx_word' id='word_1_667' title='bbox 1288 4604 1459 4718; x_wconf 50' lang='lat' dir='ltr'><strong>pos&#39;si,</strong></span> <span class='ocrx_word' id='word_1_668' title='bbox 1488 4646 1701 4707; x_wconf 47' lang='lat' dir='ltr'><strong>electio,</strong></span> <span class='ocrx_word' id='word_1_669' title='bbox 1735 4604 1921 4700; x_wconf 54' lang='grc' dir='ltr'><strong>τθοξη-</strong></span> <span class='ocrx_word' id='word_1_670' title='bbox 1953 4604 1999 4662; x_wconf 76' lang='grc' dir='ltr'>υ</span> <span class='ocrx_word' id='word_1_671' title='bbox 2028 4634 2298 4718; x_wconf 81' lang='lat' dir='ltr'><strong>summum</strong></span> <span class='ocrx_word' id='word_1_672' title='bbox 2343 4624 2702 4718; x_wconf 73' lang='lat' dir='ltr'><strong>sacerdotium</strong></span> <span class='ocrx_word' id='word_1_673' title='bbox 2727 4637 2781 4682; x_wconf 91' lang='lat' dir='ltr'><strong>et</strong></span> <span class='ocrx_word' id='word_1_674' title='bbox 2812 4629 3114 4688; x_wconf 82' lang='lat' dir='ltr'><strong>Romanum</strong></span> <span class='ocrx_word' id='word_1_675' title='bbox 3154 4635 3312 4689; x_wconf 93' lang='lat' dir='ltr'><strong>simul</strong></span> <span class='ocrx_word' id='word_1_676' title='bbox 3338 4637 3608 4693; x_wconf 75' lang='lat' dir='ltr'><strong>confmde-</strong></span> 
     </span>
    </p>
   </div>
   <div class='ocr_carea' id='block_1_91' title="bbox 329 4733 1915 4808">
    <p class='ocr_par' dir='ltr' id='par_1_91' title="bbox 329 4733 1915 4808">
     <span class='ocr_line' id='line_1_91' title="bbox 329 4733 1915 4808; baseline 0.002 -22"><span class='ocrx_word' id='word_1_677' title='bbox 329 4733 450 4788; x_wconf 87' lang='lat' dir='ltr'><strong>sitis</strong></span> <span class='ocrx_word' id='word_1_678' title='bbox 509 4733 861 4790; x_wconf 85' lang='lat' dir='ltr'><strong>historiarum</strong></span> <span class='ocrx_word' id='word_1_679' title='bbox 932 4737 1220 4808; x_wconf 89' lang='lat' dir='ltr'><strong>catalogis,</strong></span> <span class='ocrx_word' id='word_1_680' title='bbox 1281 4746 1487 4792; x_wconf 91' lang='lat' dir='ltr'><strong>tantam</strong></span> <span class='ocrx_word' id='word_1_681' title='bbox 1549 4738 1915 4791; x_wconf 82' lang='lat' dir='ltr'><strong>Romanorum</strong></span> 
     </span>
    </p>
   </div>
   <div class='ocr_carea' id='block_1_92' title="bbox 330 4821 1914 4897">
    <p class='ocr_par' dir='ltr' id='par_1_92' title="bbox 330 4821 1914 4897">
     <span class='ocr_line' id='line_1_92' title="bbox 330 4821 1914 4897; baseline 0.001 -22"><span class='ocrx_word' id='word_1_682' title='bbox 330 4821 720 4892; x_wconf 88' lang='lat' dir='ltr'><strong>imperatorum</strong></span> <span class='ocrx_word' id='word_1_683' title='bbox 767 4834 930 4895; x_wconf 89' lang='lat' dir='ltr'><strong>atque</strong></span> <span class='ocrx_word' id='word_1_684' title='bbox 980 4827 1297 4896; x_wconf 87' lang='lat' dir='ltr'><strong>pontificum</strong></span> <span class='ocrx_word' id='word_1_685' title='bbox 1324 4828 1534 4897; x_wconf 91' lang='lat' dir='ltr'><strong>cepiam</strong></span> <span class='ocrx_word' id='word_1_686' title='bbox 1561 4826 1914 4891; x_wconf 88' lang='lat' dir='ltr'><strong>coacervasti,</strong></span> 
     </span>
    </p>
   </div>
   <div class='ocr_carea' id='block_1_93' title="bbox 327 4912 1914 4987">
    <p class='ocr_par' dir='ltr' id='par_1_93' title="bbox 327 4912 1914 4987">
     <span class='ocr_line' id='line_1_93' title="bbox 327 4912 1914 4987; baseline 0.003 -24"><span class='ocrx_word' id='word_1_687' title='bbox 327 4919 384 4964; x_wconf 90' lang='lat' dir='ltr'><strong>ct</strong></span> <span class='ocrx_word' id='word_1_688' title='bbox 412 4912 561 4966; x_wconf 89' lang='lat' dir='ltr'><strong>velut</strong></span> <span class='ocrx_word' id='word_1_689' title='bbox 589 4914 790 4968; x_wconf 86' lang='lat' dir='ltr'><strong>nubem</strong></span> <span class='ocrx_word' id='word_1_690' title='bbox 821 4916 951 4970; x_wconf 90' lang='lat' dir='ltr'><strong>mihi</strong></span> <span class='ocrx_word' id='word_1_691' title='bbox 983 4917 1199 4972; x_wconf 90' lang='lat' dir='ltr'><strong>testium</strong></span> <span class='ocrx_word' id='word_1_692' title='bbox 1227 4915 1560 4987; x_wconf 89' lang='lat' dir='ltr'><strong>opposuisti,</strong></span> <span class='ocrx_word' id='word_1_693' title='bbox 1589 4925 1650 4970; x_wconf 90' lang='lat' dir='ltr'><strong>ut</strong></span> <span class='ocrx_word' id='word_1_694' title='bbox 1673 4915 1760 4969; x_wconf 88' lang='lat' dir='ltr'><strong>bis</strong></span> <span class='ocrx_word' id='word_1_695' title='bbox 1781 4929 1914 4968; x_wconf 85' lang='lat' dir='ltr'><strong>con-</strong></span> 
     </span>
    </p>
   </div>
   <div class='ocr_carea' id='block_1_94' title="bbox 331 5005 1916 5077">
    <p class='ocr_par' dir='ltr' id='par_1_94' title="bbox 331 5005 1916 5077">
     <span class='ocr_line' id='line_1_94' title="bbox 331 5005 1916 5077; baseline 0.003 -22"><span class='ocrx_word' id='word_1_696' title='bbox 331 5005 533 5072; x_wconf 88' lang='lat' dir='ltr'><strong>spectis</strong></span> <span class='ocrx_word' id='word_1_697' title='bbox 555 5019 624 5060; x_wconf 88' lang='lat' dir='ltr'><strong>ne</strong></span> <span class='ocrx_word' id='word_1_698' title='bbox 661 5013 854 5061; x_wconf 90' lang='lat' dir='ltr'><strong>nutum</strong></span> <span class='ocrx_word' id='word_1_699' title='bbox 884 5009 1103 5077; x_wconf 90' lang='lat' dir='ltr'><strong>quidem</strong></span> <span class='ocrx_word' id='word_1_700' title='bbox 1151 5023 1237 5063; x_wconf 89' lang='lat' dir='ltr'><strong>me</strong></span> <span class='ocrx_word' id='word_1_701' title='bbox 1281 5008 1570 5064; x_wconf 87' lang='lat' dir='ltr'><strong>adversum</strong></span> <span class='ocrx_word' id='word_1_702' title='bbox 1601 5015 1654 5060; x_wconf 91' lang='lat' dir='ltr'><strong>te</strong></span> <span class='ocrx_word' id='word_1_703' title='bbox 1685 5006 1785 5061; x_wconf 89' lang='lat' dir='ltr'><strong>sub</strong></span> <span class='ocrx_word' id='word_1_704' title='bbox 1811 5006 1916 5060; x_wconf 86' lang='lat' dir='ltr'><strong>hoc</strong></span> 
     </span>
    </p>
   </div>
   <div class='ocr_carea' id='block_1_95' title="bbox 331 5093 1916 5167">
    <p class='ocr_par' dir='ltr' id='par_1_95' title="bbox 331 5093 1916 5167">
     <span class='ocr_line' id='line_1_95' title="bbox 331 5093 1916 5167; baseline 0.003 -22"><span class='ocrx_word' id='word_1_705' title='bbox 331 5093 564 5151; x_wconf 88' lang='lat' dir='ltr'><strong>ulterius</strong></span> <span class='ocrx_word' id='word_1_706' title='bbox 589 5096 771 5153; x_wconf 91' lang='lat' dir='ltr'><strong>facere</strong></span> <span class='ocrx_word' id='word_1_707' title='bbox 798 5098 1065 5154; x_wconf 91' lang='lat' dir='ltr'><strong>libuisset.</strong></span> <span class='ocrx_word' id='word_1_708' title='bbox 1108 5101 1184 5155; x_wconf 92' lang='lat' dir='ltr'><strong>De</strong></span> <span class='ocrx_word' id='word_1_709' title='bbox 1210 5099 1556 5154; x_wconf 85' lang='lat' dir='ltr'><strong>anathemate</strong></span> <span class='ocrx_word' id='word_1_710' title='bbox 1579 5112 1740 5164; x_wconf 89' lang='lat' dir='ltr'><strong>vero,</strong></span> <span class='ocrx_word' id='word_1_711' title='bbox 1771 5096 1916 5167; x_wconf 89' lang='lat' dir='ltr'><strong>quod</strong></span> 
     </span>
    </p>
   </div>
   <div class='ocr_carea' id='block_1_96' title="bbox 329 5181 1915 5258">
    <p class='ocr_par' dir='ltr' id='par_1_96' title="bbox 329 5181 1915 5258">
     <span class='ocr_line' id='line_1_96' title="bbox 329 5181 1915 5258; baseline 0.002 -22"><span class='ocrx_word' id='word_1_712' title='bbox 329 5181 588 5240; x_wconf 79' lang='lat' dir='ltr'><strong>Nicolaus</strong></span> <span class='ocrx_word' id='word_1_713' title='bbox 614 5201 751 5256; x_wconf 90' lang='lat' dir='ltr'><strong>papa</strong></span> <span class='ocrx_word' id='word_1_714' title='bbox 795 5190 1102 5254; x_wconf 88' lang='lat' dir='ltr'><strong>constituit,</strong></span> <span class='ocrx_word' id='word_1_715' title='bbox 1131 5190 1246 5255; x_wconf 86' lang='lat' dir='ltr'><strong>ubi,</strong></span> <span class='ocrx_word' id='word_1_716' title='bbox 1274 5198 1334 5243; x_wconf 91' lang='lat' dir='ltr'><strong>ut</strong></span> <span class='ocrx_word' id='word_1_717' title='bbox 1366 5188 1476 5257; x_wconf 87' lang='lat' dir='ltr'><strong>jam</strong></span> <span class='ocrx_word' id='word_1_718' title='bbox 1505 5202 1701 5258; x_wconf 72' lang='lat' dir='ltr'><strong>verum</strong></span> <span class='ocrx_word' id='word_1_719' title='bbox 1720 5183 1915 5248; x_wconf 87' lang='lat' dir='ltr'><strong>fatear,</strong></span> 
     </span>
    </p>
   </div>
   <div class='ocr_carea' id='block_1_97' title="bbox 330 5279 1914 5350">
    <p class='ocr_par' dir='ltr' id='par_1_97' title="bbox 330 5279 1914 5350">
     <span class='ocr_line' id='line_1_97' title="bbox 330 5279 1914 5350; baseline 0.001 -21"><span class='ocrx_word' id='word_1_720' title='bbox 330 5283 497 5331; x_wconf 91' lang='lat' dir='ltr'><strong>totam</strong></span> <span class='ocrx_word' id='word_1_721' title='bbox 544 5279 788 5335; x_wconf 82' lang='lat' dir='ltr'><strong>victoriae</strong></span> <span class='ocrx_word' id='word_1_722' title='bbox 834 5283 941 5336; x_wconf 89' lang='lat' dir='ltr'><strong>vim</strong></span> <span class='ocrx_word' id='word_1_723' title='bbox 983 5283 1214 5337; x_wconf 90' lang='lat' dir='ltr'><strong>intentio</strong></span> <span class='ocrx_word' id='word_1_724' title='bbox 1262 5291 1446 5336; x_wconf 86' lang='lat' dir='ltr'><strong>nostra</strong></span> <span class='ocrx_word' id='word_1_725' title='bbox 1487 5283 1762 5350; x_wconf 84' lang='lat' dir='ltr'><strong>posuerat,</strong></span> <span class='ocrx_word' id='word_1_726' title='bbox 1807 5285 1914 5331; x_wconf 90' lang='lat' dir='ltr'><strong>tam</strong></span> 
     </span>
    </p>
   </div>
   <div class='ocr_carea' id='block_1_98' title="bbox 327 5365 1914 5442">
    <p class='ocr_par' dir='ltr' id='par_1_98' title="bbox 327 5365 1914 5442">
     <span class='ocr_line' id='line_1_98' title="bbox 327 5365 1914 5442; baseline 0.002 -24"><span class='ocrx_word' id='word_1_727' title='bbox 327 5365 546 5424; x_wconf 85' lang='lat' dir='ltr'><strong>invictis</strong></span> <span class='ocrx_word' id='word_1_728' title='bbox 594 5370 1002 5442; x_wconf 87' lang='lat' dir='ltr'><strong>Scripturarum</strong></span> <span class='ocrx_word' id='word_1_729' title='bbox 1053 5373 1379 5429; x_wconf 87' lang='lat' dir='ltr'><strong>testimoniis</strong></span> <span class='ocrx_word' id='word_1_730' title='bbox 1403 5413 1417 5438; x_wconf 95' lang='lat'><strong>,</strong></span> <span class='ocrx_word' id='word_1_731' title='bbox 1454 5372 1557 5441; x_wconf 78' lang='grc'><strong>71,</strong></span> <span class='ocrx_word' id='word_1_732' title='bbox 1592 5379 1699 5426; x_wconf 92' lang='lat' dir='ltr'><strong>tam</strong></span> <span class='ocrx_word' id='word_1_733' title='bbox 1723 5368 1914 5423; x_wconf 88' lang='lat' dir='ltr'><strong>lucidis</strong></span> 
     </span>
    </p>
   </div>
   <div class='ocr_carea' id='block_1_99' title="bbox 326 5460 1916 5535">
    <p class='ocr_par' dir='ltr' id='par_1_99' title="bbox 326 5460 1916 5535">
     <span class='ocr_line' id='line_1_99' title="bbox 326 5460 1916 5535; baseline 0.001 -25"><span class='ocrx_word' id='word_1_734' title='bbox 326 5467 476 5515; x_wconf 90' lang='lat' dir='ltr'><strong>certe</strong></span> <span class='ocrx_word' id='word_1_735' title='bbox 513 5463 675 5515; x_wconf 91' lang='lat' dir='ltr'><strong>modo</strong></span> <span class='ocrx_word' id='word_1_736' title='bbox 705 5461 986 5519; x_wconf 88' lang='lat' dir='ltr'><strong>beatorum</strong></span> <span class='ocrx_word' id='word_1_737' title='bbox 1019 5464 1409 5535; x_wconf 88' lang='lat' dir='ltr'><strong>apostolorum,</strong></span> <span class='ocrx_word' id='word_1_738' title='bbox 1432 5465 1591 5517; x_wconf 91' lang='lat' dir='ltr'><strong>modo</strong></span> <span class='ocrx_word' id='word_1_739' title='bbox 1620 5461 1786 5531; x_wconf 91' lang='lat' dir='ltr'><strong>ipsius</strong></span> <span class='ocrx_word' id='word_1_740' title='bbox 1811 5460 1916 5513; x_wconf 87' lang='lat' dir='ltr'><strong>Do-</strong></span> 
     </span>
    </p>
   </div>
   <div class='ocr_carea' id='block_1_100' title="bbox 325 5550 1912 5628">
    <p class='ocr_par' dir='ltr' id='par_1_100' title="bbox 325 5550 1912 5628">
     <span class='ocr_line' id='line_1_100' title="bbox 325 5550 1912 5628; baseline 0.003 -28"><span class='ocrx_word' id='word_1_741' title='bbox 325 5550 459 5606; x_wconf 86' lang='lat' dir='ltr'><strong>mini</strong></span> <span class='ocrx_word' id='word_1_742' title='bbox 500 5551 801 5610; x_wconf 84' lang='lat' dir='ltr'><strong>Salvatoris</strong></span> <span class='ocrx_word' id='word_1_743' title='bbox 832 5565 937 5613; x_wconf 74' lang='lat' dir='ltr'><strong>tua:</strong></span> <span class='ocrx_word' id='word_1_744' title='bbox 969 5557 1350 5628; x_wconf 83' lang='lat' dir='ltr'><strong>diSputationis</strong></span> <span class='ocrx_word' id='word_1_745' title='bbox 1373 5555 1600 5611; x_wconf 89' lang='lat' dir='ltr'><strong>assertio</strong></span> <span class='ocrx_word' id='word_1_746' title='bbox 1627 5569 1686 5608; x_wconf 91' lang='lat' dir='ltr'><strong>se</strong></span> <span class='ocrx_word' id='word_1_747' title='bbox 1710 5566 1912 5623; x_wconf 90' lang='lat' dir='ltr'><strong>purga-</strong></span> 
     </span>
    </p>
   </div>
   <div class='ocr_carea' id='block_1_101' title="bbox 393 5679 1902 5753">
    <p class='ocr_par' dir='ltr' id='par_1_101' title="bbox 393 5679 1902 5753">
     <span class='ocr_line' id='line_1_101' title="bbox 393 5679 1902 5753; baseline 0 -17"><span class='ocrx_word' id='word_1_748' title='bbox 393 5679 498 5753; x_wconf 74' lang='lat'><strong>(2‘)</strong></span> <span class='ocrx_word' id='word_1_749' title='bbox 537 5683 814 5742; x_wconf 82' lang='lat' dir='ltr'><strong>Gerardus</strong></span> <span class='ocrx_word' id='word_1_750' title='bbox 869 5689 913 5742; x_wconf 94' lang='lat' dir='ltr'><strong>is</strong></span> <span class='ocrx_word' id='word_1_751' title='bbox 933 5699 1018 5744; x_wconf 90' lang='lat' dir='ltr'><strong>est</strong></span> <span class='ocrx_word' id='word_1_752' title='bbox 1065 5690 1294 5745; x_wconf 71' lang='lat' dir='ltr'><strong>Galerire</strong></span> <span class='ocrx_word' id='word_1_753' title='bbox 1319 5689 1606 5752; x_wconf 87' lang='lat' dir='ltr'><strong>dominus;</strong></span> <span class='ocrx_word' id='word_1_754' title='bbox 1637 5692 1722 5740; x_wconf 85' lang='lat' dir='ltr'><strong>est</strong></span> <span class='ocrx_word' id='word_1_755' title='bbox 1759 5683 1902 5737; x_wconf 90' lang='lat' dir='ltr'><strong>enim</strong></span> 
     </span>
    </p>
   </div>
   <div class='ocr_carea' id='block_1_102' title="bbox 326 5749 1906 5830">
    <p class='ocr_par' dir='ltr' id='par_1_102' title="bbox 326 5749 1906 5830">
     <span class='ocr_line' id='line_1_102' title="bbox 326 5749 1906 5830; baseline -0.006 -15"><span class='ocrx_word' id='word_1_756' title='bbox 326 5749 555 5830; x_wconf 51' lang='lat' dir='ltr'><strong>Galeria</strong></span> <span class='ocrx_word' id='word_1_757' title='bbox 607 5758 918 5830; x_wconf 81' lang='lat' dir='ltr'><strong>oppidulum</strong></span> <span class='ocrx_word' id='word_1_758' title='bbox 971 5776 1138 5830; x_wconf 86' lang='lat' dir='ltr'><strong>prope</strong></span> <span class='ocrx_word' id='word_1_759' title='bbox 1199 5761 1396 5817; x_wconf 87' lang='lat' dir='ltr'><strong>Urbem</strong></span> <span class='ocrx_word' id='word_1_760' title='bbox 1452 5749 1638 5823; x_wconf 85' lang='lat' dir='ltr'><strong>situm,</strong></span> <span class='ocrx_word' id='word_1_761' title='bbox 1679 5755 1906 5824; x_wconf 87' lang='lat' dir='ltr'><strong>ideoque</strong></span> 
     </span>
    </p>
   </div>
   <div class='ocr_carea' id='block_1_103' title="bbox 326 5826 1069 5898">
    <p class='ocr_par' dir='ltr' id='par_1_103' title="bbox 326 5826 1069 5898">
     <span class='ocr_line' id='line_1_103' title="bbox 326 5826 1069 5898; baseline 0.016 -26"><span class='ocrx_word' id='word_1_762' title='bbox 326 5826 693 5891; x_wconf 73' lang='lat' dir='ltr'><strong>suburbanum</strong></span> <span class='ocrx_word' id='word_1_763' title='bbox 726 5826 1069 5898; x_wconf 82' lang='lat' dir='ltr'><strong>appellatum.</strong></span> 
     </span>
    </p>
   </div>
   <div class='ocr_carea' id='block_1_104' title="bbox 2029 4710 3604 4796">
    <p class='ocr_par' dir='ltr' id='par_1_104' title="bbox 2029 4710 3604 4796">
     <span class='ocr_line' id='line_1_104' title="bbox 2029 4710 3604 4796; baseline 0.014 -35"><span class='ocrx_word' id='word_1_764' title='bbox 2029 4715 2179 4762; x_wconf 84' lang='lat' dir='ltr'><strong>retur</strong></span> <span class='ocrx_word' id='word_1_765' title='bbox 2224 4710 2545 4781; x_wconf 89' lang='lat' dir='ltr'><strong>imperium;</strong></span> <span class='ocrx_word' id='word_1_766' title='bbox 2595 4725 2860 4785; x_wconf 87' lang='lat' dir='ltr'><strong>quatenus</strong></span> <span class='ocrx_word' id='word_1_767' title='bbox 2905 4722 3196 4779; x_wconf 85' lang='lat' dir='ltr'><strong>humanum</strong></span> <span class='ocrx_word' id='word_1_768' title='bbox 3225 4741 3426 4796; x_wconf 87' lang='lat' dir='ltr'><strong>genus,</strong></span> <span class='ocrx_word' id='word_1_769' title='bbox 3458 4728 3604 4795; x_wconf 83' lang='lat' dir='ltr'><strong>quod</strong></span> 
     </span>
    </p>
   </div>
   <div class='ocr_carea' id='block_1_105' title="bbox 2026 4800 3604 4888">
    <p class='ocr_par' dir='ltr' id='par_1_105' title="bbox 2026 4800 3604 4888">
     <span class='ocr_line' id='line_1_105' title="bbox 2026 4800 3604 4888; baseline 0.013 -37"><span class='ocrx_word' id='word_1_770' title='bbox 2026 4813 2125 4867; x_wconf 88' lang='lat' dir='ltr'><strong>per</strong></span> <span class='ocrx_word' id='word_1_771' title='bbox 2151 4800 2250 4854; x_wconf 81' lang='lat' dir='ltr'><strong>lies</strong></span> <span class='ocrx_word' id='word_1_772' title='bbox 2278 4803 2411 4857; x_wconf 90' lang='lat' dir='ltr'><strong>duos</strong></span> <span class='ocrx_word' id='word_1_773' title='bbox 2443 4806 2652 4873; x_wconf 86' lang='lat' dir='ltr'><strong>aspiccs</strong></span> <span class='ocrx_word' id='word_1_774' title='bbox 2682 4809 2735 4861; x_wconf 93' lang='lat' dir='ltr'><strong>in</strong></span> <span class='ocrx_word' id='word_1_775' title='bbox 2775 4819 3006 4881; x_wconf 89' lang='lat' dir='ltr'><strong>utraque</strong></span> <span class='ocrx_word' id='word_1_776' title='bbox 3049 4816 3349 4870; x_wconf 89' lang='lat' dir='ltr'><strong>substantia</strong></span> <span class='ocrx_word' id='word_1_777' title='bbox 3379 4817 3604 4888; x_wconf 90' lang='lat' dir='ltr'><strong>regitur,</strong></span> 
     </span>
    </p>
   </div>
   <div class='ocr_carea' id='block_1_106' title="bbox 2024 4889 3606 4971">
    <p class='ocr_par' dir='ltr' id='par_1_106' title="bbox 2024 4889 3606 4971">
     <span class='ocr_line' id='line_1_106' title="bbox 2024 4889 3606 4971; baseline 0.015 -31"><span class='ocrx_word' id='word_1_778' title='bbox 2024 4889 2204 4952; x_wconf 88' lang='lat' dir='ltr'><strong>nullis,</strong></span> <span class='ocrx_word' id='word_1_779' title='bbox 2233 4893 2373 4961; x_wconf 92' lang='lat' dir='ltr'><strong>quod</strong></span> <span class='ocrx_word' id='word_1_780' title='bbox 2402 4894 2562 4956; x_wconf 78' lang='lat' dir='ltr'><strong>absit.</strong></span> <span class='ocrx_word' id='word_1_781' title='bbox 2593 4898 2855 4966; x_wconf 89' lang='lat' dir='ltr'><strong>partibus,</strong></span> <span class='ocrx_word' id='word_1_782' title='bbox 2887 4903 3028 4971; x_wconf 91' lang='lat' dir='ltr'><strong>quod</strong></span> <span class='ocrx_word' id='word_1_783' title='bbox 3058 4919 3152 4970; x_wconf 88' lang='lat' dir='ltr'><strong>per</strong></span> <span class='ocrx_word' id='word_1_784' title='bbox 3179 4904 3470 4961; x_wconf 87' lang='lat' dir='ltr'><strong>Cadaloum</strong></span> <span class='ocrx_word' id='word_1_785' title='bbox 3498 4923 3606 4964; x_wconf 86' lang='lat' dir='ltr'><strong>nu-</strong></span> 
     </span>
    </p>
   </div>
   <div class='ocr_carea' id='block_1_107' title="bbox 2020 4978 3607 5062">
    <p class='ocr_par' dir='ltr' id='par_1_107' title="bbox 2020 4978 3607 5062">
     <span class='ocr_line' id='line_1_107' title="bbox 2020 4978 3607 5062; baseline 0.014 -30"><span class='ocrx_word' id='word_1_786' title='bbox 2020 4994 2118 5048; x_wconf 90' lang='lat' dir='ltr'><strong>per</strong></span> <span class='ocrx_word' id='word_1_787' title='bbox 2144 4978 2344 5035; x_wconf 88' lang='lat' dir='ltr'><strong>factum</strong></span> <span class='ocrx_word' id='word_1_788' title='bbox 2377 4991 2491 5047; x_wconf 87' lang='lat' dir='ltr'><strong>est,</strong></span> <span class='ocrx_word' id='word_1_789' title='bbox 2526 4987 2899 5043; x_wconf 87' lang='lat' dir='ltr'><strong>rescindatur:</strong></span> <span class='ocrx_word' id='word_1_790' title='bbox 2936 4993 3126 5062; x_wconf 86' lang='lat' dir='ltr'><strong>sicque</strong></span> <span class='ocrx_word' id='word_1_791' title='bbox 3164 4996 3346 5050; x_wconf 91' lang='lat' dir='ltr'><strong>mundi</strong></span> <span class='ocrx_word' id='word_1_792' title='bbox 3373 4998 3607 5054; x_wconf 82' lang='lat' dir='ltr'><strong>vertices</strong></span> 
     </span>
    </p>
   </div>
   <div class='ocr_carea' id='block_1_108' title="bbox 2021 5071 3609 5154">
    <p class='ocr_par' dir='ltr' id='par_1_108' title="bbox 2021 5071 3609 5154">
     <span class='ocr_line' id='line_1_108' title="bbox 2021 5071 3609 5154; baseline 0.013 -29"><span class='ocrx_word' id='word_1_793' title='bbox 2021 5071 2075 5125; x_wconf 89' lang='lat' dir='ltr'><strong>in</strong></span> <span class='ocrx_word' id='word_1_794' title='bbox 2101 5082 2374 5142; x_wconf 65' lang='lat' dir='ltr'><strong>perpetrm</strong></span> <span class='ocrx_word' id='word_1_795' title='bbox 2401 5077 2685 5133; x_wconf 89' lang='lat' dir='ltr'><strong>charitatis</strong></span> <span class='ocrx_word' id='word_1_796' title='bbox 2712 5082 2962 5137; x_wconf 91' lang='lat' dir='ltr'><strong>unionem</strong></span> <span class='ocrx_word' id='word_1_797' title='bbox 2991 5097 3347 5154; x_wconf 86' lang='lat' dir='ltr'><strong>concurrant,</strong></span> <span class='ocrx_word' id='word_1_798' title='bbox 3385 5097 3445 5144; x_wconf 90' lang='lat' dir='ltr'><strong>ut</strong></span> <span class='ocrx_word' id='word_1_799' title='bbox 3471 5089 3609 5146; x_wconf 87' lang='lat' dir='ltr'><strong>infe-</strong></span> 
     </span>
    </p>
   </div>
   <div class='ocr_carea' id='block_1_109' title="bbox 2021 5163 3600 5245">
    <p class='ocr_par' dir='ltr' id='par_1_109' title="bbox 2021 5163 3600 5245">
     <span class='ocr_line' id='line_1_109' title="bbox 2021 5163 3600 5245; baseline 0.011 -29"><span class='ocrx_word' id='word_1_800' title='bbox 2021 5163 2164 5218; x_wconf 90' lang='lat' dir='ltr'><strong>riora</strong></span> <span class='ocrx_word' id='word_1_801' title='bbox 2194 5166 2434 5221; x_wconf 88' lang='lat' dir='ltr'><strong>membra</strong></span> <span class='ocrx_word' id='word_1_802' title='bbox 2472 5183 2570 5236; x_wconf 89' lang='lat' dir='ltr'><strong>per</strong></span> <span class='ocrx_word' id='word_1_803' title='bbox 2599 5184 2784 5224; x_wconf 89' lang='lat' dir='ltr'><strong>eorum</strong></span> <span class='ocrx_word' id='word_1_804' title='bbox 2817 5173 3142 5229; x_wconf 87' lang='lat' dir='ltr'><strong>discordiam</strong></span> <span class='ocrx_word' id='word_1_805' title='bbox 3185 5193 3292 5232; x_wconf 91' lang='lat' dir='ltr'><strong>non</strong></span> <span class='ocrx_word' id='word_1_806' title='bbox 3324 5179 3600 5245; x_wconf 79' lang='lat' dir='ltr'><strong>resiliant;</strong></span> 
     </span>
    </p>
   </div>
   <div class='ocr_carea' id='block_1_110' title="bbox 2020 5258 3601 5333">
    <p class='ocr_par' dir='ltr' id='par_1_110' title="bbox 2020 5258 3601 5333">
     <span class='ocr_line' id='line_1_110' title="bbox 2020 5258 3601 5333; baseline 0.012 -27"><span class='ocrx_word' id='word_1_807' title='bbox 2020 5263 2285 5322; x_wconf 88' lang='lat' dir='ltr'><strong>quatenus</strong></span> <span class='ocrx_word' id='word_1_808' title='bbox 2325 5258 2466 5313; x_wconf 86' lang='lat' dir='ltr'><strong>sicut</strong></span> <span class='ocrx_word' id='word_1_809' title='bbox 2508 5260 2562 5313; x_wconf 91' lang='lat' dir='ltr'><strong>in</strong></span> <span class='ocrx_word' id='word_1_810' title='bbox 2604 5275 2714 5313; x_wconf 91' lang='lat' dir='ltr'><strong>uno</strong></span> <span class='ocrx_word' id='word_1_811' title='bbox 2762 5263 3061 5321; x_wconf 90' lang='lat' dir='ltr'><strong>mediatore</strong></span> <span class='ocrx_word' id='word_1_812' title='bbox 3106 5267 3220 5333; x_wconf 88' lang='lat' dir='ltr'><strong>Dei,</strong></span> <span class='ocrx_word' id='word_1_813' title='bbox 3250 5277 3305 5324; x_wconf 89' lang='lat' dir='ltr'><strong>et</strong></span> <span class='ocrx_word' id='word_1_814' title='bbox 3324 5269 3601 5325; x_wconf 86' lang='lat' dir='ltr'><strong>hominum</strong></span> 
     </span>
    </p>
   </div>
   <div class='ocr_carea' id='block_1_111' title="bbox 2018 5345 3598 5426">
    <p class='ocr_par' dir='ltr' id='par_1_111' title="bbox 2018 5345 3598 5426">
     <span class='ocr_line' id='line_1_111' title="bbox 2018 5345 3598 5426; baseline 0.011 -28"><span class='ocrx_word' id='word_1_815' title='bbox 2018 5345 2135 5399; x_wconf 62' lang='lat' dir='ltr'><strong>liceo</strong></span> <span class='ocrx_word' id='word_1_816' title='bbox 2186 5347 2313 5412; x_wconf 89' lang='lat' dir='ltr'><strong>duo,</strong></span> <span class='ocrx_word' id='word_1_817' title='bbox 2367 5365 2587 5419; x_wconf 84' lang='lat' dir='ltr'><strong>regnum</strong></span> <span class='ocrx_word' id='word_1_818' title='bbox 2643 5351 2852 5409; x_wconf 87' lang='lat' dir='ltr'><strong>scilicet</strong></span> <span class='ocrx_word' id='word_1_819' title='bbox 2897 5364 2952 5409; x_wconf 90' lang='lat' dir='ltr'><strong>et</strong></span> <span class='ocrx_word' id='word_1_820' title='bbox 2999 5358 3385 5426; x_wconf 89' lang='lat' dir='ltr'><strong>sacerdotium,</strong></span> <span class='ocrx_word' id='word_1_821' title='bbox 3414 5361 3598 5416; x_wconf 90' lang='lat' dir='ltr'><strong>divino</strong></span> 
     </span>
    </p>
   </div>
   <div class='ocr_carea' id='block_1_112' title="bbox 2019 5437 3605 5521">
    <p class='ocr_par' dir='ltr' id='par_1_112' title="bbox 2019 5437 3605 5521">
     <span class='ocr_line' id='line_1_112' title="bbox 2019 5437 3605 5521; baseline 0.012 -33"><span class='ocrx_word' id='word_1_822' title='bbox 2019 5445 2144 5489; x_wconf 89' lang='lat' dir='ltr'><strong>sunt</strong></span> <span class='ocrx_word' id='word_1_823' title='bbox 2167 5437 2392 5493; x_wconf 88' lang='lat' dir='ltr'><strong>conflata</strong></span> <span class='ocrx_word' id='word_1_824' title='bbox 2426 5441 2712 5510; x_wconf 87' lang='lat' dir='ltr'><strong>mysterio;</strong></span> <span class='ocrx_word' id='word_1_825' title='bbox 2749 5444 2820 5498; x_wconf 90' lang='lat' dir='ltr'><strong>ita</strong></span> <span class='ocrx_word' id='word_1_826' title='bbox 2844 5445 3101 5502; x_wconf 90' lang='lat' dir='ltr'><strong>sublimes</strong></span> <span class='ocrx_word' id='word_1_827' title='bbox 3129 5449 3247 5504; x_wconf 74' lang='lat' dir='ltr'><strong>ista:</strong></span> <span class='ocrx_word' id='word_1_828' title='bbox 3273 5450 3390 5506; x_wconf 79' lang='lat' dir='ltr'><strong>dua:</strong></span> <span class='ocrx_word' id='word_1_829' title='bbox 3416 5465 3605 5521; x_wconf 86' lang='lat' dir='ltr'><strong>perse-</strong></span> 
     </span>
    </p>
   </div>
   <div class='ocr_carea' id='block_1_113' title="bbox 2020 5533 3602 5616">
    <p class='ocr_par' dir='ltr' id='par_1_113' title="bbox 2020 5533 3602 5616">
     <span class='ocr_line' id='line_1_113' title="bbox 2020 5533 3602 5616; baseline 0.012 -34"><span class='ocrx_word' id='word_1_830' title='bbox 2020 5545 2103 5584; x_wconf 80' lang='lat' dir='ltr'><strong>me</strong></span> <span class='ocrx_word' id='word_1_831' title='bbox 2126 5533 2231 5601; x_wconf 80' lang='lat'><strong>72</strong></span> <span class='ocrx_word' id='word_1_832' title='bbox 2267 5541 2412 5587; x_wconf 87' lang='lat' dir='ltr'><strong>tanta</strong></span> <span class='ocrx_word' id='word_1_833' title='bbox 2445 5535 2662 5591; x_wconf 87' lang='lat' dir='ltr'><strong>sibimet</strong></span> <span class='ocrx_word' id='word_1_834' title='bbox 2709 5536 2938 5595; x_wconf 92' lang='lat' dir='ltr'><strong>invicem</strong></span> <span class='ocrx_word' id='word_1_835' title='bbox 2969 5541 3326 5600; x_wconf 86' lang='lat' dir='ltr'><strong>unanimitate</strong></span> <span class='ocrx_word' id='word_1_836' title='bbox 3362 5542 3602 5616; x_wconf 79' lang='lat' dir='ltr'><strong>jungen-</strong></span> 
     </span>
    </p>
   </div>
   <div class='ocr_carea' id='block_1_114' title="bbox 2090 5666 3595 5750">
    <p class='ocr_par' dir='ltr' id='par_1_114' title="bbox 2090 5666 3595 5750">
     <span class='ocr_line' id='line_1_114' title="bbox 2090 5666 3595 5750; baseline 0.005 -27"><span class='ocrx_word' id='word_1_837' title='bbox 2090 5669 2166 5739; x_wconf 75' lang='grc'><strong>(5)</strong></span> <span class='ocrx_word' id='word_1_838' title='bbox 2213 5670 2422 5741; x_wconf 71' lang='lat' dir='ltr'><strong>Sagana</strong></span> <span class='ocrx_word' id='word_1_839' title='bbox 2471 5685 2562 5726; x_wconf 79' lang='lat' dir='ltr'><strong>vro</strong></span> <span class='ocrx_word' id='word_1_840' title='bbox 2605 5672 2844 5729; x_wconf 74' lang='lat' dir='ltr'><strong>navicula</strong></span> <span class='ocrx_word' id='word_1_841' title='bbox 2899 5666 3094 5746; x_wconf 57' lang='lat' dir='ltr'><strong>sépius</strong></span> <span class='ocrx_word' id='word_1_842' title='bbox 3144 5687 3396 5750; x_wconf 84' lang='lat' dir='ltr'><strong>usurpata</strong></span> <span class='ocrx_word' id='word_1_843' title='bbox 3450 5692 3482 5732; x_wconf 84' lang='lat' dir='ltr'><strong>a</strong></span> <span class='ocrx_word' id='word_1_844' title='bbox 3536 5677 3595 5733; x_wconf 83' lang='lat' dir='ltr'><strong>S.</strong></span> 
     </span>
    </p>
   </div>
   <div class='ocr_carea' id='block_1_115' title="bbox 2015 5741 2279 5798">
    <p class='ocr_par' dir='ltr' id='par_1_115' title="bbox 2015 5741 2279 5798">
     <span class='ocr_line' id='line_1_115' title="bbox 2015 5741 2279 5798; baseline 0.004 -3"><span class='ocrx_word' id='word_1_845' title='bbox 2015 5741 2168 5798; x_wconf 79' lang='lat' dir='ltr'><strong>Dect.</strong></span> <span class='ocrx_word' id='word_1_846' title='bbox 2264 5784 2279 5796; x_wconf 92' lang='lat'><strong>.</strong></span> 
     </span>
    </p>
   </div>
  </div>
