4106 6310
314 361 390 423 ss
1302 351 1548 412 opusc.
1580 351 1648 409 v.
1687 382 1758 394 --
1785 351 2012 409 acres
2051 346 2615 411 MEDIOLANENStS.
3527 362 3599 415 ειο

317 490 457 532 rona
491 486 656 542 aurea
701 483 868 542 super
909 466 1126 542 mitram
1148 464 1286 534 ejus,
1318 481 1571 542 expressa
1601 466 1756 542 signo
1786 481 1906 542 διῃρ-
1941 477 1986 534 Α
2013 466 2491 542 vulgo__appellant,
2525 466 2695 542 tribus
2730 465 3033 542 distinctam
3063 477 3417 542 ornatamque
3443 485 3598 527 coro~

317 545 527 600 ctitatis
557 539 746 606 (Eccli.
773 535 922 608 iLv).
956 557 972 588 ι
1026 536 1158 590 Nam
1201 552 1325 592 cum
1377 535 1747 608 Sacerdotibus
1790 535 1909 590 aliis

317 616 402 668 uti
432 605 636 684 cydari,
664 626 757 684 seu
783 605 939 684 mitra
968 621 1285 684 concessum
1307 615 1448 684 esset
1473 622 1485 658 :
1511 605 1704 684 lamina
1732 613 1906 658 tamen

316 675 488 736 aurea
520 721 535 742 ,
585 689 643 732 ut
694 679 958 739 dicebam,
1001 676 1179 731 ornari
1229 683 1408 744 caput.
1451 675 1644 728 summi
1702 683 1909 728 tantum

314 751 594 822 pontificis
619 760 739 803 erat
765 748 1035 822 peculiare
1056 764 1080 822 _:
1113 748 1255 822 quod
1312 746 1485 798 mitrte
1526 753 1907 822 ornamentum

315 813 447 874 cum
473 819 643 873 tribus
681 813 859 871 aureis
887 816 1101 872 coronis
1131 813 1480 877 intexeretur,
1512 828 1707 867 corona
1744 813 1906 867 etiam

315 891 374 943 in
417 889 590 943 sacris
625 887 845 940 Litteris
868 886 992 954 jure
1030 886 1220 939 merito
1259 882 1700 954 appellatur-14).
1738 881 1910 938 Caete-

313 974 440 1013 rum
475 973 596 1012 cum
631 957 810 1010 omnia
840 952 952 1010 fere
984 955 1194 1009 Veteris
1224 955 1382 1023 Legis
1406 952 1724 1008 Pontificum
1749 968 1910 1006 orna-

315 1037 506 1082 menta
554 1042 659 1080 una
709 1041 831 1081 cum
876 1041 1087 1081 summo
1139 1023 1462 1084 sacerdotio,
1513 1024 1566 1077 in
1612 1023 1906 1077 Ecclesium

313 1097 623 1151 Romanam
646 1095 769 1163 jure
792 1096 995 1164 optimo
1023 1095 1281 1149 translata
1304 1093 1550 1164 fuerint,
1584 1093 1712 1164 illud
1743 1094 1904 1164 etiam

312 1168 458 1220 scitu
511 1161 729 1236 dignum
795 1161 1006 1219 videtur
1037 1205 1051 1228 ,
1103 1167 1244 1232 quod
1301 1162 1607 1236 Bonifacius
1662 1161 1902 1236 ejusdem

313 1230 594 1291 Ecclesiae
637 1244 785 1304 pont.
844 1251 983 1288 max.
1040 1230 1258 1305 (printer
1305 1235 1594 1305 salutarem
1655 1230 1902 1294 Jubihei,

311 1321 642 1374 sacramque
702 1306 1087 1358 institutionem
1149 1304 1444 1359 centesimo
1492 1317 1708 1372 quoque
1764 1317 1907 1354 anno

309 1376 719 1444 ceiebrandam)
745 1374 1048 1444 hujusmodi
1071 1375 1232 1428 etiam
1259 1374 1471 1437 tiaram,
1497 1387 1658 1442 quam
1681 1386 1904 1442 regnum

387 1483 464 1554 (ι)
505 1483 564 1536 S.
597 1482 820 1538 Petrum
853 1494 964 1538 tres
999 1483 1164 1537 etiam
1207 1482 1388 1554 claves
1430 1496 1594 1536 manu
1637 1489 1905 1536 tenentem

307 1551 483 1673 ΐξιὲεέε
507 1554 848 1623 designatum
871 1554 1234 1608 vetustissima
1265 1551 1422 1608 Urbis
1449 1560 1797 1606 monumenta
1822 1566 1908 1606 me

311 1639 330 1673 ι
352 1634 638 1678 ocuerunt.

2015 535 2420 606 nis’(5)ﬂ(cum
2463 537 2704 590 eamdem
2766 545 2921 590 antea
2982 538 3172 592 tiaram
3236 535 3342 594 una
3384 549 3598 597 tantum

2013 620 2210 682 corona
2264 607 2573 682 insignitum
2621 606 2737 673 ejus
2782 616 3149 682 antecessores
3188 609 3484 682 deferrent)
3533 612 3601 666 ad

2013 675 2324 744 pontificum
2350 675 2712 730 Romanorum
2745 691 2897 729 llSllllt
2929 677 3133 744 primus
3157 675 3475 735 revocavit.’
3499 682 3600 736 Hic

2013 753 2096 799 est
2141 744 2228 800 ille
2279 745 2512 800 Octavus
2560 745 2866 798 Bonifacius
2920 760 2986 800 ex
3037 748 3198 802 nobili
3265 765 3331 804 ac
3379 760 3596 806 vetusta

2013 813 2402 888 flajetanorum
2428 815 2646 878 familia,
2690 824 2853 888 patre
2879 814 3150 870 Livifredo
3183 820 3380 888 equite,
3419 831 3598 874 matre

2013 884 2304 956 Alevzintlri
2337 884 2402 938 IV
2430 894 2609 956 nepte,
2639 885 2948 956 progenitus
2976 903 2988 937 :
3029 889 3118 954 qui
3151 884 3244 956 (ιη’
3266 888 3407 942 inter
3457 890 3597 943 alios

2013 955 2318 1023 Antoninus
2353 955 2790 1023 archiepisc0pus
2824 955 3168 1011 Florentinus
3215 959 3498 1013 sanctitate
3531 973 3596 1012 ac

2013 1022 2608 1103 doetrinanconspicuus
2647 1022 2898 1091 testatur)
2931 1026 3212 1082 :emulator
3251 1044 3491 1103 magnus,
3539 1039 3594 1082 et

2007 1094 2208 1166 jurium
2253 1095 2506 1166 Ecclesiae
2545 1105 2911 1158 conservator,
2943 1105 3164 1164 propter
3202 1094 3594 1166 sedis—aposto-

2014 1163 2131 1216 lica:
2185 1165 2542 1230 patrocinium
2573 1203 2588 1225 ,
2644 1166 2902 1218 adversus
2944 1163 3171 1220 ditionis
3220 1181 3282 1221 ae
3326 1163 3590 1220 bonorum

2014 1232 2154 1305 illius
2189 1235 2499 1288 detentores
2526 1235 2708 1289 animo
2747 1234 3042 1289 fortissimo
3082 1246 3408 1305 susceptum,
3439 1245 3490 1291 et
3524 1237 3591 1289 ad

2012 1303 2173 1357 finem
2203 1313 2516 1357 constanter
2540 1307 2856 1372 perductum
2888 1307 3186 1361 innumeris
3211 1303 3594 1363 malevolorum

2013 1373 2298 1428 calumniis
2326 1389 2386 1427 se
2407 1373 2698 1429 obnoxium
2740 1375 2989 1430 reddidit.

2086 1485 2163 1556 (5)
2209 1487 2282 1541 De
2313 1486 2484 1558 tribus
2519 1487 2884 1542 Romanorum
2909 1488 3225 1558 pontiﬁcum
3261 1487 3478 1545 coronis
3514 1485 3591 1543 Μ.

2014 1555 2282 1610 Antenius
2310 1557 2642 1612 Mazatonius
2670 1555 3274 1627 libellumconscripsit.

321 1797 3572 1830 ______________.________________.___————-

959 1945 1206 2018 75""
1287 1966 2142 2084 OPUSCULUM
2227 1965 2938 2100 QUINTUM.

353 2188 610 2251 ACTUS
658 2187 1135 2262 MEDIOLANI,
1180 2187 1289 2248 DE
1328 2182 1800 2247 PRIVILEGIO
1840 2181 2209 2244 ROMAN/E
2253 2180 2680 2254 ECCLESUE,
2726 2183 2838 2243 AD
2881 2179 3517 2243 HILDEBRANDUM

1146 2287 1209 2348 S.
1256 2289 1330 2348 R.
1377 2287 1452 2346 Ε.
1495 2282 2024 2346 CARDINALEM
2065 2282 2765 2346 ARCHIDIACONUM.

1758 2476 2134 2495 Ψ

306 2614 704 2670 Aucuueurcu.
733 2644 806 2654 ——
831 2612 942 2667 lloc
977 2610 1294 2681 opusculum
1325 2609 1391 2666 de
1420 2608 1702 2681 privilegio
1742 2605 2303 2681 RomangehEcclesire
2347 2605 2666 2681 inscribitur
2709 2623 2722 2659 :

2766 2614 2852 2660 est
2891 2612 3071 2660 autem
3118 2604 3300 2660 brevis
3345 2609 3586 2662 narratio

377 2699 586 2744 eorum,
625 2699 744 2752 qua:
783 2683 882 2752 ipsi
925 2676 1268 2736 sanctissimo
1295 2676 1500 2752 doctori
1531 2681 1585 2752 in
1618 2676 1888 2752 legatione
1915 2676 2306 2752 Mediolanensi
2333 2677 2707 2752 contigerunt;
2743 2691 2866 2752 eum
2896 2676 3104 2730 scilicet
3126 2685 3317 2752 contra
3343 2678 3585 2752 ejusdem

376 2745 882 2810 Ecclesiae-clericos
911 2752 1202 2806 Nicolaitas
1222 2751 1427 2819 pariter
1451 2759 1506 2804 et
1531 2745 1898 2813 Simoniacos,
1922 2748 2130 2818 legatus
2156 2764 2184 2799 a
2213 2746 2344 2802 sede
2369 2745 2666 2816 apostolica
2705 2747 2928 2810 missus,
2951 2761 3059 2799 non
3083 2745 3262 2800 minus
3291 2745 3581 2814 castitatis,

375 2839 539 2895 quam
568 2823 829 2878 Romana:
865 2821 1117 2878 Ecclesiae
1142 2821 1266 2890 jura
1294 2819 1517 2908 tuenda,
1538 2819 1898 2894 suscepisset.

375 3006 606 3062 Domino
659 3003 1036 3058 “numnunc
1097 2997 1393 3056 venerabili
1462 2997 1844 3053 archidiacono
1871 3036 1887 3060 ,
1920 3002 1964 3062 B
1985 2995 2284 3066 judicarem
2305 3014 2319 3062 ;
2343 2996 2625 3061 divinitus,
2657 3003 2717 3048 ut
2751 3009 2895 3059 reor,
2943 3002 3120 3065 actum
3154 3003 3260 3060 est,
3289 3004 3350 3050 ut
3385 2994 3588 3052 Medio-

303 3099 522 3154 Pc'ruus
567 3104 826 3167 peccator
877 3093 1176 3149 monachus
1208 3131 1223 3156 .
1283 3091 1669 3146 sincerissima:
1727 3089 1889 3144 devo-

303 3186 467 3242 tionis
506 3182 776 3239 affectum.

371 3275 723 3344 Privilegium
756 3273 1013 3327 Romana:
1038 3270 1290 3327 Ecclesiae
1322 3277 1555 3340 quantas
1581 3268 1778 3324 habeat
1810 3267 1891 3321 vi-

302 3379 394 3422 res
435 3366 503 3420 ad
550 3364 869 3420 servandam
916 3362 1192 3417 canonica:
1250 3361 1522 3430 mquitatis
1568 3369 1622 3414 et
1663 3357 1891 3427 justitia:

301 3455 546 3526 regulam
577 3495 594 3520 ,
650 3461 1021 3524 quantumque
1081 3451 1318 3523 vigorem
1381 3452 1447 3504 ad
1501 3449 1889 3520 disponendam

302 3545 658 3602 ecclesiastici
698 3553 870 3600 status
903 3543 1178 3599 contineat
1213 3541 1570 3610 dist-iplinam,
1613 3539 1760 3594 solus
1804 3538 1892 3592 ille

298 3637 541 3692 dilucide
580 3634 1008 3704 comprehendit,
1051 3633 1144 3702 qui
1185 3630 1570 3687 ecclesiasticis
1613 3629 1895 3684 consuevit

305 3727 562 3783 insudare
611 3723 1081 3802 negotiisuguod
1123 3723 1310 3793 utique
1367 3721 1733 3792 privilegium,
1797 3719 1888 3788 qui

304 3819 619 3886 inexpertus
654 3825 755 3880 est,
783 3813 1144 3885 parvipcndit,
1175 3812 1504 3884 exercitatus
1528 3809 1889 3879 amplectitur.

304 3905 442 3972 Quia
477 3905 618 3959 sicut
648 3918 800 3957 arma
830 3917 936 3978 non
966 3909 1123 3975 curat
1149 3940 1164 3965 ,
1195 3900 1287 3968 qui
1328 3893 1600 3954 certamen
1643 3899 1889 3968 ignorat;

302 3998 386 4051 sic
409 4011 440 4050 e
461 3996 678 4050 diverso
707 3993 826 4048 telis
853 3973 1137 4046 initianter'
1155 3990 1478 4060 accingitur,
1501 3989 1590 4059 qui
1617 3991 1681 4042 ad
1707 4001 1893 4056 repor-

304 4091 501 4147 tandos
528 4105 597 4145 ex
626 4104 774 4143 more
799 4089 1153 4142 victoriarum
1185 4085 1368 4140 titulos
1391 4085 1680 4138 animatur.
1709 4081 1892 4136 Armis

303 4190 489 4238 autem
520 4181 861 4251 privilegium
897 4179 1155 4233 Romana;
1178 4175 1430 4232 Ecclesia:
1460 4190 1562 4229 non
1597 4176 1891 4244 incongrue

304 4273 759 4342 eomparaverim,
809 4273 935 4341 quia
965 4273 1090 4326 dum
1131 4271 1247 4326 haec
1278 4284 1383 4322 una
1431 4283 1530 4337 per
1574 4267 1888 4321 cathedram

1981 3089 2268 3178 llabnensem
2297 3089 2509 3168 urbem,
2540 3087 2840 3144 beatissimi
2865 3087 3071 3142 Nicolai
3115 3097 3270 3159 papas
3315 3089 3587 3158 legatione

1943 3167 2230 3244 "Fftinctus,
2261 3167 2490 3234 adirem.

2064 3270 2189 3324 Erat
2217 3269 2362 3324 enim
2394 3269 2537 3324 inter
2561 3268 2765 3324 clerum
2795 3276 2850 3324 et
2882 3267 3156 3338 populum,
3199 3277 3420 3339 propter
3445 3269 3587 3326 duas

1993 3363 2268 3429 haereses,
2328 3361 2692 3417 Simoniacam
2732 3361 3016 3426 videlicet,
3067 3369 3123 3415 et
3171 3359 3585 3426 Nicolaitarum,

1992 3456 2128 3510 satis
2163 3455 2466 3510 turbulenta
2511 3454 2726 3510 seditio.
2774 3453 3053 3508 Nicolaitae
3095 3463 3277 3508 autem
3325 3453 3586 3509 dicuntur

1992 3544 2198 3609 clerici,
2247 3544 2338 3613 qui
2386 3553 2579 3599 contra
2625 3543 2894 3599 castitatis
2932 3541 3313 3598 ecclesiasticae
3342 3544 3610 3614 regulam'

1994 3635 2213 3692 feminis
2256 3635 2645 3690 admiscentur.
2695 3634 2797 3701 Qui
2837 3634 2998 3702 plane
3048 3641 3177 3688 tunc
3221 3634 3616 3689 fornicatores

1994 3725 2170 3792 fiunt,
2215 3741 2337 3781 cum
2385 3726 2512 3782 Γωάί
2559 3725 2869 3780 commercii
2917 3724 3141 3795 c0pulas
3189 3724 3406 3791 ineunt;
3456 3734 3584 3779 tunc

1941 3855 1946 3859 -
1993 3819 2270 3877 Nicolaita:
2290 3819 2413 3890 jure
2434 3829 2698 3875 vocantur
2726 3833 2852 3874 cum
2876 3817 3017 3873 hanc
3041 3814 3345 3872 lethiferam
3374 3825 3592 3885 pestem.

1993 3909 2141 3964 velut
2188 3924 2253 3963 ex
2300 3909 2625 3962 auctoritate
2665 3905 2979 3962 defendunt.
3033 3902 3230 3958 Vitium
3281 3904 3478 3973 quippe
3523 3904 3590 3960 in.

1993 3909 2141 3964 velut
2188 3924 2253 3963 ex
2300 3909 2625 3962 auctoritate
2665 3905 2979 3962 defendunt.
3033 3902 3230 3958 Vitium
3281 3904 3478 3973 quippe
3523 3893 3655 4077 in]

1993 3998 2242 4054 haeresim
2268 3999 2524 4061 vertitur,
2558 4012 2681 4052 cum
2716 3995 2956 4066 perversi
2981 3995 3248 4066 dogmatis
3278 3994 3622 4077 assertione-

1993 4090 2260 4145 firmatur.
2311 4087 2686 4174 Quid-plura?
2717 4087 2874 4142 nobis
2897 4086 3058 4155 digna
3091 4085 3236 4140 sedis
3273 4072 3651 4154 apostolicae?

1991 4161 2628 4258 venerationereceptis,
2658 4195 2721 4235 ac
2749 4180 3000 4250 negotiis,
3039 4195 3159 4249 qua:
3201 4194 3300 4233 nos
3341 4187 3578 4234 attraxe—

1993 4281 2138 4338 rant,
2173 4273 2452 4339 inlimatis,
2478 4281 2600 4341 post
2629 4271 2774 4326 diem
2805 4271 3032 4324 alterum
3077 4269 3312 4325 factione
3358 4269 3579 4323 clerico-

301 4362 450 4418 bcati
473 4359 620 4416 Petri
660 4361 822 4416 totius
857 4362 1175 4417 Christiana:
1196 4359 1474 4430 religionis
1495 4368 1657 4427 caput
1677 4357 1887 4423 efl‘ccla.
1917 4357 1961 4418 C
1995 4380 2113 4418 rum
2135 4371 2357 4433 repente
2385 4363 2436 4416 in
2465 4362 2661 4432 popqu
2689 4375 2934 4415 murmur
2958 4361 3225 4422 exoritur,
3247 4373 3354 4412 non
3377 4359 3578 4412 debere

303 4453 514 4509 ametis
537 4452 590 4507 in
615 4453 747 4508 orbe
775 4463 1043 4507 terrarum
1069 4449 1715 4542 principetu‘r;Ecclesiis,
1739 4449 1890 4503 velut

1989 4453 2400 4510 Ambrosianum
2431 4451 2725 4508 Ecclesiam
2751 4448 3010 4504 Romanis
3034 4447 3241 4519 legibus
3267 4445 3585 4514 subjacere,

307 4545 415 4598 dux
449 4553 574 4597 ante
605 4545 780 4598 aciem
827 4543 1062 4597 fidelium
1338 4523 1490 4604 fulta,
1534 4554 1597 4594 ac
1642 4537 1950 4626 specialis};
1990 4545 2302 4614 nullumque
2340 4544 2657 4612 iudicandi,
2704 4541 2789 4597 vel
2831 4540 3144 4610 disponendi
3189 4539 3280 4609 jus
3326 4537 3587 4592 Romano

304 4633 677 4704 praerogativa}
704 4633 1030 4688 auctoritate
1057 4617 1284 4696 munita,
1316 4639 1371 4686 et
1402 4629 1724 4701 Evangelico
1767 4617 1888 4683 nm;

307 4742 474 4783 crone
492 4728 708 4782 veritati
738 4727 1102 4810 resistentium
1125 4725 1364 4780 cervices
1393 4723 1701 4788 obtruncat,
1731 4730 1786 4778 et
1821 4722 1889 4776 ad

310 4820 659 4875 invictissime
687 4803 1047 4875 dimicandum
1092 4829 1257 4872 totam
1301 4818 1498 4872 Christi
1545 4816 1791 4872 mihtiam
1832 4816 1888 4870 in

308 4910 469 4968 unius
503 4912 802 4975 charitatis,
829 4926 894 4965 ac
922 4910 1043 4965 fidei
1073 4911 1426 4964 unanimitate
1445 4909 1738 4976 conspirat.
1778 4905 1892 4961 Hoc

312 5011 367 5056 tu
393 5003 685 5068 Subtiliter,
714 5011 772 5056 ut
795 5011 854 5058 et
873 5002 977 5058 alia
1005 5001 1168 5055 multa
1193 5001 1544 5069 perpendens,
1578 4998 1892 5067 frequenter

307 5108 338 5145 a
373 5078 461 5148 me
495 5094 780 5154 charitate,
825 5108 945 5162 qua:
971 5101 1190 5161 superat
1233 5091 1436 5154 omnia,
1479 5089 1799 5159 postulasti;
1833 5099 1891 5143 ut

309 5182 676 5238 Romanorum
718 5184 1031 5252 pontificum
1069 5183 1317 5240 decreta,
1358 5179 1441 5233 vel
1481 5187 1631 5249 gesta
1669 5173 1890 5249 percur-

309 5287 458 5338 rens,
489 5272 751 5341 quidqutd
788 5271 1095 5341 apostolica:
1124 5271 1286 5359 sedis"
1300 5269 1606 5347 auctoritati
1643 5269 1890 5350 speciali-

309 5372 394 5420 ter
415 5373 727 5434 competere
753 5366 1046 5425 videretur,
1074 5363 1200 5450 hiuc
1235 5363 1359 5444 inde
1397 5362 1643 5416 curiosus
1673 5377 1892 5416 exsecr-

306 5469 516 5524 perem,
565 5463 727 5523 atque
784 5455 836 5508 in
888 5455 1040 5524 parvi
1092 5455 1384 5508 voluminis
1427 5455 1680 5508 unionem
1738 5469 1891 5509 nova:

306 5546 716 5640 compilationis)
733 5545 1203 5638 Sigeuconﬂarem.
1241 5546 1390 5601 Hanc
1415 5547 1594 5616 itaque
1622 5556 1727 5602 tute
1755 5548 1890 5617 peti-

307 5638 472 5692 ti0uis
502 5619 966 5723 ἱίεῇέῐίῖἱξῇιὲἱιηι
990 5653 1090 5707 ego
1119 5639 1394 5710 negligens
1419 5638 1885 5710 floccipenderem,

1990 4639 2228 4706 pontifici
2273 4638 2326 4692 in
2369 4638 2458 4690 illa
2505 4636 2632 4690 sede
2679 4643 3006 4705 competere.
3049 4632 3222 4687 Nimis
3272 4632 3575 4702 indignum,

1991 4729 2260 4797 inquiunt,
2291 4737 2349 4782 ut
2379 4742 2498 4797 qua:
2531 4729 2630 4782 sub
2659 4726 3090 4798 progenitoribus
3121 4725 3319 4780 nostris
3355 4740 3576 4794 semper

1989 4819 2200 4872 exstitit
2249 4818 2434 4884 libera,
2479 4819 2547 4872 ad
2601 4826 2798 4873 nostra:
2844 4817 3176 4873 confusionis
3221 4817 3584 4885 opprobrium.

1990 4926 2133 4966 nunc
2162 4911 2504 4980 alteri,quod
2537 4910 2700 4975 absit,
2748 4908 3002 4964 Ecclesiae
3046 4908 3117 4960 sit
3158 4905 3416 4974 subjecta.
3461 4906 3582 4960 Ροκ

1990 5013 2190 5059 stremo
2222 5003 2658 5059 tumultuantium
2685 5002 2889 5056 clamor
2913 4999 3194 5064 attollitur,
3235 5012 3300 5052 ex
3341 4998 3588 5053 diversis.

1965 5096 2235 5165 partibus
2281 5097 2348 5148 ad
2395 5092 2704 5176 episcopale
2751 5091 3005 5176 palatium
3045 5089 3412 5164 convenitur:
3445 5088 3578 5146 dcitt

1992 5164 2345 5242 tintinnabula
2389 5169 2730 5256 perstrepunt
2759 5224 2774 5246 ,
2817 5164 3148 5254 praegrandis
3198 5198 3352 5239 terea:
3405 5184 3566 5250 tubm,

1989 5292 2109 5347 quae
2135 5277 2240 5333 illic
2267 5285 2370 5342 est,
2403 5284 2511 5330 tota
2550 5275 2740 5330 civitas
2766 5273 3109 5343 clangoribus
3138 5274 3432 5328 intonatur.
3477 5273 3566 5327 ln-

1990 5374 2271 5429 tentabant
2309 5372 2463 5436 mihi,
2505 5381 2563 5425 ut
2591 5371 2663 5425 ita
2698 5369 2908 5439 loquar,
2940 5368 3122 5422 omnia
3155 5378 3405 5431 mortem,
3427 5375 3481 5421 et
3509 5372 3571 5420 ut

1989 5463 2058 5518 ab
2082 5464 2272 5518 amicis
2313 5463 2448 5518 meis
2471 5460 2602 5516 mihi
2633 5475 2773 5546 saepe
2818 5469 3126 5538 suggestum
3171 5467 3276 5522 est,
3323 5457 3562 5513 nonnulli

1989 5567 2167 5608 meum
2222 5552 2534 5622 sanguinem
2575 5543 2846 5606 sitiebant.
2893 5550 3141 5620 Augebat
3185 5559 3363 5603 autem
3407 5549 3566 5619 hujus

1991 5643 2131 5715 ignis
2156 5642 2461 5700 incendium
2511 5642 2615 5698 hoc
2660 5641 3011 5711 permaxime,
3058 5641 3185 5711 quia
3228 5639 3564 5711 congregatis

307 5712 587 5806 magisque
625 5712 992 5799 superstitioni
1035 5745 1197 5801 quam
1247 5731 1556 5796 necessitati
1600 5737 1884 5792 obtuixiam
1919 5712 1966 5774 θ
1993 5712 2142 5804 quasi
2173 5737 2238 5792 ad
2263 5732 2526 5806 synodum
2560 5733 2723 5789 totius
2753 5732 3123 5788 Ambrosiana:
3149 5731 3416 5801 parochize
3449 5729 3559 5784 cle-
