4080 5346
508 213 569 269 91
752 244 756 248 -
939 210 996 265 8.
1039 207 1241 262 PETRl
1284 202 1568 260 DAMIANI
1606 204 1758 263 OPP.
1801 205 2040 265 TOMUS
2080 176 2211 262 SEU
2252 200 2430 258 PARS
2470 199 2555 257 111.
2595 231 2666 246 --
2705 200 3071 260 OPUSCULA
3111 200 3341 258 VARIA.
3706 200 3776 255 92

509 318 661 387 ricis,
689 332 790 390 ego
818 316 871 371 in
900 315 1078 371 medio
1103 316 1371 380 residens,
1419 313 1534 370 sive
1570 317 1750 384 potius
1776 316 2093 385 pr.esidens,
2124 322 2169 379 Α
2199 314 2470 380 ctoritate,
2502 315 2768 385 baptisma
2795 330 2825 369 a
2853 314 2988 371 Lino
3017 312 3134 383 ejus
3157 325 3474 370 successore
3495 315 3737 384 suscepit
3761 331 3777 366 :

509 409 1020 467 reverendissimum
1058 405 1509 461 Mediolancnsem
1540 406 2004 478 archiepiscopum
2030 408 2100 464 ad

510 505 823 568 sinistram;
861 501 1147 573 prudentia
1175 515 1409 571 quoque,
1449 516 1514 555 ac
1551 500 1840 558 sanctitate
1878 503 2098 573 ωηερε-

510 608 670 650 cuum
701 591 1016 648 Anselmum
1035 589 1331 645 Lucensem
1354 589 1663 660 episcopum
1689 591 1935 658 posuisse
1964 591 2099 647 mihi

496 684 810 740 accusabar
828 684 894 737 ad
914 683 1208 737 dexteram.
1228 679 1375 737 Hinc.
1392 696 1557 751 porro
1576 691 1772 752 quanta
1797 698 1828 736 a
1849 682 2097 738 frementi

514 774 624 845 77
650 773 847 844 popqu
874 774 979 828 dici
1008 773 1321 842 potuerint,
1359 789 1465 828 non
1501 789 1726 831 necesse
1750 782 1832 830 est
1855 776 2099 846 apicibus

520 864 693 930 tradi,
725 866 870 934 quod
921 865 1176 919 nimirum
1206 879 1302 934 per
1354 880 1413 920 se
1460 866 1602 922 valet
1641 867 1888 937 intelligi.
1922 868 1986 923 Et
2009 884 2097 924 re-

513 969 645 1011 vera
691 955 807 1024 ipse
843 954 1095 1010 dominus
1142 954 1759 1049 archiepiscostme
1796 965 1855 1011 ut
1899 967 2101 1012 nostrae

511 1054 597 1102 est
623 1047 997 1129 pnesessionis
1037 1047 1346 1135 admonitus
1368 1089 1381 1110 .
1427 1026 1923 1135 limpié‘éﬁpgjuplit,
1955 1052 2098 1109 ultro

512 1138 701 1201 etiam,
726 1124 789 1190 ut
812 1137 856 1192 si
886 1151 986 1208 ego
1009 1120 1357 1207 prti‘ciperem
1376 1178 1390 1201 .
1426 1138 1478 1193 in
1510 1120 1803 1206 Eaabello;
1825 1142 1967 1210 quod
2001 1157 2100 1198 no-

513 1225 644 1281 stris
671 1226 891 1300 suberat
927 1226 1187 1296 pedibus,
1240 1226 1360 1283 sine
1403 1231 1773 1285 controversia
1815 1232 2095 1288 resideret.

512 1313 707 1368 Dicant
732 1315 785 1368 id
819 1330 923 1368 nou
948 1316 1176 1382 simplici
1207 1315 1406 1371 factum
1431 1314 1751 1381 intentione,
1772 1321 1860 1390 qui
1882 1321 2094 1389 volunt;

515 1416 617 1457 nos
638 1411 952 1459 autemnon
983 1405 1086 1459 hoc
1117 1405 1404 1461 irritatioui
1431 1408 1610 1477 populi
1642 1410 1889 1476 zelautis,
1913 1419 1971 1465 ut
2001 1411 2100 1467 fer-

514 1501 627 1558 tur,
677 1493 1060 1563 adscribimus,
1105 1498 1199 1552 sed
1253 1498 1561 1568 apostolica;
1593 1500 1736 1568 sedis
1783 1504 2100 1558 reverentia:

514 1501 627 1558 tur,
677 1500 1060 1563 adscribimus,
1105 1500 1199 1552 sed
1253 1500 1571 1601 apostolicae
1593 1500 1765 1646 quia
1783 1504 2095 1558 reverentia:

514 1583 853 1654 deputamus.
907 1585 979 1641 Ut
1043 1597 1223 1642 autem
1277 1590 1344 1643 ad
1409 1564 1685 1659 codi’peud'
1768 1608 1784 1644 ι
1861 1594 2095 1658 veniam,

2201 406 2294 478 qui
2337 406 2679 477 postmodum
2720 420 2842 460 cum
2884 407 2944 461 Β.
2983 406 3139 463 Celso
3184 406 3238 461 in
3280 406 3384 461 hac
3428 416 3616 461 sancta
3645 407 3780 462 urbe

2200 495 2463 567 martyrio
2490 502 2784 549 coronatus
2813 504 2916 550 est.
2957 495 3140 552 Sancti
3169 510 3298 551 vero
3331 503 3597 567 martyres
3640 494 3778 550 Pro-

2200 586 2369 641 tasius
2404 594 2566 655 atque
2604 584 2895 641 Gervasius
2957 586 3173 641 beatum
3209 585 3433 640 Paulum
3473 586 3778 654 apostolum

2199 675 2520 745 magistrum
2570 690 2635 729 ac
2682 682 3065 744 praeceptorem
3116 668 3373 731 habuisse
3435 683 3776 741 noscuntur;

2199 767 2341 821 sicut
2366 764 2427 818 B.
2466 764 2754 820 Ambrosio
2780 773 2834 819 et
2865 765 2980 834 ipse
3009 772 3240 819 testatur
3279 782 3292 819 :
3342 762 3458 834 78
3480 762 3573 818 Isti
3625 771 3776 827 sunt,

2199 856 2397 926 inquit,
2425 857 2517 926 qui
2545 856 2747 912 monita
2782 871 2897 911 mea
2930 857 3099 912 secuti
3127 867 3446 926 respuentes
3471 855 3695 927 praedia,
3723 864 3781 911 et

2199 947 2417 1002 divitias
2440 948 2610 1004 secuti
2634 955 2760 1003 sunt
2783 948 2997 1003 Domini
3016 946 3188 1003 nostri
3206 947 3449 1018 vestigia.
3476 946 3631 1003 Sicut
3649 958 3781 1019 ergo

2202 1038 2451 1095 Salvator
2476 1049 2662 1095 noster
2701 1040 2859 1096 binos
2887 1049 3014 1096 ante
3060 1041 3252 1096 faciem
3293 1056 3448 1097 suam
3487 1040 3780 1112 discipulos

2199 1129 2350 1184 misit
2381 1128 2534 1200 (Luc.
2565 1130 2715 1199 xrx);
2765 1131 2838 1185 ita
2869 1130 3266 1202 quodammOdo
3296 1139 3528 1202 uterque
3557 1142 3781 1188 sanctus
3846 1152 3851 1155 ’

2200 1219 2477 1290 apostolus
2505 1235 2572 1275 ex
2600 1221 2915 1292 magisterio
2942 1238 3040 1277 suo
3066 1223 3119 1276 in
3144 1223 3285 1277 hanc
3304 1224 3493 1278 urbem
3518 1224 3778 1293 praedica-

2203 1321 2581 1369 tores'sanctze
2610 1313 2733 1368 ﬁdei
2762 1315 3008 1384 geminos
3037 1316 3348 1371 destinavit.

2271 1405 2406 1460 Cum
2456 1420 2587 1478 ergo
2639 1417 2835 1462 vestra:
2882 1408 3073 1464 salutis
3122 1418 3373 1467 auctores
3414 1426 3481 1466 ex
3525 1411 3785 1466 Romanae

2200 1495 2458 1551 Ecclesia:
2485 1497 2784 1567 prodierint
2809 1498 3114 1568 disciplina,
3137 1515 3475 1569 consequens
3497 1511 3602 1566 esl,
3622 1499 3781 1568 juxta

2201 1590 2477 1659 tequitatis
2511 1590 2780 1654 ordinem,
2813 1601 2870 1645 ut
2899 1590 3143 1646 Ecclesia
3166 1591 3409 1646 Romana
3437 1601 3612 1647 mater
3654 1591 3788 1646 Am-

512 1676 731 1731 ascendi
782 1676 1066 1747 pulpitum,
1094 1694 1181 1744 ac,
1205 1679 1394 1734 sedato
1421 1681 1509 1734 vix
1541 1680 1762 1751 populo,
1790 1680 2100 1751 hujusmodi
2134 1685 2176 1743 Β
2207 1679 2454 1732 brosiana
2483 1679 2554 1732 sit
2585 1678 2715 1732 lilia.
2744 1677 2812 1733 Ut
2837 1688 3018 1733 autem
3040 1678 3131 1733 hic
3154 1679 3446 1734 ordointer
3477 1688 3785 1748 utramque,

517 1780 641 1821 sum
679 1768 861 1823 verbis
889 1782 1139 1824 exorsus.

1209 1873 1385 1915 SERIO

590 1944 813 2002 Noverit
845 1947 1087 2004 cbaritas
1111 1958 1322 2013 vestra,
1356 1949 1731 2014 dilectissimi,
1760 1966 1867 2005 non
1892 1967 1977 2006 me
2007 1966 2105 2021 pro

519 2034 779 2090 Romana:
804 2036 1061 2092 Ecclesia:
1094 2037 1202 2093 huc
1241 2038 1446 2094 honore
1474 2039 1709 2104 venisse,
1742 2040 1837 2095 sed
1868 2051 2105 2095 vestram

519 2127 748 2198 gloriam
772 2143 1037 2199 quaerere,
1066 2131 1220 2186 vobis
1266 2130 1493 2186 salutem
1531 2141 1585 2186 et
1620 2132 1872 2202 gratiam,
1901 2148 2020 2204 qua:
2051 2134 2103 2188 in

516 2215 737 2272 Christo
768 2226 873 2281 est,
917 2234 1038 2272 cum
1066 2218 1186 2289 ejus
1215 2220 1438 2286 auxilio,
1465 2221 1509 2275 si
1543 2222 1877 2290 permittitis,
1920 2222 2105 2290 provi-

2203 1767 2622 1824 Amhrosianam
2677 1767 2930 1824 videlicet
2966 1777 3023 1825 et
3059 1769 3413 1838 apostolicam
3455 1769 3637 1824 sedem
3678 1785 3785 1824 non

2205 1860 2419 1915 noviter
2442 1860 2600 1926 oriri,
2626 1861 2720 1916 sed
2752 1862 3058 1930 antiquitus
3085 1861 3324 1915 tenuisse
3348 1877 3456 1916 non
3484 1860 3789 1926 dubitetur,

2203 1950 2267 2005 Β.
2316 1951 2637 2006 Ambrosius
2687 1966 2809 2007 cum
2854 1952 2996 2006 hanc
3044 1949 3432 2006 Nicolaitarum
3473 1951 3688 2007 sordem
3719 1949 3790 2005 ad

2206 2041 2502 2096 multorum
2548 2039 2742 2096 foetere
2788 2041 3083 2111 perniciem
3128 2042 3181 2096 in
3231 2043 3334 2097 hac
3375 2042 3511 2097 urbe
3547 2041 3788 2103 doleret.

2206 2146 2435 2200 eamque
2461 2146 2557 2201 per
2579 2145 2636 2186 se
2666 2130 2813 2186 solus
2840 2146 3094 2186 coercere
3122 2147 3227 2187 non
3251 2140 3455 2202 posset,
3484 2132 3630 2188 sedis
3648 2133 3793 2201 Apo-

2207 2221 2413 2277 stolicae
2444 2237 2570 2277 mox
2602 2221 2848 2292 quaesivit
2880 2221 3174 2285 auxilium;
3204 2222 3291 2277 cui
3313 2223 3566 2278 videlicet
3595 2222 3661 2286 is,
3696 2223 3794 2292 qui

516 2306 668 2362 dere.
702 2306 818 2374 Quo
859 2308 1001 2363 enim
1029 2318 1188 2379 pacto
1222 2310 1429 2399 honore
1464 2311 1902 2395 indigetfpattguli
1935 2312 2340 2399 homjlgrtunc
2370 2320 2625 2382 praeerat,
2651 2327 2786 2381 papa
2812 2310 3042 2366 Siricius
3071 2320 3181 2366 tres
3204 2325 3484 2381 personas,
3517 2311 3816 2382 presbyte-'

517 2398 626 2463 nis,
654 2413 776 2467 qua:
803 2397 990 2454 laudes
1030 2408 1196 2469 atque
1241 2390 1520 2470 praeconia
1547 2390 1623 2476 ex"
1661 2390 1831 2471 ipsius
1857 2390 2117 2487 ore’so‘i‘f
2208 2414 2351 2464 rum,
2385 2400 2697 2466 diaconum,
2727 2408 2782 2455 et
2834 2400 3224 2455 subdiaconum
3250 2439 3265 2466 ,
3300 2399 3365 2453 ad
3396 2400 3791 2455 correctionem

519 2486 623 2541 tita
655 2496 738 2542 est
766 2486 1110 2543 Salvatoris?
1146 2488 1276 2555 Quae
1297 2498 1477 2545 autem
1503 2492 1780 2560 provincia
1809 2507 1908 2562 per
1926 2494 2108 2555 omnia

520 2591 687 2647 regna
714 2586 981 2633 terrarum
1015 2579 1083 2633 ab
1110 2579 1228 2648 ejus
1264 2579 1470 2634 ditione
1511 2589 1768 2636 extranea
1815 2582 2106 2652 reperitur,

519 2666 677 2741 cujus
712 2671 939 2725 arbitrio
993 2672 1169 2740 ipsum
1218 2687 1433 2741 quoque
1477 2673 1674 2726 coelum
1719 2681 1771 2727 et
1814 2673 2012 2744 ligatur
2052 2680 2107 2729 et

520 2761 785 2816 solvitur?
814 2761 1016 2818 Omnes
1055 2772 1236 2818 autem
1283 2764 1396 2841 sive
1427 2764 1780 2834 patriarchivi
1822 2765 2110 2834 cujuslibet

520 2852 755 2923 apicem,
807 2852 922 2908 sive
967 2853 1334 2925 metmpoleon
1383 2856 1667 2924 primatus,
1699 2865 1792 2911 aut
1832 2859 2110 2928 episcopa-

520 2951 672 2996 tuum
727 2942 1042 3010 cathedras,
1093 2942 1175 2999 vel
1205 2943 1569 2999 Ecclesiarum
1601 2944 1971 3016 cujuscunque
2017 2962 2110 3001 or-

2207 2489 2501 2545 ulciscendi
2536 2489 2695 2560 hujus
2728 2489 2952 2544 sceleris
3002 2490 3313 2545 destinavit.
3343 2489 3477 2545 Cum
3502 2490 3585 2545 his
3609 2489 3793 2558 itaque

2207 2580 2556 2636 beatissimus
2605 2580 2879 2650 pontifex,
2932 2596 3069 2650 quos
3114 2581 3388 2651 corrigere
3438 2596 3544 2635 non
3594 2583 3791 2652 potuit,

2208 2665 2356 2724 velut
2384 2679 2681 2723 scatentem
2730 2668 3005 2723 vermibus
3046 2671 3315 2724 sentinam
3356 2684 3425 2724 ex
3457 2670 3607 2725 urbis
3634 2670 3796 2741 hujus

2210 2773 2408 2827 sagena
2439 2757 2692 2829 proiecit.
2725 2759 2879 2815 Unde
2912 2770 2967 2815 et
3008 2761 3120 2831 ipse
3152 2759 3211 2815 S.
3242 2760 3565 2817 Ambrosius
3595 2762 3647 2816 in
3678 2776 3800 2815 om-

2211 2849 2369 2906 nibus
2396 2850 2552 2920 sequi
2592 2865 2650 2905 se
2692 2852 3008 2921 magistram
3052 2859 3297 2906 sanctam
3344 2850 3643 2906 Romanam
3671 2866 3798 2921 pro-

2211 2940 2397 2997 ﬁtetur
2426 2941 2745 2997 Ecclesiam.
2781 2940 3113 2999 Scrutamini
3144 2943 3329 3013 itaque
3358 2942 3668 3013 Scripturas
3703 2958 3796 2997 ve-

520 3033 663 3088 dinis
699 3034 1039 3105 dignitatem,
1077 3035 1190 3090 sive
1222 3051 1339 3103 rex,
1373 3036 1487 3091 sive
1521 3037 1837 3107 imperator,
1869 3039 1983 3093 sive
2011 3053 2104 3093 cu-
2131 3027 2176 3089 C
2208 3040 2370 3097 stras,
2413 3039 2469 3087 et
2494 3045 2593 3103 per
2624 3033 2768 3103 quod
2802 3032 2965 3089 vultis
3014 3033 3301 3104 diligenter
3326 3033 3613 3103 inquirite;
3660 3040 3716 3087 et
3749 3032 3796 3087 si

516 3121 744 3192 juslibet
790 3125 1121 3180 conditionis
1166 3127 1329 3182 homo
1358 3143 1526 3196 purus
1572 3128 1823 3192 instituit,
1850 3137 1899 3182 et
1944 3138 2106 3197 prout

521 3211 793 3277 voluntas,
817 3221 911 3267 aut
936 3212 1169 3269 facultas
1191 3223 1329 3280 erat,
1360 3216 1675 3285 specialium
1706 3217 1805 3272 sibi
1836 3231 2107 3286 praeroga-

520 3298 752 3357 tivarum
786 3302 909 3372 jura
940 3304 1174 3372 praefixit
1210 3323 1224 3359 :
1260 3305 1557 3359 Romanam
1587 3315 1767 3361 autem
1806 3306 2103 3361 Ecclesiam

522 3389 671 3446 solus
696 3391 812 3460 ipse
848 3389 1117 3458 fundavit,
1150 3406 1312 3462 super
1340 3402 1549 3462 petram
1578 3392 1701 3448 fidei
1732 3410 1855 3448 mox
1886 3409 2109 3449 nascen-

513 3484 596 3539 tis
624 3482 797 3538 erexit
827 3481 1041 3555 (Matth.
1083 3484 1217 3553 xvi),
1263 3484 1354 3553 qui
1387 3483 1545 3540 beato
1587 3485 1706 3540 vitae
1742 3495 1960 3540 mternac
1989 3486 2108 3541 Cla-

525 3574 710 3644 vigero
758 3576 959 3629 terreni
992 3574 1152 3629 simul
1195 3584 1249 3629 et
1289 3575 1527 3631 calestis
1555 3577 1763 3645 imperii
1794 3578 2108 3646 jura‘com-

521 3666 693 3720 misit.
745 3664 861 3720 Non
908 3662 1039 3736 ergo
1087 3665 1341 3735 quaelibet
1393 3674 1604 3721 terrena
1658 3669 1964 3733 sententia,
2016 3667 2159 3723 sed‘

522 3755 653 3811 illud
682 3754 931 3820 verbum,
959 3771 1067 3824 quo
1089 3750 1571 3810 constructum'est
1590 3756 1809 3820 coelum,
1839 3764 1891 3811 et
1921 3766 2065 3812 terra
2091 3773 2113 3810 ε.

522 3858 622 3914 per
653 3844 794 3913 quod
821 3843 1055 3913 denique
1082 3844 1264 3897 omnia
1291 3842 1508 3899 condita
1533 3855 1661 3899 sunt
1687 3843 1972 3909 elementa,
2000 3845 2109 3901 Ro-

524 3950 742 3990 manam
792 3934 1037 3990 fundavit
1086 3934 1403 3990 Ecclesiam.
1455 3934 1602 3990 Illius
1651 3946 1800 3992 certe
1827 3932 2113 4009 privilegio

523 4022 789 4096 fungitur,
837 4024 981 4080 illius
1028 4025 1356 4080 auctoritate
1392 4022 1633 4080 fulcitur.
1684 4024 1838 4082 Unde
1867 4043 1975 4082 non
2011 4028 2112 4082 du-

519 4116 693 4183 bium,
723 4115 851 4188 quia
877 4116 1123 4186 quisquis
1161 4115 1383 4172 cuilibet
1421 4116 1674 4173 Ecclesia:
1721 4118 1809 4188 jus
1838 4130 1995 4181 suum
2019 4118 2114 4173 de-

524 4210 712 4274 trahit,
741 4206 1060 4278 injustitiam
1089 4208 1221 4262 facit
1249 4228 1262 4262 :
1295 4209 1387 4279 qui
1415 4194 1593 4264 autem
1631 4194 1891 4265 Romanae
1928 4209 2113 4265 Eccle-

523 4301 619 4356 siae
660 4301 998 4371 privilegium
1039 4299 1106 4355 ab
1146 4301 1262 4369 ipso
1301 4315 1514 4355 summo
1558 4301 1799 4354 omnium
1845 4300 2115 4355 Ecclesia-

2209 3139 2319 3178 non
2357 3124 2586 3192 potestis
2613 3124 2752 3193 apud
2790 3126 3146 3196 vosmetipsos
3176 3125 3427 3180 invenire
3447 3126 3587 3194 quod
3615 3124 3804 3193 Ιθίιιιί-Δ

2208 3226 2349 3278 mur,
2403 3214 2671 3268 mendacii
2708 3215 2969 3283 arguite:
3020 3215 3065 3268 si
3115 3225 3297 3267 autem
3344 3215 3590 3282 potestis,
3632 3215 3800 3270 nolite

2209 3303 2424 3357 veritati
2467 3304 2746 3369 resistere,
2784 3303 2950 3358 nolite
2982 3311 3211 3357 matrem
3242 3311 3476 3357 vestram
3503 3303 3801 3360 crudeliter

2210 3392 2548 3462 impugnare,
2598 3392 2692 3447 sed
2731 3407 2797 3448 ex
2827 3391 2981 3460 cujus
3012 3391 3271 3446 uberibus
3295 3391 3376 3446 lac
3404 3392 3629 3447 suxistis
3669 3408 3800 3463 apo-
3844 3428 3854 3433 ο

2213 3482 2419 3538 stolicae
2467 3482 2612 3546 fidei,
2655 3482 2771 3553 ejus
2800 3498 3016 3553 semper
3040 3482 3269 3553 gaudete
3309 3480 3495 3537 solidis
3536 3482 3800 3539 doctrina:

2210 3573 2447 3629 caelestis
2476 3574 2703 3642 dapibus
2723 3573 2983 3628 recreari.

2501 3661 2771 3728 Quantum
2819 3661 3073 3732 profuerit
3110 3662 3243 3716 ratio
3284 3662 3509 3716 reddita.

2284 3753 2380 3809 llis
2420 3754 2605 3823 itaque
2646 3753 2948 3808 rationibus
2976 3753 3043 3808 de
3070 3752 3426 3823 prmrogativa
3486 3760 3543 3807 et
3598 3752 3798 3822 princii-

2210 3852 2341 3912 patu
2363 3843 2509 3897 sedis
2530 3842 2841 3912 apostolica:
2865 3842 3111 3907 redditis,
3141 3842 3367 3913 populus
3387 3841 3605 3897 omnino
3633 3842 3797 3896 bene-

2214 3933 2367 3989 volus
2398 3934 2667 3999 redditur,
2697 3942 2753 3989 et
2779 3942 3162 4010 exsecuturum
3199 3948 3288 3999 se,
3315 3933 3575 4004 quidquid
3613 3933 3797 4003 injun-

2215 4040 2425 4097 gerem,
2454 4008 3112 4096 unanimiter'pollicettir.
3139 4025 3289 4079 Tunc
3316 4025 3568 4078 nimirum
3593 4023 3796 4093 liquido

2190 4117 2458 4185 ‘persensi
2482 4156 2497 4181 ,
2530 4117 2581 4170 in
2611 4117 2995 4172 ecclesiasticis
3030 4116 3209 4172 causis
3245 4126 3507 4187 quantum
3538 4116 3796 4171 Romamn

2214 4210 2472 4265 Ecclesiae
2522 4225 2683 4265 nosse
2722 4210 3064 4280 privilegium
3119 4210 3349 4295 valeat;
3381 4222 3649 4293 qpamque
3694 4209 3798 4263 hoc

2218 4310 2405 4354 sancta
2440 4310 2528 4355 tua
2557 4300 2846 4370 prudentia
2875 4316 2979 4355 non
3012 4301 3187 4356 Otiose
3212 4302 3485 4369 deposcat.
3515 4299 3668 4366 Quod
3693 4299 3799 4353 uti~

523 4367 881 4459 rum—capite—
924 4367 1180 4444 traditum
1224 4389 1444 4444 auferre
1496 4400 1744 4452 conatur,
1783 4388 1872 4444 hic
1924 4390 2111 4459 procul
2145 4367 2344 4458 une,
2372 4388 2487 4443 Deo
2532 4367 2823 4451 annuente.
2875 4391 3100 4460 implere
3147 4367 3504 4456 studebimus,
3539 4388 3584 4443 si
3617 4396 3796 4442 tamen

523 4479 688 4535 dubio
734 4478 786 4534 in
815 4479 1065 4534 haeresim
1096 4478 1299 4534 labitur
1338 4496 1353 4534 :
1391 4486 1448 4533 et
1482 4494 1606 4534 cum
1650 4478 1739 4534 ille
1767 4487 1986 4533 notetur
2032 4478 2113 4533 in-

519 4568 736 4640 justus;
784 4569 876 4626 hic
920 4579 1005 4626 est
1050 4569 1314 4625 dicendus
1338 4570 1645 4626 hrereticus.
1691 4569 1878 4625 Fidem
1914 4570 2110 4640 quippe

522 4660 712 4724 violat,
742 4661 836 4731 qui
861 4661 1122 4716 adversus
1147 4659 1290 4714 illam
1319 4661 1453 4730 agit,
1483 4674 1604 4729 qua:
1635 4667 1808 4713 mater
1835 4668 1917 4714 est
1947 4658 2102 4725 fidei;

525 4758 584 4804 et
613 4750 687 4804 illi
710 4759 1001 4806 contumax
1032 4750 1326 4815 invenitur,
1353 4750 1445 4822 qui
1469 4764 1590 4805 eam
1617 4749 1827 4805 cunctis
1851 4749 2106 4805 Ecclesiis

525 4840 829 4909 praetulisse
851 4832 1220 4911 cognoscitur.

600 4929 675 4986 Ut
700 4940 903 4996 autem,
937 4932 1155 4987 omissis
1181 4931 1321 4995 aliis,
1351 4930 1418 4985 ad
1447 4929 1502 4985 id
1522 4970 1537 4997 ,
1575 4929 1717 5000 quod
1745 4944 1888 4986 nunc
1908 4929 2104 5002 agitur,

527 5019 829 5088 veniamus,
859 5036 966 5076 non
994 5021 1151 5076 debet
1173 5021 1428 5092 ignorare
1448 5030 1635 5076 sancta
1664 5030 1844 5076 vestra
1869 5022 2106 5088 devotio,

526 5110 660 5178 quia
701 5110 845 5165 beati
889 5110 1254 5181 apostolorum
1287 5109 1558 5183 principes
1586 5112 1779 5168 Petrus
1808 5120 1864 5168 et
1889 5113 2104 5179 Paulus,

528 5201 671 5256 sicut
739 5218 837 5273 per
883 5217 1039 5258 suum
1088 5204 1407 5274 sanguinem
1459 5198 1759 5263 Romanam
1812 5209 2105 5264 Ecclesiam

529 5296 954 5346 conS‘ecrarunt:
1000 5297 1083 5346 ita
1138 5313 1261 5346 mox
1322 5300 1464 5346 inter
1517 5301 1629 5346 inea
1674 5302 1947 5346 nascenti:
1984 5301 2106 5346 ﬁdei

2218 4476 2380 4545 hujus
2406 4477 2483 4532 rei
2508 4487 2671 4548 gestae
2698 4480 2848 4548 prius
2871 4480 3116 4533 ordinem
3145 4479 3469 4549 digeramust
3496 4476 3636 4543 Quid
3656 4476 3799 4531 muls-

2218 4570 2286 4623 tis
2334 4568 2552 4623 moror?
2599 4567 2767 4622 Adest
2792 4568 3111 4623 clericorum
3157 4552 3520 4636 perpluriuius
3556 4565 3645 4620 ille
3669 4579 3800 4620 cou-

2211 4668 2428 4725 ventus,
2454 4660 2844 4723 communiter,
2887 4671 2943 4714 et
2971 4658 3283 4730 singillatim
3311 4658 3542 4727 quisque
3574 4656 3797 4726 perqui-

2211 4750 2374 4816 ritur,
2403 4750 2494 4804 vix
2521 4765 2551 4804 e
2575 4758 2727 4804 tanto
2751 4763 2974 4804 numero
3000 4749 3267 4819 quispiam
3298 4745 3677 4837 promotus‘a‘d
3696 4758 3816 4837 tum

2210 4842 2389 4896 dinem
2441 4841 2561 4896 sine
2613 4841 2788 4910 pretio
2832 4840 3120 4909 reperitur.
3171 4839 3300 4893 Erat
3333 4838 3475 4892 enim
3505 4820 3799 4907 εὲἣῦἱῆϋὲῗ

2211 4932 2323 4986 imo
2371 4932 2712 4987 inordinatus
2755 4931 2911 4994 ordo,
2951 4940 3007 4986 et
3054 4928 3387 4985 inevasibilis
3420 4924 3629 4998 regula
3657 4926 3800 4982 illius

2209 5023 2486 5088 Ecclesiae,
2517 5031 2574 5078 ut
2621 5024 2931 5092 quicunque
2962 5020 3028 5075 ad
3076 5018 3372 5088 quemlibet
3410 5018 3681 5083 ordinem,
3714 5015 3796 5068 vel

2210 5118 2374 5171 etiam
2405 5116 2472 5172 ad
2501 5116 2872 5186 episcopatum
2899 5111 3299 5168 consecrandus
3329 5110 3637 5173 accederet,
3664 5123 3798 5179 prte-

2210 5207 2377 5262 fixum
2416 5206 2567 5276 prius
2594 5206 2799 5275 absque
2840 5202 2943 5256 ulla
2989 5200 3360 5256 controversia
3397 5210 3658 5252 cananem
3698 5199 3794 5251 da-

2195 5292 2314 5346 'mt-
2348 5297 2448 5346 Hie
2472 5297 2630 5346 nlane
2656 5303 2790 5346 ηιιοι
2833 5294 2980 5346 curis
3021 5292 3270 5346 aﬂlictus.
3299 5299 3431 5346 quot
3464 5290 3563 5343 sim
3592 5296 3797 5346 comta-
