4080 5346
267 328 342 392 93

1178 335 1438 411 .OPUSC.
1481 341 1544 396 V.
1587 328 1654 382 θ
1692 339 1922 398 ACTUS
1960 341 2528 402 MEDIOLANENSIS.
3452 361 3519 418 Μ

264 437 422 504 urbis
469 461 657 504 omnes
701 450 972 507 Ecclesias
1006 436 1498 526 sacriskmysteriis
1537 455 1842 526 profanare,
1875 457 1925 515 Α
1955 456 2090 510 male
2131 467 2278 526 gesta
2325 460 2702 526 condemnant,
2753 473 2806 517 ct
2835 481 3090 523 accusare
3140 470 3309 540 magis
3332 487 3389 526 se
3417 474 3516 528 eli-

263 539 667 608 quodammodo
682 539 1000 597 Christiana:
1025 545 1300 614 religionis
1323 547 1602 602 videbatur
1615 549 1844 602 eversio.

264 627 379 686 Sed
429 642 485 686 et
532 631 823 702 litigiosum
866 645 984 691 erat
1023 639 1301 709 indulgere
1339 642 1542 710 paucis,
1577 657 1700 696 cum
1732 641 1846 696 fere

262 721 513 775 omnium
539 731 683 776 esset
706 724 862 793 culpa
887 729 1212 794 communis,
1237 745 1340 784 nec
1369 729 1668 799 legitimum
1701 731 1848 784 vide-

261 808 453 875 batur,
503 812 718 866 diversa
767 815 820 867 in
847 830 942 870 eos
970 818 1187 885 prodire
1231 820 1524 886 sententia,
1554 836 1676 874 cum
1703 827 1846 875 esset

262 915 376 953 una
404 902 652 957 omnibus
681 918 864 958 causa.
900 906 1011 960 lloc
1038 908 1198 962 etiam
1231 919 1444 965 nostras
1464 913 1846 980 augmentabat

261 989 380 1060 79
427 993 724 1070 angustias,
770 995 894 1062 quia
925 996 1028 1050 nisi
1075 997 1501 1070 qualemcunque
1556 1001 1847 1056 decisionis

259 1061 536 1136 calculum
593 1086 922 1184 gausa‘ista
971 1091 1288 1159 susciperet,
1343 1092 1445 1146 nisi
1485 1109 1607 1147 cum
1652 1108 1843 1164 magna

260 1169 549 1226 hominum
593 1162 1067 1244 stra‘g‘e,"furentis
1108 1181 1290 1250 populi
1317 1197 1376 1237 se
1393 1182 1575 1254 jurgia
1602 1198 1708 1237 non
1747 1162 1840 1238 se-

262 1259 477 1316 darent.
1493 1251 1542 1290 i"
1566 1251 1580 1287 ί

481 1344 488 1350 ’
640 1353 718 1408 De
759 1358 1156 1414 reconciliandis
1185 1361 1462 1417 heretici}.

333 1439 486 1495 Tunc
509 1442 654 1497 inter
675 1447 874 1502 multas
899 1449 1324 1518 disceptationes
1350 1456 1616 1522 processit
1642 1457 1694 1510 in
1728 1473 1842 1512 meo

256 1527 406 1581 dium
444 1530 531 1584 illa
576 1531 876 1588 Innocentii
904 1551 1056 1604 papa:
1102 1542 1390 1603 sententia,
1421 1543 1868 1629 ab‘antmuior‘i-A

256 1615 362 1671 bus
387 1618 646 1686 inventa,
691 1627 833 1692 quod
866 1641 896 1678 a
941 1627 1126 1682 niultis
1165 1640 1438 1697 peccatur,
1478 1613 1846 1692 inuitauerit:

253 1709 350 1765 Illa
403 1728 622 1785 quoque
675 1717 929 1774 discretio
985 1721 1052 1775 ad
1103 1725 1418 1778 memoriam
1467 1727 1645 1792 rediit,
1675 1744 1836 1796 quam

255 1804 433 1858 sancti
463 1807 773 1873 pontifices,
801 1819 855 1863 et
895 1811 1190 1868 authentici
1237 1829 1500 1870 canonum
1529 1795 1835 1874 conditores
1868 1795 1912 1856 Β

253 1894 324 1948 de
354 1895 682 1962 Donatistis,
717 1909 770 1955 et
815 1899 1150 1968 Novatianis,
1191 1919 1253 1958 ac
1283 1905 1524 1974 reliquis,
1557 1909 1646 1976 qui
1696 1910 1835 1977 apud

250 1985 503 2041 diversas
530 1987 768 2044 haereses
792 1992 1025 2046 ordinati
1048 2003 1196 2058 sunt,
1223 1994 1560 2051 invenerunt.
1596 1998 1649 2052 ld
1672 1999 1836 2052 etiam

251 2093 356 2132 nos
387 2095 496 2133 non
526 2083 791 2150 praeterit,
821 2085 962 2154 quod
992 2096 1192 2144 nostra:
1229 2089 1502 2143 memoriae.
1531 2106 1706 2143 nonus
1729 2091 1838 2145 Leo

249 2182 394 2236 papa
433 2170 729 2242 plerosque
761 2173 1119 2239 Simoniacos.
1147 2187 1200 2232 et
1229 2179 1366 2232 male
1395 2191 1671 2249 promotos
1715 2191 1837 2236 tan-

248 2271 418 2324 quam
449 2261 665 2315 noviter
702 2263 990 2318 ordinavit.
1041 2265 1164 2321 Haec
1189 2276 1242 2322 et
1278 2269 1381 2322 alia
1415 2271 1642 2339 plurima
1667 2273 1836 2326 medi-

250 2349 525 2417 tantibus,
552 2361 608 2407 ct
640 2354 866 2410 invicem
889 2357 1315 2423 conferentibus,
1346 2363 1475 2416 illud
1494 2365 1655 2418 etiam
1679 2365 1841 2419 deve-

247 2440 339 2493 nit
386 2441 442 2494 in
500 2459 714 2508 manus,
740 2447 883 2514 quod
930 2447 1154 2516 insignis
1181 2466 1317 2520 papa
1363 2451 1470 2507 Leo
1513 2453 1534 2506 l
1578 2450 1838 2509 Januario

246 2529 482 2597 scripsit
526 2532 778 2602 episcopo
824 2553 836 2588 :
883 2553 901 2586 ι
939 2536 1138 2604 Lectis,
1183 2539 1279 2603 ait,
1330 2539 1685 2596 fraternitatis
1735 2551 1838 2597 tua:

246 2619 486 2686 litteris,
533 2624 769 2693 vigorem
816 2627 936 2680 fidei
983 2637 1104 2693 tuze,
1135 2645 1296 2698 quem
1329 2631 1456 2684 olim
1487 2647 1833 2696 noveramus,

245 2714 700 2782 congratulantes
727 2717 844 2781 tibi,
875 2720 1017 2787 quod
1054 2722 1120 2774 ad
1141 2722 1442 2776 custodiam
1479 2725 1658 2795 gregis
1681 2724 1837 2779 Chri-

245 2805 326 2859 sti
356 2807 682 2876 pastoralem
710 2823 892 2863 curam
918 2810 1207 2881 vigilanter
1229 2813 1564 2882 exsequeris,
1594 2831 1662 2869 ne
1699 2815 1835 2885 lupi,

244 2897 350 2965 qui
404 2898 507 2951 sub
557 2899 733 2966 specie
757 2901 937 2955 ovium
983 2901 1430 2987 subintraveggnt
1713 2913 1833 2978 vn),

242 2986 479 3040 hestiali
506 2987 712 3042 szevitia
741 2988 1013 3059 simplices
1043 3008 1286 3064 quosque
1307 2970 1707 3062 ὂῖιῖιὶὲνὲιῗῖῗει
1728 2970 1835 3051 non

243 3075 434 3130 solum
484 3076 582 3145 ipsi
637 3075 779 3131 nulla
805 3080 1142 3136 correctione
1172 3081 1491 3151 proficiant,
1522 3085 1616 3138 sed
1644 3085 1834 3150 etiam,

245 3184 380 3238 quae
406 3178 536 3222 sunt
560 3185 714 3224 sacra
741 3182 1112 3242 corrumpant.
1143 3173 1296 3241 Quod
1332 3191 1398 3229 ne
1422 3175 1637 3244 viperea
1667 3178 1862 3266 ptigit

243 3259 506 3314 obtinere
555 3259 786 3326 fallacia,
823 3262 1164 3318 dilectionem
1215 3272 1360 3317 tuam
1413 3265 1664 3319 duximus
1691 3259 1862 3320 com-v

246 3350 609 3415 monendam,
653 3351 985 3408 insinuantes
1016 3354 1082 3408 ad
1113 3355 1306 3408 anima:
1347 3355 1639 3425 periculum
1665 3357 1834 3425 perti-

244 3453 410 3499 nere,
443 3438 490 3493 si
514 3441 798 3509 quisquam
851 3443 916 3496 de
948 3443 1049 3506 his,
1089 3445 1237 3513 quia
1288 3445 1441 3499 nobis
1472 3445 1523 3498 in
1557 3446 1837 3500 lucretico-

246 3542 379 3581 rum
423 3535 591 3597 atque
633 3529 1097 3586 schismaticorum
1149 3543 1352 3588 sectam
1398 3534 1664 3604 delapsis,
1701 3546 1754 3592 et
1779 3553 1837 3592 se

246 3627 540 3688 utcunque
581 3623 846 3678 haeretica:
879 3627 1274 3681 communionis
1302 3630 1624 3699 contagione
1656 3645 1838 3684 macu-

247 3709 389 3764 larit
407 3711 757 3779 resipiscens,
786 3714 838 3769 in
868 3717 1249 3771 communione
1283 3719 1550 3773 catholica
1583 3720 1698 3774 sine
1721 3736 1838 3787 pro-

248 3800 501 3856 fessione
527 3802 779 3872 legitimae
805 3807 1193 3862 satisfactionis
1221 3809 1509 3864 habeatur.
1537 3809 1837 3864 Saluberri-

251 3909 411 3947 mum
442 3893 608 3959 enim,
637 3905 691 3950 et
729 3897 1026 3967 spiritualis
1052 3900 1330 3954 medicina:
1365 3900 1599 3955 utilitate
1630 3900 1835 3970 plenis-

251 3985 465 4040 simum
491 3995 593 4050 est,
619 3996 679 4041 ut
706 3989 819 4043 sive
843 3991 1167 4062 presbyteri,
1194 3993 1307 4048 sive
1353 3994 1588 4057 diaconi,
1621 4003 1714 4048 aut
1743 4011 1837 4049 cu-

241 4071 484 4140 juslibet
502 4073 708 4129 ordinis
728 4075 1037 4147 clerici,qui
1061 4095 1120 4135 se
1141 4091 1418 4136 correctos
1439 4083 1606 4138 videri
1630 4083 1833 4146 volunt,

252 4181 428 4240 atque
454 4171 522 4225 ad
550 4172 872 4230 catholicam
903 4174 1061 4230 fidem
1084 4216 1096 4240 ,
1125 4177 1448 4248 jampridem
1483 4179 1834 4243 admiserant,

251 4275 484 4314 rursum
513 4263 712 4316 reverti
744 4264 1012 4328 ambiunt,
1037 4266 1186 4334 prius
1211 4281 1425 4322 errores
1457 4281 1582 4322 suos
1610 4269 1836 4361 dipsas

252 4357 517 4404 auctores
542 4364 788 4405 errorum
815 4352 1102 4408 damnatos
1123 4355 1240 4410 sine
1263 4356 1616 4426 ambiguitate
1639 4347 1838 4410 fatenti;

1863 3135 1909 3197 C

1861 3255 1868 3264 ο

1950 559 2100 618 gunt,
2147 565 2308 619 quam
2342 554 2500 618 tueri,
2532 556 2704 623 pacis,
2736 565 2790 610 et
2832 560 3133 615 communis
3173 573 3371 618 nostrze
3400 567 3517 619 uni-

1951 652 2058 695 tate
2102 641 2370 710 lmtentur,
2421 646 2581 699 itaut
2630 648 2792 719 digno
2816 652 2964 718 prius
3006 655 3372 720 anathemate,
3397 674 3518 726 quae

1947 740 2135 785 contra
2167 732 2324 788 fidem
2367 735 2688 789 catholicam
2733 747 2857 791 sunt
2890 752 3126 808 recepta,
3171 744 3515 802 damnentur.
3555 778 3561 786 ·

1947 823 2117 878 Aliter
2147 825 2290 878 enim
2325 825 2376 878 in
2411 826 2644 881 Ecclesia
2674 828 2789 893 Dei,
2815 846 2936 899 quae
2964 848 3157 901 corpus
3183 845 3266 889 est
3290 836 3515 901 Christi,

1946 931 2046 970 nec
2076 927 2190 969 rata
2239 926 2365 971 sunt
2408 921 2730 984 sacerdotia,
2764 935 3029 993 necvera
3060 935 3183 978 sunt
3223 928 3515 992 sacrificia,

1946 1005 2048 1058 nisi
2080 1005 2133 1058 in
2163 1017 2359 1060 nostra:
2383 1010 2713 1078 proprietate
2744 1021 2946 1065 natura!
2972 1028 3130 1067 verus
3155 1029 3252 1068 nos
3279 1017 3516 1084 pontifex

1943 1097 2054 1166 80
2101 1100 2431 1164 reconciliet,
2485 1118 2643 1156 verus
2721 1104 3053 1159 immaculati
3098 1107 3232 1177 Agni
3298 1111 3518 1179 sanguis

1943 1188 2218 1241 emundet.
2269 1187 2379 1242 Nec
2419 1205 2609 1258 aspere
2666 1192 2831 1259 igitur
2881 1197 3276 1251 communionis
3323 1209 3520 1250 nostra!

1942 1281 2114 1348 gratia
2162 1283 2472 1350 deneganda
2502 1292 2604 1347 est,
2654 1301 2752 1340 nec
2790 1295 2990 1341 temere
3035 1297 3118 1343 est
3155 1289 3453 1359 largienda.
3494 1309 3513 1341 ι

1940 1369 2086 1423 Idem
2117 1387 2245 1424 vero
2272 1372 2600 1441 Aquileiensi
2630 1375 2880 1444 episcopo
2910 1378 3170 1440 scribens,
3200 1380 3306 1433 ait:
3328 1380 3520 1434 «Dam-

1942 1469 2073 1511 nent
2108 1461 2309 1528 apertis
2347 1463 2796 1529 promissionibus
2824 1467 2904 1519 sui
2933 1468 3145 1534 superbi
3177 1470 3379 1524 erroris
3424 1487 3518 1523 au-

1942 1559 2144 1610 Ctores,
2174 1560 2224 1603 et
2253 1553 2394 1619 quod
2422 1553 2472 1605 in
2499 1553 2741 1607 doctrina
2775 1570 2961 1611 eorum
2991 1559 3312 1614 universalis
3334 1561 3514 1614 Eccle-

1941 1638 2018 1694 sia
2044 1640 2342 1703 exhorruit,
2375 1642 2729 1698 detestentur.
2759 1644 2953 1700 Omnia
2982 1648 3193 1702 decreta
3213 1651 3520 1720 synodalia,

1943 1744 2062 1797 qua:
2095 1730 2160 1782 ad
2192 1731 2524 1786 excisionem
2561 1732 2885 1789 Simoniacze
2919 1738 3184 1792 haereseos
3215 1741 3522 1808 apostolica:

1940 1820 2082 1872 sedis
2105 1819 2446 1874 confirmavit
2488 1824 2806 1886 auctoritas,
2838 1826 3084 1893 amplecti
3123 1842 3198 1891 se,
3230 1840 3286 1881 et
3313 1829 3364 1881 in
3402 1844 3516 1882 om-

1939 1908 2098 1962 nibus
2125 1911 2424 1978 approbare
2455 1913 2626 1980 plenis
2645 1953 2660 1977 ,
2686 1923 2740 1968 et
2764 1917 2961 1982 apertis
2980 1957 2994 1979 ,
3019 1932 3080 1970 ac
3107 1918 3324 1984 propria
3357 1934 3518 1972 manu

1941 1999 2156 2067 scriptis
2183 2003 2662 2067 protestationihus
2697 2005 3034 2072 eloquantur.
3069 2006 3198 2060 lllud
3227 2009 3389 2060 etiam
3420 2023 3518 2062 nos

1940 2105 2048 2142 non
2103 2089 2342 2158 aufugit,
2370 2092 2456 2145 ubi
2503 2093 2791 2148 Fulbertns
2838 2095 3188 2149 Caruotensis
3234 2098 3520 2166 episcopus

1939 2177 2158 2246 primati
2209 2195 2304 2233 suo
2347 2196 2509 2249 super
2543 2183 2861 2252 presbytero
2911 2201 3007 2252 per
3050 2185 3332 2252 pecuniam
3375 2187 3520 2241 ordi-

1939 2277 2087 2328 nato,
2131 2281 2198 2320 ex
2227 2270 2553 2324 auctoritate
2598 2272 2839 2327 Toletani
2877 2274 3090 2328 concilii
3123 2275 3225 2328 tale
3252 2277 3522 2345 reperitur

1937 2356 2150 2411 dedisse
2185 2360 2469 2412 consilium
2497 2361 2641 2428 (aliis
2685 2363 2882 2432 quippe
2909 2365 3200 2433 praemissis
3228 2366 3330 2420 hoc
3374 2367 3516 2420 intu-

1938 2447 2038 2519 lit).
2070 2449 2383 2518 Propterea,
2407 2452 2614 2522 inquit,
2644 2454 2944 2522 depositum
2978 2471 3082 2510 non
3112 2458 3516 2524 reordinabilis,

1938 2542 2030 2596 sed
2059 2543 2293 2598 reddetis
2312 2545 2360 2598 ei
2389 2561 2516 2599 suos
2551 2547 2748 2616 gradus
2779 2563 2876 2616 per
2905 2548 3281 2612 instrumenta,
3327 2557 3377 2602 et
3421 2564 3517 2618 per

1938 2634 2287 2700 vestimenta,
2319 2650 2437 2702 qua:
2489 2637 2554 2688 ad
2607 2637 2748 2705 ipsos
2777 2637 2976 2702 gradus
3005 2638 3306 2706 pertinent,
3339 2638 3410 2691 ita
3440 2639 3519 2690 di-

1938 2723 2356 2778 cendozlleddo
2399 2725 2491 2779 tibi
2531 2726 2758 2795 gradum
2801 2726 3029 2790 ostiarii,
3079 2737 3133 2780 et
3188 2735 3240 2780 te
3277 2727 3328 2779 in
3368 2727 3517 2780 illum

1937 2814 2159 2882 gradum
2188 2814 2436 2878 restituo,
2473 2827 2528 2869 et
2560 2823 2787 2878 caetera;
2827 2817 2884 2868 ln
2923 2815 3141 2870 nomine
3182 2815 3274 2868 Dei
3319 2814 3516 2878 Patris,

1939 2910 1994 2957 et
2021 2901 2163 2966 Filii,
2189 2913 2243 2958 et
2271 2903 2504 2972 Spiritus
2534 2906 2727 2959 sancti.
2754 2903 3055 2959 Novissime
3079 2913 3256 2958 autem
3297 2903 3516 2958 benedi-

1938 2993 2116 3047 ctione
2152 2993 2492 3048 lzetificabitis
2525 3009 2670 3058 cum,
2710 2995 2789 3048 sic
2837 2993 3209 3048 concludendo
3240 3011 3252 3046 :
3296 2993 3520 3046 Benedi-

1940 3084 2049 3138 ctio
2082 3084 2176 3138 Dei
2206 3084 2401 3148 Patris,
2432 3093 2482 3138 et
2518 3084 2659 3148 Filii,
2699 3092 2756 3138 et
2799 3082 3032 3153 Spiritus
3060 3082 3231 3136 sancti
3270 3096 3432 3150 super
3462 3090 3515 3134 te

1935 3176 2248 3246 descendat,
2281 3184 2341 3229 ut
2377 3176 2453 3230 sis
2479 3176 2760 3230 restitutus
2793 3176 2844 3228 in
2876 3174 3066 3228 ordine
3088 3173 3428 3239 sacerdotali,
3458 3183 3514 3226 et

1912 3262 2132 3320 “offeras
2157 3263 2446 3334 placabiles
2478 3262 2683 3318 hostias
2714 3263 2890 3317 laudis
2911 3276 3009 3331 pro
3050 3262 3306 3331 peccatis,
3349 3271 3513 3329 atque

1941 3353 2330 3408 offensionibus
2361 3353 2538 3422 pepuli
2561 3352 2913 3422 omnipotenti
2944 3351 3084 3415 Deo,
3127 3352 3210 3405 cui
3235 3360 3316 3405 est
3342 3352 3516 3405 honor

1937 3455 1993 3499 et
2015 3445 2183 3514 gloria
2211 3444 2262 3498 in
2293 3443 2488 3498 saecula
2518 3443 2860 3497 saeculorum.
2897 3461 2914 3493 ι
2943 3440 3053 3496 Hoc
3078 3440 3238 3494 etiam
3267 3449 3505 3494 nostram

1937 3535 2252 3588 memoriam
2296 3548 2400 3588 non
2431 3531 2768 3600 pertransiit,
2794 3531 2937 3599 quod
2982 3531 3169 3584 beatus
3221 3543 3352 3598 papa
3385 3527 3513 3581 Gre-

1937 3629 2122 3698 gorius
2170 3626 2458 3697 neopbytis
2511 3625 2699 3696 Anglis
2761 3625 3126 3694 dispensative
3189 3623 3255 3676 ad
3305 3631 3516 3690 tempus

1937 3723 2182 3793 conjugia
2212 3722 2513 3778 canonibus
2554 3720 2864 3783 interdicta,
2913 3718 3177 3788 permisit.
3206 3715 3516 3788 Apostolica

1935 3812 2100 3865 etiam
2141 3811 2228 3864 illa
2256 3811 2513 3882 discretio
2536 3809 2692 3882 nobis
2717 3810 2782 3862 ad
2807 3808 3124 3862 memoriam
3155 3814 3238 3862 est
3268 3805 3533 3867 reducta,"

1937 3916 2056 3970 quae
2079 3898 2382 3954 Gentilibus
2409 3877 2883 3968 niiper‘conversis
2907 3897 2971 3951 ad
3001 3896 3186 3959 fidem,
3216 3893 3348 3948 nihil
3369 3893 3517 3948 aliud

1935 3991 2117 4045 oneris
2153 3990 2544 4060 imposuerunt,
2596 3988 2697 4042 nisi
2747 3995 2804 4040 ut
2851 3986 2918 4040 ab
2965 3985 3259 4038 immolatis
3299 3983 3518 4038 simula-

1935 4095 2174 4144 crorum,
2200 4092 2254 4135 et
2279 4082 2560 4151 sanguine,
2589 4091 2645 4136 et
2673 4066 2952 4142 sntl‘ocato,
2978 4087 3032 4130 et
3056 4077 3432 4140 fornicatione,
3459 4091 3519 4130 se

1939 4172 2310 4226 tantummodo
2340 4172 2695 4226 custodirent.
2717 4169 2773 4222 ln
2799 4177 2950 4223 arcto
2975 4166 3360 4260 itaqt‘i‘e‘positi,
3388 4166 3516 4234 quia

1903 4276 2045 4340 Atng
2078 4270 2391 4330 poteramus
2423 4260 2569 4314 mala
2605 4259 2745 4313 illius
2773 4257 3030 4312 Ecclesia:
3063 4246 3217 4309 mea.
3249 4270 3516 4309 canonum

1939 4351 2264 4404 auctoritate
2309 4350 2610 4418 corrigere,
2659 4349 2964 4402 studuimus
3008 4344 3198 4399 saltem
3244 4343 3517 4413 perversis

251 4450 366 4494 tur.
410 4439 484 4496 Ut
512 4442 761 4498 sensibus
800 4446 984 4513 pravis
1007 4448 1169 4500 etiam
1207 4449 1502 4518 peremptis
1544 4448 1689 4502 nulla
1717 4464 1834 4517 spc-
1865 4470 1914 4530 D
1940 4439 2056 4508 ejus
2081 4442 2267 4496 usibus
2299 4441 2460 4494 finem
2499 4441 2798 4509 imponere,
2833 4451 2898 4491 ac
2936 4435 3184 4530 gratuitae
3215 4433 3515 4530 promptio-

254 4531 416 4586 randi
457 4533 693 4600 supersit
733 4537 970 4599 occasio,
995 4551 1063 4590 ne
1106 4537 1270 4590 ullum
1312 4539 1612 4593 membrum
1647 4538 1832 4592 talium

251 4625 430 4694 possit
452 4624 716 4680 societate
739 4628 954 4691 violari,
978 4643 1096 4683 cum
1125 4644 1221 4698 per
1240 4629 1418 4683 omnia
1446 4630 1550 4684 illis
1571 4630 1836 4699 professio

252 4714 480 4783 propria
509 4715 736 4782 ceperit
764 4717 1004 4772 obviare.
1037 4717 1190 4772 Circa
1225 4734 1359 4787 quos
1382 4720 1544 4774 etiam
1572 4720 1714 4772 illam
1745 4734 1834 4774 ca-

255 4818 465 4856 nonum
506 4803 946 4859 constitutionem
992 4808 1334 4875 prmeipimus
1378 4808 1659 4870 custodiri,
1687 4817 1743 4861 ut
1779 4809 1830 4861 in

255 4908 456 4962 magno
485 4893 721 4949 habeant
747 4895 1028 4962 beneficio,
1053 4899 1096 4952 si
1127 4899 1374 4966 adempta
1407 4899 1506 4953 sibi
1536 4899 1679 4951 omni
1705 4913 1832 4966 pro—

253 4985 521 5040 motionis
545 4999 664 5054 spe,
694 4986 747 5040 in
773 5002 882 5056 quo
914 4989 1280 5052 inveniuntur,
1308 4989 1603 5044 stabilitate
1652 5002 1840 5057 perpe-

256 5082 345 5128 tua
397 5082 682 5139 maneant,
729 5083 907 5128 tamen
947 5077 1138 5131 iterata
1188 5078 1445 5132 tinctione
1483 5094 1589 5131 non
1639 5076 1840 5130 fuerint

258 5165 537 5220 maculati.
576 5165 694 5220 Non
716 5167 787 5219 ob
816 5167 917 5221 hoc
950 5168 1117 5223 levem
1149 5168 1288 5237 apud
1314 5169 1600 5224 Dominum
1638 5182 1835 5220 noxam

257 5253 510 5320 incurrit,
539 5255 637 5323 qui
663 5255 730 5308 de
763 5255 953 5310 talibus
980 5259 1042 5311 ad
1071 5273 1260 5312 sacros
1285 5256 1665 5326 promovendis
1692 5256 1839 5309 ordi-

1942 4534 2027 4586 nis
2048 4533 2293 4587 ordincm
2319 4532 2515 4586 futuris
2539 4530 2870 4600 temporibus
2893 4526 3195 4598 providere.
3226 4524 3518 4594 Exegimus

1941 4625 2106 4696 igitur
2132 4635 2334 4680 cxtunc
2369 4633 2424 4679 et
2465 4624 2720 4692 deinceps
2761 4619 3010 4690 gratuita:
3036 4615 3393 4685 promotionis
3431 4614 3517 4667 in-

1940 4717 2245 4772 violabilem
2292 4715 2658 4784 sponsionem,
2691 4713 2838 4782 prius
2866 4725 2962 4779 per
2991 4714 3336 4762 monumenta
3370 4704 3516 4756 litte-

1941 4823 2144 4873 rarum,
2171 4807 2366 4861 deinde
2395 4821 2491 4876 per
2513 4819 2748 4865 manum,
2792 4809 3062 4872 postremo
3098 4812 3193 4866 per
3225 4793 3520 4863 Evangeli-

1940 4915 2060 4953 cum
2109 4907 2532 4953 sacramentum.
2585 4895 2651 4949 Et
2691 4894 2905 4962 quidem
2970 4887 3187 4958 sponsio
3246 4886 3390 4955 stylo
3431 4884 3518 4984 di-

1940 4998 2115 5058 gesta,
2145 4996 2206 5042 ut
2242 4987 2382 5054 apud
2408 5003 2507 5043 nos
2529 4984 2782 5045 habetur,
2803 4982 2889 5035 hic
2917 4976 3234 5047 simpliciter
3262 4976 3524 5031 transcri-

1903 5123 1926 5168 ..
1941 5078 2115 5134 batur.
2253 5119 2273 5159 Χ
2329 5127 2332 5130 .

2189 5153 2415 5236 Sponsio
2447 5160 2814 5231 archiepiscopi
2845 5157 3270 5213 Mediolanensis.
3532 5220 3542 5238 ‘

2011 5261 2174 5316 Wido
2200 5258 2379 5311 divina
2414 5258 2585 5329 gratia
2609 5250 3007 5307 Medolanensis
3042 5248 3293 5304 Ecclesia:
3343 5246 3531 5305 archi-
