4080 5346
568 320 639 378 95
1004 313 1062 368 S.
1101 312 1305 368 PETRI
1348 285 1624 368 DAMIANI
1663 311 1810 368 OPP.
1853 309 2087 366 TOMUS
2125 310 2256 366 εει]
2298 310 2474 366 PARS
2512 312 2599 367 lil.
2640 342 2710 353 —
2745 313 3103 371 OPUSCULA
3147 309 3377 366 VARIA.
3697 285 3701 287 Α
3743 309 3811 364 96

570 432 678 483 Deo
699 426 934 489 odibilis,
965 427 1345 496 ignominiosa,
1376 436 1539 495 atque
1569 441 1841 495 perversa,
1865 426 2132 480 omnium-
2164 431 2210 487 Α
2238 425 2306 478 ab
2331 441 2554 480 uxorum
2587 438 2641 481 et
2681 429 3101 483 concubinarum
3137 423 3278 479 findo
3299 433 3591 488 consortio,
3616 427 3814 480 nostris
3847 475 3854 498 ι

567 533 674 588 que
705 524 1012 572 sanctorum
1046 531 1314 569 canonum
1359 514 1680 568 auctoritate
1721 515 1971 568 damnata
2011 528 2140 568 con-
2242 520 2450 580 studiis,
2483 519 2536 572 in
2570 529 2830 588 quantum
2853 519 3004 572 nobis
3033 517 3364 586 possibilitas
3386 515 3568 580 fuerit,
3597 515 3700 570 sub
3727 532 3806 571 co-
3843 505 3858 566 (

568 607 795 662 suetudo
828 607 880 659 in
921 606 1022 660 hac
1069 614 1258 660 sancta
1289 605 1554 671 Ecclesia,
1603 604 1712 668 cui,
1747 606 1855 658 Deo
1899 613 2138 668 auctore,
2241 608 2362 661 dem
2382 624 2488 678 quo
2514 626 2674 680 supra
2694 608 3270 666 lestimonioarcendos
3292 623 3410 663 esse
3432 607 3814 676 promittimus.

569 699 814 752 deservio
861 697 1162 764 antiquitus
1213 697 1534 760 inoleverit,
1586 710 1854 764 quamque
1903 693 2139 759 lethalis,
2242 697 2414 763 Quod,
2440 710 2496 754 ut
2525 702 2705 756 verius
2727 705 3005 768 credatur,
3056 719 3154 757 nos
3201 718 3322 756 cum
3361 701 3558 756 nostris
3603 701 3820 757 clericis
3911 753 3920 759 .

569 797 732 856 atque
755 785 1023 856 pestifera:
1067 785 1227 854 leprze
1261 785 1472 839 animas
1507 786 1852 839 innocentum
1880 784 2146 838 contami-
2243 790 2458 858 propria
2493 806 2650 844 manu
2679 792 3068 847 subscribendo
3087 793 3384 855 firmamus,
3415 791 3574 860 sigilli
3604 805 3822 860 quoque

570 879 792 930 natione
845 875 1182 944 perfuderit,
1249 873 1570 928 Simoniacze
1632 874 1883 928 videlicet
1925 872 2144 927 hmresis
2243 879 2411 931 nostri
2437 878 2664 932 formam
2698 881 3221 950 imprimijubemus.
3254 880 3476 949 Insuper
3496 878 3820 932 hocadden-

569 969 844 1028 damnata,
877 981 1194 1035 semperque
1226 966 1528 1020 damnanda
1578 966 1838 1020 venalitas
1858 1006 1872 1030 ,
1898 974 1949 1019 et
1975 966 2147 1034 perni-
2247 974 2327 1020 tes
2348 983 2411 1020 ac
2432 969 2530 1022 sub
2554 969 2792 1038 ejusdem
2819 971 3126 1038 sponsionis
3173 968 3389 1023 vinculo
3442 967 3824 1022 inviolabiliter

573 1055 720 1109 ciosa
765 1053 1058 1123 negotiatio
1087 1054 1414 1120 hujusmodi,
1444 1070 1562 1122 quze
1593 1055 1644 1107 in
1691 1054 1792 1107 hac
1824 1063 2009 1107 sancta
2042 1054 2143 1106 Ec-
2244 1055 2642 1122 promittentes,
2685 1064 2741 1110 ut
2769 1071 2944 1126 neque
2969 1057 3034 1112 de
3069 1057 3298 1111 abbatiis
3349 1054 3684 1118 ordinandis,
3729 1069 3824 1108 ne-

571 1143 734 1199 clesia
762 1145 1297 1210 consuetudinaliter,
1326 1146 1623 1211 obtinebat,
1656 1155 1713 1200 ut
1740 1146 1984 1214 quisquis
2037 1146 2141 1214 81
2247 1159 2349 1210 que
2379 1146 2443 1198 de
2479 1146 2721 1215 capellis,
2750 1148 2834 1201 vel
2863 1148 3195 1217 quibuslibet
3247 1148 3490 1202 ecclesiis
3536 1147 3828 1201 investien—

572 1236 641 1288 ad
679 1234 958 1288 clericales
986 1234 1204 1288 ordines
1229 1233 1604 1302 provehendus
1624 1234 1902 1286 accederet
1928 1235 1992 1286 de
2023 1239 2153 1286 sub-
2247 1235 2352 1298 dis,
2403 1235 2487 1290 vel
2535 1237 2869 1304 ordinandis,
2912 1239 3026 1294 sive
3055 1239 3348 1304 tradendis,
3378 1252 3555 1308 neque
3601 1239 3711 1308 82
3755 1239 3824 1294 de

573 1326 861 1380 diaconalu
884 1323 1101 1394 quidam
1125 1325 1405 1378 duodecim
1453 1339 1722 1388 nummos,
1770 1324 1835 1375 de
1862 1322 2147 1376 diaconatu
2247 1325 2512 1394 episcopis
2541 1329 2941 1395 promovendis,
2971 1343 3147 1398 neque
3176 1331 3243 1383 de
3265 1337 3613 1384 sacrosancto
3657 1330 3828 1383 chris-

571 1431 702 1470 vero
729 1417 913 1470 decem
944 1423 998 1469 et
1021 1423 1164 1477 octo,
1190 1424 1461 1482 postremo
1493 1414 1557 1467 de
1579 1414 1950 1483 presbyteratu
1981 1411 2150 1465 susci-

570 1507 771 1576 piendo
800 1505 991 1576 viginti
1021 1516 1275 1574 quatuor,
1303 1505 1454 1574 quasi
1497 1519 1594 1574 per
1640 1502 1916 1573 praefixam
1965 1501 2152 1557 condi-

575 1597 738 1649 tionis
763 1595 1001 1665 regulam
1031 1597 1203 1649 daret.
1225 1595 1337 1649 Hoc
1358 1596 1538 1664 itaque
1557 1594 1714 1648 modo
1743 1592 1927 1648 Simon
1944 1592 2151 1662 Magus,

577 1687 712 1740 heu!
736 1685 869 1754 proh
899 1685 1076 1738 dolor!
1110 1685 1249 1739 hanc
1269 1693 1506 1738 sanctam
1532 1683 1942 1736 Ambrosianum
1971 1682 2150 1737 eccle-

2250 1421 2410 1474 mate,
2441 1427 2616 1481 neque
2647 1415 2712 1469 de
2733 1417 3140 1471 consecratione
3173 1416 3524 1471 ecclesiarum
3574 1415 3661 1471 vel
3700 1431 3823 1480 nos,

2249 1502 2332 1556 vel
2363 1505 2530 1557 nostri
2556 1503 2853 1561 familiares
2881 1507 3085 1576 aliquid
3110 1508 3332 1562 omnino
3381 1507 3648 1562 tollamus.
3696 1507 3826 1578 Spi-

2251 1591 2388 1646 ritus
2419 1603 2656 1659 sanctus,
2681 1595 2772 1664 qui
2797 1606 3104 1650 sanctorum
3121 1598 3474 1652 ehrismatum
3493 1608 3695 1653 auctor
3720 1606 3826 1662 est,

2253 1697 2353 1736 nos
2383 1691 2701 1753 nostrosque
2723 1701 3068 1742 successores
3094 1689 3161 1742 ab
3183 1690 3328 1742 omni
3354 1690 3568 1744 vinculo
3590 1690 3831 1760 praefatae

573 1775 708 1828 siam
731 1774 1100 1843 perversitatis
1125 1789 1237 1826 suae
1263 1773 1411 1826 velut
1439 1771 1708 1825 oﬂicinam
1759 1772 1983 1825 fecerat.
2022 1770 2146 1823 Fol-
2181 1777 2226 1835 Β
2257 1772 2651 1828 maledictiouis
2675 1776 2898 1845 eripiat:
2932 1779 3004 1830 ita
3031 1786 3207 1832 tamen
3261 1789 3320 1834 ut
3369 1781 3508 1834 hanc
3538 1781 3830 1837 saluberri-

575 1862 704 1926 lem,
739 1862 979 1926 malleus,
1023 1870 1080 1916 et
1127 1862 1375 1916 incudem
1426 1860 1683 1930 trapezita
1726 1874 1789 1915 ac
1821 1861 2152 1914 monetarius

574 1949 878 2018 iniquitatis
929 1951 1196 2015 habebat;
1253 1949 1497 2019 nihilque
1526 1949 1669 2003 aliud
1717 1949 1817 2003 nisi
1850 1950 2152 2003 animarum

574 2043 818 2095 omnium
846 2057 1128 2096 commune
1147 2043 1440 2112 periculum
1465 2041 1784 2096 fabricabat.
1800 2039 2013 2094 Nostris
2026 2053 2154 2094 vero

575 2134 930 2202 temporibus,
947 2134 1080 2202 “quia
1113 2132 1363 2186 Salvator
1388 2141 1570 2187 noster
1597 2131 1719 2201 pius
1749 2146 1813 2185 ac
1843 2130 2152 2186 misericors

573 2224 783 2294 plebem
805 2243 978 2292 suam,
1003 2242 1164 2297 quam
1213 2228 1300 2296 pio
1325 2242 1518 2281 cruore
1545 2227 1871 2292 redemerat,
1909 2225 2008 2279 sub
2053 2225 2152 2278 hac

577 2315 844 2370 mortiferi
871 2315 1144 2386 languoris
1172 2317 1417 2385 atmphia
1463 2316 1641 2386 perire
1665 2314 1956 2379 condoluit,
2009 2313 2154 2368 velut

576 2405 642 2458 ad
662 2404 1006 2468 obviandum,
1046 2419 1109 2459 ac
1167 2405 1393 2460 viriliter
1437 2406 1806 2460 obsistendum
1853 2406 2031 2461 voraci
2092 2421 2154 2460 ac

575 2496 845 2550 virulento
874 2498 1116 2562 draconi,
1143 2507 1349 2553 vestros
1372 2499 1601 2564 animos,
1633 2499 1888 2554 visitante
1923 2500 2155 2570 Spiritus

575 2583 754 2637 sancti
783 2585 972 2654 gratia,
1005 2587 1348 2641 concorditer
1369 2588 1643 2643 incitavit:
1672 2591 1817 2642 itaut
1837 2589 2153 2656 quibusdam

575 2688 641 2726 ex
685 2675 886 2728 nostris
918 2678 1101 2729 sedem
1158 2677 1504 2745 apostolicam
1551 2677 1892 2744 adeuntibus,
1949 2687 2153 2732 tantum

577 2760 738 2829 hujus
763 2771 920 2816 terra:
947 2764 1242 2832 periculum
1271 2775 1494 2820 sanctus
1522 2767 1588 2820 ad
1616 2767 1727 2820 Deo
1775 2766 1970 2836 dignus
1998 2765 2157 2819 Nico-

579 2852 698 2905 laus
723 2866 860 2920 papa
885 2863 1256 2923 cognosceret,
1306 2865 1471 2924 atque
1497 2856 1563 2909 ad
1594 2855 2062 2926 compescendam,
2099 2863 2156 2909 et

577 2938 819 2994 funditus
839 2942 1241 3011 exstirpanduin
1270 2945 1372 2998 hoc
1401 2943 1611 2999 facinus
1638 2945 1915 3000 dominum
1945 2943 2156 2999 Ostien-

575 3045 689 3085 sem
718 3029 936 3085 Petrum
960 3033 1267 3102 episcopum
1291 3033 1605 3089 destinaret.

646 3121 1004 3191 QuaprOpter,
1035 3122 1368 3180 dilectissimi
1410 3125 1626 3191 fratres,
1656 3125 1708 3179 in
1746 3134 2036 3195 conspectu
2061 3127 2152 3181 Dei
2181 3108 2226 3170 Ο

577 3213 988 3280 omnipotentis,
1010 3221 1065 3268 et
1087 3212 1208 3267 Filii
1237 3215 1354 3283 ejus
1383 3216 1584 3270 Christi
1611 3215 1760 3280 Jesu,
1803 3219 1892 3285 qui
1944 3216 2159 3283 judica-

581 3313 735 3358 turus
760 3312 844 3357 est
871 3303 1020 3358 vivos
1049 3312 1105 3359 et
1135 3319 1396 3368 mortuos,
1446 3317 1499 3359 et
1534 3305 1766 3375 Spiritus
1818 3309 2014 3372 sancti,
2065 3310 2157 3376 qui

580 3391 719 3445 hanc
743 3400 946 3460 pestem
991 3393 1299 3462 specialiter
1319 3396 1536 3448 damnat
1564 3410 1626 3450 ac
1657 3396 1908 3460 destruit,
1941 3397 2038 3450 sub
2080 3408 2160 3451 te»

583 3484 837 3538 stimonio
866 3486 1107 3539 omnium
1135 3485 1447 3556 angelorum
1479 3495 1904 3556 cunctorumque
1949 3496 2163 3542 sancto-

579 3589 702 3627 rum
733 3573 851 3638 Dei,
875 3584 1139 3644 prazsente
1164 3575 1273 3644 jam
1299 3574 1443 3629 dicto
1462 3575 1680 3629 domino
1708 3576 1867 3630 Petro
1887 3577 2159 3645 episcopo,

577 3673 635 3717 et
672 3664 834 3717 etiam
882 3663 1190 3717 venerando
1221 3664 1435 3717 domino
1470 3664 1728 3719 Anselmo
1782 3664 2009 3719 anensi
2056 3665 2166 3734 epi-

577 3767 768 3822 scopo,
801 3761 854 3807 et
877 3753 1126 3807 erunibus
1147 3752 1319 3818 vobis,
1347 3752 1567 3817 damno,
1592 3754 1829 3807 detestor
1875 3767 1938 3806 ac
1981 3766 2165 3822 repro-

577 3845 702 3901 bam
724 3843 905 3912 judico
927 3844 1066 3897 hanc
1092 3858 1420 3912 perversam,
1444 3858 1563 3912 quae
1594 3844 1854 3897 hactenus
1899 3843 2070 3913 viguit
2106 3843 2162 3898 in

569 3932 946 3996 'hacecclesia,
982 3933 1288 4001 negotiandi
1333 3932 1795 3997 consuetudinem,
1841 3947 2163 4002 omnemque

579 4023 945 4076 Simoniacam
974 4022 1244 4076 lueresim.
1276 4023 1500 4091 Insuper
1520 4023 1698 4093 obligo
1720 4039 1824 4077 non
1855 4023 2025 4079 solum
2052 4039 2158 4092 me,

578 4114 676 4170 sed
703 4122 757 4167 et
785 4129 975 4168 omnes
998 4114 1225 4168 clericos
1249 4129 1418 4179 meos,
1452 4116 1542 4184 qui
1576 4131 1717 4170 nunc
1747 4124 1892 4179 sunt,
1944 4131 2159 4172 omnes-

582 4217 688 4272 que
716 4217 1060 4258 successores
1093 4213 1327 4269 nostros,
1376 4213 1432 4258 et
1461 4205 1753 4259 inviolabili
1786 4204 1927 4259 nodo
1966 4205 2160 4262 firmis-

579 4294 733 4351 simas
769 4294 1142 4362 promissionis
1188 4294 1449 4364 astringo,
1481 4304 1540 4349 ut
1587 4311 1686 4351 nec
1715 4311 1832 4367 ego,
1865 4311 1966 4351 nec
2013 4297 2164 4366 quis~

580 4397 742 4453 quam
779 4397 1057 4438 successor
1084 4399 1255 4449 meus,
1288 4399 1389 4439 nec
1422 4385 1726 4453 inquisitor,
1770 4401 1871 4441 nec
1923 4386 2156 4441 Rodola-

583 4475 720 4539 rius,
738 4490 840 4528 nec
870 4475 1064 4544 aliquis
1091 4475 1394 4542 hujusinodi
1418 4477 1484 4531 de
1512 4479 1889 4545 promovendis
1911 4479 1976 4532 ad
1992 4479 2174 4545 eccle

583 4563 836 4620 siasticos
863 4565 1081 4619 ordines
1122 4564 1324 4636 aliquid
1385 4566 1555 4621 tollat.
1610 4568 1762 4633 Quod
1817 4570 1860 4622 si
1901 4570 2164 4624 suadente

588 4655 820 4720 diabolo,
852 4657 1186 4727 sive'aliqnis
1224 4666 1490 4723 nostrum,
1529 4659 1622 4728 qui
1654 4675 1796 4714 nunc
1822 4674 2027 4724 sumus,
2051 4660 2163 4714 sive

583 4762 957 4804 successorum
1005 4757 1332 4813 nostrorum,
1385 4750 1476 4817 qui
1518 4758 1641 4818 post
1669 4764 1766 4803 nos
1814 4749 1975 4803 futuri
2018 4759 2162 4814 sunt,

590 4836 749 4906 hujus
784 4838 1152 4892 saluberrimae
1179 4838 1554 4908 promissionis
1585 4839 1814 4892 violator
1865 4841 2158 4902 exstiterit,

560 4936 647 4982 ‘et
672 4927 878 4997 aliquid
910 4929 960 4982 in
986 4929 1326 4984 conferendis
1354 4927 1636 4983 ordinibus
1665 4929 1853 4984 tollere
1900 4928 2159 4998 pestifera

591 5013 957 5089 negotiatione
989 5019 1424 5087 praesumpserit:
1455 5020 1610 5073 dator
1633 5017 1791 5072 simul
1833 5025 1888 5071 et
1917 5026 2164 5087 acceptor

584 5127 706 5166 cum
761 5112 875 5182 ipso
925 5112 1146 5166 hmrcsis
1210 5111 1368 5178 hujus
1397 5121 1616 5166 auctore
1661 5111 1882 5164 Simone
1906 5119 2166 5180 perpetuo

564 5204 953 5261 ‘anathematis
979 5203 1191 5257 vinculo
1211 5204 1632 5276 constringatur,
1661 5211 1714 5256 et
1744 5219 1771 5254 a
1798 5202 1890 5256 Dei
1917 5202 2164 5270 omnipo—

587 5295 771 5346 tentis.
803 5294 1148 5346 omniumnue
1195 5305 1505 5346 sanctorum
1561 5293 2158 5346 consortioseparatus.

2254 1878 2396 1916 mam
2427 1863 2861 1918 constitutionem
2904 1876 3321 1935 perseveranter
3367 1868 3589 1937 implere
3632 1885 3829 1924 concc-

2253 1950 2365 2014 dat,
2401 1951 2492 2019 qui
2529 1966 2650 2005 cum
2679 1952 2863 2018 Patre,
2891 1963 2945 2007 et
2969 1953 3106 2010 Filio
3134 1955 3267 2009 vivit
3298 1957 3350 2010 in
3385 1956 3578 2012 sarcula
3607 1956 3827 2012 saeculo-

2253 2055 2393 2094 rum.
2423 2039 2616 2094 Amen.

2321 2131 2433 2201 Ego
2460 2130 2553 2185 Dei
2580 2133 2752 2200 gratia
2779 2132 2960 2198 Wido,
2987 2133 3399 2191 Mediolaneusis
3437 2136 3692 2191 Ecclesia:
3738 2151 3824 2189 ar-

2251 2219 2649 2290 chiepiscopus,
2676 2222 2814 2278 hanc
2840 2225 3182 2292 sponsionem
3211 2241 3341 2281 ame
3365 2225 3564 2282 factam
3594 2227 3829 2292 firmavi,

2255 2312 2522 2376 roboravi,
2553 2322 2714 2383 atque
2727 2316 3045 2385 subscripsi.
3072 2316 3424 2372 Odaldericus
3437 2319 3829 2382 vicedominus,

2252 2410 2307 2456 et
2327 2403 2610 2474 presbyter
2631 2404 2946 2473 subscripsi.
2975 2405 3252 2461 Griberius
3279 2407 3564 2476 presbyter
3589 2408 3827 2463 subscri-

2253 2494 2357 2561 psi.
2381 2494 2677 2548 Arderatus
2698 2495 2978 2566 presbyter
3001 2495 3319 2564 subscripsi.
3370 2495 3497 2550 Atto
3539 2496 3829 2568 presbyter

2255 2585 2570 2653 subscripsi.
2598 2584 2936 2654 Ariprandus
2966 2586 3182 2656 indigne
3203 2587 3462 2642 diaconus
3506 2588 3822 2658 subscripsi.

2253 2674 2544 2729 Ardericus
2573 2673 2832 2728 diaconus
2854 2675 3166 2744 subscripsi.
3201 2675 3517 2730 Ambrosius
3571 2675 3829 2732 diaconus

2254 2762 2571 2832 subscripsi.
2601 2762 2736 2817 Acto
2769 2762 3029 2818 diaconus
3063 2763 3380 2831 sull'scripsi.
3409 2763 3578 2818 Adam
3607 2765 3825 2818 subdia-

2253 2871 2421 2911 conus
2450 2856 2762 2925 subscripsi.
2786 2855 3103 2924 Lyprandus
3125 2853 3486 2910 subdiaconus
3509 2854 3823 2924 subscripsi.

2253 2944 2602 3014 Landulphus
2630 2945 2992 2999 subdiaconus
3029 2941 3341 3011 subscripsi.
3375 2943 3512 2996 Acte
3545 2940 3826 2998 subdiaco-

2255 3051 2357 3090 nus
2384 3035 2699 3104 subscripsi,
2725 3043 2781 3089 et
2806 3034 2896 3087 alii
2925 3033 3316 3102 subscripsere.

2645 3126 3031 3196 Jusjurandum
3054 3123 3441 3194 archiepiswpi.

2329 3219 2675 3276 Postmodum
2712 3219 2973 3273 accedens
3019 3218 3158 3271 idem
3219 3215 3655 3285 archiepiscopus
3704 3225 3832 3271 ante

2260 3321 2504 3366 sanctum
2533 3311 2722 3374 altare,
2756 3317 3018 3378 praesente
3073 3307 3291 3360 domino
3318 3306 3580 3369 Lucense,
3629 3305 3833 3371 juravit

2262 3399 2313 3453 in
2345 3414 2561 3452 manum
2590 3414 2788 3462 meam,
2830 3397 3041 3451 dicens:
3077 3393 3132 3448 Si
3160 3395 3295 3460 haec,
3341 3394 3533 3462 inquit,
3559 3395 3625 3448 de
3656 3396 3832 3450 Simo-

2262 3487 2417 3540 niaca
2465 3496 2520 3541 et
2551 3483 3160 3540 Nicolaitarumhazresi
3191 3481 3438 3546 delenda,
3488 3490 3543 3535 et
3592 3481 3834 3540 funditus

2261 3575 2586 3630 destruenda
2609 3575 2836 3629 ﬁdeliter
2861 3589 2966 3628 non
2979 3572 3359 3636 observavero,
3386 3572 3454 3625 ab
3475 3573 3832 3641 omnipotenti

2263 3666 2372 3721 Deo
2396 3674 2450 3718 et
2467 3666 2716 3720 erunibus
2739 3665 2938 3719 sanctis
2957 3664 3056 3718 sim
3087 3663 3596 3724 excommunicatus,
3627 3671 3678 3716 et
3695 3677 3832 3716 ana-

2263 3754 2664 3816 thematizatus,
2695 3761 2747 3806 et
2779 3754 2847 3807 ab
2891 3751 3038 3806 omni
3087 3749 3517 3805 Christianorum
3559 3749 3834 3804 consortio

2264 3844 2509 3898 inveniar
2531 3845 2758 3897 alienus.
2803 3839 3067 3896 Similiter
3091 3850 3146 3895 et
3167 3839 3558 3904 vicedominus,
3601 3847 3656 3892 et
3704 3853 3834 3894 can-

2264 3933 2514 3988 cellarius
2537 3931 2674 4001 ejus,
2703 3941 2758 3987 et
2783 3946 2973 3986 omnes
2995 3931 3087 3985 alii
3109 3930 3199 4000 qui
3229 3932 3456 3984 aderant
3493 3927 3678 3983 clerici
3706 3943 3831 3983 ma-

2263 4038 2365 4078 nus
2388 4038 2513 4078 suas
2537 4022 2589 4076 in
2618 4037 2833 4077 manum
2864 4035 3038 4076 meam
3067 4021 3348 4084 dederunt,
3388 4029 3442 4074 et
3483 4019 3598 4073 haec
3641 4017 3832 4074 eadem

2264 4109 2837 4167 excommunicatiouis
2891 4109 3326 4164 etanathematis
3353 4107 3516 4161 verba
3560 4107 3829 4160 dixerunt.

2264 4202 2466 4258 Deinde
2486 4201 2717 4257 accessit
2739 4201 3052 4270 Arnulphus
3081 4216 3246 4268 nepos
3267 4196 3676 4266 archiepiscopi,
3735 4196 3834 4249 ho-

2264 4304 2450 4348 nestus
2477 4293 3045 4360 videlicetetprudens
3069 4290 3321 4354 clericus,
3351 4287 3503 4357 cujus
3524 4301 3684 4340 unam
3713 4299 3831 4338 ma-

2265 4399 2390 4436 num
2414 4384 2849 4453 archiepiscopus
2874 4383 3063 4446 tenuit,
3097 4382 3320 4434 alteram
3366 4380 3478 4448 ipse
3512 4391 3672 4446 super
3710 4392 3836 4431 san-

2266 4483 2408 4528 ctum
2436 4473 2784 4542 Evangeliqu
2813 4472 3013 4541 posuit,
3050 4482 3106 4525 et
3126 4471 3346 4540 juravit,
3381 4468 3599 4522 dicens:
3653 4466 3837 4520 Domi-

2267 4579 2368 4619 nus
2400 4578 2550 4618 meus
2577 4562 2736 4616 Wido
2773 4562 3231 4631 archiepiscopus,
3261 4559 3349 4628 qui
3377 4560 3463 4612 hic
3508 4566 3610 4621 est,
3637 4557 3706 4610 ab
3735 4558 3836 4612 bo-

2267 4653 2352 4706 die
2379 4653 2432 4706 in
2462 4661 2642 4714 antea,
2671 4660 2726 4704 ct
2753 4651 2894 4719 quod
2922 4649 3171 4720 promisit
3203 4650 3270 4703 de
3321 4647 3567 4701 castitate
3617 4645 3837 4698 clerico-

2267 4760 2406 4808 rum,
2445 4742 2671 4798 fideliter
2703 4743 3038 4796 observabit:
3077 4751 3130 4793 et
3152 4742 3367 4807 insuper
3392 4749 3667 4802 nunquam
3711 4748 3839 4788 con-

2267 4832 2504 4888 secrabit
2532 4829 2759 4897 alicujus
2783 4828 3272 4884 ordinisclcricum
3303 4838 3408 4878 suae
3430 4822 3680 4876 direccsis
3697 4833 3836 4890 prae-

2264 4933 2346 4977 ter
2375 4923 2686 4985 monachos,
2724 4935 2883 4989 quem
2929 4928 3056 4973 ante
3084 4917 3473 4987 promotionetn
3522 4925 3628 4965 non
3678 4909 3841 4964 faciet

2260 5016 2465 5084 jurare,
2505 5012 2644 5082 quod
2677 5012 2729 5064 in
2760 5013 2861 5065 hoc
2907 5006 3180 5063 breviculo
3216 5005 3476 5073 scriptum
3501 5011 3608 5055 est.
3634 5001 3728 5056 Sic
3755 5013 3840 5053 me

2268 5107 2408 5162 Deus
2436 5105 2668 5172 adjuvet,
2699 5113 2754 5158 ct
2783 5102 2886 5156 ista
2909 5109 3092 5154 sancta
3123 5095 3431 5166 Evangelia.

2373 5195 2401 5248 Ι
2408 5193 2646 5248 ridiculus
2674 5191 2986 5246 sacramenti
3007 5203 3186 5242 eorum
3205 5188 3294 5256 qui
3313 5192 3702 5255 promoventur.

2341 5286 2444 5340 Pro
2475 5283 2829 5346 suscipiendis
2853 5278 3238 5336 ecclesiasticis
3281 5275 3552 5346 gradibus,
3601 5275 3722 5330 sive
3749 5289 3843 5344 per
