4080 5346
250 191 322 247 9T

697 273 1006 332 Paniteutt'a
1034 275 1424 343 archiepiscOpi.

325 371 444 426 Hoc
481 369 624 424 facto
653 368 904 423 dominus
933 365 1374 435 archiepiscopus
1421 364 1564 418 illico
1596 363 1650 416 in
1692 362 1841 432 pavi-

253 474 499 518 mentum
523 477 648 516 cum
673 460 821 516 omni
847 456 1538 527 humilitateprosternitur,
1555 463 1608 509 et
1636 453 1838 524 injungi

188 560 196 569 ‘
251 557 357 610 sibi
385 554 763 625 pmnitentiam
786 567 884 623 pro
916 549 1224 606 venalitatis
1257 547 1415 616 hujus
1444 546 1676 602 nefando
1693 561 1842 600 com-

253 648 461 702 mercio
487 647 851 716 deprecatur:
889 641 1040 710 cujus
1069 640 1319 696 videlicet
1355 637 1576 694 sceleris
1615 637 1744 691 licet
1787 636 1839 690 in

253 739 346 792 illa
374 737 610 792 Ecclesia
636 752 742 789 non
771 735 1122 804 ipse.primus
1153 731 1420 786 exstiterit
1455 740 1680 793 auctor;
1735 741 1839 780 non

250 839 440 884 tamen
467 838 526 882 ut
553 827 762 889 debuit,
794 825 969 878 fuerat
1008 823 1359 891 exstirpator.
1387 818 1615 874 Centum
1659 817 1842 885 itaque

247 935 518 976 annorum
539 918 639 974 sibi
663 917 1035 986 pmnitentiam
1104 915 1314 980 indicit,
1355 912 1464 984 83
1514 909 1840 979 redemptio—

247 1025 486 1081 nemqne
507 1010 624 1078 ejus
649 1017 888 1061 taxatam
914 1023 1009 1076 per
1031 1019 1470 1074 unumquemque
1495 1019 1697 1058 annum
1744 1019 1840 1072 pe-

244 1102 424 1157 cunia:
446 1099 750 1170 quantitate
779 1097 1026 1166 prmlixit.

269 1190 668 1261 Jusjurandum
693 1187 1068 1257 archiepiswpi
1095 1196 1141 1240 et
1183 1184 1362 1256 populi
1392 1201 1493 1238 non
1533 1185 1812 1238 diversum.

322 1281 445 1337 Mox
471 1279 729 1349 majorem
757 1278 1044 1334 ecclesiam
1085 1277 1244 1331 simul
1285 1277 1537 1347 ingressi,
1577 1275 1842 1345 pulpitum

243 1373 616 1429 ascendimus.
647 1372 799 1426 Tunc
831 1386 1015 1425 coram
1039 1369 1260 1438 copioso
1279 1369 1474 1438 populo
1501 1369 1758 1429 civitatis,
1789 1378 1845 1422 et

241 1465 415 1529 clero,
445 1464 704 1518 clericum
728 1477 906 1525 suum,
939 1461 1097 1515 tactis
1124 1460 1485 1514 sacrosanctis
1515 1458 1840 1529 Evangeliis,

234 1556 431 1627 jurare
455 1555 579 1618 feci,
612 1554 759 1624 quod
792 1554 904 1623 ipse
930 1552 1372 1620 archiepiscopus
1397 1551 1568 1606 donec
1621 1551 1840 1606 advive-

1258 183 1502 241 OPUSC.
1539 181 1606 240 V.
1642 212 1713 223 —
1745 181 1972 237 ACTUS
2007 182 2573 246 MEDIOLANENSIS.

1874 279 1923 336 Α
1951 273 2044 341 qui
2075 273 2246 327 solum
2275 277 2582 332 constituta:
2611 293 2639 332 a
2665 279 2878 336 diabolo
2899 280 3011 355 84
3041 286 3238 355 regula:
3268 305 3533 348 canonem

3463 209 3532 264 98

1943 362 2231 429 dederunt,
2258 365 2331 418 ita
2363 374 2423 419 ut
2473 369 2713 423 nonnulli
2739 385 2926 427 eorum
2960 376 3050 429 vix
3103 389 3382 446 peccatum
3430 384 3533 440 hoc

1943 468 2066 508 esse
2094 465 2507 525 cognoscerent,
2557 461 2798 528 quinque
2847 479 3112 521 annorum
3149 475 3530 538 pmnitentiam

1943 554 2294 614 acceperunt.
2319 545 2433 601 Hoc
2453 547 2616 603 modo
2644 558 2702 605 ut
2722 555 2867 608 omni
2899 564 3159 626 tempore,
3197 576 3409 633 testate,
3450 569 3530 623 si-

1943 633 2055 687 mul
2078 643 2133 688 et
2159 635 2360 700 hieme,
2385 638 2520 692 duos
2541 638 2676 704 dies,
2704 641 2913 699 duabus
2931 656 3110 704 autem
3133 656 3260 708 anni
3291 657 3532 723 Quadra-

1944 725 2183 796 gesitnis,
2218 726 2459 784 Natalem
2490 731 2759 801 videlicet,
2791 745 2845 790 et
2873 749 3118 796 sanctum
3144 745 3348 803 Pascha
3385 767 3525 821 prae-

1943 817 2282 884 cedentibus,
2315 830 2423 876 tres
2445 823 2559 878 dies
2585 841 2683 895 per
2705 828 3099 887 hebdomadam
3120 817 3430 905 jejunarcnt
3473 845 3528 898 in

1945 920 2082 975 pane
2103 918 2159 962 et
2183 925 2343 979 aqua.
2364 911 2566 966 Eorum
2593 925 2794 983 autem,
2819 921 2908 988 qui
2940 922 3060 991 plus
3085 925 3368 997 dederunt,
3403 947 3526 1004 sep-

1946 1010 2343 1092 tem-annorum
2377 1013 2462 1058 est
2481 1007 2822 1076 ptenitentia,
2848 1014 2951 1068 sub
2984 1016 3172 1071 eadem
3214 1020 3424 1076 scilicet
3446 1024 3530 1092 jc-

1939 1088 2077 1157 junii
2129 1093 2435 1159 quantitate
2501 1095 2752 1152 distincta
2808 1116 2822 1162 ;
2899 1113 3129 1174 postque
3190 1088 3529 1178 scptennitnn

1944 1183 2182 1250 quandiu
2219 1185 2473 1250 vixerint,
2529 1198 2742 1244 sextam
2789 1191 2983 1249 feriam
3026 1197 3370 1266 jejunabant.
3425 1205 3530 1272 Qui

1945 1280 2122 1326 autem
2146 1272 2394 1342 jejunare
2416 1274 2574 1332 facile
2591 1295 2698 1332 non
2722 1291 2915 1349 potest,
2947 1301 3110 1341 unum
3139 1304 3203 1344 ex
3231 1292 3314 1348 his
3341 1296 3532 1351 diebus

1947 1377 2041 1431 per
2068 1379 2284 1418 omnem
2316 1367 2706 1423 hebdomadam
2731 1374 2999 1430 redimere
3025 1377 3299 1435 licentiam
3346 1385 3532 1449 habet,

1948 1451 2103 1509 itaut
2129 1473 2293 1510 unutn
2319 1458 2634 1526 psalterium
2668 1463 2979 1530 meditetur,
3014 1479 3105 1520 aut
3141 1473 3374 1528 medium
3407 1492 3531 1530 cum

1947 1545 2333 1616 quinquaginta
2357 1550 2664 1615 metanoeis,
2695 1561 2787 1606 aut
2816 1569 2980 1609 unum
3005 1572 3298 1626 pauperem
3322 1576 3530 1632 pascat,

242 1656 353 1711 ret,
382 1647 436 1700 in
464 1654 729 1715 quantum
780 1651 965 1714 posset
1007 1643 1272 1712 (excepta
1318 1657 1541 1696 suorum
1572 1641 1836 1696 bonorum
1870 1634 1913 1691 Β
1941 1642 1996 1687 et
2019 1633 2144 1688 lotis
2165 1637 2392 1704 pedibus
2415 1653 2695 1693 numtnutn
2740 1645 2998 1713 porrigat.
3036 1648 3148 1702 lloc
3177 1650 3398 1720 insuper
3435 1656 3533 1707 do-

237 1737 488 1801 datione,
511 1737 556 1793 si
585 1733 784 1803 nollet)
813 1734 946 1788 istas
967 1733 1118 1798 duas,
1151 1731 1539 1787 Nicolaitarutn
1586 1732 1838 1787 videlicet

237 1843 304 1880 ac
332 1826 772 1882 Simoniacorum
799 1825 1057 1887 ltzereses,
1085 1824 1234 1879 omni
1277 1823 1458 1878 studio
1486 1824 1723 1894 totisque
1752 1823 1835 1878 vi-

235 1919 391 1974 ribus
412 1917 625 1972 sincere
650 1933 713 1972 ac
746 1917 976 1972 fideliter
1004 1917 1310 1986 exstirpare
1343 1917 1732 1972 contenderet:
1759 1917 1835 1972 ita

234 2020 297 2062 ut
325 2024 504 2079 neque
541 2008 881 2080 presbytero,
932 2023 1107 2078 neque
1136 2009 1384 2073 diacono,
1415 2023 1592 2078 neque
1614 2009 1834 2063 subdia-

232 2117 400 2165 cono,
422 2100 679 2156 feminam
710 2115 832 2155 cum
859 2100 1026 2171 gradu
1045 2098 1206 2154 simul
1235 2099 1438 2154 habere
1470 2099 1830 2168 permitteret:

233 2207 264 2244 a
290 2190 641 2246 conferendis
665 2191 832 2245 etiam
855 2188 1238 2244 ecclesiasticis
1263 2189 1620 2243 sacramentis
1663 2202 1844 2276 vena-1

232 2280 409 2334 litatis
437 2294 603 2334 omne
650 2278 1037 2334 commercium
1063 2276 1304 2332 funditus
1329 2277 1660 2346 prohiberet.
1691 2275 1857 2346 ldip-g

231 2387 359 2426 sum
401 2369 784 2441 jusjurandum
823 2378 1016 2423 contra
1065 2367 1409 2422 Simoniacos
1456 2357 1860 2444 ctNicolaitas

229 2462 576 2530 permaxima
604 2477 733 2531 pars
756 2460 938 2530 populi
973 2474 1079 2514 non
1111 2460 1272 2514 modo
1301 2457 1498 2524 civilis,
1528 2460 1623 2513 sed
1650 2467 1705 2512 et
1736 2459 1852 2512 su-l

230 2489 576 2530 ικπιυξιλιιιιίι
605 2489 733 2531 μιιδ
756 2489 938 2530 μυμυιι
973 2489 1079 2514 ΙΙυΙΙ
1112 2489 1272 2514 ιυυυυ
1301 2489 1498 2524 υινιιιδ,
1528 2489 1623 2513 δῠυ
1650 2489 1705 2512 ει
1736 2489 1855 2528 ου’-ς

228 2550 472 2605 burbani
510 2550 624 2620 jam
677 2549 918 2614 dederat,
978 2564 1209 2619 quorum
1263 2548 1515 2603 videlicet
1542 2548 1872 2662 multitudo)

228 2639 346 2662 _2II
368 2639 600 2662 -_-_!.\M
654 2648 708 2662 --ι
744 2638 916 2662 Ρκκιιι..
970 2654 1251 2662 ...-----..-....ι.
1291 2640 1582 2662 -..--J-I...a
1642 2639 1732 2662 112-
1757 2641 1825 2662 ει,

227 2639 626 2704 millenarium,
654 2648 714 2694 ut
743 2638 936 2704 fertur,
968 2654 1255 2694 numerum
1287 2640 1608 2694 excedebat.
1639 2639 1734 2694 His
1757 2641 1829 2694 ita

225 2730 424 2799 gestis,
462 2730 928 2800 consideratisque
950 2739 1263 2786 sanctorum
1286 2730 1506 2784 Patrum
1522 2730 1826 2795 sententiis,

225 2834 370 2887 quos
393 2821 650 2889 superius
674 2821 1114 2886 memoravimus,
1145 2821 1508 2892 aliorumque,
1545 2837 1684 2890 quos
1713 2831 1830 2876 stu-

225 2910 318 2963 dio
348 2909 640 2965 brevitatis
666 2911 969 2976 omisimus,
1000 2911 1176 2965 visum
1208 2917 1292 2964 est
1334 2911 1514 2973 nobis,
1547 2919 1602 2964 ut
1635 2925 1827 2965 omnes

1941 1725 2091 1778 mino
2120 1726 2530 1798 archiepiscopo
2560 1732 2913 1799 promittente
2937 1737 3080 1803 quod
3104 1752 3295 1795 onmcs
3325 1745 3531 1797 oratio-

1937 1817 2023 1871 nis
2051 1832 2211 1873 causa
2235 1820 2420 1888 procul
2438 1821 2552 1891 ipse
2575 1823 2853 1893 dirigeret,
2869 1827 2983 1882 sive
2997 1828 3248 1886 videlicet
3274 1832 3525 1900 Romam,

1937 1909 2050 1962 sive
2070 1909 2377 1976 Turonum;
2410 1912 2522 1980 ipse
2546 1922 2728 1968 autem
2780 1916 3224 1988 archiepiscopus
3251 1923 3526 1990 profectu-

1937 2013 2055 2052 rum
2080 2015 2139 2054 se
2162 2000 2227 2053 ad
2252 2001 2311 2053 B.
2337 2001 2522 2057 Jacobi
2551 2005 2916 2061 venerabilem
2946 2009 3230 2077 tumulum,
3256 2015 3346 2082 qui
3369 2026 3452 2069 est
3473 2015 3527 2070 in

1938 2092 2215 2161 Hispania,
2246 2095 2588 2164 disponebat.

2006 2185 2101 2240 llis
2135 2187 2315 2254 itaque
2347 2187 2438 2240 tali
2486 2189 2646 2243 modo
2677 2191 3062 2259 reconciliatis,
3093 2195 3370 2253 decretum
3416 2211 3525 2264 est,

1935 2283 1994 2330 ut
2023 2290 2128 2330 non
2180 2292 2304 2331 mox
2330 2278 2532 2347 passim
2563 2281 2816 2336 omnibus
2859 2284 3114 2340 reddetur
3143 2285 3399 2354 oﬂicium,
3433 2294 3529 2346 sed

1934 2367 2019 2421 his
2047 2368 2334 2434 duntaxat,
2358 2369 2452 2439 qui
2482 2380 2536 2424 et
2555 2370 2753 2427 litteris
2783 2375 3002 2439 eruditi,
3027 2385 3084 2432 et
3112 2380 3271 2444 casti,
3321 2389 3377 2434 et
3415 2397 3527 2434 nm-

1933 2471 2052 2510 rum
2099 2460 2365 2526 gravitate
2407 2459 2721 2515 viderentur
2775 2462 3023 2530 honesti;
3077 2469 3290 2523 caneris
3343 2480 3526 2526 autem

1931 2547 2225 2615 sufﬁceret,
2255 2551 2396 2619 quod
2419 2561 2620 2606 sancta:
2638 2553 2896 2608 Ecclesia:
2916 2567 3014 2625 per
3038 2557 3273 2612 divinam
3296 2564 3528 2632 gratiam

1931 2645 2112 2691 essent
2142 2654 2332 2694 rursus
2364 2640 2577 2704 inserti,
2605 2657 2634 2695 a
2667 2658 2775 2712 qua
2801 2649 3030 2700 eatenus
3067 2645 3285 2703 fuerant
3333 2651 3529 2706 divina:

1931 2730 2215 2784 sententiae
2243 2729 2381 2786 falce
2409 2733 2642 2801 prcecisi.
2693 2734 2770 2788 llli
2799 2737 2965 2792 etiam
3011 2739 3138 2809 ipsi,
3175 2742 3374 2810 quibus
3432 2745 3529 2799 mi-

1931 2821 2202 2878 nistrandi
2225 2823 2447 2879 licentia
2477 2827 2745 2892 redditur,
2779 2845 2884 2884 non
2908 2847 2975 2884 ex
3007 2833 3149 2885 male
3171 2846 3410 2889 mercata
3436 2852 3528 2891 vc-

1932 2910 2034 2964 teri
2085 2913 2430 2968 ordinatione
2475 2916 2544 2969 ad
2573 2919 2833 2973 amissum
2863 2931 3190 2989 reparantur
3236 2925 3470 2980 oflicium
3505 2945 3520 2978 :

225 2998 300 3051 illi
326 2999 545 3067 clerici.
578 3009 794 3070 accepta
823 3001 1164 3070 pmnitentia,
1222 3001 1366 3054 inter
1406 3000 1692 3053 missarum
1734 3015 1827 3054 so-
1855 2991 1900 3052 C
1932 3004 2024 3058 sed
2052 3019 2118 3057 ex
2144 3004 2231 3058 illa
2263 3009 2444 3074 potius
2493 3008 2638 3062 beati
2686 3011 3053 3078 apostolorum
3100 3016 3365 3085 principis
3407 3017 3525 3072 elli-

224 3089 436 3143 lemnia
469 3090 973 3156 reconciliarentur,
1028 3099 1347 3145 ornamenta
1377 3091 1442 3145 de
1489 3105 1654 3144 manu
1708 3090 1825 3160 epi-

222 3179 379 3247 scopi
411 3180 761 3248 recipientes,
791 3181 932 3236 sicut
968 3180 1279 3235 Fulbertum
1303 3181 1632 3250 episc0pum,
1665 3195 1830 3250 supra

221 3271 606 3335 narravimus,
623 3271 833 3327 dedisse
849 3273 1133 3328 consilium
1151 3290 1167 3336 ;
1183 3274 1287 3327 hoc
1304 3280 1481 3326 tamen
1498 3273 1668 3342 prius,
1685 3273 1828 3342 quod

222 3359 371 3414 infra
421 3361 685 3430 scriptum
731 3372 835 3429 est,
889 3372 1013 3418 ante
1053 3371 1300 3418 sanctum
1348 3361 1522 3417 altare
1566 3361 1826 3433 legentes.

278 3467 280 3471 ·
661 3451 1050 3522 Jusjurandum
1071 3452 1399 3508 clericorum.

298 3548 422 3619 Ego
452 3548 709 3604 Arialdus
732 3551 906 3605 dictus
935 3551 1195 3606 diaconus
1221 3550 1284 3604 de
1324 3548 1525 3620 capella
1568 3549 1827 3605 Mediola-

223 3639 419 3692 nensis
446 3638 841 3710 archiepiscopi
871 3641 972 3694 hac
1001 3641 1294 3708 scriptura,
1326 3654 1492 3708 quam
1515 3654 1678 3693 manu
1703 3654 1826 3694 mea

221 3729 451 3800 scripsi,
488 3729 746 3800 proﬁteor
770 3746 852 3785 tne
882 3746 1002 3784 eam
1034 3732 1192 3786 fidem
1222 3739 1426 3793 tenere,
1452 3744 1617 3799 quam
1640 3743 1825 3784 sacro-

223 3833 421 3878 sancta
450 3831 658 3892 septem
681 3823 907 3877 concilia
929 3823 1261 3895 evangelica,
1288 3831 1342 3878 et
1385 3823 1681 3892 apostolica
1726 3837 1824 3875 au-

223 3913 486 3968 ctoritate
542 3911 846 3977 ﬁrmarunt,
883 3922 936 3967 et
984 3930 1149 3984 quam
1195 3913 1495 3969 beatissimi
1541 3913 1823 3984 pontifices

223 4004 464 4058 Romani
497 4004 564 4057 ad
587 4005 832 4059 diversos
871 4005 997 4060 data
1051 4005 1438 4074 prmdicatione
1471 4003 1823 4060 lucidissima:

192 4096 482 4156 averitatis
501 4103 886 4162 exposuerunt.
913 4095 1328 4150 Auathematizo
1353 4109 1570 4164 quoque
1597 4109 1824 4164 genera-

190 4193 198 4252 ζ
224 4184 352 4239 liter
380 4201 572 4239 omnes
597 4186 850 4251 luereses,
874 4186 1192 4242 extollentes
1217 4200 1274 4240 se
1288 4186 1546 4240 adversus
1575 4199 1819 4242 sanctam

187 4257 552 4358 lcatholicam
581 4287 637 4332 et
689 4279 1032 4347 apostolicam
1067 4278 1392 4344 Ecclesium,»
1413 4287 1468 4332 et
1517 4279 1822 4348 specialiter

196 4385 205 4430 ς
225 4383 360 4422 vero
395 4377 562 4437 atque
591 4369 908 4423 nominatim
937 4371 1298 4425 Simoniacam
1323 4371 1591 4434 haeresim,
1615 4387 1735 4441 qua:
1759 4371 1814 4425 in

225 4456 398 4524 ipsam
429 4455 732 4511 Ecclesium
755 4469 977 4512 conatur
1019 4459 1362 4514 introducere
1391 4476 1672 4515 sacrorum
1726 4475 1814 4515 or—

224 4547 442 4611 dinum,
497 4547 617 4602 sive
674 4547 968 4604 ofﬁciorum
1027 4551 1367 4606 maledictam
1434 4553 1810 4607 venalitatem:

223 4637 426 4691 deinde
466 4637 860 4694 Nicolaitarum
887 4655 1040 4710 aeque
1092 4642 1508 4697 abominabilem
1537 4644 1811 4710 hwresim,

225 4741 349 4798 qure
377 4727 723 4798 impudenter
745 4730 909 4784 latrat
938 4731 1279 4786 sacrialtaris
1301 4733 1578 4789 ministros
1593 4735 1810 4789 debere.

223 4816 305 4871 vel
328 4832 490 4886 posse
515 4819 745 4875 licenter
773 4823 852 4876 uti
882 4823 1220 4894 conjugibus,
1238 4827 1505 4892 quomodo
1525 4835 1579 4882 et
1607 4825 1774 4880 laicos
1800 4842 1814 4878 :

226 4908 371 4960 unde
407 4905 537 4977 quia
569 4910 656 4964 his
685 4911 875 4966 diebus
903 4912 984 4967 ba:
1040 4916 1161 4968 dua:
1196 4915 1448 4978 haereses,
1481 4917 1692 4974 scilicet
1731 4916 1817 4970 Si-

225 4999 604 5054 moniacorum
633 5010 688 5056 et
711 5002 1113 5068 Nicolaitarum,
1159 5005 1377 5072 gravius
1397 5007 1694 5062 Ecclesium
1722 5006 1814 5059 Dei

227 5100 425 5146 vexant
449 5102 506 5147 et
559 5093 903 5162 impugnant;
938 5093 1276 5149 Simoniacos
1313 5109 1520 5164 omnes,
1570 5107 1628 5151 et
1657 5094 1811 5150 Nico-

224 5179 380 5238 laitas
413 5199 538 5238 cum
589 5185 948 5254 dogmatibus,
993 5183 1307 5241 auctoribus
1345 5188 1814 5255 sectatoribusque

226 5275 337 5329 suis
359 5285 570 5331 :eterno
621 5276 964 5330 anathemate
1007 5279 1200 5346 dignos
1220 5290 1340 5331 esse
1364 5281 1678 5346 pronuntio,
1718 5277 1812 5346 ju-

1849 4341 1896 4397 D

1931 3096 2219 3150 cacissima
2270 3099 2621 3165 auctoritate,
2649 3115 2755 3170 qua
2798 3105 2851 3157 in
2895 3105 3112 3160 beatum
3157 3107 3523 3178 Apollinarem

1932 3195 2152 3255 repente
2173 3202 2301 3241 usus
2319 3197 2425 3252 est,
2458 3189 2645 3245 dicens
2669 3206 2684 3246 :
2708 3190 2900 3263 Surge,
2926 3195 3122 3266 inquit,
3144 3201 3328 3269 accipe
3353 3201 3526 3272 Spiri-

1933 3286 2042 3332 tum
2066 3289 2337 3344 sanctum,
2368 3282 2636 3352 simulque
2657 3282 3069 3353 pontificatum.—

2000 3367 2139 3424 Ecce
2158 3385 2374 3424 omnem
2404 3371 2746 3428 discretionis
2795 3375 2940 3431 illius
2967 3379 3211 3434 ordinem
3241 3384 3385 3448 apud
3415 3384 3527 3439 Me-

1927 3458 2297 3516 diolanensem
2329 3460 2518 3516 urbem
2565 3463 2832 3531 habitum,
2865 3466 3101 3523 breviter
3128 3474 3477 3540 exposuimus
3503 3495 3516 3529 :

1928 3551 2103 3606 adhuc
2133 3561 2312 3607 tamen
2341 3563 2520 3608 utrum
2550 3555 2696 3610 sedis
2724 3558 3032 3626 apostolicae
3055 3560 3258 3630 judicio
3279 3562 3514 3633 placeat,

1927 3641 2316 3712 ignoravimus.
2348 3642 2458 3699 Nos
2485 3645 2653 3710 enim,
2679 3647 2722 3700 si
2757 3649 2886 3717 quid
2912 3651 3236 3716 erravimus,
3267 3654 3335 3707 ad
3370 3653 3521 3709 Petri

1927 3734 2297 3804 magisterium
2334 3736 2637 3807 corrigendi
2689 3737 2922 3794 libenter
2975 3743 3386 3809 accedimus,et
3436 3763 3520 3800 re-

1928 3809 2265 3883 tractationis
2287 3829 2639 3899 opprobrium
2668 3847 2772 3885 non
2804 3847 3074 3887 veremur.
3108 3833 3232 3889 Haec
3258 3845 3341 3890 est
3369 3837 3515 3891 enim

1925 3919 2038 3982 illa,
2062 3931 2118 3974 ut
2151 3923 2224 3976 ita
2257 3921 2468 3991 loquar,
2505 3921 2715 3979 ofﬁcina
2760 3923 2970 3985 fabrilis
3014 3927 3101 3980 cui
3154 3929 3410 3982 nimirum
3445 3930 3510 3990 is,

1925 4012 2014 4079 qui
2046 4011 2184 4066 fabri
2221 4013 2503 4068 dicebatur
2531 4015 2674 4069 illius
2700 4017 2969 4082 praesidet,
2999 4019 3064 4071 ad
3093 4020 3245 4088 cujus
3273 4021 3515 4089 regulam

1925 4103 2104 4155 onmis
2135 4103 2330 4157 merito
2362 4113 2578 4160 moneta
2607 4105 2912 4159 reducitur:
2950 4108 3017 4160 ad
3040 4107 3192 4176 cujus
3229 4111 3513 4164 τροιίευλῑρ

1924 4193 2010 4246 nis
2036 4192 2230 4247 lineam
2259 4194 2518 4262 quidquid
2551 4196 2757 4262 uspiam
2802 4197 3150 4265 depravatum
3205 4201 3384 4267 fuerit,
3420 4219 3510 4258 re-
3592 4228 3599 4236 -

1922 4280 2209 4336 formatur.
2239 4283 2429 4339 Utrum
2452 4294 2632 4363 autem
2657 4299 2760 4355 ego
2777 4286 2828 4339 in
2845 4288 3280 4346 reconciliatione
3298 4291 3510 4347 illorum

1919 4376 2240 4439 erraverim,
2287 4377 2487 4431 nescio.
2541 4376 2713 4431 Unum
2762 4387 2942 4433 autem
2983 4395 3077 4450 per
3127 4384 3517 4452 omnipotentis

1918 4466 2014 4522 Dei
2049 4467 2390 4522 clementiam
2416 4482 2596 4536 spero,
2627 4468 2750 4536 quia
2781 4477 2902 4537 post
2943 4479 3022 4525 tot
3037 4471 3373 4538 jurationum
3410 4490 3507 4540 gee

1919 4572 2070 4620 nera,
2102 4543 2296 4625 quibus
2324 4557 2763 4627 archiepiscopus
2789 4560 2906 4613 lucc
2928 4561 3197 4629 promissa
3248 4565 3507 4628 firmavit,

1921 4657 2039 4714 post
2070 4656 2411 4701 Sacramenta
2443 4656 2548 4701 tant
2579 4648 2894 4717 multiplicis
2943 4651 3120 4720 populi
3150 4667 3247 4718 per
3269 4653 3512 4723 Evange-

1921 4743 2051 4796 liunt
2077 4743 2225 4808 data,
2252 4753 2372 4812 post
2390 4743 2699 4812 juramenta
2730 4753 2881 4798 certe
2913 4747 3152 4798 onmium
3186 4739 3512 4802 (derit-arum

1927 4841 2051 4886 ante
2073 4841 2315 4888 sanctum
2343 4833 2514 4888 altare
2545 4833 2760 4895 litteris,
2806 4843 2861 4886 et
2890 4833 3109 4902 proprio
3151 4849 3249 4888 ore
3279 4837 3517 4902 prolata,

1924 4931 2166 4991 utraeque
2193 4923 2308 4976 ista:
2333 4921 2569 4978 htcreses
2594 4923 2673 4976 sic
2701 4921 2751 4973 in
2777 4921 2864 4974 illa
2891 4922 3128 4977 Ecetcsia
3150 4934 3278 4976 sunt
3308 4941 3404 4994 per
3431 4944 3521 4980 ar—

1921 5024 2173 5082 gumenta
2200 5011 2437 5082 providae
2463 5011 2811 5069 ooercitionis
2838 5013 3058 5076 attrita,
3093 5028 3148 5064 ut
3169 5027 3394 5070 auctore
3410 5016 3519 5070 Deo

1920 5105 2122 5157 nostris
2153 5102 2488 5171 temporibus
2537 5118 2646 5158 non
2695 5102 2802 5154 sint
2842 5105 2912 5157 ad
2949 5103 3182 5157 rediviva
3214 5107 3515 5158 certamina

1921 5195 2255 5260 rcparan.la:.
2287 5190 2600 5258 Apostolica
2625 5199 2802 5244 tamen
2833 5196 2993 5249 sedes
3023 5194 3135 5246 hcce
3162 5193 3306 5261 apud
3349 5209 3410 5249 se
3435 5209 3517 5246 re-

1920 5286 2200 5341 tractandi
2222 5282 2510 5336 discutiat:
2543 5291 2599 5336 et
2623 5288 2805 5333 utrum
2851 5291 3053 5346 pum-to
3081 5295 3150 5334 an
3185 5279 3312 5334 lima
3358 5283 3520 5346 digna
