4106 6310
572 334 642 389 99
999 332 1059 388 8.
1097 330 1304 389 PETRI
1341 328 1628 389 DAMIAN!
1665 324 2093 388 OPP.'TOMUS
2133 325 2180 383 ST

2300 325 2483 387 PARS
2518 326 2607 383 ιιι.
2645 355 2715 368 --
2750 325 3121 386 OPUSCULA
3152 327 3389 384 VARIA.

3732 330 3839 387 {00

581 555 3839 584 Μ

1280 693 1531 766 ⁸⁵⁸⁸
1610 711 2465 827 OPUSCULUM
2553 708 3178 828 SEXTUM.
3273 708 3276 712 “

722 940 956 1001 LIBER
998 937 1134 1010 QUI
1178 934 1705 998 APPELLATUR
1746 932 2327 1091 GRATISSIIJVUNUS.
2377 887 2481 994 An
2525 934 2944 997 HENRICUM
2982 910 3684 1004 ARCRIEPISCOPUM

1476 1034 1477 1037 ‘
1911 1033 2134 1091 RAVE
2244 1033 2494 1091 ATEM.

1476 1034 1477 1037 “
1911 1033 2494 1097 RAVENNATEM.

579 1357 981 1434 AltGUIENTUI.
1010 1385 1081 1398 --
1102 1355 1160 1411 in
1190 1355 1292 1434 hoc
1328 1363 1559 1434 tractatu
1598 1351 1806 1434 prolixe
1833 1356 2066 1434 ostendit
2095 1373 2205 1412 non
2235 1371 2353 1412 esse
2386 1371 2499 1419 eos,
2531 1358 2622 1434 qui
2651 1373 2683 1413 a
2710 1356 3036 1434 Simoniacis
3078 1361 3345 1434 episcopis
3368 1366 3670 1434 consecrati
3700 1375 3850 1434 sunt,

651 1429 847 1482 iterum
876 1427 1316 1487 consecrandos:
1353 1427 1495 1494 quod
1554 1424 1736 1479 multis
1766 1426 2067 1482 rationibus
2112 1438 2166 1482 et
2211 1436 2523 1481 sanctorum
2549 1424 2788 1483 'Patrum
2826 1424 3237 1487 auctoritatibus
3261 1424 3592 1489 'conllrmat.

3624 1436 3856 1493 Contro-

651 1498 826 1574 versia
869 1507 1048 1574 autem
1083 1507 1213 1574 tunc
1248 1495 1504 1574 temporis
1528 1510 1691 1574 super
1719 1496 1819 1551 hac
1847 1500 2145 1574 quaestione
2170 1498 2483 1574 vertebatur
2534 1499 2586 1574 in
2631 1500 2861 1574 concilio
2886 1501 3302 1574 episcoporum;
3344 1514 3629 1574 propterea
3663 1507 3857 1562 scribit

652 1568 753 1622 hoc
781 1568 902 1647 loco
931 1565 1493 1647 ad_archiepiseopum
1528 1565 1915 1647 Ravennatem,
1948 1567 2510 1647 ut_simul_cum_‘_aliis
2553 1569 2659 1647 hoc
2705 1565 2959 1647 Romano
2997 1565 3238 1647 pontifici
3288 1565 3632 1643 persuadeat,
3671 1591 3738 1631 ne
3768 1577 3856 1647 in-

650 1647 833 1716 sontes
859 1636 1018 1718 simul
1053 1653 1175 1691 cum
1206 1636 1385 1723 noxiis
1413 1650 1572 1707 ptena
1600 1637 1965 1703 adicerentur,
1996 1638 2256 1709 depositis
2283 1639 2491 1723 scilicet
2519 1639 2586 1694 ab
2611 1636 3012 1696 ecclesiasticis
3039 1636 3321 1699 ordinibus
3347 1682 3363 1710 ,
3399 1659 3535 1714 quos
3586 1636 3704 1701 sine
3742 1646 3856 1700 ulla

650 1706 1382 1777 negotiationeacceperant.

754 1950 777 1967 ηρ
957 1886 1228 1944 VERSUS
1262 1888 1348 1943 DE
1377 1887 1787 1945 summas.

554 1981 830 2043 incudem
859 1980 1099 2037 Simonis
1126 1980 1357 2046 fabrilis,
1388 1989 1444 2036 et
1471 1992 1629 2035 antra
1660 1994 1891 2038 moneta:

578 2073 815 2128 Damnat
841 2072 1130 2143 pestiferas
1154 2074 1296 2129 Deus
1321 2074 1614 2128 evertendo
1640 2075 1929 2130 cathedras
1954 2094 1967 2129 :

579 2162 717 2219 Nam
747 2174 934 2233 postea
962 2163 1103 2219 latro
1128 2178 1225 2232 per
1249 2164 1564 2218 diverticula
1599 2164 1757 2233 repit,

579 2254 774 2310 Pervia
803 2256 1041 2326 gratuito
1068 2264 1255 2324 pastor
1280 2256 1412 2324 petit
1431 2257 1569 2311 ostia
1597 2272 1805 2325 gressu.

576 2344 679 2400 Ast
704 2345 794 2400 ubi
828 2360 1153 2416 mangonum
1183 2345 1449 2400 scelerata
1480 2348 1693 2416 negotia
1720 2348 1936 2410 desunt,

580 2432 692 2490 Nec
719 2450 937 2506 gravem
963 2435 1257 2491 corbonam
1289 2444 1465 2507 turget
1493 2436 1683 2492 venale
1713 2437 2000 2491 talentum.

578 2525 701 2581 Non
730 2527 1023 2582 distractor
1045 2528 1222 2592 obest,
1254 2527 1379 2596 quia
1412 2543 1518 2581 non
1554 2530 1879 2582 commercia
1908 2528 2146 2583 sordent.

580 2615 717 2672 Nam
750 2618 877 2687 quid
906 2619 1166 2672 numtuali
1196 2628 1471 2689 nequeunt
1500 2618 1588 2672 ubi
1622 2618 1814 2673 laedere
1842 2620 2049 2673 nummi
2073 2619 2097 2673 ?

578 2707 694 2763 lmo
719 2709 848 2778 quid
877 2708 1123 2763 arboreis
1148 2723 1307 2762 manu
1334 2708 1477 2763 obsit
1507 2710 1750 2779 squalida
1781 2710 2014 2780 plantis?

582 2800 741 2871 Saepe
767 2800 1102 2856 salutiferam
1137 2804 1380 2857 medicus
1403 2804 1550 2858 dedit
1576 2818 1720 2873 :rger
1749 2805 1988 2875 origani,

581 2889 902 2960 Mancipites
923 2891 1184 2962 pugilem,
1215 2893 1342 2946 caici
1373 2907 1606 2963 genuere
1637 2894 1933 2958 videntem,

582 2982 800 3038 Clenica
827 2998 1109 3052 procerum
1137 2984 1345 3054 peperit
1377 2984 1517 3038 male
1548 2984 1688 3040 foeda
1712 2993 2022 3051 venustum,

581 3071 695 3128 Nec
724 3072 935 3128 soboles
962 3074 1117 3127 noxis
1142 3082 1225 3136 est
1257 3072 1555 3130 addicenda
1587 3077 1862 3145 paternis;

582 3163 823 3233 Quisque
857 3180 951 3218 sua
981 3166 1263 3233 premitur,
1292 3166 1424 3219 socii
1452 3181 1550 3221 nec
1580 3166 1698 3220 labe
1726 3176 1961 3222 tenetur.

2189 1896 2242 1957 Α
2269 1888 2451 1945 divina
2476 1889 2839 1946 obtestatione
2866 1896 3137 1965 rogaverit
3161 1937 3177 1962 ,
3217 1903 3485 1968 quatenus
3514 1891 3610 1950 Dei
3640 1894 3858 1950 miseri-

2269 1982 2511 2036 cordiam
2556 1982 2608 2036 in
2658 1998 2945 2039 commune
2991 1987 3384 2056 deposcerent;
3429 1996 3487 2043 ut
3518 1988 3646 2056 quid
3691 2002 3862 2059 super

2268 2073 2372 2128 hoc
2397 2074 2715 2144 scrupuloso
2745 2077 2961 2146 negotio
2987 2078 3385 2134 decernendum
3416 2087 3581 2144 esset,
3609 2078 3862 2133 nutanti-

2269 2161 2370 2217 bus
2431 2164 2747 2232 revelaret;
2825 2167 2943 2236 ejus
2991 2182 3079 2223 me
3132 2169 3429 2225 arbitratus
3486 2169 3864 2226 obsecundare

2267 2267 2492 2323 prorsus
2528 2256 2776 2324 imperio,
2821 2258 2865 2312 si
2913 2257 2997 2313 vel
3042 2260 3268 2325 orando,
3300 2260 3383 2314 vei
3429 2261 3716 2316 scribendo
3745 2270 3865 2315 tam

2269 2346 2540 2404 difﬁcilem
2591 2347 2790 2405 nodum
2824 2352 2891 2407 de
2937 2352 3179 2408 Ecclesia
3212 2356 3446 2420 solvere,
3476 2371 3708 2427 superna
3740 2356 3869 2410 illu-

2267 2447 2518 2494 cescente
2540 2441 2737 2508 gratia,
2790 2441 3108 2510 potuissem.
3134 2443 3476 2515 Quapropter
3515 2446 3569 2499 in
3607 2445 3755 2500 illum
3792 2447 3865 2501 fi-

2269 2528 2463 2583 deliter
2512 2546 2742 2602 sperans
2781 2533 2873 2602 qui
2914 2535 3091 2604 aperit
3128 2535 3347 2600 librum,
3396 2546 3451 2592 et
3493 2537 3653 2593 solvit
3677 2538 3870 2608 signa-

2268 2619 2390 2675 cula
2415 2622 2528 2691 cjus
2560 2624 2905 2695 (Apamam),
2937 2626 3210 2682 solvendae
3230 2627 3390 2696 hujus
3412 2630 3726 2699 quaistionis
3754 2631 3870 2686 iter

2269 2712 2583 2781 aggrediar;
2615 2721 2671 2767 et
2716 2714 2841 2783 quia
2882 2717 3037 2786 copia
3069 2717 3283 2772 dicendi
3331 2735 3436 2773 non
3473 2718 3734 2789 suppetit,
3766 2719 3865 2774 de-

2268 2800 2458 2871 legatte
2504 2804 2639 2858 mihi
2684 2805 3005 2861 obedientite
3050 2808 3230 2863 studio
3257 2848 3273 2874 ,
3318 2811 3411 2880 qui
3459 2809 3607 2880 loqui
3653 2809 3865 2877 nescio,

2269 2892 2493 2948 nutibus
2519 2892 2708 2951 saltem
2739 2895 2942 2965 gestire
2970 2898 3215 2951 tentabo.

2710 3002 2819 3074 37
2858 3004 3088 3061 CAPUT
3126 3004 3417 3061 PRIMUM.

2273 3113 2428 3180 Quod
2478 3114 2717 3188 Christus
2747 3157 2762 3180 ,
2803 3118 2901 3171 etsi
2948 3134 3041 3188 per
3085 3118 3260 3187 plures
3316 3134 3415 3173 sua
3460 3119 3608 3188 dona
3662 3097 3870 3172 discer-

2342 3197 2452 3249 nat,
2495 3188 2566 3238 'in
2602 3187 2714 3256 ipso
2755 3196 2928 3242 tamen
2953 3187 3141 3243 omnis
3178 3189 3363 3259 gratim
3413 3187 3682 3258 plenitudo
3740 3203 3870 3259 per-

656 3254 885 3310 Domino
938 3254 1178 3310 “ENBICO
1233 3257 1532 3311 venerabili
1587 3257 1970 3313 Ravennatictc
2020 3260 2167 3316 sedis
2198 3242 2243 3300 Β
2343 3242 2574 3309 mattea!-

586 3345 840 3409 antistiti,
869 3344 1084 3400 Psraus
1114 3346 1340 3399 vivitieae
1369 3347 1546 3402 crucis
1582 3346 1785 3403 Christi
1838 3349 2172 3407 humillimus

585 3453 798 3503 servus,
828 3437 1056 3492 salutem
1088 3438 1141 3492 in
1171 3438 1427 3508 idipsum.

570 3572 573 3577 .
655 3525 758 3593 Qui
789 3527 1192 3591 sacerdotium,
1223 3538 1445 3583 auctore
1475 3529 1586 3584 Deo
1611 3531 1824 3586 noviter
1846 3533 2130 3603 suscepisti
2157 3575 2171 3600 ,

588 3619 797 3674 nullum
824 3619 1195 3697 tibi-ipprimis
1233 3619 1565 3676 offerendum
1597 3638 1812 3688 munus,
1843 3640 2005 3694 quam
2030 3626 2172 3695 quod

589 3709 659 3765 de
693 3709 1064 3781 sacerdotibus
1105 3708 1308 3764 factum
1351 3719 1472 3777 est,
1517 3715 1903 3783 congruentius
1942 3715 2173 3770 credidi.

589 3799 669 3855 De
699 3799 766 3854 iis
796 3799 998 3869 itaque,
1032 3800 1122 3870 qni
1164 3801 1330 3870 gratis
1372 3811 1501 3856 sunt
1547 3819 1575 3857 a
1622 3804 1945 3861 Simoniaeis
1984 3822 2175 3862 conse-

589 3891 752 3956 crati,
778 3900 982 3961 quanta
1026 3890 1138 3960 jam
1174 3907 1271 3962 per
1295 3893 1586 3950 triennimn
1620 3896 1673 3950 in
1716 3897 1886 3952 tribus
1916 3897 2177 3954 Romanis

592 3982 838 4037 conciliis
866 3981 1030 4036 fuerit
1056 3982 1398 4053 disceptatio,
1427 4000 1700 4057 quamque
1727 3987 1983 4057 perplexa
2015 3997 2178 4057 atque

594 4070 821 4127 confusa
856 4071 1137 4127 dubietas:
1168 4082 1225 4128 et
1253 4060 1306 4127 in
1349 4074 1416 4128 iis
1447 4075 1690 4144 partibus
1725 4077 1966 4143 quotidie
2000 4078 2177 4145 genti.-

592 4162 776 4243 l‘etnr,
824 4164 1166 4219 sanctitatem
1215 4174 1452 4221 vestram
1496 4167 1719 4222 latuisse
1762 4182 1869 4223 non
1902 4169 2175 4239 arbitror;

594 4244 927 4324 prasertim,
978 4270 1103 4310 eum
1153 4266 1434 4313 crescente
1475 4256 1843 4316 fluctuationis
1893 4260 2176 4333 ambiguo,

594 4355 823 4400 eatenus
849 4345 924 4400 sit
950 4362 1263 4416 processum
1282 4388 1297 4413 ,
1326 4358 1386 4402 ut
1414 4349 1697 4406 nonnullos
1725 4361 1938 4408 constet
1973 4353 2186 4421 cpisco-

593 4450 694 4506 pos
726 4436 795 4490 ab
838 4434 944 4489 illis
973 4436 1268 4494 ordinatos
1313 4436 1543 4493 clericos
1586 4440 1764 4496 denuo
1810 4456 2180 4497 consecrasse.

592 4523 753 4587 Unde
799 4525 930 4580 mihi
978 4526 1224 4596 plerique
1266 4525 1462 4581 fratres
1500 4529 1734 4597 quadam
1784 4532 2183 4599 praesumptivce

2345 3344 2569 3401 Constat
2596 3346 2752 3415 plane
2787 3348 3140 3402 mediatorem
3172 3348 3288 3411 Dei,
3311 3358 3365 3402 et
3388 3349 3666 3403 hominum
3696 3345 3864 3402 Chri-

2275 3445 2421 3492 stum
2445 3436 2628 3492 Jesum
2659 3437 2957 3492 Ecclesium
2993 3452 3148 3492 suam
3190 3438 3271 3491 sic
3306 3438 3587 3492 ordinasse
3628 3438 3697 3490 ab
3735 3438 3863 3507 ipso

2268 3526 2668 3595 redemptionis
2714 3526 2965 3580 humanae
3014 3527 3343 3596 primordio;
3376 3535 3435 3581 ut
3481 3536 3538 3582 et
3580 3542 3679 3598 per
3707 3528 3881 3584 mini-

2279 3627 2424 3672 stros
2472 3618 2621 3670 verbi
2667 3616 2749 3671 sui
2783 3616 3174 3671 charismatum
3209 3616 3349 3671 dona
3380 3617 3763 3688 distingueret,
3809 3626 3875 3675 οι

2279 3716 2458 3763 tamen
2506 3707 2561 3761 in
2611 3708 2790 3778 seipso
2834 3708 3075 3762 omnium
3132 3709 3425 3778 gratiarum
3472 3708 3873 3779 plenitudinem

2272 3799 2650 3869 principaliter
2682 3800 2961 3855 retineret.
2998 3799 3134 3855 Nam
3163 3800 3210 3855 is
3262 3801 3354 3870 qui
3401 3802 3532 3854 dicit
3568 3800 3827 3870 apostolis
3849 3815 3872 3856 ι

2286 3909 2304 3941 ι
2330 3889 2603 3946 Habemus
2624 3892 2937 3945 thesaurum
2962 3890 3123 3946 istum
3151 3891 3203 3946 in
3226 3892 3371 3946 vasis
3396 3890 3715 3963 ﬁctilibusU
3742 3889 3873 3947 Cor.

2281 3982 2440 4053 ιν);»
2509 3982 2652 4038 idem
2699 3982 2864 4037 etiam
2917 3982 3247 4047 confitetur;
3308 3981 3485 4049 «Quia
3535 3982 3589 4037 in
3648 3989 3877 4050 pectore

2281 4072 2410 4131 Jesu
2452 4082 2577 4129 sunt
2615 4088 2805 4129 omnes
2837 4074 3078 4128 thesauri
3110 4072 3390 4143 sapientia:
3419 4070 3716 4127 absconditi
3744 4069 3875 4142 (Co-

2284 4164 2410 4219 loss.
2438 4164 2558 4236 11).:
2585 4162 2642 4219 Si
2672 4172 2853 4219 autem
2886 4164 2938 4218 in
2965 4173 3184 4233 pectore
3224 4162 3354 4219 Jesu
3405 4178 3596 4218 omnes
3626 4161 3871 4217 thesauri

2286 4266 2434 4322 sunt,
2464 4265 2519 4310 et
2551 4254 2684 4311 nihil
2709 4255 3008 4324 excipitur;
3037 4255 3165 4324 quid
3195 4269 3323 4324 ergo
3350 4253 3701 4323 relinquitur,
3724 4256 3875 4322 quod

2287 4346 2341 4401 in
2376 4345 2524 4399 vasis
2564 4343 2845 4398 hominum
2894 4340 3149 4396 ﬁctilibus
3194 4340 3558 4396 recondatur?
3585 4338 3694 4395 Sed
3723 4342 3874 4408 quod

2287 4436 2378 4490 ille
2410 4445 2577 4489 totum
2605 4432 2925 4486 naturaliter
2967 4430 3229 4500 possidet,
3275 4432 3378 4486 hoc
3412 4431 3485 4485 illi
3511 4446 3608 4500 per
3637 4428 3874 4499 gratiam

2288 4523 2702 4593 participatione
2761 4522 2905 4576 illius
2942 4522 3099 4591 juxta
3170 4536 3459 4577 mensuras
3508 4521 3731 4575 habent.
3792 4519 3874 4575 De

597 4615 881 4671 charitatis
906 4617 1164 4672 instantia
1196 4617 1537 4673 familiariter
1562 4598 1808 4688 exigunt,
1835 4629 1890 4674 et
1919 4598 2176 4684 violenta,
2209 4598 2253 4658 (ἶ
2285 4616 2391 4670 illis
2419 4615 2563 4669 enim
2593 4613 2828 4669 dicitur:
2876 4632 2894 4665 ε
2916 4612 3050 4680 Quia
3079 4622 3335 4683 operatur
3359 4628 3498 4667 unus
3540 4619 3705 4681 atque
3724 4610 3872 4666 idem

597 4715 660 4762 ut
688 4706 762 4761 ita
790 4705 983 4772 fatear,
1017 4708 1408 4778 supplicatione
1437 4708 1802 4778 compellunt;
1846 4718 1904 4763 ut
1933 4711 1984 4764 in
2017 4719 2181 4765 tantas

600 4797 944 4852 necessitatis
978 4798 1208 4853 articulo
1249 4799 1558 4865 subvenire,
1609 4800 1694 4855 vel
1739 4802 2181 4870 compendiosum

600 4890 730 4961 quid
770 4892 1054 4947 scribendo
1094 4906 1201 4946 non
1245 4893 1444 4963 pigeat,
1477 4901 1641 4962 atque
1673 4893 1803 4962 quid
1841 4893 1971 4947 mihi
2022 4908 2187 4965 super

599 4980 706 5036 hac
760 4983 1028 5037 sententia
1078 4981 1369 5047 videatur,
1424 4998 1710 5053 exponam.
1760 4983 1913 5051 Quod
1962 4987 2179 5056 quidem

601 5074 805 5131 diutius
832 5075 1154 5140 detrectavi,
1179 5090 1405 5144 sperans
1425 5091 1508 5130 me
1531 5076 1779 5132 videlicet
1810 5092 1841 5133 a
1868 5078 2184 5134 beatissimo

602 5167 757 5237 prius
785 5167 1095 5237 apostolica:
1142 5165 1289 5221 sedis
1331 5168 1575 5222 antistite
1618 5168 1896 5225 licentiam
1935 5180 2187 5240 acceptu-

604 5273 768 5313 rum:
810 5259 911 5312 hac
955 5257 1222 5327 siquidem
1250 5259 1578 5314 transiturus
1615 5259 1667 5313 in
1699 5263 1948 5330 proximo
1980 5262 2186 5319 fereba-

600 5360 712 5407 tur.
755 5350 850 5407 Sic
881 5365 1115 5421 namque
1157 5350 1427 5419 integrum
1472 5353 1830 5409 decernebam
1857 5354 2188 5410 ecclesiasti-

604 5458 727 5498 cam
757 5442 1054 5512 quamlibet
1097 5450 1332 5497 tractare
1361 5443 1667 5507 materiam,
1695 5445 1739 5499 si
1764 5445 1833 5499 ab
1857 5444 1974 5515 ipso
2001 5444 2189 5501 Eccle-

605 5536 703 5591 siae
728 5535 974 5606 principe
1000 5535 1266 5590 tractandi
1296 5536 1427 5590 mihi
1453 5536 1749 5592 auctoritas
1773 5537 2058 5607 aspiraret.
2085 5536 2193 5592 Sed

607 5642 732 5683 cum
764 5627 901 5683 mihi
934 5636 1242 5685 recnrreret
1274 5628 1325 5683 in
1353 5629 1708 5694 memoriam,
1748 5629 1873 5699 quia
1896 5629 2008 5699 jam
2033 5643 2192 5684 vene-

610 5718 799 5777 rabilis
826 5708 1040 5792 papa‘in
1068 5728 1344 5793 postrema
1375 5720 1585 5792 synodo
1604 5734 1795 5780 omnes
1819 5719 2101 5792 episcopos
2125 5732 2193 5775 ex

2285 4706 2544 4775 Spiritus,
2578 4704 2825 4760 dividens
2864 4705 3087 4776 singulis
3120 4713 3278 4774 prout
3302 4705 3415 4759 vult
3445 4702 3497 4774 (Ι
3520 4704 3644 4759 Cor.
3675 4703 3816 4772 xn);
3846 4719 3869 4754 ι

2287 4806 2343 4853 at
2373 4800 2439 4853 de
2464 4797 2742 4868 nnigenito
2764 4797 2905 4852 Filio
2924 4797 3054 4852 dicit
3087 4795 3326 4852 Jo’annes
3364 4796 3637 4868 Baptista:
3683 4813 3703 4847 ι
3730 4793 3872 4859 Non,

2289 4887 2486 4957 inquit,
2518 4887 2585 4942 ad
2623 4902 2933 4942 mensuram
2980 4888 3071 4942 dat
3119 4887 3261 4943 Deus
3306 4887 3623 4958 Spiritum.)
3666 4885 3735 4940 Et
3773 4885 3877 4940 ite.

2286 4996 2455 5034 rum:
2522 4998 2541 5032 ο
2583 4980 2661 5036 De
2722 4979 3057 5050 plenitudine
3122 4979 3241 5050 ejus
3304 4993 3495 5034 omnes
3559 4975 3875 5046 accepimus

2287 5070 2469 5143 (Joan.
2494 5069 2588 5140 1).»
3694 5132 3705 5133 ί
3816 5068 3869 5153 ,ξ

2359 5163 2493 5228 Quia
2519 5175 2649 5232 ergo
2675 5162 2743 5217 ab
2775 5159 2866 5215 illo
2908 5175 3015 5216 uno
3065 5159 3215 5216 fonte
3242 5175 3432 5217 omnes
3458 5158 3583 5229 justi
3616 5158 3877 5216 hauriunt

2290 5254 2433 5308 unde
2458 5253 2676 5316 vivant;
2708 5252 2771 5307 ad
2799 5251 2951 5306 illum
2997 5266 3221 5306 necesse
3247 5259 3331 5306 est
3354 5289 3370 5316 ,
3420 5265 3634 5319 semper
3671 5249 3877 5319 gratias

2295 5347 2522 5417 agendo.
2551 5353 2871 5409 recurrant;
2900 5358 2998 5400 nec
3021 5358 3268 5413 superna:
3296 5345 3485 5414 gratias
3509 5344 3651 5398 dona
3678 5343 3748 5399 ab
3771 5341 3879 5397 alio

2297 5452 2355 5492 se
2382 5451 2540 5508 posse
2562 5438 2840 5507 percipere
2863 5438 3107 5501 credant,
3134 5436 3239 5490 nisi
3268 5436 3384 5505 ipso
3408 5437 3691 5506 largiente,
3716 5450 3748 5489 a
3772 5449 3880 5504 quo

2296 5530 2414 5586 haec
2442 5538 2650 5585 certum
2693 5536 2777 5583 est
2813 5540 3090 5581 emanare.
3122 5525 3224 5593 Qui
3257 5527 3405 5580 enim
3448 5526 3615 5581 divini
3658 5523 3880 5579 luminis

2299 5637 2408 5677 non
2436 5620 2568 5687 Deo,
2597 5620 2693 5676 sed
2741 5618 2945 5674 homini
2992 5633 3051 5674 se
3097 5618 3369 5674 debitores
3399 5617 3732 5685 existimant,
3760 5623 3882 5671 tan-

2302 5729 2467 5785 quam
2495 5727 2527 5769 a
2547 5712 2636 5771 sui
2659 5709 2827 5768 fontis
2863 5710 3180 5781 irrigatione
3202 5710 3418 5778 siccati,
3439 5721 3663 5765 necesse
3688 5715 3793 5775 est,
3822 5716 3882 5760 ut
