4080 5346
324 282 422 337 101

1095 278 1338 338 OPUSC.
1383 276 1465 334 Vl.
1505 304 1575 318 —-
1612 267 1814 328 LIBER
1855 267 1970 336 QUI
2009 268 2285 330 DlClTUR
2320 272 2806 335 GRATISSIMUS.

3487 284 3590 345 1οί

323 397 644 454 deficientes
671 406 951 463 arescant;
982 411 1082 452 nec
1107 397 1160 450 in
1184 395 1490 466 semetipsis
1511 393 1693 448 valent
1720 391 1904 451 ﬂuere,
1934 387 1983 448 Α
2013 400 2135 441 cum
2180 389 2346 444 dicit:
2407 408 2425 442 ι
2448 390 2526 464 lte
2575 392 2629 446 in
2685 394 2870 448 orbem
2917 392 3229 450 universum
3255 435 3269 460 .
3319 375 3592 468 baptizata

323 488 454 541 dum
501 489 568 542 ab
619 487 867 558 originali
918 486 1255 556 plenitudine
1301 485 1470 540 fontis
1513 482 1911 539 obliviscuntur

321 579 626 632 ubertatem
663 595 777 633 suae
822 579 1176 650 vegetationis
1212 577 1453 631 haurire.
1487 575 1640 631 Unde
1677 589 1784 628 non
1827 574 1908 627 in-

323 681 562 736 congrue
609 683 706 736 per
751 668 1095 722 Salomonem
1145 667 1382 721 dicitur:
1423 683 1440 715 ι
1466 664 1682 731 Omnia,
1710 663 1904 733 inquit,

319 757 547 811 ﬂumina
570 759 774 812 intrant
803 759 857 814 in
889 774 1060 823 mare,
1082 767 1136 812 et
1164 773 1313 814 mare
1343 773 1448 811 non
1484 757 1748 812 redundat
1773 774 1786 811 :
1839 757 1905 812 ad

320 847 505 903 locum
533 851 674 904 unde
708 858 928 913 exeunt,
955 849 1177 904 ﬂumina
1211 857 1590 913 revertuntur,
1620 857 1680 903 ut
1710 848 1904 902 iterum

319 938 495 994 ﬂuant
535 936 733 1008 (Eccle.
764 941 858 1011 1).»
904 941 1058 996 llunc
1095 957 1406 1006 excursum,
1439 951 1601 1010 atque
1626 956 1903 995 recursum

314 1029 683 1099 spiritualium
735 1029 1018 1085 ﬂuminum
1064 1032 1292 1103 mystice
1348 1031 1523 1086 Lucas
1573 1032 1903 1102 evangelista

318 1121 598 1184 describit,
622 1137 744 1174 cum
785 1121 860 1174 ait
889 1139 902 1175 :
945 1140 964 1174 ι
986 1121 1144 1188 Quia,
1169 1123 1484 1178 convocatis
1509 1122 1665 1178 Jesus
1703 1123 1904 1178 duode-

316 1213 426 1266 cim
478 1211 767 1281 apostolis,
818 1211 965 1268 dedit
1012 1212 1117 1267 illis
1168 1213 1421 1268 virtutem
1477 1221 1534 1268 et
1577 1221 1900 1283 potestatem

313 1317 478 1372 super
496 1303 679 1356 omnia
702 1303 987 1368 dmmonia,
1030 1312 1085 1358 et
1123 1313 1183 1357 ut
1215 1303 1504 1375 languores
1531 1312 1805 1368 curarent,
1846 1309 1903 1358 et

313 1393 467 1446 misit
511 1392 628 1446 illos
665 1377 960 1463 praadicare
995 1409 1218 1464 regnum
1270 1395 1364 1449 Dei
1416 1393 1565 1463 (Luc.
1599 1394 1727 1465 1x)»
1762 1395 1900 1448 Ecce

309 1498 569 1550 egressus
597 1483 878 1538 ﬂuminum
905 1505 920 1553 ;
970 1499 1034 1539 ac
1056 1486 1397 1554 postmodum
1427 1484 1607 1540 subdit
1630 1504 1642 1538 :
1681 1504 1698 1536 ι
1723 1485 1789 1540 Et
1809 1502 1896 1540 re-

303 1575 456 1628 versi
485 1575 713 1643 apostoli
747 1585 1107 1629 narraverunt
1154 1552 1232 1630 illi
1280 1590 1616 1644 quaecunque
1657 1574 1899 1630 fecerunt

306 1664 526 1734 (Ibid).
559 1684 577 1716 ι
607 1665 750 1721 Ecce
778 1665 1009 1720 reditum
1037 1665 1338 1720 ﬂuminum.
1369 1683 1387 1716 ι
1410 1665 1492 1720 Ad
1533 1665 1708 1720 locum
1745 1680 1892 1735 ergo,

301 1754 450 1808 unde
476 1763 701 1818 exeunt,
733 1754 951 1808 ﬂumina
980 1762 1356 1818 revertuntur;
1381 1773 1397 1804 ι
1437 1754 1562 1823 quia
1591 1752 1748 1808 electi
1777 1752 1894 1821 qui-
1923 1727 1971 1788 Β

298 1859 414 1915 que
443 1846 522 1900 illi
561 1861 620 1901 se
643 1847 914 1901 debitores
933 1861 1054 1901 esse
1084 1861 1190 1900 non
1221 1845 1526 1917 ambigunt,
1553 1860 1583 1899 a
1614 1860 1721 1914 quo
1744 1843 1893 1897 vide-

1982 1857 2092 1930 ‘est,
2115 1850 2204 1916 qui
2245 1847 2604 1917 principaliter
2628 1844 2918 1900 consecrat.
2945 1844 3156 1930 33‘?“

2009 494 2199 534 omnes
2239 481 2293 535 in
2337 483 2556 538 nomine
2583 483 2785 548 Patris,
2824 494 2879 540 et
2909 485 3052 552 Filii,
3075 497 3128 542 et
3152 487 3388 558 Spiritus
3417 495 3591 548 sancti

2011 568 2226 636 (Matth.
2253 575 2480 642 xxvnt);
2509 593 2528 626 ι
2561 575 2840 629 evidenter
2866 578 3132 644 ostendit,
3172 581 3298 648 quia
3328 598 3433 636 non
3462 583 3588 653 ipsi,

2009 659 2101 713 sed
2153 661 2242 714 ille
2270 663 2457 731 procul
2508 665 2671 719 dubio
2720 665 3064 735 baptismatis
3115 678 3304 725 auctor
3349 681 3488 736 erat,
3533 673 3588 726 in

2007 749 2164 818 cujus
2215 752 2290 808 illi
2352 754 2568 809 nomine
2620 756 2984 825 baptizabant.
3045 757 3196 813 Unde
3250 772 3306 816 et
3350 761 3590 819 Joannes

2006 843 2246 915 Baptista
2298 847 2465 902 dicit:
2529 865 2546 898 ι
2577 847 2678 914 Qui
2718 863 2805 903 me
2849 849 2994 902 misit
3022 850 3295 918 baptizare
3329 853 3380 907 in
3420 865 3584 924 aqua,

2006 934 2095 989 ille
2125 937 2254 990 mihi
2295 938 2470 993 dixit:
2513 937 2689 1008 Super
2740 955 2899 1008 quem
2952 939 3152 995 videris
3202 941 3458 1012 Spiritum
3499 947 3587 1000 de-

2005 1025 2372 1092 scendentem,
2405 1037 2461 1082 et
2489 1039 2794 1083 manentem
2832 1044 2997 1098 super
3030 1045 3152 1084 eum
3173 1071 3188 1094 ,
3227 1031 3315 1085 hic
3355 1041 3459 1095 est,
3491 1034 3585 1103 qui

2002 1115 2242 1185 baptizat
2268 1115 2448 1186 (Joan.
2481 1119 2612 1185 x0.»
2657 1119 2724 1171 Et
2753 1129 2930 1172 tamen
2977 1119 3307 1186 evangelista
3343 1118 3581 1178 Joannes

2002 1208 2112 1263 ait:
2148 1227 2164 1260 t
2186 1207 2502 1277 Quanquam
2541 1209 2697 1265 Jesus
2725 1227 2832 1264 non
2864 1210 3187 1280 baptizaret,
3214 1213 3307 1267 sed
3335 1212 3584 1282 discipuli

2001 1297 2172 1366 ejus.»
2203 1299 2343 1353 Ecce
2373 1299 2631 1354 Dominus
2662 1317 2766 1354 non
2796 1302 3057 1371 baptizat,
3083 1309 3138 1356 et
3187 1310 3367 1356 tamen
3400 1303 3465 1356 de
3492 1302 3585 1357 illo

2000 1390 2233 1444 dicitur:
2283 1391 2420 1446 «Hic
2463 1401 2574 1458 est,
2626 1394 2716 1462 qui
2766 1395 3050 1464 baptizat;
3091 1414 3110 1448 ι
3155 1394 3282 1463 quia
3337 1396 3586 1464 quisquis

1997 1481 2308 1552 baptizandi
2338 1485 2558 1539 exhibet
2581 1485 2963 1551 ministerium,
2997 1485 3085 1540 ille
3111 1493 3290 1540 tamen
3322 1493 3582 1556 Operatur

1997 1573 2214 1628 virtutis
2235 1575 2438 1629 intima:
2468 1583 2887 1630 sacramentum.

2612 1686 2839 1742 CAPUT
2888 1685 2972 1740 lll.

2071 1776 2223 1841 Quod
2253 1779 2386 1831 sicut
2432 1793 2567 1831 unus
2596 1788 2671 1830 est
2701 1817 2715 1840 ,
2755 1779 2846 1846 qui
2876 1777 3142 1846 baptizat;
3177 1776 3252 1830 ita
3276 1792 3411 1830 unus
3443 1775 3580 1830 idem

3359 1875 3501 1916 /

297 1934 430 1990 licet
452 1937 751 1990 hauserant
781 1953 940 1992 omne
975 1937 1115 2006 quod
1142 1937 1497 2007 spiritualiter
1517 1935 1709 1990 ﬂuunt.
1738 1934 1891 1990 Unde
1979 1916 1989 1988 ί
2067 1938 2125 1992 Si
2156 1939 2278 2008 quis
2315 1947 2493 1992 autem
2533 1937 2664 1991 mihi
2709 1907 3226 2005 fortassis‘obj‘i‘ciat,
3275 1936 3420 1991 aliud
3456 1949 3582 1991 esse

295 2035 353 2079 et
405 2025 607 2080 Paulus
654 2027 767 2081 ait:
828 2027 1173 2083 «Divisiones
1221 2043 1350 2082 vero
1396 2028 1695 2097 gratiarum
1739 2035 1888 2092 sunt,

294 2116 444 2171 idem
473 2127 658 2172 autem
688 2118 922 2188 Spiritus
947 2135 962 2184 ;
1002 2129 1057 2174 et
1106 2120 1400 2174 divisiones
1427 2119 1888 2173 ministrationum

291 2218 450 2275 sunt,
475 2210 624 2265 idem
654 2222 835 2265 autem
863 2211 1156 2278 Dominus;
1200 2222 1254 2266 et
1299 2211 1592 2267 divisiones
1619 2214 1862 2281 operatio

292 2317 427 2354 num
473 2302 805 2368 sunt,‘idem
836 2319 965 2359 vero
993 2305 1156 2368 Deus,
1199 2304 1288 2372 qui
1319 2313 1575 2374 operatur
1609 2304 1788 2358 omnia
1832 2305 1885 2358 in

287 2391 604 2446 omnibus.»
662 2391 864 2469 Nempe
906 2410 1028 2449 cum
1080 2394 1313 2464 primum
1366 2404 1530 2464 ponat
1579 2394 1880 2464 Spiritum,

290 2480 496 2534 deinde
525 2481 813 2552 subjungat
844 2483 1152 2547 Dominum,
1182 2493 1459 2554 postremo
1485 2483 1673 2546 Deum,
1706 2494 1886 2539 osten-

288 2567 374 2621 dit
395 2578 644 2624 sanctam
661 2570 1003 2637 Trinitatem,
1021 2588 1185 2626 unum
1202 2573 1407 2627 scilicet
1433 2574 1623 2638 Deum,
1640 2573 1882 2628 omnium

284 2663 602 2729 gratiarum
647 2679 773 2720 esse
817 2667 1190 2720 indubitanter
1220 2675 1523 2720 auctorem.
1580 2667 1696 2736 Ipse
1736 2667 1884 2742 enim

284 2766 391 2804 sua
420 2753 566 2806 dona
595 2754 889 2817 distribuit,
923 2757 1014 2824 qui
1045 2756 1381 2826 singulorum
1421 2757 1638 2820 merita,
1661 2767 1716 2811 et
1753 2771 1882 2826 ope-

283 2857 414 2896 rum
437 2843 782 2900 diversitates
811 2847 1021 2902 occulta
1048 2847 1358 2916 provisione
1386 2847 1668 2903 discernit.

849 2961 962 3030 ss
995 2959 1226 3018 CAPUT
1262 2959 1324 3013 ιι.

356 3047 528 3127 Quod
574 3051 815 3105 sacerdos
859 3054 1086 3106 exterius
1129 3053 1426 3116 ministrat,
1483 3052 1573 3106 sed
1614 3052 1755 3106 Deus
1792 3051 1873 3106 in-
1901 3061 1953 3127 α

276 3120 579 3174 ῑνὶεήωιὶιεν.
612 3133 898 3175 consecrat.

352 3212 705 3283 Quapropter
750 3215 906 3283 plena
952 3216 1054 3270 fide
1100 3215 1427 3270 credendum
1473 3225 1578 3280 est,
1617 3215 1759 3284 quod
1801 3215 1880 3270 sic

277 3304 562 3358 ministris
587 3307 698 3360 suis
720 3305 966 3361 Christus
1012 3306 1396 3362 ecclesiastica:
1443 3306 1878 3361 consecrationis

277 3393 510 3462 delegat
536 3393 792 3460 oﬂicium,
816 3406 874 3450 ut
899 3403 1074 3449 tamen
1099 3397 1241 3464 apud
1270 3411 1330 3450 se
1359 3395 1599 3449 omnium
1624 3395 1877 3450 ordinum

277 3484 572 3538 contineat
601 3484 973 3554 principaliter
1004 3495 1406 3538 sacramentum
1434 3501 1448 3548 ;
1492 3483 1677 3553 sicque
1705 3485 1878 3539 servis

277 3573 650 3641 promovendi
686 3588 979 3628 conservos
1006 3573 1366 3628 ministerium
1395 3581 1665 3642 prterogat
1689 3613 1702 3638 ,
1733 3583 1792 3626 ut
1823 3573 1876 3627 in

277 3664 567 3718 neminem
599 3663 770 3744 ipsum
796 3664 1148 3719 consecrandi
1176 3663 1287 3730 jus,
1321 3665 1683 3732 virtutemque
1711 3673 1902 3754 trans;

278 3752 508 3806 fundat.
539 3752 690 3807 Licet
717 3737 859 3807 enim
901 3754 1184 3821 pontilices
1230 3768 1324 3822 per
1368 3751 1619 3819 injunctae
1648 3737 1878 3806 admitti:

280 3843 582 3897 strationis
629 3841 863 3897 olIicium
907 3857 1226 3898 consecrare
1274 3843 1601 3908 vidcantur;
1644 3843 1738 3898 sed
1789 3843 1877 3897 ille

275 3933 562 3987 veraciter
587 3943 890 3998 consecrat,
923 3934 1011 4002 qui
1051 3933 1310 4002 Spiritum
1341 3942 1590 3986 sanetum
1631 3932 1875 3986 invisibi-

278 4021 419 4077 liter
461 4024 571 4076 dat.
618 4023 772 4078 Alius
818 4039 1050 4093 namque
1091 4032 1192 4090 est,
1237 4025 1329 4094 qui
1370 4035 1530 4090 orat;
1574 4025 1730 4090 alius,
1782 4024 1920 4093 qui"

277 4113 535 4167 exaudit.
565 4113 720 4169 Alter
747 4115 853 4181 ille,
879 4115 968 4184 qui
996 4116 1168 4185 petit;
1211 4117 1368 4178 alter,
1401 4118 1490 4184 qui
1523 4117 1874 4184 petitionibus

276 4207 505 4259 annuit.
529 4205 662 4272 Quis
686 4217 769 4261 est
793 4209 961 4274 enim,
1006 4209 1096 4278 qui
1124 4224 1181 4262 se
1205 4209 1364 4264 Petro
1385 4218 1438 4262 et
1458 4207 1652 4263 Joanni
1678 4208 1873 4262 audeat

276 4301 644 4368 comparare?
674 4301 741 4354 Et
765 4311 937 4356 tamen
968 4301 1032 4355 de
1063 4302 1193 4371 ipsis
1220 4302 1453 4374 dicitur:
1498 4319 1515 4351 ι
1542 4300 1674 4366 Quia
1719 4299 1870 4352 missi

1991 2029 2317 2099 baptismum
2348 2028 2597 2081 humana:
2641 2026 3090 2097 regenerationis,
3122 2024 3268 2079 aliud
3289 2040 3582 2080 consecra-

1993 2120 2156 2175 tionis
2208 2119 2592 2174 ecclesiasticze
2641 2117 2996 2188 dignitatem;
3055 2131 3156 2171 nos
3209 2114 3469 2184 quidquid
3523 2115 3580 2168 in

1992 2211 2095 2267 hac
2122 2220 2276 2281 parte
2304 2211 2370 2264 de
2396 2210 2665 2279 baptismo
2690 2208 2982 2271 credimus,
3022 2215 3192 2261 totum
3224 2205 3575 2261 nihilominus

1990 2311 2047 2358 et
2072 2303 2136 2358 de
2163 2301 2574 2357 consecratione
2608 2300 2894 2354 sentimus.
2931 2298 3065 2353 Nam
3111 2313 3232 2352 cum
3277 2298 3578 2367 baptismus

1989 2396 2154 2450 tetius
2179 2394 2534 2450 ecclesiastici
2562 2392 2889 2447 sacramenti
2934 2391 3086 2461 origo
3131 2394 3230 2457 sit,
3272 2399 3434 2459 atque
3462 2391 3572 2460 pri-

1986 2487 2275 2550 mordium,
2306 2487 2448 2541 sicut
2473 2485 2770 2554 baptismus
2797 2484 2890 2539 Dei
2921 2492 3006 2537 est
3050 2490 3106 2536 et
3148 2497 3255 2536 non
3316 2481 3573 2542 hominis.

1985 2579 2060 2634 ita
2111 2578 2366 2632 nimirum
2427 2576 2603 2630 omnis
2657 2573 3026 2630 ecclesiastica
3080 2571 3419 2627 consecratio
3493 2571 3572 2626 illi

1983 2668 2291 2738 specialiter
2319 2667 2602 2740 competit,
2640 2681 2670 2720 a
2707 2680 2814 2734 quo
2844 2663 3084 2718 omnium
3135 2662 3572 2717 benedictionum

1981 2759 2094 2832 39
2115 2758 2392 2828 plenitudo
2415 2756 2688 2827 proﬂuxit.
2727 2755 2802 2808 De
2829 2769 2936 2822 quo
2967 2751 3215 2806 videlicet
3240 2750 3530 2820 Apostolus
3555 2768 3567 2805 :

1964 2856 2006 2904 ἰ
2047 2851 2148 2918 Qui
2177 2849 2455 2904 benedixit
2494 2863 2615 2911 nos,
2643 2845 2837 2914 inquit,
2866 2842 3013 2897 onmi
3049 2840 3426 2896 benedictione
3450 2839 3566 2918 spi-l

1982 2911 2163 2997 rituali
2220 2942 2274 2996 in
2319 2939 2631 2994 ctelcstibus
2661 2911 2877 3006 (Ep/tes.
2930 2934 2988 3002 ι).
3017 2953 3034 2984 ›
3069 2931 3256 3001 Neque
3295 2932 3439 2986 enim
3483 2911 3576 2986 vel

1981 3033 2099 3104 ipse
2129 3032 2452 3100 baptismus,
2492 3029 2573 3082 vel
2625 3040 2848 3096 prorsus
2878 3023 3057 3092 aliqua
3087 3021 3424 3076 consecratio
3452 3036 3567 3074 ma-

1982 3138 2151 3194 gnum
2182 3119 2388 3188 aliquid
2417 3117 2712 3179 diceretur,
2745 3113 2846 3166 nisi
2876 3112 3072 3166 intuitu
3114 3110 3350 3180 Spiritus
3375 3109 3568 3172 sancti,

1983 3213 2078 3282 qui
2127 3226 2227 3280 per
2274 3207 2534 3263 exercitia
2585 3206 2675 3260 illa
2729 3203 3002 3258 tribuitur.
3040 3201 3200 3265 Nam,
3244 3209 3305 3255 ut
3352 3201 3570 3265 dicitur,

1981 3301 2110 3372 quid
2157 3309 2240 3354 est
2289 3313 2448 3366 aqua,
2484 3295 2584 3350 nisi
2629 3294 2801 3362 aqua?
2834 3291 2940 3345 Sed
2990 3289 3201 3344 accedit
3243 3289 3468 3344 verbum
3504 3288 3572 3342 ad

1980 3389 2324 3450 elementum,
2347 3397 2403 3440 et
2436 3385 2799 3440 descendente
2827 3381 3051 3451 Spiritu,
3070 3381 3572 3434 fitsacramentum.

2050 3484 2182 3538 Cum
2215 3496 2344 3551 ergo
2383 3480 2435 3533 in
2467 3489 2698 3547 utroque
2741 3475 3190 3530 sanctificationis
3236 3488 3437 3544 genere
3466 3472 3572 3527 hoc

1981 3577 2053 3631 sit
2095 3584 2264 3629 totum
2308 3580 2470 3641 atque
2522 3568 2891 3640 magniﬁcum,
2929 3568 3073 3636 quod
3118 3567 3233 3622 sive
3265 3565 3332 3620 ab
3363 3566 3451 3632 iis,
3477 3567 3572 3635 qui

1979 3669 2360 3738 baptizantur,
2395 3664 2508 3718 sive
2550 3663 2618 3717 ab
2650 3663 2733 3727 iis,
2770 3663 2859 3731 qui
2886 3668 3299 3725 consecrantur,
3335 3657 3572 3728 Spiritus

1980 3771 2202 3816 sanctus
2249 3757 2549 3827 accipitur,
2599 3757 2743 3809 sicut
2781 3769 2887 3808 non
2933 3752 3182 3808 humante
3227 3751 3436 3816 virtuti,
3483 3749 3568 3805 vel

1978 3853 2259 3925 potestati,
2307 3851 2400 3904 sed
2448 3849 2658 3903 auctori
2694 3847 2803 3901 Deo
2855 3845 3158 3915 baptismus
3185 3844 3514 3899 adscribitur
3549 3861 3565 3897 :

1978 3944 2052 3997 ita
2080 3942 2430 3996 nihilominus
2455 3948 2509 3992 et
2535 3938 2790 4008 quaelibet
2816 3935 3187 3991 ecclesiastica
3219 3931 3569 3990 consecratio

1978 4036 2045 4089 ad
2074 4034 2221 4088 illum
2251 4049 2346 4102 per
2374 4031 2578 4094 omnia,
2609 4043 2831 4084 necesse
2852 4036 2957 4094 est,
2990 4025 3277 4088 referatur,
3303 4032 3570 4094 operante

1978 4124 2248 4193 siquidem
2276 4124 2327 4175 in
2351 4123 2596 4188 utrisque
2627 4119 2943 4173 multiformi
2970 4119 3143 4187 gratia
3171 4115 3296 4182 Dei;
3329 4123 3458 4170 etut
3489 4115 3565 4171 illi

1978 4214 2370 4269 absolutionem
2416 4212 2701 4265 obtineant
2739 4217 3113 4276 peccatorum,
3144 4216 3202 4262 et
3244 4206 3330 4260 isti
3374 4221 3568 4274 prove-

1975 4305 2176 4359 hantur
2197 4302 2263 4355 ad
2286 4299 2647 4370 spiritualium
2669 4297 2891 4352 ordines
2928 4298 3268 4368 dignitatum.
3299 4295 3376 4349 llli
3416 4297 3566 4350 exuti

277 4390 597 4445 Samariam
621 4430 636 4455 ο
687 4392 1023 4461 ἰηιροηεηιεε
1071 4409 1265 4448 manus
1314 4393 1408 4458 iis,
1464 4392 1555 4462 qui
1610 4391 1868 4460 baptizati
1898 4403 1950 4463 ι)
1977 4406 2214 4452 veterem
2243 4408 2367 4450 cum
2396 4392 2605 4446 actibus
2633 4389 2862 4456 erroris,
2893 4405 3093 4444 novum
3125 4389 3352 4445 induant
3394 4389 3566 4444 homi-

276 4477 529 4545 fuerant,
556 4493 850 4537 oraveruut
878 4499 974 4553 pro
1002 4483 1153 4551 ipsis,
1191 4491 1244 4538 et
1284 4483 1359 4535 illi
1398 4490 1724 4551 acceperunt
1752 4481 1873 4551 Spi-

276 4578 452 4631 ritum
479 4585 730 4652 sanctum
766 4576 901 4644 (Act.
927 4577 1066 4646 vni).
1105 4594 1124 4626 ›
1162 4575 1278 4629 Non
1307 4591 1436 4645 ergo
1477 4590 1663 4628 eormn
1710 4573 1874 4643 largi-

275 4678 422 4732 tate,
453 4669 550 4724 sed
581 4667 900 4730 ministerio,
926 4685 988 4722 ac
1011 4668 1234 4738 proinde
1257 4682 1362 4721 non
1390 4667 1496 4720 illis
1522 4665 1868 4729 donantibus,

274 4762 377 4814 sed
429 4759 758 4821 orantibus,
804 4758 1305 4828 Spiritussanctus
1359 4771 1523 4824 super
1583 4755 1869 4809 credentes

275 4848 515 4919 illapsus
543 4857 630 4902 est
657 4847 838 4916 (Hebr.
866 4852 959 4920 Ix).
1003 4849 1155 4904 Unus
1195 4859 1277 4903 est
1303 4849 1448 4902 enim
1484 4844 1739 4901 sacerdos
1762 4860 1870 4897 nia-

271 4953 444 5006 gnus,
484 4952 630 4990 unus
671 4937 905 5004 pontifex
933 4954 1178 4992 summus
1204 4979 1218 5003 ,
1263 4938 1352 5007 qui
1403 4935 1648 4991 introivit
1676 4932 1868 4997 semel,

269 5045 384 5081 non
421 5031 474 5082 in
498 5027 762 5097 quadihet
795 5040 971 5084 sancta
999 5040 1330 5092 sanctorum,
1354 5009 1732 5094 δὲἶΓῖἦῙρξυιιι
1759 5038 1863 5078 cte-
1905 5075 1907 5078 ι

269 5117 412 5180 Ιιιιιι,
447 5127 508 5172 ut
539 5125 804 5185 appareat
832 5121 998 5175 vultui
1026 5121 1118 5176 Dei
1141 5134 1239 5190 pro
1262 5118 1436 5174 nobis.
1471 5118 1547 5171 Ex
1577 5129 1686 5184 quo
1715 5115 1864 5168 vide—

267 5208 420 5269 licet.
465 5217 735 5273 tanquam
780 5211 1000 5274 quodam
1033 5211 1264 5271 vertice,
1294 5225 1456 5263 omne
1489 5203 1863 5260 Sacerdotium

1978 4506 2133 4553 nem;
2165 4488 2250 4542 isti
2283 4494 2536 4555 tanquam
2569 4484 2884 4539 sacerdotes
2930 4483 3023 4538 Dei
3073 4483 3368 4537 induantur
3402 4481 3567 4550 justi-

1977 4579 2074 4633 tia.
2101 4577 2180 4630 llli
2223 4576 2378 4646 quasi
2406 4574 2566 4629 modo
2593 4573 2760 4645 geniti
2795 4572 3029 4626 infantes
3057 4571 3410 4626 rationabiles
3441 4570 3561 4626 sine

1975 4671 2099 4726 dolo
2124 4670 2208 4724 lac
2241 4668 2656 4736 concupiscant;
2695 4665 2782 4719 isti
2819 4673 2876 4717 ut
2903 4663 3222 4732 perveniant
3262 4662 3314 4715 in
3343 4674 3562 4715 mensu-

1976 4777 2092 4815 ram
2121 4761 2299 4814 mtatis
2326 4757 2678 4827 plenitudinis
2708 4754 2934 4809 Christi.
2963 4752 3231 4821 Operatur
3265 4750 3317 4804 in
3354 4751 3482 4814 illis,
3507 4759 3565 4804 ut

1977 4853 2110 4906 fiant
2141 4849 2235 4904 ﬁlii
2265 4848 2593 4916 adoptionis,
2630 4847 2683 4900 in
2728 4845 2846 4899 istis
2874 4853 3054 4898 autem
3083 4849 3140 4892 ut
3191 4841 3297 4894 sint
3329 4840 3564 4896 miniStri

1974 4955 2029 4999 et
2063 4945 2468 5012 dispensatores
2500 4937 2920 4993 ministeriorum
2955 4933 3068 4986 Dei.
3098 4929 3176 4982 llli
3207 4946 3440 5004 namque
3465 4947 3567 5000 per

1976 5033 2240 5104 Spiritum
2273 5038 2633 5083 renascuntur
2665 5040 2679 5077 :
2715 5025 2799 5077 isti
2835 5025 3026 5076 eodem
3072 5019 3400 5087 disponente
3443 5019 3566 5088 Spi-

1975 5127 2103 5189 ritn,
2127 5125 2266 5193 jam,
2295 5129 2354 5172 ut
2378 5119 2521 5175 ﬁlios
2540 5117 2635 5171 "Dei
2665 5123 2946 5182 generent,
2966 5109 3566 5182 prteferuntur(Ephes.

1970 5231 2056 5280 tv;
2091 5213 2294 5269 Coloss.
2329 5224 2422 5268 tn;
2462 5206 2607 5260 I’sal.
2653 5215 2845 5264 cxm;
2887 5201 2915 5254 1
2950 5200 3097 5254 Petr.
3145 5214 3216 5262 tt;
3259 5197 3450 5269 Εριιεε.
3486 5212 3570 5262 iv;
