4080 5346
546 313 648 366 105

971 307 1031 365 S.
1071 307 1270 365 PETRI
1314 307 1594 364 DAMIANI
1635 305 1786 362 OPP.
1830 304 2068 362 TOMUS
2109 313 2111 352 1

2211 302 2241 358 U
2283 301 2461 358 PARS
2493 302 2580 358 ll].
2622 296 3090 363 -ῖόΡυεευιΑ
3131 305 3362 362 νΑιιιΑ.

3684 309 3788 366 1οι

540 428 683 481 sicut
738 425 1071 492 baptismus,
1126 425 1202 478 ita
1251 432 1306 478 et
1359 423 1708 477 nihilominus
1753 419 2106 474 sacerdotalis
2133 427 2180 482 Λ
2211 417 2375 470 menti
2400 431 2592 486 genus,
2624 417 2765 472 vela
2805 419 3058 484 Domino,
3093 419 3176 474 vel
3221 418 3290 471 ab
3332 417 3588 486 apostolis
3629 420 3800 486 simul

539 515 916 577 consecratio,
965 513 1108 567 nulla
1163 512 1496 567 sordentium
1568 511 1937 564 ministrorum
1990 509 2110 564 labe

541 605 821 674 polluitur,
857 603 1002 656 nullo
1055 603 1213 657 alieni
1251 612 1428 656 reatus
1457 602 1684 656 crimine
1710 601 1976 655 violatur:
2015 601 2109 655 sed

544 693 908 762 quantumvis
935 691 1295 753 facinorosos,
1324 691 1675 759 quantislihet
1697 691 1768 744 sit
1793 689 2110 744 criminibus

539 771 812 841 involutus
845 785 963 850 ille,
1011 785 1104 856 qui
1135 793 1460 850 consecrat;
1492 785 1554 844 is,
1589 785 1682 853 qui
1719 791 2107 843 consecratur,

533 877 686 931 nullo
710 886 932 947 propter
956 877 1059 948 hoc
1094 877 1235 930 sacri
1266 875 1509 929 muneris
1534 875 1860 929 detrimento
1898 869 2109 942 percel-

539 967 690 1032 litur,
721 981 820 1020 nec
860 966 1038 1035 aliqua
1069 965 1306 1020 caelestis
1339 965 1529 1034 gratia:
1565 963 1922 1018 diminutione
1959 961 2109 1014 frau-

443 1041 451 1092 Ῡ
507 1055 718 1114 ,datur.
752 1053 867 1150 N05:
899 1055 1041 1120 enim
1061 1071 1136 1138 ex
1169 1056 1363 1110 merito
1407 1053 1729 1118 sacerdotis,
1770 1052 1864 1106 sed
1889 1067 1954 1104 ex
1996 1050 2111 1104 olli-

532 1143 644 1208 cio,
670 1157 778 1212 quo
805 1127 1518 1213 ﬁngitur}consecrationis
1545 1142 1859 1214 mysterium
1891 1142 1944 1195 in
1976 1141 2113 1195 alte~

455 1237 458 1280 1
538 1249 659 1287 rum
699 1244 1068 1303 prOpagatur:
1101 1250 1202 1290 nec
1241 1235 1459 1304 expedit
1489 1236 1541 1288 in
1566 1241 1949 1288 consecratore
1975 1247 2110 1286 con-

447 1315 450 1350 λ
533 1322 800 1392 siderare,
849 1323 1081 1393 qualiter
1126 1323 1284 1386 vixit,
1335 1323 1429 1378 sed
1481 1324 1839 1379 ministerium
1873 1332 2111 1377 tantum-

431 1475 435 1483 _
531 1413 694 1466 modo
721 1402 1107 1468 atféndendum
1136 1422 1240 1476 est,
1286 1414 1431 1482 quod
1476 1414 1708 1483 accepit.
1768 1414 1924 1468 Sicut
1966 1413 2110 1468 enim

434 1565 439 1582 ’
536 1499 690 1553 multi
744 1509 889 1566 sunt,
937 1501 1028 1569 qui
1082 1500 1392 1571 baptizandi
1441 1499 1738 1572 funguntur
1792 1499 2006 1566 officio;
2058 1511 2114 1555 et

539 1599 717 1643 tamen
759 1606 897 1644 unus
932 1599 1034 1653 est,
1076 1590 1168 1659 qui
1214 1591 1496 1660 baptizat:
1546 1591 1617 1644 ita
1656 1590 1779 1645 licet
1816 1590 1969 1644 multi
2001 1590 2113 1644 sint

532 1680 865 1744 sacerdotes,
890 1695 1030 1734 unus
1060 1690 1237 1735 tamen
1271 1689 1372 1744 est,
1413 1680 1502 1748 qui
1533 1680 1768 1749 proprie,
1807 1695 1871 1732 ac
1906 1679 2114 1749 specia-

2210 506 2460 560 videatur
2483 517 2783 577 acceptum,
2817 509 2986 564 claret
3027 510 3354 578 baptismum
3382 507 3463 562 sic
3491 523 3614 562 esse
3657 526 3792 564 con-

2208 596 2533 650 secrationis
2573 597 2956 654 ecclesiastica:
2996 597 3402 652 fundamentum
3453 604 3616 666 atque
3644 587 3826 668 prin-'

2207 687 2406 756 cipinm
2441 705 2454 742 :
2491 699 2546 743 ut
2579 691 2671 758 qui
2703 691 2950 760 baptismi
2983 690 3348 760 principatum
3381 699 3567 744 tenere
3591 705 3792 761 cogno-

2208 779 2398 840 scitur,
2433 778 2550 847 ipse
2581 779 2931 834 nihilominus
2971 778 3401 834 consecrationis
3437 787 3627 834 auctor
3671 782 3791 836 abs-
3841 803 3844 805 λ

2207 881 2314 936 que
2340 867 2444 920 ulla
2470 883 2676 938 pronus
2705 871 3056 940 ambiguitate
3092 870 3364 923 credatur.

2836 980 3062 1036 CAPUT
3098 979 3162 1034 ν.

2210 1066 2362 1133 Quod
2386 1068 2533 1142 nulla
2558 1071 2624 1123 sit
2661 1087 2844 1142 causa,
2885 1086 3001 1142 cum
3034 1069 3380 1142 Διοειιιηπὶπηινὶ
3417 1072 3636 1142 quisque
3683 1088 3788 1127 non

2425 1141 2637 1201 audeat,
2673 1156 2768 1192 cur
2814 1139 2993 1192 debeat
3024 1139 3217 1193 iterum
3259 1139 3578 1193 consecrari.

2280 1231 2432 1298 Quod
2469 1245 2590 1286 cum
2623 1231 2697 1285 ita
2727 1231 2818 1296 sit,
2864 1230 2994 1300 quid
3022 1245 3200 1284 causa:
3225 1229 3317 1296 sit,
3342 1245 3442 1301 ego
3481 1247 3585 1286 non
3612 1231 3792 1292 video.

2209 1337 2332 1376 cum
2357 1321 2664 1391 baptizatus
2683 1321 2846 1375 etiam
2869 1322 2934 1374 ab
2952 1321 3230 1386 haeretica,
3257 1336 3363 1376 non
3388 1322 3754 1392 rebaptizetur
3781 1342 3794 1374 :

2209 1426 2307 1464 cur
2322 1417 2602 1478 promotus
2623 1425 2652 1462 a
2670 1408 3003 1474 Simoniaco,
3028 1410 3168 1464 sicut
3184 1410 3403 1473 dicitur,
3421 1410 3505 1464 vel
3523 1412 3798 1481 deponan-

2212 1506 2320 1561 tur,
2341 1496 2423 1550 vcl
2439 1497 2614 1551 denuo
2629 1497 3015 1552 consecretur?
3030 1496 3086 1551 Si
3099 1498 3245 1552 enim
3263 1499 3563 1567 baptismus
3582 1515 3678 1569 per
3693 1501 3795 1554 ho-

2211 1590 2486 1655 niicidam,
2513 1589 2596 1642 vel
2619 1589 2942 1653 adulterum,
2965 1589 3051 1644 vel
3079 1590 3245 1643 etiam
3270 1590 3583 1646 hmreticum
3607 1591 3793 1654 datus,

2213 1689 2364 1734 ratus
2391 1671 2671 1734 habendus
2693 1691 2807 1744 est;
2833 1681 3085 1734 nimirum
3106 1690 3328 1750 propter
3354 1681 3484 1736 illud
3510 1681 3798 1754 Evangeli-

534 1769 657 1823 liter
681 1777 981 1824 consecrat.
1022 1769 1080 1824 ln
1127 1769 1213 1823 illa
1253 1785 1447 1838 nempe
1468 1769 1744 1832 columba,
1787 1784 1907 1836 quae
1948 1783 2111 1837 super
2140 1761 2183 1819 Β
2212 1783 2373 1822 cum:
2409 1785 2427 1817 ‹
2467 1767 2641 1836 Super
2678 1783 2861 1836 quem,
2920 1768 3114 1838 inquit,
3159 1769 3362 1825 videris
3412 1769 3675 1840 Spiritum
3705 1771 3803 1826 de-

537 1859 826 1912 Dominum
887 1868 1008 1928 post
1080 1859 1348 1928 baptisma
1415 1859 1693 1914 descendit
1746 1858 1959 1929 (Matth.
2016 1875 2106 1926 ηις

538 1945 708 2000 Marc.
747 1962 792 2012 l;
835 1946 963 2001 Luc.
993 1963 1099 2012 in;
1140 1949 1302 2002 Joan.
1344 1948 1416 2018 ι),
1450 1949 1564 2018 ipse
1604 1963 1728 2001 cum
1771 1957 2112 2002 sacramento

533 2037 878 2106 baptismatis
905 2047 959 2092 et
988 2039 1100 2092 veri
1125 2038 1416 2093 sacerdotii
1451 2037 1577 2105 jura
1599 2039 1855 2108 suscepit,
1885 2038 2006 2092 fuso
2033 2038 2114 2091 vi-

532 2124 726 2180 delicet
756 2142 918 2196 super
955 2141 1078 2180 eum
1115 2126 1236 2182 oleo
1271 2125 1666 2190 exsultationis,
1699 2125 1764 2180 de
1810 2141 1916 2194 quo
1961 2125 2113 2179 Psal-

531 2216 692 2270 mista
720 2217 867 2272 canit
905 2235 918 2270 :
953 2214 1124 2289 (Psal.
1174 2217 1320 2288 κων)
1354 2236 1372 2268 ς
1410 2216 1576 2272 Unxit
1621 2225 1695 2283 te,
1727 2217 1918 2286 inquit,
1948 2215 2111 2281 Deus,

529 2307 672 2360 Deus
703 2315 824 2361 tuus
855 2307 973 2363 oleo
1001 2307 1202 2361 ltetitiae
1245 2323 1356 2378 pra:
1385 2308 1729 2363 consortibus
1760 2308 1887 2363 tuis.
1928 2326 1947 2360 ι
1982 2307 2104 2362 Pro-

529 2398 689 2452 batur
713 2408 892 2452 autem
922 2399 1251 2468 Redemptor
1284 2410 1469 2453 noster
1506 2415 1628 2454 cum
1655 2400 1926 2469 baptismo
1954 2396 2112 2454 simul

526 2496 584 2543 et
609 2489 894 2542 sacerdotii
939 2488 1242 2558 suscepisse
1273 2489 1631 2543 ministerium
1662 2506 1675 2542 :
1720 2488 1845 2558 quia
1873 2487 2114 2558 baptiza-

530 2588 637 2641 tus,
692 2593 818 2631 mox
866 2578 1185 2648 praedicare,
1235 2578 1530 2650 discipulos
1573 2579 1797 2650 eligere,
1851 2579 2114 2648 novisque

529 2668 696 2736 etrapit
740 2667 1015 2722 miraculis
1057 2683 1365 2737 coruscare,
1409 2669 1552 2739 quod
1597 2679 1824 2725 eatenus
1873 2668 2113 2738 profecto

529 2757 725 2811 fecisse
773 2774 880 2812 non
931 2759 1149 2829 legitur,
1180 2750 1224 2813 Si
1264 2759 1551 2830 diligenter
1577 2757 1884 2828 Evangelici
1935 2767 2114 2814 textus

527 2851 699 2906 series
725 2861 1055 2906 recensetur.
1089 2851 1228 2906 Hinc
1257 2860 1339 2906 est
1369 2852 1513 2921 quod
1539 2861 1728 2904 sancta
1767 2849 2008 2905 Ecclesia
2045 2853 2113 2907 ab

527 2943 647 3012 ipso
692 2957 791 2997 suo
833 2941 1012 3012 capite
1062 2942 1222 3012 hujus
1285 2957 1532 2997 normam
1597 2941 1708 3011 90
1760 2942 2112 2996 institutionis

528 3032 782 3102 arripuit,
808 3041 861 3088 et
893 3032 1123 3088 fideliter
1147 3041 1363 3098 servat;
1397 3042 1456 3086 ut
1485 3031 1550 3086 ad
1580 3033 1751 3086 instar
1793 3033 1962 3102 ipsius
2007 3033 2112 3088 Do-

2211 1856 2582 1920 scendentem,
2614 1864 2668 1910 et
2698 1865 3006 1910 manentem
3043 1873 3208 1927 super
3241 1873 3386 1922 eum,
3426 1859 3515 1913 hic
3561 1869 3666 1924 εει,
3706 1860 3800 1930 qui

2211 1945 2451 2015 haptizat
2493 1944 2674 2016 (Joan.
2704 1946 2778 2015 ι);
2823 1965 2842 1998 ι
2890 1947 2961 2000 nil
2989 1949 3214 2003 omnino
3237 1964 3415 2003 causa:
3442 1958 3546 2015 est,
3573 1966 3671 2005 cur
3692 1965 3800 2004 neu

2210 2037 2341 2089 etin
2367 2035 2872 2090 consecrationibus
2901 2037 2969 2091 ad
3005 2039 3255 2092 eumdem
3288 2039 3572 2108 utriusque
3618 2055 3806 2096 sacra-

2211 2127 2376 2180 menti
2411 2127 2695 2180 redeamus
2723 2136 3020 2192 auctorem,
3071 2139 3130 2183 ut
3168 2143 3323 2199 aeque
3370 2131 3614 2186 dicamus
3659 2148 3673 2186 :
3713 2133 3804 2186 hic

2211 2225 2316 2281 est,
2345 2216 2434 2285 qui
2466 2226 2773 2272 consecrat.
2801 2217 3054 2288 Nunquid
3076 2221 3219 2274 enim
3251 2219 3496 2276 columba
3527 2222 3617 2276 illa
3639 2237 3806 2292 super

2214 2308 2572 2362 nedialorem
2622 2308 2718 2362 Dei
2783 2317 2838 2361 et
2883 2309 3161 2364 hominum
3211 2326 3334 2366 cum
3376 2312 3575 2367 virtute
3631 2312 3803 2382 bapti-

2213 2398 2371 2452 zandi
2400 2399 2569 2462 venit,
2597 2409 2651 2453 et
2679 2414 2804 2453 cum
2842 2402 3198 2456 consecrandi
3230 2404 3431 2458 virtute
3473 2420 3579 2466 non
3621 2406 3804 2460 venit!

2213 2483 2430 2554 (Matth.
2459 2499 2553 2551 nt;
2585 2485 2756 2540 Marc.
2783 2486 2846 2556 ι.)
2874 2487 3012 2554 Quid
3033 2489 3177 2542 enim
3199 2493 3416 2561 accipit,
3440 2493 3530 2563 qui
3556 2493 3803 2563 baptiza—

2214 2584 2319 2640 tur,
2353 2576 2455 2630 nisi
2487 2575 2747 2646 Spiritum
2789 2579 3076 2632 sanctum?
3105 2579 3170 2634 Et
3218 2597 3455 2648 rursum,
3507 2584 3636 2652 quid
3681 2582 3795 2646 ille,

2211 2665 2304 2734 qui
2356 2675 2732 2732 consecratur,
2785 2667 2890 2751 nisi
2944 2667 3206 2740 Spiritum
3255 2673 3543 2727 sanctum?
3580 2671 3636 2726 Si
3667 2687 3800 2742 ergo

2211 2765 2496 2826 propterea
2541 2757 2663 2826 quis
2709 2773 2738 2810 a
2785 2773 3110 2831 quocunque
3157 2760 3424 2832 ﬂagitioso
3473 2763 3801 2833 baptizatus,

2212 2859 2319 2897 non
2347 2846 2733 2914 rebaptizatur,
2761 2848 2886 2917 quia
2935 2848 3200 2919 Spiritum
3243 2860 3491 2906 sanctum
3521 2853 3797 2922 accepisse

2211 2938 2468 3002 creditur,
2497 2939 2601 3008 91
2651 2956 2756 2993 non
2797 2955 2898 3009 per
2942 2941 3088 2997 illius
3127 2943 3402 3010 meritum,
3445 2943 3536 2998 sed
3561 2958 3658 3012 per
3680 2945 3798 3014 ejus

2212 3027 2446 3083 cilicium
2481 3047 2494 3082 :
2536 3039 2590 3083 et
2632 3044 2740 3084 non
2769 3031 2837 3084 ab
2869 3031 2986 3096 illo,
3031 3033 3126 3088 sed
3155 3049 3186 3087 a
3216 3033 3457 3099 Christo,
3489 3035 3556 3088 de
3582 3050 3690 3104 quo
3719 3036 3798 3088 v3-

527 3101 662 3176 mini
711 3122 854 3178 infra
907 3123 1230 3178 tricennium
1287 3123 1356 3178 ad
1408 3124 1768 3178 sacerdotium
1816 3101 2184 3192 quemlibetC
2217 3118 2408 3173 delicet
2459 3119 2576 3174 solo
2608 3120 2916 3190 specialiter
2947 3120 3187 3176 dicitur:
3226 3143 3243 3175 ι
3283 3123 3381 3178 llic
3435 3133 3517 3177 est
3560 3101 3651 3192 qui
3698 3125 3794 3178 ba-

527 3227 634 3264 non
665 3213 934 3266 admittat.
985 3211 1097 3266 Nisi
1141 3213 1285 3266 enim
1320 3221 1470 3266 certa
1513 3212 1647 3266 fides
1695 3213 1937 3277 haberet,
1985 3228 2110 3266 cum

525 3299 795 3370 baptismo
822 3301 1104 3356 Dominum
1135 3302 1294 3356 simul
1321 3312 1375 3356 et
1397 3305 1760 3357 sacerdotium
1785 3304 2110 3372 suscepisse,

521 3399 588 3442 ut
641 3389 768 3457 quid
812 3397 1092 3459 tant0pcre
1130 3390 1390 3444 canonica
1435 3391 1746 3460 prohiberet
1792 3392 2108 3455 auctoritas,

525 3489 654 3534 ante
690 3480 832 3535 illius
859 3480 1036 3534 aetatis
1061 3488 1296 3550 tempus,
1347 3496 1455 3550 quo
1505 3481 1620 3562 ipse
1667 3481 1972 3549 baptizatus
2002 3490 2110 3546 est,

524 3573 838 3642 quempiam
885 3573 952 3626 ad
1005 3572 1371 3628 sacerdotales
1427 3551 1626 3628 inftilas
1671 3576 1960 3644 aspirare?
2001 3575 2111 3629 lmo

524 3677 628 3715 cur
658 3663 724 3715 ad
756 3660 1126 3731 accipiendum
1158 3662 1493 3718 sacerdotale
1519 3665 1788 3733 fastigium
1821 3665 2111 3720 Dominicae

525 3751 708 3806 aetatis
750 3752 1102 3806 adhiberetur
1138 3753 1470 3823 exemplum,
1509 3755 1556 3808 si
1593 3755 1818 3810 minime
1862 3755 2111 3811 credere-

528 3851 618 3895 tur
648 3849 776 3896 tunc
815 3841 1076 3896 Dominus
1126 3859 1235 3898 non
1281 3845 1401 3898 sine
1449 3846 1751 3900 sacerdotio
1808 3847 2112 3916 suscepisse

523 3931 902 4001 baptismum?
927 3931 1078 3987 Sicut
1107 3935 1248 3988 enim
1286 3935 1634 4006 baptismum,
1673 3937 1745 3990 ita
1775 3945 1828 3991 et
1860 3939 2112 3993 sacerdo-

527 4026 664 4077 tium
693 4039 758 4078 ex
801 4037 956 4094 parte
987 4026 1341 4080 humanitatis
1379 4043 1477 4096 pro
1505 4036 1689 4081 nostra
1721 4027 1893 4082 salute
1922 4043 2109 4082 susce-

526 4115 627 4184 pit,
653 4115 807 4184 cujus
839 4115 1085 4170 videlicet
1114 4116 1395 4186 utriusque
1416 4116 1750 4171 Sacramenti
1779 4119 1831 4171 in
1855 4133 1939 4182 eo,
1967 4117 2110 4188 quod

528 4205 672 4259 Deus
734 4214 817 4260 est
864 4215 1073 4272 auctor,
1125 4217 1181 4261 et
1227 4216 1574 4262 consecrator
1624 4208 1826 4262 existit.
1883 4207 1960 4262 De
2001 4223 2110 4277 quo

526 4296 818 4366 Apostolus
843 4297 1016 4352 dicit:
1055 4317 1072 4350 ι
1107 4296 1208 4353 Ubi
1251 4315 1554 4368 praecursor
1592 4315 1689 4368 pro
1734 4300 1892 4354 nobis
1937 4299 2108 4355 intro-

528 4389 628 4443 ivit
654 4391 947 4444 secundum
965 4391 1207 4444 ordinem
1230 4389 1643 4456 Melchisedech,
1670 4391 1910 4461 pontifex
1937 4392 2110 4448 factus

528 4477 582 4531 in
615 4486 874 4531 aeternum
905 4477 1060 4549 (Heb.
1106 4479 1205 4548 vi).
1238 4498 1256 4530 ι
1289 4479 1425 4533 Nam
1454 4489 1511 4534 et
1540 4481 1636 4549 ipsi
1667 4482 1840 4536 sancti
1871 4481 2111 4551 Apostoli

527 4583 637 4621 non
666 4568 1011 4636 reperiuntur
1055 4568 1180 4621 alibi
1233 4568 1397 4624 fuisse
1441 4585 1473 4623 a
1513 4570 1739 4625 Domino
1789 4575 2115 4640 consecrati,

528 4657 635 4712 nisi
664 4658 719 4713 in
745 4657 1095 4727 perceptione
1131 4658 1382 4726 baptismi
1417 4676 1430 4711 :
1480 4660 1571 4728 qui
1618 4669 1795 4715 tamen
1827 4679 1933 4716 non
1963 4678 2116 4732 aqua:

527 4748 870 4819 baptismatis
911 4747 1196 4803 manifeste
1227 4748 1477 4819 leguntur
1507 4749 1768 4816 immersi,
1803 4753 1896 4805 sed
1941 4753 2116 4822 injun-

525 4849 672 4892 ctam
703 4839 882 4908 potius
928 4839 1168 4892 exsecuti
1197 4849 1323 4892 sunt
1371 4840 1734 4894 obedientiam
1784 4841 2112 4912 baptizandi.

524 4932 646 4998 Qua
675 4933 928 4986 nimirum
959 4930 1097 4999 jussi
1141 4941 1266 4984 sunt
1305 4933 1581 5000 baptizare
1607 4934 1892 4988 credentes
1930 4935 1984 4987 in
2014 4951 2112 4987 no-

530 5021 675 5074 mine
705 5019 906 5084 Patris,
938 5031 993 5074 et
1044 5019 1191 5084 Filii,
1218 5029 1272 5074 et
1319 5020 1554 5091 Spiritus
1601 5024 1794 5077 sancti.
1845 5023 2112 5079 Praeterea

528 5123 652 5163 cum
683 5108 787 5163 illis
817 5109 1018 5164 dictum
1052 5111 1122 5164 sit
1149 5125 1179 5163 a
1213 5109 1439 5166 Domino
1472 5129 1484 5164 :
1517 5111 1752 5167 Joannes
1778 5113 1996 5182 quidem
2017 5115 2113 5168 ba-

525 5199 754 5268 ptizavit
782 5215 944 5268 aqua,
976 5216 1072 5256 vos
1107 5211 1288 5256 autem
1322 5203 1725 5272 baptizabimini
1756 5202 1960 5274 Spiritu
1989 5221 2113 5260 san-

528 5297 616 5320 ιοιη
640 5303 742 5320 nun“
769 5298 888 5320 “no.
920 5292 1118 5318 man‘ln»
1145 5291 1242 5318 "an
1273 5290 1386 5318 1.:AA
1415 5309 1428 5316 ι
1465 5301 1668 5316 οη-ξι-Ιαι
1715 5307 1800 5316 Αλο-
1835 5302 1964 5328 ⁴·ι.ιη
1989 5309 2110 5328 πιανέ

2161 5281 2172 5302 τ
2218 5286 2465 5326 λις---η-οι

2212 3211 2381 3280 ptizat
2430 3211 2716 3283 (1οαη.ι);
2757 3232 2775 3265 ι
2815 3229 2941 3268 cum
2977 3222 3031 3268 et
3063 3215 3109 3269 is
3148 3215 3240 3285 qui
3269 3225 3642 3279 consecratur,
3692 3230 3796 3268 non

2214 3300 2381 3365 aliud,
2434 3302 2537 3356 nisi
2582 3303 2832 3357 eumdem
2883 3304 3162 3374 Spiritum
3193 3317 3467 3368 sanctum,
3497 3316 3552 3361 et
3583 3307 3649 3360 ab
3681 3307 3798 3376 ipso

2212 3390 2399 3458 utique
2425 3389 2640 3446 Christo
2669 3393 2966 3462 suscipiat:
3017 3411 3138 3464 qu:e
3174 3395 3316 3450 inter
3351 3397 3683 3465 baptizatum
3713 3409 3796 3452 at—

2213 3493 2316 3547 que
2345 3491 2720 3536 consecratum
2761 3485 2831 3538 sit
2875 3485 2928 3537 in
2969 3485 3068 3540 hac
3095 3496 3251 3555 parte
3281 3486 3599 3554 diversitas,
3639 3490 3794 3558 peni-

2213 3577 2300 3622 tus
2331 3585 2435 3623 non
2465 3571 2696 3626 videtur.

2283 3659 2524 3724 Quorum
2574 3663 2738 3733 igitur
2769 3679 2872 3716 una
2905 3675 2986 3718 est
3029 3681 3213 3728 causa,
3267 3667 3454 3722 eadem
3481 3668 3648 3724 debet
3676 3685 3801 3726 esse

2212 3749 2504 3814 sententia,
2539 3751 2640 3804 nisi
2673 3751 2812 3806 forte
2839 3753 2977 3808 alius
3009 3769 3129 3809 esse
3164 3757 3467 3812 censendus
3504 3768 3588 3812 est
3627 3757 3801 3828 Spiri-

2214 3847 2301 3894 tus
2325 3841 2416 3909 qui
2450 3842 2501 3894 in
2542 3844 3040 3899 consecrationibus
3074 3847 3273 3900 datur:
3308 3849 3446 3904 alius
3487 3852 3578 3920 qui
3622 3852 3674 3905 in
3705 3853 3800 3909 ba-

2211 3931 2410 4000 ptismo
2457 3933 2731 3987 tribuitur.
2765 3935 2871 3988 Sed
2902 3937 3021 4004 quis
3053 3937 3154 3990 hoc
3197 3939 3464 4009 sacrilega
3493 3943 3801 3996 temeritate

2211 4034 2519 4090 pratsuntat,
2551 4039 2673 4078 cum
2704 4025 2984 4080 manifeste
3013 4027 3209 4081 clamet
3237 4030 3524 4098 Apostolus
3551 4051 3564 4086 :
3598 4052 3616 4084 ι
3651 4033 3801 4088 Unus

2211 4112 2373 4178 Deus,
2426 4131 2534 4169 una
2587 4116 2743 4180 fides,
2797 4133 2964 4170 unutn
3014 4118 3281 4188 baptisma
3315 4121 3473 4190 (Eph.
3521 4123 3617 4194 ιν).
3663 4143 3682 4176 ι
3735 4124 3800 4178 Et

2210 4202 2406 4256 iterum
2440 4219 2456 4258 :
2493 4222 2511 4255 ι
2553 4205 2610 4258 Si
2661 4205 2728 4268 is,
2761 4206 2852 4273 qui
2883 4207 3053 4271 venit,
3083 4208 3250 4262 alium
3280 4208 3555 4265 Christum
3597 4215 3798 4282 praedi-

2209 4303 2320 4359 cat,
2347 4311 2508 4365 quem
2559 4312 2666 4350 non
2700 4297 3132 4365 pmdicavimus,
3189 4310 3282 4354 aut
3321 4303 3485 4356 alium
3534 4303 3799 4373 Spiritum

2214 4386 2444 4453 accepit,
2469 4398 2632 4452 quem
2663 4400 2766 4436 non
2798 4386 3105 4453 accepistis,
3134 4399 3227 4442 aut
3249 4389 3396 4444 aliud
3423 4391 3793 4461 Evangelium,

2143 4454 2189 4512 ί)
2222 4476 2365 4541 quod
2401 4489 2505 4527 non
2530 4472 2830 4540 accepistis,
2862 4482 3009 4528 recte
3039 4478 3357 4542 patercmini
3381 4477 3468 4548 (ΙΙ
3495 4454 3622 4533 Cor.
3651 4483 3746 4549 xl).

2221 4563 2336 4617 lluc
2374 4563 2602 4628 accedit,
2635 4563 2776 4631 quod
2808 4563 2950 4617 sicut
2979 4565 3237 4619 canonica
3288 4574 3519 4620 testatur
3559 4571 3802 4624 auctori-

2221 4664 2319 4717 tas,
2353 4654 2555 4709 idcirco
2604 4653 2922 4724 prohibetur
2971 4658 3326 4726 rebaptizatio
3376 4659 3517 4722 fieri,
3563 4675 3632 4713 ne
3674 4678 3801 4715 san-

2216 4755 2318 4799 cta:
2345 4743 2628 4799 Trinitatis
2654 4759 2873 4807 nomen,
2904 4745 2961 4798 in
2992 4760 3100 4814 quo
3141 4745 3446 4814 baptizatus
3490 4756 3571 4802 cst
3618 4749 3800 4804 videa-

2220 4843 2310 4886 tur
2333 4833 2621 4888 annullari.
2649 4832 2802 4900 Quod
2832 4834 2876 4888 si
2927 4833 3042 4888 htec
3089 4842 3174 4887 est
3219 4849 3379 4889 causa
3417 4850 3518 4890 cur
3562 4839 3802 4907 rebapti-

2219 4925 2332 4980 zari
2365 4925 2594 4994 quisque
2644 4940 2752 4978 non
2803 4924 3017 4988 debeat,
3079 4924 3167 4980 cui
3214 4925 3582 4992 manifestius,
3629 4944 3794 4998 quam

2217 5018 2468 5072 ordinato
2500 5016 2723 5071 cuilibet
2782 5031 2813 5068 a
2870 5015 3181 5072 Simoniaco
3208 5017 3478 5086 congruit,
3533 5020 3629 5087 qui
3692 5035 3796 5076 non

2218 5108 2379 5162 modo
2425 5108 2478 5160 in
2515 5115 2716 5160 salicta:
2764 5104 3047 5160 Trinitatis
3072 5106 3292 5161 nomine
3337 5120 3625 5163 consecrat
3659 5127 3676 5165 :
3705 5111 3799 5167 sed

2217 5209 2274 5255 et
2296 5213 2511 5254 onmem
2553 5212 2777 5268 prorsus
2801 5199 3048 5252 ordinem
3073 5198 3351 5254 catholica:
3369 5203 3800 5258 consecrationis

2521 5289 2860 5312 οε---,.-,ε-,..--
2906 5304 3128 5310 ημ-..,η-
3186 5290 3306 5310 ιε--.
3356 5304 3413 5308 η-
