4106 6310
297 498 418 561 ΐοὸ

1061 489 1304 550 OPUSC.
1349 491 1434 547 VI.
1473 523 1543 534 —
1581 485 1782 547 LIBER
1822 483 1938 556 QUI
1977 486 2256 544 DlClTUll
2296 479 2782 543 CRATISSIMUS.

3452 484 3554 544 106

294 606 583 678 diligenter
616 569 923 674 inspicitur,
965 616 1068 658 nec
1104 603 1223 674 ipsa
1269 601 1506 658 Simonis
1539 601 1671 656 ﬁdes
1720 601 1877 656 iuno-
1901 595 2165 663 Alutem,
2194 595 2316 652 aliis
2363 597 2580 666 quidem
2634 597 2958 667 proveniunt
3007 598 3075 655 ad
3127 581 3554 658 damnationem.

296 713 424 754 cens
453 696 726 753 invenitur
755 714 770 750 :
807 713 827 748 ‹
869 695 1128 764 Pecunia,
1163 695 1356 766 inquit,
1390 705 1480 750 tua
1516 703 1693 764 tecum
1721 693 1793 749 sit
1818 693 1874 748 in

292 789 680 861 perditionem,
729 787 822 860 qui
867 788 1069 844 donum
1119 787 1216 843 Dei
1259 787 1586 843 existimasti
1648 785 1876 857 pecunia

293 879 563 952 possideri
599 878 739 950 (Act.
768 877 915 951 vtu).
944 897 964 931 ι
1013 875 1151 934 Nam
1181 895 1306 935 eum
1356 878 1508 943 dicit,
1555 877 1878 934 existimasti

295 973 499 1028 donum
545 970 644 1026 Dei
693 970 922 1042 pecunia
966 971 1264 1041 possideri,
1306 957 1609 1048 evidenter
1643 969 1881 1026 ostendit

299 1065 461 1121 talem
492 1073 622 1120 tunc
652 1063 816 1120 fuisse
847 1062 1086 1120 Simonis
1128 1064 1287 1120 (idem
1309 1104 1324 1131 ,
1351 1073 1412 1120 ut
1435 1064 1481 1120 si
1517 1065 1752 1135 pretium
1786 1064 1882 1120 da-

295 1166 402 1224 ret,
455 1172 562 1212 non
605 1155 878 1211 immerito
913 1155 982 1210 ad
1027 1154 1276 1212 facienda
1313 1155 1575 1212 miracula
1619 1156 1878 1227 Spiritum

294 1256 548 1304 sanctum
592 1246 898 1319 negotiatus
928 1245 1221 1317 acciperet.

906 1338 1136 1361 nanlxm
1186 1339 1255 1361 ιη
1295 1322 1303 1334 ⁸
1718 1314 1742 1361 κ.
1768 1330 1792 1360 λ.

905 1314 1136 1397 CAPUT
1186 1322 1303 1396 vr.’
1665 1314 1792 1436 Ὼὲι-ζεκ

371 1431 526 1498 Quod
556 1431 840 1499 ordinatio,
875 1433 920 1488 si
953 1435 1020 1489 sit
1061 1434 1340 1501 catholica,
1380 1433 1447 1490 sit
1475 1434 1630 1490 etiam
1673 1431 1810 1488 fata.

368 1521 613 1579 Modcrui
657 1533 838 1580 autem
861 1525 1121 1596 temporis
1153 1525 1472 1594 Simoniaci,
1501 1527 1626 1598 quia
1653 1527 1886 1582 miracu-

293 1618 363 1672 lis
407 1630 466 1671 se
496 1616 796 1674 clarescere
825 1631 987 1689 posse
1021 1633 1130 1674 non
1175 1627 1426 1690 sperant,
1478 1635 1585 1675 non
1619 1619 1882 1689 Spiritum

293 1719 566 1776 sanctum,
603 1725 709 1766 non
749 1709 865 1779 ejus
895 1708 1035 1766 doﬁa
1085 1710 1438 1767 desiderant:
1472 1713 1567 1768 sed
1605 1701 1886 1767 obtinendi

295 1802 638 1874 principatus
669 1802 962 1858 ambitione
992 1804 1265 1868 succensi,
1304 1803 1372 1859 ad
1403 1802 1618 1860 culmen
1652 1811 1887 1858 tantum-

294 1895 457 1951 modo
487 1893 768 1963 dignitatis
796 1893 1072 1950 anhelant.
1098 1893 1285 1966 Itaque
1325 1904 1586 1966 quantum
1629 1895 1698 1950 ad
1724 1895 1888 1950 ﬁdem

1977 688 2034 743 ld
2087 698 2285 754 tamen,
2328 689 2470 759 quod
2526 691 2704 756 datur,
2747 692 2967 748 omnino
3012 693 3212 748 bonum
3259 705 3370 761 est;
3431 695 3561 751 licet.

1979 797 2104 837 rcus
2156 781 2228 837 sit
2259 781 2347 837 ille
2386 783 2477 852 qui
2532 783 2757 878 accipit;k
2808 781 2991 878 Ngque
3041 784 3183 840 enim
3220 787 3396 842 bonus
3435 803 3554 843 me-

1981 875 2133 930 dicus
2185 890 2451 932 venenum
2497 845 3076 948 ρῖέόῖιῖιῖίιῗὸγὲξειοιο.
3123 878 3374 948 Nunquid
3410 880 3557 935 enim

1981 965 2223 1021 buccella
2277 965 2389 1032 illa,
2431 981 2594 1036 quam
2638 965 2790 1022 Judae
2839 968 3097 1024 Dominus
3132 972 3390 1042 porrexit,
3419 971 3561 1028 bona

1982 1060 2259 1118 nonfuit?
2313 1060 2418 1117 Sed
2449 1063 2592 1132 quod
2626 1071 2746 1118 erat
2791 1078 2955 1118 causa
3005 1063 3216 1131 salutis,
3259 1064 3334 1119 illi
3361 1065 3584 1122 factum'

1981 1164 2066 1212 est
2096 1155 2324 1228 materia
2366 1155 2730 1211 damnationis
2759 1173 2773 1210 :
2800 1155 2926 1225 quia
2955 1156 3373 1213 instrumentum
3415 1158 3566 1228 pacis

1983 1226 2345 1316 non‘pacatus
2381 1247 2610 1318 accepit.
2640 1246 2831 1302 Cuncti
2857 1246 3020 1301 etiam
3047 1246 3252 1318 liquido
3290 1226 3564 1317 novimus,

1985 1339 2112 1410 quia
2160 1339 2492 1414 mysterium?
2516 1339 2896 1406 Eucharistiae,
2944 1342 3089 1410 quod
3123 1345 3190 1398 de
3216 1354 3570 1401 sacrosancto

1985 1429 2146 1484 altari
2176 1431 2290 1486 sive
2325 1429 2480 1502 justi,
2528 1431 2642 1488 sive
2672 1440 2992 1502 peccatores
3021 1434 3340 1506 accipimus,
3383 1439 3574 1509 utique

1984 1524 2188 1580 bonum
2213 1533 2318 1580 est.
2360 1522 2471 1601 Nec
2518 1525 2694 1580 bonus
2739 1525 2953 1594 melius,
3001 1543 3103 1583 nec
3147 1529 3326 1586 malus
3373 1531 3574 1601 accipit

1985 1615 2159 1687 pejus.
2217 1617 2284 1671 Et
2337 1589 2518 1672 ιέιιιοη
2569 1616 2704 1672 dicit
2746 1589 3033 1686 Apostolus
3074 1636 3090 1674 :
3131 1621 3268 1688 Quia
3319 1589 3574 1695 indignus

1993 1726 2013 1764 ι
2043 1709 2306 1781 judicium
2343 1709 2447 1765 sibi
2478 1710 2795 1777 manducat,
2840 1720 2896 1766 ct
2931 1711 3087 1778 bibit,
3123 1728 3228 1770 non
3276 1705 3578 1784 dijudicans

1988 1814 2185 1870 corpus
2219 1799 2433 1854 Domini
2464 1799 2516 1871 (1
2541 1799 2664 1855 Cor.
2688 1801 2790 1870 ιι).
2829 1819 2849 1852 ι
2888 1801 2946 1857 Si
2973 1817 3103 1876 ergo
3128 1811 3182 1858 ct
3211 1804 3342 1861 illud
3374 1822 3574 1876 corpus

1989 1892 2202 1948 Domini
2229 1901 2314 1948 est
2361 1891 2506 1963 quod
2555 1891 2808 1965 indignus
2839 1894 3053 1966 accipit,
3099 1897 3444 1968 perspicuum
3493 1907 3580 1956 est

295 1984 490 2057 integri
522 1994 669 2052 sunt,
700 1994 906 2041 tantum
938 1997 1066 2040 vero
1096 1984 1164 2040 ad
1193 1994 1424 2042 monetae
1469 1984 1685 2041 fabrilia
1707 1985 1885 2040 Simo—
1914 1994 1960 2055 Β
1987 1985 2114 2057 quia
2140 2000 2230 2042 res
2254 1985 2397 2041 bona
2433 1985 2576 2042 malo
2598 1987 2828 2042 vertitur
2851 1987 2906 2043 in
2939 1988 3256 2059 perniciem,
3285 2006 3404 2062 qua}
3430 1992 3576 2048 bono

295 2074 468 2131 niacae
491 2075 854 2133 damnationis
874 2077 1084 2147 laqueis
1114 2077 1484 2134 innectuntur.
1509 2075 1680 2148 Hujus
1701 2085 1882 2133 autem

299 2171 524 2228 lizercsis
557 2173 662 2228 duo
705 2171 960 2244 leguntur
991 2181 1281 2240 auctores,
1324 2171 1464 2228 alter
1510 2173 1611 2230 sub
1647 2173 1884 2244 prophe-

299 2261 408 2317 tica
455 2260 563 2334 (IV
603 2262 729 2335 Reg.
777 2263 868 2334 v),
903 2250 1064 2319 alter‘
1088 2265 1188 2320 sub
1219 2263 1516 2334 apostolica
1567 2263 1887 2334 pestilenter

296 2354 585 2411 emersisse
622 2355 869 2413 doctrina
916 2357 1055 2428 (Act.
1101 2355 1263 2427 vui):
1308 2357 1441 2413 Gezi
1468 2357 1750 2425 nimirum,
1792 2356 1886 2428 qui

297 2449 558 2520 magister
585 2463 705 2506 esse
738 2448 1091 2505 vendentium
1123 2467 1137 2504 :
1170 2448 1359 2506 Simon
1392 2465 1632 2520 quoque,
1665 2450 1758 2521 qui
1785 2465 1885 2506 au-

297 2549 418 2595 ctor
441 2540 662 2596 videtur
702 2553 826 2596 esse
868 2549 1197 2611 emptorem.
1231 2539 1436 2596 Horum
1464 2540 1626 2615 igitur
1655 2548 1889 2598 sectato-

299 2647 389 2688 res
418 2633 557 2688 sicut
582 2647 691 2688 non
720 2641 848 2690 sunt
872 2633 927 2688 in
962 2647 1152 2689 errore
1192 2633 1416 2696 diversi,
1453 2633 1527 2688 ita
1565 2647 1669 2689 nec
1698 2633 1754 2688 in
1798 2633 1888 2689 da-

299 2724 578 2781 mnatione
617 2725 876 2782 discreti:
917 2726 1116 2796 quibus
1146 2733 1330 2781 tamen
1378 2725 1427 2780 si
1469 2724 1740 2782 catholica
1792 2725 1888 2781 ﬁat

297 2816 593 2884 ordinatio,
640 2832 811 2873 sacra:
855 2818 1132 2890 dignitatis
1189 2818 1448 2886 ollicium,
1499 2819 1568 2874 ad
1596 2819 1738 2890 quod
1776 2833 1886 2875 non

299 2917 574 2967 merentes
627 2911 914 2980 accedunt,
963 2909 1206 2982 perfecte
1255 2910 1580 2982 suscipiunt.
1633 2907 1942 2982 Ejusdem

300 3014 536 3072 namque
554 3001 776 3061 virtutis
799 3012 884 3059 est
913 3001 1154 3074 Spiritus
1179 3011 1420 3069 sanctus,
1452 3017 1576 3058 cum
1616 3000 1735 3071 ejus
1765 3017 1890 3073 gra—
1938 3013 1940 3024 ξ

301 3091 375 3146 tia
410 3092 680 3162 venditur,
728 3092 882 3164 cujus
925 3102 1012 3151 est
1061 3102 1117 3150 et
1157 3109 1280 3151 cum
1335 3092 1506 3165 gratis
1542 3093 1741 3149 datur:
1788 3109 1891 3150 nec

299 3190 524 3252 propter
560 3185 934 3254 perversitatis
973 3185 1228 3241 humanas
1279 3173 1667 3240 commercium
1706 3184 1890 3240 divina

299 3275 540 3341 Potentia
587 3276 819 3348 propriae
871 3279 1158 3349 potestatis
1223 3277 1332 3349 92
1387 3277 1568 3350 perdit
1615 3275 1938 3335 effectum.--

1989 2079 2182 2150 utique
2227 2079 2447 2150 provisa
2495 2087 2580 2137 est
2630 2080 2700 2136 ad
2758 2081 2988 2138 salutem
3033 2099 3048 2137 :
3093 2097 3194 2140 nec
3257 2093 3437 2139 tamen
3487 2099 3578 2142 res

1988 2172 2132 2228 mala
2161 2181 2245 2228 est
2267 2173 2514 2241 dicenda,
2546 2172 2675 2244 quia
2701 2182 2892 2242 nocet;
2939 2191 3042 2233 nec
3066 2175 3189 2233 ideo
3231 2192 3352 2233 esse
3393 2191 3582 2234 sacra-

1988 2271 2232 2318 mentum
2280 2263 2466 2331 desiit,
2497 2264 2624 2335 quia
2663 2266 3034 2322 exsecrandus
3067 2267 3278 2338 accepit
3308 2286 3322 2322 :
3363 2267 3457 2324 sed
3484 2283 3581 2338 po-

1990 2357 2098 2413 tius
2137 2357 2489 2412 asserendum
2517 2365 2603 2412 est
2629 2357 2755 2427 quia
2797 2357 3018 2428 indigno
3072 2357 3262 2413 eadem
3314 2373 3402 2414 res
3433 2357 3582 2414 facta

1987 2457 2072 2505 est
2098 2447 2314 2506 occasio
2339 2448 2552 2515 mortis,
2598 2463 2718 2518 quae
2745 2449 2904 2505 bonis
2942 2459 3234 2520 procurata
3270 2449 3449 2506 estad
3490 2464 3583 2528 re:

1988 2540 2230 2596 medium
2262 2539 2474 2596 salutis.
2514 2541 2890 2596 indubitanter
2916 2541 3082 2612 igitur
3129 2541 3456 2598 credendum
3497 2551 3584 2600 est

1987 2633 2132 2703 quod
2177 2633 2224 2688 si
2265 2633 2608 2689 consecratio
2652 2632 2941 2704 cujuslibet
2970 2633 3327 2691 ecclesiastici
3373 2635 3584 2692 ordinis

1988 2725 2131 2780 intra
2173 2726 2498 2783 catholicam
2542 2725 2640 2782 ﬁat
2665 2725 2988 2794 Ecclesiam,
3017 2727 3071 2782 in
3095 2728 3304 2785 unitate
3327 2729 3586 2785 videlicet

1987 2817 2306 2874 orthodoxa:
2345 2817 2494 2884 ﬁdei,
2525 2826 2585 2872 ut
2630 2817 2687 2873 in
2736 2827 2968 2889 utroque
3007 2819 3268 2876 nimirum
3316 2828 3466 2877 recta
3509 2820 3586 2877 sit

1988 2909 2156 2977 ﬁdes;
2191 2910 2457 2982 quidquid
2482 2909 2628 2966 bono
2650 2925 2749 2980 per
2769 2912 2972 2967 bonum
3005 2912 3256 2979 traditur,
3283 2913 3388 2970 hoc
3416 2913 3588 2969 etiam

1987 2999 2130 3055 malo
2170 3015 2269 3071 per
2311 2999 2514 3055 malum
2547 3000 2844 3057 ellicaeiter
2870 3000 3202 3057 exhibetur:
3238 3001 3367 3072 quia
3407 3017 3588 3059 sacra-

1989 3099 2234 3146 mentum
2259 3090 2367 3146 hoc
2397 3105 2505 3146 non
2541 3090 2910 3146 ministrantis
2932 3090 3020 3148 vel
3064 3089 3425 3147 ministraturi
3451 3105 3585 3161 pen-

1991 3181 2084 3236 det
2113 3196 2182 3236 ex
2209 3181 2442 3248 merito,
2473 3181 2569 3236 sed
2593 3195 2679 3254 ex
2728 3182 2920 3237 ordine
2959 3180 3342 3238 ecclesiasticae
3371 3181 3589 3238 institu-

1995 3271 2160 3330 tionis
2207 3281 2262 3328 et
2294 3272 2635 3329 invocatione
2676 3272 2844 3328 divini
2894 3273 3150 3330 nominis.
3203 3274 3271 3330 Et
3322 3275 3588 3345 quoniam

299 3364 468 3423 Plane
501 3376 557 3424 et
587 3367 838 3448 Salvator
861 3379 1044 3427 noster
1072 3385 1194 3427 cum
1221 3369 1477 3426 venditus
1511 3377 1679 3436 esset,
1704 3377 1762 3425 et
1797 3382 1892 3440 pe—
1919 3365 1966 3429 C
1997 3363 2140 3422 sicut
2178 3379 2322 3422 unus
2347 3373 2453 3432 est,
2483 3364 2574 3436 qui
2600 3365 2876 3436 baptizat,
2916 3366 2991 3422 ita
3018 3367 3207 3438 procul
3233 3367 3397 3426 dubio
3423 3385 3586 3441 unus,

301 3456 667 3516 stilentissimi
692 3460 883 3518 talenti
905 3477 1117 3520 summa
1145 3461 1444 3533 proditoris
1475 3461 1589 3534 jam
1625 3475 1887 3518 crumena

306 3559 577 3623 tergeret,
623 3552 766 3610 inter
810 3554 957 3625 ipsas
1004 3554 1416 3625 persecutorum
1461 3569 1656 3611 manus
1701 3557 1893 3626 praeci-

303 3659 426 3701 sam
464 3661 621 3703 servo
659 3645 870 3704 Malcho
911 3647 1211 3704 auriculam
1254 3646 1435 3704 reddit
1478 3646 1662 3718 (Joan.
1725 3661 1888 3713 xvm;

310 3737 445 3792 Luc.
498 3754 677 3807 xxut;
744 3738 937 3795 Matth.
991 3755 1184 3808 xxvu;
1242 3739 1414 3795 Marc.
1467 3738 1641 3812 xv;).
1704 3739 1918 3808 Itaque

303 3838 523 3898 quantae
549 3845 710 3901 super
749 3845 844 3888 eos
885 3831 1104 3888 virtutis
1148 3840 1314 3897 esset,
1357 3845 1585 3902 quorum
1637 3831 1892 3887 manibus

301 3917 638 3989 subjaccbat,
677 3932 864 3992 aperte
898 3923 1242 3981 monstravit.
1291 3921 1447 3990 Quod
1498 3930 1684 3978 autem
1737 3921 1892 3994 ﬂagi-

304 4008 438 4062 tanti
469 4007 667 4067 Herodi
697 4012 958 4069 miracula
1002 4029 1112 4071 non
1153 4013 1420 4080 exhibuit,
1470 4013 1894 4085 dispensationis

302 4099 408 4156 fuit
430 4103 587 4166 ratio,
623 4119 732 4161 non
769 4104 1002 4164 defectio
1051 4107 1363 4178 potestatis.
1426 4106 1560 4162 Erat
1618 4106 1764 4162 enim
1822 4105 1890 4170 is,

301 4193 398 4264 qui
443 4193 687 4266 optabat,
728 4197 980 4272 indignus
1004 4217 1020 4267 ;
1047 4215 1175 4256 nam
1218 4200 1290 4266 ei,
1334 4214 1367 4255 a
1409 4214 1517 4270 quo
1548 4201 1891 4271 sperabatur,

295 4300 414 4341 non
437 4287 624 4344 deerat
651 4291 936 4360 potestatis
955 4290 1207 4350 eil‘ectus-
1226 4292 1401 4349 Porro
1427 4301 1486 4349 et
1514 4292 1570 4348 in
1593 4306 1758 4349 cruce
1778 4307 1897 4350 sus-

299 4391 508 4446 pensus
552 4388 836 4452 postquam
873 4383 1123 4454 spiritum
1151 4385 1410 4451 reddidit,
1441 4384 1570 4440 dum
1610 4393 1758 4440 terra
1782 4399 1896 4441 mo-

300 4473 488 4534 vetur,
515 4468 645 4525 dum
670 4471 752 4528 sol
785 4471 1132 4543 obscuratur,
1159 4475 1267 4531 veli
1319 4475 1544 4546 insuper
1577 4474 1721 4532 facta
1753 4473 1896 4530 divi-

302 4554 413 4622 sio,
444 4559 638 4618 scissio
683 4561 942 4635 lapidum,
977 4566 1314 4624 resurrectio
1346 4574 1718 4634 mortuorum;
1765 4580 1898 4621 cun-

301 4661 395 4710 cta
424 4655 542 4714 haec
578 4656 781 4730 liquido
819 4671 1117 4731 testantur,
1140 4665 1298 4739 quod
1341 4677 1452 4720 non
1481 4661 1758 4720 inferioris
1795 4676 1896 4733 po-

305 4750 495 4806 tentia:
540 4749 708 4809 fuerit
752 4753 896 4812 inter
955 4755 1222 4828 supplicia
1277 4755 1513 4828 positus,
1559 4771 1724 4827 quam
1753 4769 1977 4839 nuncD

303 4841 562 4900 videlicet
622 4844 678 4902 in
737 4847 957 4904 dextera
1014 4856 1258 4919 paternae
1305 4846 1493 4919 gloriae
1549 4846 1892 4902 sublimatus.

305 4932 513 4991 Eodem
542 4937 725 5011 itaque
751 4941 912 4998 modo
934 4940 1102 4997 etiam
1132 4942 1198 4997 de
1225 4939 1432 5012 Spiritu
1452 4948 1642 4996 sancto
1667 4938 1897 4996 creden-

306 5025 440 5083 dum
463 5037 550 5085 est
575 5048 589 5085 :
630 5030 756 5102 quia
798 5033 960 5091 unius
986 5031 1208 5091 virtutis
1237 5043 1342 5102 est,
1385 5043 1592 5090 etcum
1614 5032 1895 5090 venalitati

308 5121 710 5189 quodammodo
738 5126 1017 5199 subjacere
1065 5128 1328 5195 cernitur,
1379 5136 1436 5184 et
1485 5144 1608 5184 cum
1659 5126 1896 5205 gratuita

309 5227 505 5270 manus
536 5216 895 5288 impositione.
921 5223 1213 5291 praebetur.
1245 5219 1402 5278 Sicut
1449 5221 1618 5294 igitur
1658 5202 1898 5276 Redem-L
1929 5201 1938 5268 ἶ

312 5312 436 5374 ptor
465 5317 653 5363 noster
678 5310 804 5366 dum
838 5313 1182 5380 venderetur,
1227 5314 1352 5370 dum
1398 5321 1699 5385 pateretur,
1740 5329 1771 5368 a
1797 5326 1898 5368 sua

312 5412 418 5486 non
451 5400 628 5470 potuit
655 5401 939 5472 majestate
976 5405 1208 5462 deiicere
1238 5405 1421 5478 (Joan.
1462 5405 1606 5477 xm),
1629 5405 1703 5461 ita
1733 5404 1946 5486 etiam;

313 5485 554 5560 Spiritus
583 5502 806 5552 sanctus
831 5495 960 5553 licet
980 5497 1285 5554 amaritudo
1310 5497 1621 5554 venalitatis
1643 5483 1895 5567 obrepat,

312 5576 654 5650 dispendium
681 5592 859 5642 tamen
882 5587 993 5657 pati
1016 5587 1246 5659 propria:
1259 5587 1478 5644 virtutis
1494 5587 1727 5658 ignorat.
1747 5585 1902 5640 Licet

315 5671 458 5727 enim
505 5675 768 5732 sacerdos
816 5677 1044 5748 quilibet
1082 5678 1334 5736 videatur
1375 5678 1595 5749 operari
1636 5675 1898 5742 exterius,

315 5758 410 5814 sed
445 5760 560 5830 ipse
585 5761 856 5834 Christus,
887 5766 982 5836 qui
1020 5783 1180 5825 verus
1223 5767 1511 5834 Sacerdos,
1560 5776 1616 5824 et
1656 5780 1902 5824 summus

317 5858 402 5906 est
451 5849 726 5923 Pontifex,
769 5858 1150 5917 accedentibus
1194 5861 1262 5916 ad
1291 5861 1535 5919 diversos
1580 5861 1758 5916 exitus
1806 5874 1901 5915 sua

326 5939 463 6000 dona
489 5943 791 6018 dispensat.
838 5947 970 6016 Qua:
1003 5950 1261 6008 nimirum
1290 5951 1433 6022 aliis,
1473 5951 1692 6022 quidem
1725 5950 1790 6004 ad
1819 5965 1905 6006 sa-

720 6041 1002 6109 PATROL.
1045 6049 1289 6117 CXLV.

1993 3456 2248 3527 idemque
2271 3457 2364 3528 qui
2393 3465 2709 3523 consecrat;
2742 3457 2972 3524 hoc‘est,
3000 3456 3151 3530 larga
3191 3459 3397 3516 Christi
3434 3459 3591 3517 beni-

1994 3551 2200 3624 gnitate
2243 3549 2502 3606 tribuitur
2540 3550 2686 3620 quod
2711 3551 2778 3617 is,
2811 3551 2906 3621 qui
2937 3552 3158 3622 accipit,
3186 3567 3296 3609 non
3323 3562 3590 3610 meretur.
3664 3549 3674 3624 ;

2000 3621 2020 3695 ἆ
2056 3643 2160 3712 Qui
2201 3643 2346 3699 enim
2391 3642 2526 3698 oriri
2567 3640 2702 3698 facit
2732 3643 2901 3700 solem
2954 3659 3112 3700 suum
3158 3659 3322 3715 super
3353 3644 3462 3716 93
3490 3643 3594 3702 bo-
3639 3621 3678 3650 ἡ

1993 3752 2096 3794 nos
2144 3745 2200 3794 et
2251 3735 2450 3803 malos,
2499 3743 2554 3792 et
2604 3736 2740 3807 pluit
2794 3751 2959 3808 super
3009 3737 3188 3809 justos
3242 3748 3297 3794 et
3354 3737 3590 3808 iniustos

1995 3827 2214 3901 (Matth.
2247 3829 2335 3902 v),
2369 3846 2389 3881 ι
2424 3827 2556 3899 quid
2581 3827 2782 3884 mirum
2813 3829 2861 3884 si
2902 3828 3128 3884 imbrem
3158 3830 3347 3903 gratia:
3392 3846 3504 3886 sua:
3533 3837 3591 3886 et:

1997 3920 2052 3976 in
2081 3935 2371 3976 arenosum
2394 3920 2546 3976 littus
2573 3919 2854 3978 effundat?
2896 3921 3036 3990 Quid
3077 3939 3300 3991 novum,
3348 3924 3391 3979 si
3419 3924 3592 3980 etiam

1995 4013 2145 4083 ipsos
2183 4029 2450 4070 caecorum
2496 4013 2684 4070 oculos
2730 4013 3038 4085 splendoris
3065 4017 3149 4072 sui
3183 4017 3350 4072 radiis
3382 4016 3593 4072 feriat?

2002 4104 2071 4162 Ut
2101 4115 2155 4163 et
2181 4106 2285 4177 ipsi
2329 4106 2525 4162 merito
2567 4115 2792 4163 cantare
2839 4107 3067 4178 possint,
3108 4109 3250 4178 quod
3278 4109 3465 4164 infelix
3497 4107 3593 4166 ille

1997 4200 2219 4256 Balaam
2254 4217 2267 4254 :
2305 4218 2324 4252 ι
2357 4198 2506 4254 Dixit
2547 4199 2732 4266 homo,
2760 4199 2957 4270 inquit,
3003 4199 3156 4270 cujus
3193 4203 3476 4256 obturatus
3505 4209 3594 4258 est

1996 4292 2225 4350 oculus:
2267 4289 2404 4348 dixit
2437 4290 2653 4346 auditor
2680 4305 2991 4346 sermonum
3022 4293 3140 4359 Dei,
3183 4294 3273 4362 qui
3314 4294 3463 4348 novit
3485 4293 3586 4348 do-

1999 4385 2236 4443 ctrinam
2279 4381 2571 4450 Altissimi,
2602 4389 2658 4438 et
2694 4381 2961 4439 visionem
2997 4383 3394 4456 Omnipotentis
3420 4385 3594 4455 videt,

1997 4477 2092 4550 qui
2109 4476 2310 4534 cadens
2339 4482 2557 4546 apertos
2577 4472 2745 4532 habet
2770 4474 2956 4533 oculos
2980 4473 3172 4550 (Num.
3216 4478 3388 4549 XXIV).
3414 4496 3434 4531 ι

2599 4589 2826 4649 CAPUT
2865 4590 2976 4647 Ἧι.

2005 4682 2159 4753 Quod
2190 4684 2414 4741 Balaam
2443 4683 2796 4768 Simoniaca:
2844 4683 2969 4754 fuit,
3001 4693 3060 4767 ἐξ
3098 4693 3272 4738 tamen
3310 4681 3596 4754 prophetia

2497 4765 2738 4827 spiritum
2773 4771 2878 4809 non
2906 4765 3102 4809 amisit.

2074 4842 2243 4910 Ecce;
2267 4844 2410 4899 unde
2433 4841 2523 4898 hic
2550 4840 2796 4898 avaritiae
2819 4839 2962 4898 [ilius
2989 4848 3136 4895 tanta
3164 4839 3343 4910 potuit
3367 4855 3594 4912 magna-

2003 4933 2076 4994 lia
2102 4950 2347 5002 cernere,
2369 4943 2426 4993 et
2463 4935 2890 5005 redemptionem
2921 4934 3104 4988 mundi
3131 4934 3443 5005 longissime
3465 4941 3596 5006 post
3665 4953 3687 4993 Α

2002 5027 2241 5083 futuram
2272 5035 2382 5082 tam
2415 5039 2688 5097 expresse,
2738 5035 2850 5082 tam
2874 5025 3050 5082 lucide
3079 5027 3352 5095 nuntiare,
3387 5029 3432 5083 si
3463 5029 3592 5099 Spi-
3666 5031 3668 5035 ⁷

2003 5121 2142 5176 ritus
2189 5120 2362 5178 sancti
2399 5119 2741 5191 praesentiam
2789 5134 2898 5174 non
2940 5119 3197 5176 haberet?
3242 5119 3396 5176 Sicut
3445 5120 3594 5176 enim
3685 5122 3687 5124 ’

2005 5213 2253 5283 egregius
2290 5212 2481 5268 doctor
2515 5212 2591 5266 ait
2621 5230 2634 5266 :
2673 5210 2805 5278 Quis
2833 5210 2983 5266 novit
3011 5225 3131 5281 qua:
3171 5220 3296 5266 sunt
3331 5200 3646 5276 hominis,

2007 5306 2111 5362 nisi
2128 5305 2350 5377 spiritus
2365 5304 2620 5370 hominis,
2646 5304 2738 5374 qui
2764 5303 2818 5358 in
2837 5303 2952 5374 ipso
2974 5304 3092 5359 est?
3116 5302 3170 5375 (Ι
3191 5301 3314 5358 Cor.
3339 5303 3424 5372 ιι).
3442 5302 3519 5358 Ita
3538 5307 3597 5358 et

1977 5435 1996 5452 ι.
2007 5412 2128 5468 quae
2141 5397 2236 5452 Dei
2252 5405 2402 5464 sunt,
2417 5411 2577 5452 nemo
2592 5395 2743 5451 novit
2760 5395 2864 5450 nisi
2881 5393 3117 5466 Spiritus
3130 5394 3224 5450 Dei
3243 5411 3256 5462 ;
3284 5395 3593 5466 praesertim

2005 5505 2131 5546 cum
2163 5489 2355 5547 eadem
2400 5487 2681 5558 Scriptura
2711 5486 2858 5543 dicat
2889 5503 2903 5540 :
2942 5504 2962 5538 ι
2993 5486 3130 5555 Quia
3168 5487 3410 5543 irruente
3437 5487 3493 5542 in
3531 5500 3598 5543 se

2004 5581 2210 5653 Spiritu
2251 5581 2368 5649 Dei,
2413 5587 2689 5651 assumpta
2729 5579 2982 5652 parabola
3027 5579 3105 5635 ait
3131 5577 3321 5651 (Num.
3350 5579 3525 5650 xxiv),
3564 5598 3589 5632 ι

2002 5674 2261 5731 videlicet
2278 5673 2423 5744 quod
2448 5673 2608 5730 modo
2631 5672 3029 5745 prtemisimus;
3052 5671 3304 5736 dicimus,
3330 5669 3472 5740 quod
3493 5681 3592 5738 per

2007 5765 2377 5822 Simoniacum
2400 5764 2602 5821 donum
2631 5764 2867 5835 Spiritus
2888 5763 3064 5820 sancti
3093 5777 3202 5819 non
3227 5763 3406 5817 datur.
3445 5758 3597 5814 Nona

2005 5859 2135 5930 quid
2174 5874 2280 5916 non
2321 5859 2376 5915 in
2433 5857 2654 5914 Balaam
2697 5858 2802 5914 isto
2842 5857 3150 5913 Simoniaca
3206 5853 3430 5911 hzeresis
3475 5850 3592 5921 jam

2010 5961 2135 6010 tunc
2162 5952 2397 6026 viguisse
2424 5951 2808 6025 cognoscitur?
2835 5948 3086 6020 Nunquid
3118 5964 3227 6005 non
3256 5945 3429 6004 sancti
3467 5945 3590 6016 Spi-

3072 6037 3110 6095 lt
