4106 6310
574 457 677 526 307

1012 457 1072 513 S.
1115 447 1316 512 PETRI
1341 453 1635 510 'DAMIANI
1680 455 1829 511 OPP.
1871 457 2106 513 TOMUS
2147 456 2278 512 SEU
2317 457 2495 514 PARS
2529 457 2616 513 Ill.
2649 488 2719 500 -—
2757 459 3119 516 OPUSCULA
3160 460 3392 516 VARIA.

3736 464 3836 523 108

569 570 708 626 ritus
741 569 969 642 gratiam
999 570 1230 623 vendere
1265 566 1580 630 conabatur,
1611 582 1730 622 cum
1759 566 1823 620 ad
1852 565 2163 635 promissio-
2189 571 2236 630 Α
2267 566 2537 632 credatur,
2572 567 2695 637 quia
2732 583 2828 640 per
2853 568 3068 640 Moysen
3096 571 3396 641 appellatur
3419 571 3678 639 hariolus,
3704 574 3836 648 visi.

567 678 693 719 nem
720 662 880 734 pretii
901 661 1201 716 hariolatus
1227 659 1308 713 sui
1345 659 1690 729 depromebat
1714 658 2030 712 oraculum?
2059 658 2150 713 Sic

567 754 712 812 enim
750 754 1031 825 Scriptura
1069 759 1300 806 testatur
1348 751 1474 820 quia
1518 749 1758 805 seniores
1799 749 1954 803 Moab
1985 763 2151 819 ,roga-

563 846 697 901 bant
725 860 870 912 eum,
909 863 927 897 ‹
964 843 1229 899 habentes
1258 842 1489 911 pretium
1520 841 1867 895 divinationis
1898 841 1950 894 in
1982 839 2151 894 mani-

564 937 669 993 bus
693 936 882 1008 (Num.
913 936 1074 1006 xxii).
1107 955 1124 986 ι
1158 935 1222 988 Ει
1250 950 1438 989 rursus
1467 949 1562 1004 per
1592 933 1726 988 alios
1753 933 1970 987 nuntios
2004 931 2152 987 misit

565 1031 814 1092 adeum,
850 1029 1044 1098 inquit,
1103 1027 1264 1082 Balac
1307 1026 1447 1082 filius
1484 1026 1714 1096 Sephor,
1757 1027 1982 1081 dicens:
2022 1044 2039 1076 ι
2075 1023 2152 1078 Ne

565 1123 839 1178 cunctcris
867 1121 1051 1176 venire
1081 1119 1145 1173 ad
1168 1134 1281 1184 me;
1306 1129 1553 1190 paratum
1581 1119 1753 1172 habeo
1781 1117 2046 1170 honorare
2077 1124 2150 1181 te,

565 1222 619 1268 et
641 1211 900 1284 quidquid
928 1210 1181 1273 volueris,
1208 1209 1349 1263 dabo
1380 1208 1474 1263 tibi
1504 1207 1715 1278 (Ibid.).
1756 1225 1774 1256 ι
1807 1206 2006 1260 Amore
2031 1205 2153 1274 qui-

564 1306 686 1361 dem
713 1304 956 1375 pecunim
982 1316 1275 1358 succensus
1300 1301 1583 1363 aestuabat,
1610 1308 1665 1353 et
1691 1306 1870 1352 tamen
1901 1313 1996 1367 per
2027 1311 2151 1351 eum

566 1397 801 1465 Spiritus
829 1404 1049 1449 sanctus
1075 1391 1341 1461 profunda
1371 1389 1629 1462 mysteria
1667 1389 2006 1459 loquebatur.
2044 1387 2150 1441 Ba-

563 1487 704 1540 laam
737 1486 984 1554 denique,
1019 1491 1072 1539 et
1099 1482 1292 1547 Balac,
1321 1489 1546 1550 uterque
1576 1480 1684 1536 Deo
1714 1479 1997 1536 manifeste
2026 1493 2154 1534 con-

567 1579 788 1642 trarius,
835 1586 1061 1646 uterque
1103 1574 1198 1629 Dei
1235 1573 1433 1642 populo
1470 1571 1742 1628 exstitisse
1782 1571 2044 1643 probatur
2072 1569 2156 1623 in-

562 1667 754 1732 festus,
795 1666 1103 1733 donumque
1135 1664 1328 1718 divina:
1374 1663 1563 1733 gratiae
1612 1661 1752 1715 alter
1796 1675 1993 1723 emere,
2019 1659 2157 1714 alter

561 1757 848 1812 venditare
891 1753 1243 1811 nihilominus
1289 1753 1603 1824 gestiebat:
1637 1760 1876 1806 attamen
1925 1749 2158 1820 prophe-

564 1850 684 1904 ticte
734 1846 1081 1903 revelationis
1133 1860 1411 1909 arcanum,
1457 1851 1515 1898 et
1558 1843 1660 1899 iste
1705 1850 1862 1897 extra
1899 1844 2157 1896 meritum

2254 653 2426 710 lanter
2466 657 2705 728 ejusdem
2748 659 2991 715 historiae
3035 659 3195 714 verba
3251 676 3525 731 percurre,
3564 672 3618 718 et
3647 665 3837 721 eodem

2252 744 2446 818 Moyse
2468 749 2746 819 perspicue
2770 759 3023 817 testante,
3056 751 3290 822 reperies
3319 769 3330 805 :
3360 753 3496 821 Quia
3520 769 3643 810 cum
3670 757 3836 812 vidis-

2255 847 2334 892 set
2380 837 2546 893 lsrael
2591 840 2642 894 in
2687 842 2934 897 tentoriis
2978 852 3435 911 commorantem,
3483 847 3731 915 protinus
3784 849 3835 903 in

2254 929 2401 985 illum
2437 931 2528 987 Dei
2575 932 2809 1004 Spiritus
2850 935 3008 989 irruit
3041 936 3226 1004 (Num.
3255 937 3431 1010 xxw),
3464 949 3518 994 et
3556 949 3613 994 ut
3651 956 3836 995 revera

2252 1021 2568 1093 prophetam
2601 1023 2653 1079 in
2684 1025 2954 1081 vaticiniis
2983 1041 3107 1080 mox
3135 1027 3411 1083 oraculum
3447 1029 3720 1085 excitavit.
3773 1030 3836 1086 Et

2255 1111 2491 1169 hariolus
2515 1129 2642 1185 ergo
2673 1116 2972 1187 appellatur
2999 1127 3053 1172 et
3086 1119 3347 1189 propheta
3377 1129 3490 1187 est;
3528 1121 3652 1191 quia
3676 1135 3836 1191 quem

2254 1208 2321 1262 ad
2354 1208 2726 1278 propheticam
2767 1208 3086 1279 dignitatem
3128 1211 3299 1281 gratia
3328 1227 3556 1282 superna
3579 1229 3838 1284 provexe-

2253 1308 2368 1363 rat,
2421 1301 2678 1353 obscmno
2726 1298 3024 1355 bariolatus
3072 1301 3289 1356 nomine
3334 1301 3547 1372 propria
3597 1303 3838 1372 pravitas
3887 1369 3893 1374 _

2255 1391 2593 1460 deturpabat.
2643 1389 2741 1445 Ubi
2789 1391 3238 1446 considerandum
3281 1401 3395 1458 est,
3425 1407 3589 1464 quam
3619 1393 3840 1464 profun-
3884 1379 3896 1398 ”

2257 1482 2382 1536 dum
2425 1482 2523 1546 sit,
2567 1490 2727 1551 atque
2776 1483 2970 1537 subtile
3014 1483 3106 1538 Dei
3149 1483 3410 1554 judicium
3457 1497 3471 1539 :
3525 1485 3630 1539 i‘mo
3676 1501 3839 1558 quam

2255 1570 2511 1626 terribilis
2554 1571 2626 1626 sit
2668 1571 2808 1627 Deus
2850 1571 2909 1626 in
2967 1571 3208 1628 consiliis
3255 1587 3418 1642 super
3470 1573 3610 1629 ﬁlios
3663 1575 3841 1630 homi-

2254 1678 2382 1717 num
2424 1661 2602 1732 (Ρεαι.
2643 1661 2819 1732 va);
2871 1677 2993 1717 cum
3052 1662 3306 1719 videlicet
3361 1664 3686 1721 miserabilis
3746 1665 3840 1722 ille

2253 1756 2339 1810 vir
2377 1769 2552 1824 neque
2599 1764 2819 1825 propter
2867 1763 3053 1811 reatus
3103 1755 3184 1810 sui
3225 1756 3540 1826 nequitiam,
3581 1757 3837 1827 gratiam.

2257 1861 2420 1917 quam
2457 1846 2624 1902 semel
2651 1847 2997 1916 acquisierat,
3028 1845 3260 1917 perdidit
3290 1864 3304 1901 :
3339 1856 3395 1903 et
3416 1853 3592 1903 tamen
3617 1855 3840 1917 propter

561 1941 806 2011 protulit,
839 1951 894 1994 et
935 1939 1024 1993 ille
1061 1938 1250 2008 utique
1287 1936 1537 2007 indignus
1586 1935 1838 1990 audivit:
1867 1943 2052 2005 atque,
2096 1941 2156 1988 ut
2183 1949 2230 2008 Β
2258 1939 2426 2012 ipsam
2472 1940 2725 2010 gratiam,
2770 1954 2933 2010 quam
2981 1940 3294 2009 usurpabat,
3333 1939 3838 2008 indignus,‘diviim

563 2035 736 2102 magis
767 2031 1068 2102 largitatem
1109 2029 1277 2083 divini
1318 2027 1557 2082 muneris
1602 2026 1954 2091 admiremur,
1987 2024 2152 2080 male-

563 2127 744 2180 dicere
777 2125 1050 2178 nitebatur
1071 2121 1311 2186 Balaam,
1349 2129 1403 2175 et
1441 2129 1620 2175 tamen
1657 2120 1855 2174 invitus
1877 2135 1908 2176 e
1935 2126 2152 2174 contra-

565 2217 646 2270 rio
694 2215 1094 2269 benedicebat:
1140 2230 1158 2264 ι
1194 2213 1276 2267 Ad
1325 2212 1776 2278 benedicendum,
1822 2212 2016 2282 inquit,
2061 2211 2153 2266 ad.

565 2308 756 2361 ductus
804 2321 956 2370 sum,
1011 2303 1445 2359 benedictionem
1493 2302 1784 2372 prohibere
1840 2317 1947 2356 non
1998 2301 2153 2356 valeo

565 2399 757 2468 (Num.
787 2398 966 2466 xxiii).
1000 2415 1018 2448 ι
1060 2395 1299 2452 Chamus
1325 2395 1523 2464 quippe
1569 2394 1764 2449 divinae
1813 2394 2033 2449 virtutis
2069 2393 2152 2448 ori

565 2494 680 2564 ejus
717 2502 835 2546 erat
879 2491 1118 2558 innixus,
1167 2505 1268 2545 nec
1319 2499 1534 2561 poterat
1582 2489 1842 2544 aliorsum
1892 2489 2152 2557 impetum

565 2586 762 2656 lingua:
783 2585 1037 2654 dirigere,
1071 2583 1173 2638 nisi
1209 2597 1316 2653 quo
1344 2581 1579 2653 Spiritus
1609 2590 1829 2636 sanctus
1858 2581 2151 2651 praesidens

565 2677 890 2732 iutorsisset.
914 2676 1048 2730 Cum
1071 2675 1348 2730 voluntate
1363 2675 1628 2745 siquidem
1651 2675 1832 2744 lingua
1854 2675 2148 2743 pugnabat,

565 2780 622 2826 et
649 2770 1007 2825 turbulentam
1034 2769 1384 2840 salsuginem,
1409 2784 1572 2840 quam
1604 2785 1756 2825 mens
1784 2769 2152 2841 praedamnata

565 2871 910 2933 cenceperat,
960 2877 1054 2931 per
1100 2862 1213 2918 oris
1249 2861 1462 2918 alveum
1503 2861 1721 2918 efﬂuere
1767 2879 1874 2918 non
1915 2863 2148 2919 valebat.

568 2955 722 3010 Unde
750 2955 1003 3025 quoniam
1029 2955 1170 3009 sicut
1193 2954 1495 3025 petebatur,
1523 2954 1754 3026 jaculari
1801 2955 1854 3009 in
1896 2957 2152 3026 populum

565 3051 657 3104 Dei
693 3049 973 3103 maledicta
1027 3066 1129 3102 non
1174 3048 1364 3118 potuit,
1408 3048 1475 3102 ad
1523 3047 1856 3118 deceptionis
1901 3063 1958 3104 se
2001 3063 2153 3120 argu-

561 3149 744 3195 menta
769 3143 1055 3204 convertit,
1090 3154 1152 3193 ac
1190 3138 1596 3194 Madianitidum
1643 3154 1824 3194 coram
1867 3141 1947 3195 eis
1980 3139 2150 3196 oﬂ‘en-

563 3231 800 3285 diculum
833 3231 1024 3300 posuit.
1073 3230 1130 3284 Si
1171 3245 1300 3300 ergo
1331 3229 1440 3297 ille,
1484 3230 1575 3299 qui
1615 3231 1778 3284 etiam
1827 3231 2150 3288 maledicere

2252 2029 2477 2085 ultionis
2502 2029 2827 2085 sententiam
2863 2029 3134 2084 declinare
3163 2044 3269 2085 non
3305 2029 3501 2100 patuit.
3544 2029 3682 2096 Quid
3706 2044 3838 2100 ergo

2252 2125 2453 2180 mirum
2495 2126 2540 2181 si
2588 2125 2928 2196 omnipotens
2978 2126 3138 2193 Deus,
3189 2127 3281 2197 qui
3325 2141 3539 2198 semper
3575 2134 3653 2182 est
3691 2128 3838 2198 quod

2253 2228 2354 2284 est,
2385 2229 2440 2274 et
2467 2221 2662 2274 mutari
2691 2235 2795 2276 non
2826 2220 2992 2286 novit,
3025 2219 3374 2274 nihilominus
3414 2221 3588 2276 adhuc
3612 2221 3836 2290 antiqua

2253 2310 2521 2364 examinis
2573 2310 2656 2364 sui
2697 2308 2820 2379 jura
2872 2310 3159 2376 custodiat,
3217 2317 3272 2364 et
3324 2311 3566 2365 eamdem
3607 2319 3840 2366 assueta:

2254 2400 2592 2455 discretionis
2644 2400 2884 2472 regulam
2932 2408 3141 2467 teneat;
3197 2409 3259 2455 ut
3312 2401 3454 2471 quod
3508 2400 3561 2456 in
3611 2398 3836 2456 Balaam

2253 2489 2400 2556 fecit,
2449 2490 2722 2561 hodieque
2765 2490 2821 2545 in
2865 2492 2978 2546 suis
3029 2489 3294 2546 similibus
3343 2506 3447 2546 non
3501 2491 3839 2546 dissimiliter

2252 2591 2549 2653 Operetur:
2583 2594 2851 2653 quatenus
2881 2591 2935 2638 et
2963 2598 3063 2654 pro
3093 2581 3340 2654 larg‘itate
3369 2581 3667 2639 clementiae
3693 2583 3839 2638 dona

2253 2689 2350 2730 sua
2402 2676 2662 2747 indignis,
2719 2684 2776 2732 et
2821 2692 2920 2748 pro
2971 2689 3200 2732 censura
3241 2675 3468 2746 justitia:
3517 2677 3690 2746 digna:
3741 2690 3840 2732 eos

2253 2765 2476 2825 ultionis
2506 2767 2980 2824 animadversione
3005 2767 3282 2839 percellat.

2814 2872 3059 2937 CAPUT
3100 2877 3232 2934 Vlll.

2255 2970 2408 3039 Quod
2426 2971 2700 3042 repr'obum
2718 2970 2932 3050 Saulent
2953 2978 3070 3051 eum
3101 2970 3411 3052 satellitibus
3440 2971 3548 3025 suis
3576 2970 3834 3041 praplieti-

2717 3058 2809 3096 cus
2839 3051 3052 3112 spiritus
3087 3051 3374 3112 occupavit.

2321 3137 2453 3192 illud
2483 3152 2697 3207 quoque
2741 3134 3029 3191 obscurum
3071 3150 3178 3190 non
3221 3142 3326 3201 est,
3369 3132 3512 3204 quod
3548 3148 3670 3189 cum
3706 3132 3833 3189 Saul

2252 3226 2540 3282 direxisset
2564 3225 2787 3281 lictores
2843 3225 2912 3280 ad
2954 3225 3272 3295 rapiendum
3325 3222 3515 3290 David,
3550 3233 3711 3294 atque
3758 3221 3834 3277 illi

565 3321 838 3387 concupit,
880 3334 1218 3389 nequaquam
1269 3328 1445 3372 tamen
1491 3329 1548 3372 ut
1593 3319 1917 3375 maledicere
1944 3331 2147 3389 posset,
2179 3303 2402 3387 Cjuxta
2462 3318 2619 3372 ﬁdem
2675 3316 2916 3372 historiae
2980 3316 3243 3400 vidissent
3310 3329 3434 3371 cum
3489 3330 3553 3370 eo
3607 3313 3837 3384 prophe-

565 3411 832 3474 obtinuit;
862 3411 991 3480 quid
1023 3410 1126 3464 nisi
1162 3411 1265 3464 hoc
1293 3410 1469 3480 ipsum
1501 3411 1703 3465 sentire
1735 3413 1797 3466 de
1830 3411 2151 3467 Simoniacis

566 3501 763 3564 valeat,
813 3500 902 3554 ubi
951 3508 1102 3554 certe
1151 3514 1303 3554 mens
1353 3515 1475 3554 cum
1531 3500 1725 3572 lingua:
1776 3501 2153 3560 benedictione

565 3593 901 3647 concordat?
950 3593 1056 3648 Sed
1102 3593 1196 3662 qui
1255 3593 1585 3663 prophetica:
1650 3595 1929 3665 dignitatis
1979 3595 2152 3651 oﬂicio

565 3686 930 3741 irreverenter
969 3685 1168 3740 abusus
1206 3694 1307 3750 est,
1347 3700 1454 3755 quo
1487 3686 1698 3741 tandem
1732 3688 1939 3743 collata:
1964 3691 2152 3758 gratia:

564 3779 979 3851 praerogativam
1031 3778 1143 3850 94
1198 3778 1302 3840 fine
1350 3780 1647 3834 conclusit?
1697 3779 1828 3833 Nam
1891 3789 2011 3851 post
2071 3781 2153 3835 di-

565 3884 774 3945 gestam
823 3873 1100 3927 lsraelitici
1147 3873 1323 3942 pepuli
1372 3873 1651 3928 victoriam
1705 3873 1984 3943 Scriptura
2026 3889 2152 3928 mox

565 3966 770 4028 intuiit,
795 3965 977 4019 dicens
1009 3981 1024 4018 :
1055 3981 1072 4014 ‹
1113 3963 1328 4017 Balaam
1368 3980 1581 4034 quoque
1609 3960 1774 4018 filium
1812 3965 1947 4019 Bcor
1987 3965 2153 4020 intcr~

566 4057 813 4111 fecerunt
842 4057 1016 4127 gladio
1044 4055 1234 4126 (Num.
1264 4057 1435 4127 xxxi).
1469 4076 1486 4108 ι
1522 4057 1611 4111 Sic
1637 4056 1888 4110 nimirum
1921 4058 2034 4110 sive
2069 4057 2151 4110 Si-

565 4150 818 4209 moniaci,
847 4164 942 4202 seu
965 4148 1186 4217 quilibet
1212 4148 1489 4202 eriminosi
1513 4147 1870 4217 suscipiendis
1897 4164 1954 4203 se
1982 4151 2142 4203 cet-le-

567 4239 806 4294 siasticis
855 4239 1170 4292 ministeriis
1216 4238 1488 4308 applicant
1531 4255 1544 4291 :
1587 4248 1642 4292 et
1685 4239 1884 4293 donum
1936 4238 2152 4308 quidem

565 4345 812 4400 superna:
842 4330 1027 4399 gratia:
1069 4343 1132 4383 ex
1175 4329 1508 4399 benignitate
1547 4329 1827 4398 largitoris
1857 4330 2150 4400 accipiunt,

565 4430 622 4474 et
646 4421 864 4490 dignum
909 4429 1086 4473 tamen
1134 4419 1337 4488 preprii
1386 4436 1644 4475 excessus
1683 4422 2010 4490 stipendium
2042 4437 2151 4476 non

567 4512 822 4564 evadunt.
853 4509 964 4565 lloc
999 4510 1141 4565 enim
1184 4510 1290 4564 illis
1319 4511 1548 4566 vertitur
1581 4512 1632 4565 in
1665 4514 1983 4580 perniciem,
2010 4514 2153 4583 quod

566 4603 742 4673 dignis
771 4603 1042 4670 provisum
1091 4609 1175 4656 est
1212 4601 1280 4655 ad
1323 4601 1570 4656 salutem.
1603 4603 1778 4673 Atque
1820 4604 1943 4657 inde
1984 4603 2057 4657 illi
2097 4605 2152 4657 in

2256 3424 2433 3466 tarum
2484 3409 2896 3465 vaticinantium
2956 3423 3229 3474 cuneum,
3293 3416 3351 3464 et
3407 3407 3629 3462 Samuel
3688 3415 3838 3461 stan-

2255 3511 2363 3557 tem
2420 3515 2581 3570 super
2603 3514 2722 3564 eos,
2780 3497 2956 3552 factus
2989 3506 3072 3552 est
3113 3497 3274 3551 etiam
3333 3495 3389 3550 in
3442 3493 3547 3549 illis
3597 3493 3837 3565 Spiritus

2253 3592 2499 3655 Domini,
2552 3599 2607 3645 et
2656 3589 2982 3661 prophetare
3035 3595 3318 3659 cmperunt
3369 3603 3383 3641 :
3433 3599 3663 3656 cumque
3709 3583 3838 3640 Saul

2255 3683 2494 3738 secundo
2560 3691 2615 3738 et
2687 3681 2843 3736 tertio
2902 3680 3068 3744 alios,
3133 3687 3295 3748 atque
3374 3677 3508 3733 alios
3561 3678 3832 3745 mitteret,

2254 3790 2308 3834 et
2331 3780 2449 3834 illos
2471 3777 2818 3833 nihilominus
2841 3775 3189 3846 propheticus
3212 3772 3320 3844 95
3345 3773 3579 3844 Spiritus
3606 3771 3836 3826 invasis-

2255 3881 2353 3934 set,
2383 3871 2624 3934 tandem,
2651 3878 2710 3922 ut
2731 3867 3012 3937 Scriptura
3041 3863 3331 3933 testatur“
3357 3863 3481 3934 Reg.
3511 3861 3644 3933 x1x,)
3668 3863 3836 3916 iratus

2257 3964 2368 4032 ipse
2401 3961 2530 4016 Saul
2560 3961 2692 4016 abiit
2733 3959 2786 4014 in
2831 3959 3098 4013 Ramatha
3129 3976 3142 4011 :
3179 3957 3273 4013 sed
3315 3963 3602 4025 antequam
3649 3968 3838 4023 perve-

2256 4056 2441 4116 nisset,
2477 4051 2649 4107 factus
2677 4059 2760 4106 est
2791 4050 2954 4106 etiam
2984 4064 3146 4118 super
3183 4062 3310 4102 emn
3355 4045 3588 4116 Spiritus
3634 4042 3748 4107 Dei,
3782 4049 3840 4096 et

2255 4145 2600 4214 prophetavit
2648 4151 2755 4198 tota
2777 4142 2890 4197 die
2929 4141 3104 4196 nudus
3138 4155 3261 4194 cum
3293 4137 3500 4193 caeteris
3526 4149 3706 4190 coram
3737 4131 3837 4188 Sa-

2255 4237 2418 4292 muel.
2479 4235 2617 4304 Quid
2655 4251 2784 4306 ergo
2819 4234 3013 4288 mirum
3059 4232 3104 4286 si
3149 4229 3392 4300 perversi
3424 4228 3670 4283 homines
3697 4225 3835 4279 dona

2258 4328 2372 4396 Dei,
2405 4329 2601 4398 quibus
2632 4327 2832 4396 indigni
2871 4333 3016 4389 sunt,
3049 4323 3116 4378 ad
3154 4321 3430 4377 cumulum
3468 4335 3578 4375 suae
3615 4318 3838 4372 damna-

2257 4422 2422 4477 tionis
2472 4421 2772 4490 accipiant;
2831 4433 2955 4473 cum
3003 4425 3057 4471 et
3108 4414 3258 4471 Sauli
3305 4415 3424 4480 isti,
3483 4427 3641 4484 quem
3692 4409 3836 4466 Deus

2259 4513 2544 4582 abjecerat,
2577 4526 2733 4581 quem
2757 4508 2868 4578 jam
2896 4510 3102 4565 daemon
3144 4510 3350 4578 agitare
3377 4507 3673 4577 saepissime
3707 4517 3839 4559 con-

2261 4613 2529 4670 sueverat,
2566 4619 2672 4658 non
2715 4603 2873 4658 modo
2909 4601 3168 4673 Spiritum
3200 4601 3296 4658 Dei
3335 4603 3400 4656 ad
3443 4602 3633 4655 horam
3665 4597 3838 4655 susci-

565 4705 780 4749 tetcrnte
813 4695 999 4748 mortis
1036 4693 1334 4762 periculmu
1375 4701 1658 4758 corruunt,
1704 4693 1845 4747 unde
1882 4703 1938 4748 et
1967 4692 2055 4748 alii
2083 4693 2149 4748 ad
2181 4666 2409 4765 Dperc,
2468 4695 2561 4750 sed
2603 4694 2766 4749 etiam
2819 4709 2940 4748 cum
2999 4694 3110 4748 suis
3152 4692 3343 4748 ofﬁciis
3395 4704 3711 4747 concessum
3767 4686 3841 4740 sit

568 4787 896 4857 capessenda
919 4786 1042 4840 vitae
1065 4785 1282 4854 praemia
1305 4785 1550 4854 vegetius
1570 4785 1970 4840 convalescunt.
1993 4782 2151 4840 Certe

565 4882 658 4947 qui
693 4879 835 4933 illam
862 4892 1030 4932 sacra:
1057 4876 1348 4946 Scriptum:
1379 4877 1650 4948 paginam,
1683 4891 1803 4946 quae
1833 4878 1900 4932 de
1926 4876 2151 4948 praefato

559 4970 786 5023 Balaam
818 4970 1073 5038 loquitur,
1115 4968 1272 5022 oculo
1318 4967 1572 5038 vigilante
1605 4968 1895 5036 percurrit,
1925 4967 2152 5022 nullate-

559 5081 672 5120 nus
719 5065 927 5119 dubitat
974 5066 1116 5119 hunc
1159 5065 1426 5120 infelicem
1474 5066 1670 5132 virum,
1725 5074 1783 5119 ut
1828 5081 2014 5122 revera
2056 5083 2152 5138 per

566 5159 747 5210 oinuia
794 5156 1180 5219 Simoniacum,
1235 5166 1460 5226 excepto
1515 5159 1655 5226 quod
1705 5159 1890 5214 Simon
1925 5159 2152 5214 necdum

567 5252 765 5313 fuerat,
795 5263 859 5302 ex
884 5265 989 5317 quo
1013 5250 1333 5304 detestabile
1355 5249 1482 5304 illud
1504 5259 1846 5305 mutuaretur
1866 5268 2152 5322 agnomen,

559 5352 621 5395 et
666 5341 957 5410 prophetiae
1008 5355 1118 5394 suae
1177 5341 1407 5412 gratiam
1463 5343 1704 5398 venalem
1762 5343 2050 5410 habuisse,
2101 5353 2158 5400 et
2208 5390 2211 5391 ν

569 5441 753 5486 tamen
795 5447 890 5502 per
935 5431 1077 5486 hunc
1124 5433 1564 5489 manifestissime
1604 5433 1866 5504 Spiritum
1911 5445 2156 5491 sanctum

567 5523 1000 5599 fuisselocutum
1033 5542 1047 5578 :
1078 5533 1257 5595 atque,
1287 5528 1426 5595 quod
1461 5543 1564 5581 nou
1607 5529 1786 5583 minus
1832 5529 2152 5599 stupendum

568 5625 674 5676 est,
700 5633 818 5670 cum
840 5617 952 5685 jam
983 5631 1076 5671 cor
1099 5615 1218 5685 ejus
1245 5618 1699 5688 concupiscentiae
1733 5618 1947 5689 ignibus
1973 5635 2155 5673 urere-

569 5717 685 5765 tur,
735 5709 873 5762 Deus
920 5709 1022 5762 sibi
1075 5709 1425 5764 nihilominus
1477 5725 1572 5780 per
1625 5711 1800 5773 diem,
1850 5715 2013 5779 atque
2062 5724 2157 5778 per

571 5811 784 5855 noctem
831 5801 1043 5857 locutus
1066 5802 1218 5872 quasi
1253 5803 1596 5857 familiariter
1634 5803 1924 5857 invenitur.
1969 5804 2034 5856 Et
2085 5819 2157 5858 ne

571 5891 821 5951 fortassis
858 5894 1062 5952 idcirco
1099 5892 1360 5965 Spiritum
1393 5901 1638 5950 sanctum
1683 5893 1861 5948 minus
1903 5893 2156 5948 habuisxc

2151 6029 2216 6050 ινδ
2221 6034 2249 6050 .p

2260 4785 2462 4840 diutius
2492 4785 2849 4854 prophetare?
2873 4785 3168 4840 Iracundia.-
3207 4797 3401 4854 nempe
3443 4781 3568 4838 felle
3594 4792 3836 4835 commoc

2261 4887 2368 4944 tus,
2399 4889 2452 4933 et
2484 4879 2668 4934 livoris
2705 4878 2870 4933 simul
2897 4886 2952 4932 et
2978 4879 3086 4934 odii
3115 4885 3237 4932 erat
3281 4877 3477 4932 ardore
3503 4884 3835 4929 succensus:

2260 4979 2442 5038 atque,
2473 4977 2530 5023 ut
2559 4984 2664 5022 non
2701 4969 2902 5023 diutius
2943 4969 3220 5033 immorer,
3263 4967 3375 5022 Deo
3426 4978 3648 5025 vacuus,
3699 4960 3840 5014 malo

2259 5061 2472 5131 spiritui
2521 5061 2697 5116 fuerat
2745 5060 3175 5116 irrevocabiliter
3221 5058 3558 5128 mancipatus
3599 5071 3612 5108 :
3658 5063 3837 5107 tamen

2257 5171 2381 5211 cum
2421 5157 2489 5211 ad
2516 5156 2693 5212 locum
2741 5155 2894 5211 chori
2937 5156 3283 5210 vaticinantis
3330 5153 3581 5215 aci‘essit,
3618 5155 3840 5217 repente

2257 5263 2421 5319 super
2445 5262 2568 5303 eum
2609 5248 2824 5303 divinus
2861 5246 3097 5317 Spiritus
3129 5247 3305 5310 irruit,
3355 5255 3411 5299 et
3447 5242 3592 5298 velut
3629 5236 3841 5309 apposi-

2264 5347 2376 5393 tam
2430 5339 2711 5394 materiam
2765 5338 2904 5409 ignis
2941 5338 3184 5392 insiliens
3219 5335 3523 5405 occupavit.
3563 5330 3685 5386 Non
3709 5342 3838 5400 ergo

2261 5429 2577 5487 incredibile
2604 5431 2777 5485 videri
2823 5428 3002 5494 debet,
3032 5430 3075 5484 si
3119 5429 3174 5482 in
3215 5436 3402 5483 sancta
3430 5424 3691 5487 Ecclesia,
3717 5434 3838 5491 qua:

2261 5521 2448 5590 proqu
2483 5519 2645 5576 dubio
2690 5522 2918 5575 thronus
2959 5520 3078 5586 Dei,
3133 5519 3432 5573 sacrarium
3475 5525 3558 5573 est
3607 5511 3842 5584 Spiritus

2263 5613 2458 5677 sancti,
2484 5613 2831 5681 omniumque
2855 5611 3157 5666 ctelestium
3179 5612 3570 5666 charismatum
3597 5611 3842 5675 recepta-

2259 5705 2468 5770 culum,
2500 5705 2628 5758 illud
2671 5705 2860 5774 gratia:
2888 5712 3288 5759 sacramentum
3327 5713 3382 5758 et
3420 5701 3671 5771 indignus
3699 5693 3844 5750 acci-

2262 5797 2396 5866 piar,
2431 5795 2518 5851 cui
2561 5799 2658 5866 per
2694 5795 3074 5862 intentionem,
3120 5795 3207 5851 vel
3249 5795 3374 5850 vitae
3424 5792 3676 5848 meritum
3729 5798 3840 5839 non

2263 5887 2559 5946 concordat
2588 5904 2602 5943 :
2631 5885 2915 5959 nimirum,
2949 5887 3079 5961 quia
3116 5900 3225 5946 non
3253 5882 3432 5943 dantis
3457 5875 3727 5947 hominis.
3754 5872 3842 5931 νει
