4080 5346
300 283 408 340 109

1091 273 1336 334 OPUSC.
1372 274 1463 332 Vl.
1501 303 1578 320 —
1605 273 1808 332 LIBER
1844 273 1964 345 QUI
2001 272 2282 334 DICITUB
2317 274 2800 337 GRATISSIMUS.

3455 285 3478 337 ‘l
3497 286 3556 337 lit

302 391 618 464 accipientis
651 398 736 446 est
776 388 1052 455 meritum,
1099 390 1195 445 sed
1240 388 1433 444 summi
1479 388 1752 459 largitoris
1795 397 1880 444 est
1905 393 1954 453 Α
1983 405 2176 446 novam
2204 391 2403 447 mundo
2432 391 2627 462 ingerit
2656 394 3564 468 quaestionem,et.perspicualuci

293 485 646 542 beneﬁcium.
690 481 806 538 Non
855 482 999 536 enim
1049 481 1247 551 legitur
1287 499 1302 536 :
1339 480 1472 548 Quia
1503 480 1756 550 Spiritus,
1787 481 1879 537 ubi

303 575 521 647 dignum
562 584 644 629 est
701 575 905 644 spirat;
951 573 1043 628 sed
1091 573 1272 643 potius
1321 573 1520 628 dictum
1563 580 1692 628 est:
1727 591 1745 624 ε
1778 572 1879 627 Ubi

297 669 437 734 vult,
454 665 820 739 spirat(.loan.
844 665 999 738 "1);:
1026 675 1086 720 ut
1105 664 1346 736 profecto
1370 665 1662 736 spiritualis
1683 665 1876 735 gratia,

299 775 422 832 qua:
465 776 531 815 ex
572 759 943 815 ecclesiastica
993 759 1333 814 institutione
1379 757 1652 820 tribuitur,
1687 757 1881 812 divina

286 850 479 921 ‘potius
506 849 794 915 voluntati,
819 863 980 919 quam
1004 848 1256 904 humanis
1296 847 1506 903 meritis
1552 847 1877 902 ascribatnr.

291 943 590 1002 Enimvero
616 931 870 1014 Spiritus
893 953 1114 999 sanctus
1145 958 1249 998 non
1285 956 1386 1013 pro
1425 941 1634 998 meritis
1665 955 1882 1010 semper

295 1039 467 1106 venit,
491 1038 588 1093 sed
613 1047 713 1109 pro
738 1037 948 1092 meritis
988 1037 1040 1092 in
1077 1037 1338 1106 quolibet,
1371 1035 1437 1090 ad
1473 1033 1699 1090 salutem
1731 1032 1880 1087 vide-

297 1133 446 1198 licet,
477 1147 693 1204 semper
745 1139 947 1186 manet.
989 1130 1128 1184 Hinc
1171 1137 1256 1183 est
1299 1127 1427 1183 illud
1475 1127 1618 1197 quod
1669 1124 1881 1180 Veritas

297 1228 429 1284 dicit
456 1243 472 1283 :
505 1247 527 1280 ι
563 1218 622 1285 Si
643 1227 787 1299 quis,
814 1226 1012 1298 inquit,
1038 1223 1214 1296 diligit
1240 1238 1346 1288 me,
1368 1231 1676 1278 sermonem
1703 1233 1882 1274 meum

294 1323 575 1390 servabit,
625 1331 681 1379 et
729 1321 890 1377 Pater
940 1334 1094 1376 meus
1138 1318 1312 1388 diligit
1356 1331 1503 1380 eum,
1558 1323 1612 1371 et
1653 1314 1719 1370 ad
1757 1329 1881 1368 eum

291 1398 598 1480 veniemus,
628 1423 684 1469 et
707 1414 1044 1471 mansionem
1075 1410 1216 1482 apud
1245 1425 1368 1464 eum
1399 1409 1663 1464 faciemus
1693 1405 1878 1476 (Joon.

294 1506 429 1577 xxv).
469 1527 488 1560 ι
540 1504 642 1573 Qui
698 1504 843 1560 enim
890 1505 944 1559 in
993 1502 1306 1557 dilectorem
1353 1515 1542 1564 suum,
1594 1507 1881 1569 postquam

294 1608 583 1655 venturum
616 1613 675 1654 se
712 1613 830 1653 esse
874 1597 1144 1668 promisit,
1193 1594 1528 1650 mansionem
1560 1605 1774 1660 quoque
1805 1588 1881 1644 fa-

293 1699 510 1746 cturum
536 1691 786 1760 protinus
809 1688 1042 1752 addidit;
1069 1684 1502 1756 patetprofecto,
1521 1683 1654 1754 quia
1679 1683 1734 1737 in
1759 1680 1880 1736 aliis

1983 481 2102 552 plus
2123 482 2469 548 incendendo,
2504 482 2790 554 minusque
2814 485 3064 552 videndo,
3105 498 3334 546 conatur
3361 490 3564 550 inferre

1979 573 2288 645 caliginem.
2311 573 2618 641 Quomodo,
2661 575 2930 645 inquiunt,
2971 578 3143 648 gratia
3182 581 3353 638 sancti
3393 580 3562 652 Spiri-

1975 672 2070 720 ‘tns
2095 663 2178 720 vel
2205 681 2304 735 per
2339 666 2510 722 malos
2548 665 2724 732 datur,
2755 666 2839 723 vel
2863 679 2899 721 ‘a
2928 669 3085 722 malis
3117 671 3423 741 accipitur?
3448 689 3561 730 non

1979 757 2341 822 attendentes,
2381 757 2505 826 quia
2549 757 2727 827 gratia
2771 759 2945 817 sancti
2987 759 3223 832 Spiritus
3267 764 3381 833 ipse
3428 767 3562 822 ordo

1980 846 2363 904 ecclesiasticae
2410 848 2700 919 dignitatis
2739 850 3002 923 accipitur
3042 867 3058 905 :
3099 867 3259 922 quem
3315 857 3564 914 videlicet
3604 911 3616 923 ,,

1981 937 2095 993 sive
2121 939 2374 1010 indignus
2396 915 2654 1011 praebeat,
2687 942 2802 997 sive
2825 915 3074 1014 indignus
3111 915 3363 1016 accipiat,
3392 915 3612 1041 Spiri-f

1983 1036 2068 1083 tus
2097 1037 2339 1097 sanctus,
2379 1031 2470 1100 qui
2513 1031 2768 1088 Ecclesiae
2805 1047 2916 1088 sua:
2944 1032 3065 1101 jura
3101 1035 3359 1106 disponit,
3387 1051 3566 1096 ratum

1980 1135 2100 1177 esse
2143 1122 2406 1179 decernit.
2456 1122 2526 1179 Ut
2576 1123 2722 1178 enim
2773 1125 2846 1178 ait
2888 1124 2950 1178 Β.
2987 1124 3351 1200 Hieronymus
3398 1129 3511 1199 (lib.
3546 1147 3564 1186 ι

1981 1213 2224 1268 adversus
2250 1213 2611 1288 Iovinianum)
2641 1233 2655 1270 :
2685 1235 2703 1268 ‹
2733 1217 3050 1289 Episcopus,
3072 1221 3358 1292 presbyter
3377 1230 3435 1278 et
3451 1222 3569 1277 dia-

1979 1317 2147 1359 conus
2167 1321 2274 1360 non
2303 1315 2430 1360 sunt
2455 1307 2773 1362 meriturum
2807 1310 3046 1374 nomina,
3071 1311 3170 1365 sed
3197 1310 3518 1369 ciliciorum.
3541 1333 3561 1366 ι

1981 1391 2262 1463 Tanquam
2292 1395 2339 1450 si
2366 1395 2456 1450 vel
2473 1397 2720 1454 tribunus
2753 1399 2868 1469 ipse
2918 1400 3151 1471 degener
3171 1401 3264 1468 sit,
3293 1402 3380 1458 vel
3405 1404 3568 1476 dege-

1980 1499 2166 1541 nerem
2191 1487 2500 1558 quempiam
2540 1491 2607 1546 ad
2637 1490 2846 1546 militia:
2865 1506 2977 1548 sua:
3005 1493 3252 1550 ordinem
3282 1497 3566 1567 provehat,

1983 1576 2050 1629 ad
2080 1580 2506 1633 conservandam
2539 1589 2716 1636 tamen
2746 1582 2952 1639 militiae
2977 1596 3088 1640 suae
3113 1587 3366 1644 ordinem
3397 1589 3570 1659 impe-

1980 1674 2130 1721 rator
2160 1681 2342 1732 omne,
2380 1671 2523 1740 quod
2555 1669 2756 1728 factum
2797 1685 2901 1742 est,
2951 1675 3166 1732 firmum
3211 1695 3330 1736 esse
3366 1684 3568 1737 consti-

294 1781 504 1836 habitat
523 1756 686 1848 nens;
716 1781 772 1835 in
798 1779 919 1834 aliis
948 1779 1272 1850 hospitatur.
1306 1776 1443 1831 uuic
1463 1775 1626 1830 etiam
1660 1773 1786 1828 illud
1809 1756 1956 1827 si-B
1985 1758 2118 1850 tuit;
2153 1773 2251 1814 nec
2278 1760 2425 1816 enim
2455 1762 2720 1819 tribunilii
2754 1764 2894 1834 iuris
2927 1776 3130 1848 statuta
3169 1773 3444 1838 convellit.
3471 1775 3566 1845 qui

291 1874 419 1930 mile
452 1884 539 1930 est
570 1873 713 1944 quod
747 1873 823 1928 ait
857 1891 869 1927 :
899 1890 918 1923 ι
948 1869 1122 1942 Super
1144 1885 1326 1939 quem,
1350 1867 1542 1938 inquit,
1578 1865 1882 1936 requiescet

295 1967 536 2038 Spiritus
565 1979 740 2032 meus,
761 1964 862 2020 nisi
885 1978 1047 2035 super
1061 1960 1340 2025 humilem,
1355 1969 1412 2014 et
1425 1959 1686 2029 quietum,
1701 1965 1756 2011 et
1779 1964 1881 2011 tre-

296 2067 531 2113 mentem
545 2071 822 2113 sermones
838 2053 1018 2109 meos?
1030 2073 1047 2105 ι
1071 2051 1202 2123 (Ιδα.
1223 2049 1392 2118 LXVI.)
1407 2050 1484 2105 Ac
1493 2050 1535 2102 si
1551 2056 1796 2118 patenter
1807 2046 1882 2100 di-

295 2157 381 2203 cat
407 2163 423 2201 :
445 2147 514 2202 Et
541 2162 706 2217 super
725 2145 858 2201 alios
879 2145 1094 2214 quidem
1122 2143 1320 2208 veniet,
1337 2144 1433 2198 sed
1459 2155 1621 2210 super
1641 2141 1783 2194 hunc
1806 2138 1883 2192 vi-

294 2239 489 2296 delicet
508 2239 835 2309 requiescet,
867 2238 990 2308 quia
1015 2236 1208 2307 dignus
1232 2243 1332 2290 est.
1362 2231 1495 2288 Nam
1519 2232 1660 2288 sicut
1681 2239 1733 2285 et
1758 2237 1883 2285 ante

294 2349 394 2390 nos
414 2335 622 2390 dictum
647 2341 748 2397 est,
780 2331 1016 2402 Spiritus
1041 2337 1260 2386 sanctus
1283 2328 1425 2383 sicut
1449 2325 1788 2390 conciliatus,
1830 2333 1885 2380 ct

295 2424 545 2493 placatus
619 2424 862 2494 requiem
923 2429 1146 2492 praestat
1202 2419 1423 2475 mitibus
1483 2424 1539 2472 et
1593 2415 1885 2471 humilibus

295 2515 460 2571 corde
491 2529 508 2569 :
537 2513 614 2568 ita
657 2513 990 2578 contrarius,
1044 2520 1099 2567 et
1150 2510 1410 2565 adversus
1451 2507 1782 2571 immitibus,
1822 2519 1886 2560 ac

294 2605 547 2677 superbis
589 2604 1017 2676 inquietudinem
1061 2603 1322 2673 exagitat,
1363 2615 1524 2670 quam
1568 2598 1774 2656 scilicet
1805 2598 1886 2651 in-

297 2700 671 2772 quietudinem
695 2698 970 2770 sciniphes
994 2697 1098 2752 illa:
1129 2696 1461 2752 brevissimae
1479 2692 1882 2766 signiﬁcabant,

295 2793 398 2848 sub
446 2791 647 2861 quibus
689 2790 830 2860 magi
877 2789 1178 2844 Pharaonis
1217 2786 1551 2852 defecerunt,
1593 2785 1836 2840 dicentes
1869 2801 1884 2838 :

298 2905 318 2939 ι
353 2884 568 2951 Digitus
598 2882 690 2936 Dei
716 2891 800 2936 est
831 2881 920 2936 hic
943 2880 1140 2953 (Exod.
1173 2880 1324 2949 vm);
1356 2899 1374 2932 ι
1405 2878 1640 2932 fatentes
1667 2877 1773 2931 sibi
1797 2875 1890 2931 ad-

293 2993 520 3034 versum
552 2991 674 3032 esse
709 2975 971 3047 Spiritum
1011 2983 1283 3040 sanctum,
1320 2975 1409 3043 qui
1443 2980 1566 3027 erat
1592 2971 1644 3024 in
1685 2965 1886 3040 Moyse.

294 3073 433 3142 Apte
447 3071 866 3128 nimirumtertio
887 3070 1025 3136 loco,
1039 3069 1128 3125 ubi
1149 3067 1452 3138 sc‘in'iphum
1475 3065 1629 3137 plaga
1652 3065 1887 3134 ponitur,

1981 1848 2153 1918 ipsum
2197 1852 2494 1920 tribunum,
2549 1871 2708 1925 quem
2748 1861 2978 1914 necdum
3026 1877 3056 1916 a
3108 1865 3308 1934 proprii
3357 1868 3567 1922 ordinis

1979 1942 2241 2010 dignitate
2280 1944 2494 2015 dejecit,
2536 1948 2630 2001 sed
2674 1948 2874 2004 dicitur
2905 1966 2937 2006 e
2973 1951 3206 2017 diverso,
3234 1969 3361 2010 ecce
3389 1956 3569 2010 Evan-

1971 2035 2175 2105 ‘gelium
2217 2037 2414 2092 clamat
2455 2057 2468 2093 :
2503 2057 2523 2090 ι
2557 2039 2659 2106 Qui
2708 2057 2816 2097 non
2861 2044 3030 2099 intrat
3066 2061 3162 2116 per
3205 2048 3427 2114 ostium,
3473 2050 3568 2104 sed

1982 2127 2281 2197 ingreditur
2322 2129 2560 2196 aliunde,
2597 2132 2688 2188 ille
2720 2133 2809 2189 fur
2847 2145 2932 2191 est
2970 2145 3023 2191 et
3050 2136 3188 2193 latro
3215 2139 3398 2208 (lauit.
3431 2142 3509 2212 ι).
3543 2161 3562 2194 ι

1981 2215 2134 2284 Esto,
2158 2228 2216 2273 ut
2239 2219 2347 2286 ille,
2379 2221 2472 2291 qui
2508 2221 2722 2279 aliunde
2763 2223 3130 2284 clandestinus
3164 2229 3404 2301 irrepsit,
3434 2231 3569 2288 furti

1982 2318 2038 2364 et
2089 2309 2361 2366 latrocinii
2407 2323 2720 2370 constanter
2769 2329 3062 2389 arguatur;
3097 2336 3186 2378 me
3221 2331 3429 2389 tamen,
3473 2326 3570 2394 qui

1983 2417 2080 2473 per
2123 2405 2321 2460 ostium
2379 2407 2694 2474 intromisit,
2740 2411 2825 2465 sui
2874 2412 3061 2482 procul
3101 2412 3274 2471 dubio
3325 2416 3570 2472 criminis

1984 2498 2301 2568 participem
2331 2514 2436 2556 non
2465 2500 2665 2556 ell'ecit.
2695 2502 2788 2558 llle
2815 2504 2998 2575 itaque
3015 2508 3317 2577 perpetrati
3348 2509 3569 2566 sceleris

1983 2588 2304 2659 supplicium
2342 2590 2476 2659 luat,
2507 2593 2799 2649 dummodo
2833 2611 2919 2650 me
2955 2596 3116 2651 alieni
3166 2609 3350 2655 reatus
3369 2600 3573 2670 :przeju-

1976 2680 2185 2735 vdicium
2225 2697 2331 2737 non
2362 2683 2620 2750 involvat,
2652 2700 2753 2741 nec
2775 2686 2998 2743 alterius
3024 2703 3113 2744 me
3138 2689 3394 2746 exhibeat
3413 2692 3572 2762 culpa

1989 2774 2367 2840 damnabilem,
2392 2793 2552 2847 quem
2576 2780 2806 2852 propria:
2827 2781 3148 2840 innocentiae
3165 2783 3375 2856 purit’as
3397 2785 3574 2843 reddit

1990 2869 2305 2926 immunem.
2337 2872 2508 2929 Porro
2535 2875 2601 2930 de
2626 2891 2714 2941 eo,
2742 2877 2885 2945 quod
2923 2877 3139 2946 dicitur,
3169 2881 3424 2949 quoniam
3449 2898 3573 2953 gra-

1984 2961 2120 3016 tiam
2161 2963 2333 3018 sancti
2382 2963 2616 3035 Spiritus
2667 2966 2921 3038 indignus
2972 2968 3135 3025 homo
3184 2971 3432 3041 accipere
3475 2989 3571 3029 ne-

1993 3065 2182 3122 queat;
2226 3066 2440 3112 constat
2475 3059 2662 3127 procul
2706 3060 2890 3127 dubio,
2921 3063 3047 3132 quia
3092 3077 3289 3134 corpus
3329 3066 3567 3132 Domini,

283 3129 539 3234 spiritus
556 3171 794 3226 sanctus,
822 3161 913 3233 qui
935 3129 1090 3216 tertia
1109 3169 1191 3215 est
1211 3159 1264 3212 in
1286 3129 1757 3213 sancta-Trinitate
1772 3169 1892 3224 per-
1919 3129 1965 3192 (ἶ
1995 3147 2136 3214 quod
2162 3147 2215 3201 in
2241 3150 2414 3203 sacris
2451 3149 2713 3205 altaribus
2753 3163 2849 3220 per
2881 3129 3055 3208 sancti
3083 3129 3381 3211 sacerdotis
3413 3129 3569 3212 dedi;

292 3269 451 3322 sons,
472 3255 728 3326 inquietis
744 3251 1225 3310 hominibus‘fuisse
1235 3250 1540 3307 contrarius
1551 3247 1883 3320 perhibetur.

290 3345 450 3403 Hanc
490 3347 917 3418 inquietudinem
947 3351 1204 3414 expertus
1245 3349 1331 3397 est
1367 3339 1531 3406 Jehu,
1577 3339 1669 3408 qui
1707 3338 1887 3393 divino

289 3439 412 3495 zelo
443 3438 660 3503 ductus,
693 3437 757 3492 ad
785 3436 1120 3493 ulciscendos
1149 3434 1368 3506 quidem
1403 3431 1500 3486 Dei
1535 3429 1806 3493 inimicos,
1832 3437 1886 3482 et

297 3530 581 3601 praecipue
611 3531 842 3586 cultores
869 3528 1017 3594 Baal,
1040 3527 1394 3582 vehementer
1424 3523 1702 3579 incanduit
1729 3539 1742 3575 :
1774 3522 1886 3591 ipse

297 3632 489 3677 tamen
527 3637 652 3685 eos,
699 3633 838 3690 quos
874 3617 1163 3675 Jeroboatn
1211 3616 1470 3681 coluerat,
1499 3613 1634 3670 deos
1685 3625 1883 3667 aureos

293 3724 404 3768 non
435 3711 661 3782 reliquit
684 3709 790 3782 (1V
817 3707 946 3781 Reg.
971 3708 1053 3780 ι).

311 3840 314 3842 ~
521 3837 524 3839 λ
838 3820 949 3892 96
984 3815 1212 3876 CAPUT
1243 3812 1344 3873 nt.

297 3915 444 3984 Quid
500 3918 733 3970 doctores
791 3915 853 3969 de
899 3897 1184 3984 baptismo,
1239 3922 1287 3967 et
1345 3909 1607 3965 Dominici
1651 3899 1884 3979 corporis

781 3984 1119 4042 Eucharistia
1149 3985 1396 4038 sentiant.

369 4082 430 4146 (1
454 4120 471 4146 ,
515 4095 571 4150 q.
615 4081 678 4145 1,
705 4094 756 4134 c.
795 4075 883 4133 Sic
921 4088 1126 4142 autem,
1172 4085 1279 4131 etc.
1331 4089 1450 4144 seq,
1479 4072 1716 4144 Nonne.)
1757 4069 1883 4125 Tria

297 4174 548 4247 profecto
617 4173 888 4243 praecipua
965 4179 1304 4226 sacramenta
1383 4168 1438 4222 in
1511 4176 1696 4222 sancta
1767 4165 1881 4220 fre-

296 4275 634 4338 quentantur
661 4265 925 4330 Ecclesia,
961 4264 1288 4334 baptismum
1323 4260 1603 4323 videlicet,
1633 4257 1882 4328 corporis

299 4372 522 4429 quoque
550 4365 606 4412 et
641 4355 916 4428 sanguinis
965 4354 1226 4410 Dominici
1265 4353 1502 4409 salutare
1538 4350 1878 4422 mysterium,

301 4461 354 4505 et
405 4450 678 4506 ordinatio
726 4449 1064 4505 clericorum.
1120 4447 1190 4501 Et
1237 4448 1304 4501 de
1346 4445 1617 4514 baptismo
1663 4443 1880 4513 quidem

1987 3244 2142 3291 catur
2178 3237 2431 3302 cilicium,
2466 3250 2725 3311 concepta
2763 3244 2935 3298 sancti
2967 3243 3201 3315 Spiritus
3235 3247 3452 3312 virtute,
3487 3249 3570 3301 vi-

1984 3326 2252 3393 vitientur,
2285 3338 2340 3384 et
2376 3331 2784 3398 sanetiﬂcatur;
2835 3341 2893 3387 ut
2929 3349 3027 3388 nos
3066 3335 3346 3393 viviticare
3370 3337 3568 3402 valeat,

1984 3427 2041 3472 et
2097 3419 2458 3476 sanctiﬁcare.
2515 3420 2669 3477 Sicut
2723 3423 2777 3478 iu
2823 3424 2958 3493 ipsis
3003 3427 3327 3482 venerandis
3377 3429 3571 3483 missa-

1985 3527 2104 3566 rum
2134 3514 2360 3570 secretis
2383 3515 2584 3572 dicitur
2613 3534 2625 3570 :
2655 3513 2760 3571 Per
2777 3535 2928 3588 quem
2957 3521 3068 3576 lucc
3096 3523 3294 3588 omnia,
3323 3522 3565 3589 Domine,

1983 3622 2185 3676 semper
2237 3609 2374 3663 bona
2423 3624 2589 3675 creas,
2631 3611 2956 3680 sancti/ans,
2987 3613 3240 3682 uiuiﬁcae,
3281 3615 3563 3671 benedictio.

1983 3695 2168 3769 Neque
2225 3699 2370 3754 enim
2417 3700 2575 3755 aliter
2623 3701 2905 3757 viviﬁcare
2951 3718 3119 3772 posse
3169 3704 3407 3759 creditur
3459 3705 3566 3760 nisi

1982 3803 2080 3858 per
2129 3788 2391 3859 Spiritum
2437 3799 2724 3858 sanctum;
2781 3808 2936 3859 cum,
2985 3790 3219 3850 testante
3242 3795 3352 3866 97
3400 3794 3568 3850 Veri-

1983 3888 2096 3936 tate
2127 3880 2308 3953 (Joan.
2339 3882 2440 3954 γι),
2491 3879 2731 3952 Spiritus
2778 3883 2870 3950 sit,
2913 3884 3005 3954 qui
3049 3885 3310 3940 viviﬁcat.
3368 3885 3565 3953 Quaero

1984 3985 2133 4042 ergo,
2163 3986 2286 4026 cum
2337 3980 2560 4028 sanctus
2603 3973 2863 4029 sacerdos
2899 3975 3122 4030 cceleste
3174 3975 3304 4032 illud
3345 3993 3565 4042 munus,

1983 4062 2126 4131 quod
2181 4062 2380 4118 virtute
2434 4063 2606 4119 sancti
2671 4063 2905 4134 Spiritus
2950 4066 3285 4122 tvivilicatum
3353 4076 3456 4131 est,
3513 4077 3572 4123 et

1971 4152 2396 4218 sanctiﬁcatum,
2421 4164 2607 4222 atque,
2622 4163 2691 4208 aut
2716 4155 3051 4211 conﬁdenter
3070 4155 3291 4224 loquar,
3321 4157 3568 4226 ejusdem

1981 4245 2146 4301 divini
2181 4244 2416 4316 Spiritus
2463 4246 2638 4316 gratia
2677 4247 2947 4302 veraciter
2997 4248 3247 4320 plenum,
3301 4249 3568 4306 scelerato

1984 4338 2124 4396 forte
2148 4338 2640 4411 cuilibetporrigit,
2697 4341 2958 4410 numquid
3008 4350 3293 4412 propterea
3336 4342 3570 4413 Spiritus

1983 4439 2206 4488 sanctus
2253 4432 2592 4517 Dominicum
2659 4447 2861 4503 corpus
2916 4433 3138 4500 deserit,
3205 4443 3260 4490 et
3311 4443 3571 4505 tanquam

300 4543 362 4597 B.
396 4541 732 4612 "Augustinus
771 4541 824 4596 in
867 4538 1198 4608 expositione
1242 4535 1468 4591 Joannis
1505 4533 1880 4603 evangelista};
1912 4515 2296 4597 Dsqualorem
2320 4515 2521 4582 sordidi
2555 4526 2696 4581 vasis
2745 4538 3038 4582 nauseatus
3085 4527 3360 4583 abscedit?
3389 4527 3496 4581 Sed
3523 4529 3572 4583 si

301 4635 368 4688 dc
396 4633 740 4689 Eucharistia
768 4645 898 4688 vero
926 4631 1190 4688 Dominici
1226 4629 1470 4700 corporis
1513 4630 1565 4682 in
1607 4627 1745 4682 libro
1787 4641 1884 4682 suo

289 4722 638 4779 Paschasius
675 4723 748 4777 ita
793 4721 1128 4777 concorditer
1166 4721 1468 4791 disputant,
1501 4727 1761 4787 utneque
1790 4732 1886 4787 per

291 4810 479 4867 bonus
521 4811 830 4868 sacerdotes
868 4810 1090 4866 meliora
1129 4809 1216 4864 illa
1266 4809 1545 4880 mysteria,
1586 4822 1760 4876 neque
1788 4823 1885 4877 per

305 4905 485 4958 malos
533 4904 650 4960 ﬁeri
691 4903 911 4973 pejora,
966 4909 1250 4958 testentur.
1298 4901 1567 4956 Nimirum
1623 4898 1736 4954 sive
1789 4913 1885 4967 per

297 4993 478 5058 'fures,
499 4997 622 5050 sive
655 5010 752 5065 per
788 4994 1078 5057 adulteros,
1115 4995 1236 5048 sive
1275 4994 1438 5048 etiam
1467 5007 1564 5062 per
1591 4990 1890 5046 homicidas

305 5086 429 5139 haec
471 5094 812 5142 sacramenta
865 5083 1030 5150 ﬂant,
1075 5084 1151 5140 nil
1201 5098 1426 5153 prorsus
1472 5085 1541 5139 ab
1591 5082 1711 5146 bis,
1769 5095 1890 5150 quae

311 5182 482 5237 sancti
512 5182 763 5239 dedicant
784 5179 1113 5246 sacerdotes,
1141 5179 1414 5249 mysteriis
1438 5175 1722 5240 differant;
1747 5173 1889 5244 quod

310 5274 405 5342 qui
433 5275 705 5346 praedictis
730 5273 887 5328 libris
913 5285 1130 5340 operam
1166 5270 1338 5335 dedit,
1365 5266 1705 5325 enucleatius
1734 5265 1893 5320 abso-

1986 4621 2196 4684 ita-est,
2243 4621 2514 4690 quomodo
2539 4636 2726 4676 verum
2769 4629 2877 4685 est,
2933 4621 3077 4690 quod
3108 4636 3205 4689 per
3255 4618 3576 4688 Apostolum

1979 4712 2223 4767 dicitur:
2253 4710 2393 4778 Quia
2439 4713 2658 4783 indigne
2707 4713 3035 4782 percipiens,
3085 4730 3105 4763 ι
3153 4709 3420 4779 judicium
3469 4711 3578 4766 sibi

1988 4803 2297 4869 manducet,
2325 4803 2557 4870 etbibit,
2591 4819 2697 4858 non
2719 4804 3025 4873 dijudicans
3051 4818 3250 4873 corpus
3280 4803 3533 4857 Domini?
3555 4821 3574 4854 ι

1986 4897 2039 4968 (Ι
2064 4897 2183 4952 Cor.
2219 4897 2306 4967 ιι.)
2345 4897 2415 4952 ZSi
2463 4900 2608 4954 enim
2648 4897 2981 4953 abscedente
3041 4894 3267 4966 Spiritu,
3298 4911 3406 4950 non
3447 4895 3579 4950 illud

1982 4987 2096 5057 jam
2128 5002 2323 5058 corpus
2373 4987 2606 5052 Domini,
2645 4988 2740 5043 sed
2773 4988 3098 5058 simpliciter
3133 4984 3441 5043 communis
3499 4992 3584 5038 est

1981 5077 2169 5147 panis,
2197 5090 2304 5130 non
2331 5075 2533 5134 incidit
2557 5077 2623 5129 tiu
2663 5074 2958 5144 judicium,
2989 5075 3081 5144 qui
3139 5076 3347 5132 nullum
3380 5071 3584 5141 accipit

1987 5177 2429 5224 sacramentum:
2459 5166 2602 5236 quod
2621 5165 2668 5219 si
2695 5166 2994 5226 absurdum
3023 5166 3242 5222 videtur
3270 5171 3323 5218 et
3358 5163 3583 5231 impium

1992 5269 2212 5331 propter
2271 5257 2496 5326 indigne
2537 5256 2928 5325 suscipientes,
2991 5265 3246 5312 sanctum
3318 5252 3586 5321 Spiritum
