4106 6310
539 430 635 487 111

956 423 1019 485 8.
1055 423 1261 483 PETRI
1296 417 1583 480 DAMIANI
1615 418 1771 480 OPP.
1809 416 2046 477 TOMUS
2085 413 2217 474 SEU
2254 409 2433 472 PARS
2469 409 2558 467 Ill.
2586 395 2656 451 -ἒ-
2690 404 3056 467 OPUSCULA
3090 406 3321 464 VARIA.‘

3665 409 3769 465 112

533 542 864 614 baptismum
905 546 964 596 et
989 539 1166 594 malus
1211 543 1412 609 potest,
1451 536 1652 592 habere
1676 531 2019 605 prophetiam
2050 536 2107 586 et
2130 531 2186 593 Α
2207 525 2369 582 minis
2391 525 2676 594 meritum;
2707 533 2980 599 postremo
3016 524 3273 595 Spiritum
3319 522 3638 596 gratiarum,
3664 540 3774 581 non

537 634 712 690 malus
733 641 929 704 potest.
966 649 986 684 ι
1015 630 1322 686 Invenimus
1347 627 1477 684 Saul
1502 641 1684 699 regem
1709 624 1963 682 habuisse
1981 638 2106 694 pro-

537 727 797 798 phetiam,
819 724 912 795 qui
938 721 1364 796 persequebatur
1397 729 1645 778 sanctum
1697 717 1884 784 David,
1915 715 2106 784 imple-

539 829 625 874 tus
677 825 762 873 est
804 815 998 888 spiritu
1061 814 1378 886 prophetia,
1445 820 1501 868 et
1561 811 1889 897 prophetare
1945 805 2110 877 erepit

537 908 594 980 (I
644 907 774 979 Reg.
799 922 856 973 x,
882 921 1039 972 xvm,
1065 921 1183 972 xix,
1211 904 1396 976 χχιιι).
1424 903 1689 974 Accipere
1710 907 2107 958 sacramentum

539 997 782 1071 corporis
796 1005 852 1052 ct
873 995 1150 1067 sanguinis
1170 994 1380 1051 Domini
1394 994 1558 1050 etiam
1575 993 1748 1050 malus
1759 1000 1955 1062 potest.
1972 988 2107 1045 Nam

537 1091 604 1147 de
627 1089 823 1144 talibus
853 1087 1055 1143 dictum
1079 1094 1164 1142 est
1192 1104 1206 1140 :
1238 1103 1258 1139 ι
1287 1084 1389 1151 Qui
1443 1084 1734 1140 manducat
1773 1091 1828 1138 et
1858 1081 1996 1138 bibit
2027 1080 2109 1136 in-

537 1179 719 1248 digne,
744 1174 1006 1247 judicium
1033 1175 1136 1231 sibi
1158 1173 1450 1229 manducat
1469 1181 1525 1228 et
1550 1171 1687 1228 bibit
1725 1170 1777 1242 (1
1801 1170 1924 1226 Cor.
1948 1169 2047 1241 xi).
2079 1187 2100 1223 ι

537 1267 748 1323 Habere
776 1281 978 1336 nomen
1007 1264 1209 1322 Christi
1238 1271 1294 1320 et
1321 1263 1496 1320 malus
1524 1269 1718 1335 potest,
1743 1261 1796 1318 id
1822 1269 1924 1328 est,
1951 1260 2108 1317 Chri~

536 1357 748 1414 stianus
776 1354 961 1411 vocari
1010 1363 1066 1410 ct
1093 1353 1266 1409 malus
1313 1361 1535 1423 potest;
1569 1352 1636 1408 de
1684 1349 1880 1423 quibus
1905 1350 2104 1407 dictum

535 1459 620 1507 est
651 1468 665 1505 :
701 1468 720 1502 ι
756 1447 1074 1505 Polluebant
1103 1460 1302 1503 nomen
1345 1445 1442 1501 Dei
1475 1445 1557 1502 sui
1595 1445 1812 1518 (Ezech.
1835 1442 2046 1516 xxxvi).
2080 1461 2101 1496 ι

534 1541 676 1612 Ergo
719 1540 920 1596 habere
947 1545 1288 1595 sacramenta
1339 1536 1523 1594 omnia
1569 1543 1626 1592 et
1676 1535 1850 1593 malus
1884 1542 2102 1608 potest:

535 1631 737 1688 habere
759 1639 940 1688 autem
978 1629 1324 1696 charitatem,
1366 1637 1422 1686 et
1447 1629 1651 1685 malum
1696 1643 1840 1696 esse,
1875 1644 1984 1686 non
2010 1644 2107 1700 po-

536 1731 667 1780 test.
691 1721 750 1779 Si
770 1720 927 1793 juxta
950 1721 1086 1777 tanti
1132 1721 1369 1779 doctoris
1417 1721 1758 1788 sententiam,
1791 1720 1972 1778 omnia
2015 1735 2105 1777 sa-
2199 1765 2204 1768 .

2207 630 2496 690 personam
2536 617 2713 687 sequi,
2745 625 2842 671 aut
2875 615 3210 686 dignitatem,
3252 614 3348 672 sed
3377 613 3775 670 ordinationem

2207 705 2530 763 traditionis.
2561 705 2630 762 Et
2653 719 2846 762 revera
2887 705 3019 777 quid
3041 720 3162 762 mea
3198 705 3447 772 interest,
3482 701 3638 773 cujus
3663 718 3777 759 me-

2206 799 2300 857 riti
2341 815 2494 858 meus
2530 801 2605 857 sit
2643 799 2944 862 ordinator.
2994 798 3284 854 dummodo
3323 797 3468 869 quod
3507 796 3602 857 ille
3637 795 3778 852 forte

2206 902 2478 952 mercatus
2503 903 2609 963 est,
2634 893 2768 950 mihi
2804 893 2972 966 gratis
2996 893 3353 964 ,impertiatur
3393 908 3409 948 :
3460 898 3517 948 et
3536 905 3644 963 quo
3664 890 3781 962 ipse

2205 986 2571 1043 clandestinus
2592 985 2810 1057 irrepsit
2831 985 3092 1050 ostiatim,
3120 999 3208 1040 me
3229 983 3401 1040 civem
3433 981 3781 1049 exsul,exter

2206 1077 2582 1144 domesticum,
2656 1075 2924 1132 heredem
2989 1074 3358 1132 mercenarius
3427 1071 3782 1131 introducat?

2206 1168 2393 1240 Neque
2436 1169 2581 1225 enim
2620 1182 2651 1223 a
2690 1183 2820 1238 quo,
2848 1168 2943 1224 sed
2972 1167 3039 1223 ad
3081 1168 3224 1239 quod
3248 1167 3538 1237 provehor,
3567 1163 3781 1237 magni-

2204 1261 2398 1334 pendo.
2425 1259 2649 1318 Constat
2689 1260 2872 1332 igitur,
2901 1260 3027 1331 quia
3071 1261 3213 1331 quod
3269 1261 3374 1316 duo
3402 1259 3516 1330 illa,
3540 1275 3663 1331 qua:
3688 1274 3781 1315 su-

2205 1352 2388 1421 perius
2421 1350 2565 1408 dicta
2608 1357 2753 1418 sunt,
2782 1351 3084 1420 baptismus
3126 1349 3398 1416 videlicet,
3428 1358 3485 1406 et
3528 1348 3782 1406 salutaris

2206 1441 2562 1498 Eucharistite
2590 1449 3013 1508 sacramentum,
3034 1455 3209 1511 neque
3231 1440 3450 1497 meliora
3469 1455 3570 1512 per
3588 1439 3779 1507 bonos,

2206 1546 2382 1603 neque
2407 1533 2677 1590 deteriora
2726 1547 2825 1605 per
2845 1531 3016 1590 malos
3051 1532 3216 1588 ﬁunt:
3249 1533 3326 1589 ita
3347 1531 3704 1590 nihilominus
3724 1537 3784 1588 et

2207 1623 2480 1681 ordinatio
2500 1623 2842 1681 clericorum.

2833 1736 3060 1796 CAPUT
3097 1738 3168 1794 Χ.

535 1822 812 1872 cramenta
856 1813 1033 1870 malus
1057 1812 1245 1882 habet,
1296 1813 1566 1884 quomodo
1605 1811 1829 1869 ridenda
1883 1810 2106 1867 fatuitas

2210 1829 2365 1899 Quod
2387 1829 2618 1902 Spiritus
2637 1839 2850 1887 sanctus
2877 1847 2983 1887 non
3004 1847 3070 1888 ea:
3093 1831 3278 1886 merito
3306 1830 3663 1898 sacerdotum,
3684 1829 3777 1886 sed

535 1908 813 1966 hominum
869 1908 1212 1980 impudenter
1261 1907 1544 1976 blacterat,
1587 1907 1713 1978 quia
1765 1885 2183 1965 SimoniacusB

534 2011 873 2059 sacramenta
927 2017 1036 2059 non
1075 2001 1273 2058 habet?
1298 2000 1596 2056 Audiamus
1628 1999 1758 2070 quid
1806 1999 1949 2055 idem
1972 2014 2108 2070 pra:-

536 2092 716 2148 clarus
740 2092 932 2149 doctor
954 2105 1023 2147 ex
1049 2091 1240 2148 eadem
1265 2105 1327 2146 re
1349 2090 1475 2146 alibi
1501 2090 1578 2162 (q.
1607 2091 1695 2157 11,
1727 2089 1764 2144 l.
1790 2089 1969 2156 Quam
1989 2089 2108 2146 novi

537 2193 587 2240 et
613 2193 712 2239 vet.
737 2181 903 2255 Test.)
938 2182 1105 2249 dicat,
1128 2191 1190 2238 ut
1233 2180 1490 2236 nimirum
1517 2195 1679 2252 quam
1705 2180 2030 2237 sententiam
2053 2178 2108 2234 in

536 2279 665 2345 hac,
703 2291 869 2349 quam
899 2273 1243 2342 ventilamus,
1276 2272 1598 2346 lquaestione
1646 2271 1898 2338 tenuerit,
1957 2279 2108 2327 tanto

537 2368 812 2440 liquidius,
831 2375 1037 2439 quanto
1073 2365 1412 2437 frequentius
1448 2364 1776 2421 innotescat.
1818 2362 1954 2419 Nam
1981 2376 2108 2418 cum

536 2459 604 2516 de
623 2457 1000 2516 benedictione
1013 2457 1167 2515 Isaac
1183 2456 1239 2513 in
1258 2455 1430 2512 ﬁlium
1445 2455 1600 2528 (Gen.
1621 2454 1760 2528 χχιι)
1776 2454 2106 2526 loqueretur,

538 2549 770 2620 adjecit:
808 2565 828 2600 ι
858 2547 1018 2616 Justi,
1049 2547 1248 2618 inquit,
1295 2545 1532 2604 hominis
1572 2554 1835 2617 quantum
1880 2544 1948 2600 ad
1984 2557 2110 2599 oon-

535 2639 823 2697 scientiam
844 2639 1102 2711 pertinet,
1129 2637 1380 2694 voluntas
1407 2637 1551 2694 bona
1573 2644 1694 2704 est;
1722 2643 1986 2707 quantum
2014 2647 2108 2688 au-

540 2741 651 2790 tem
678 2733 745 2788 ad
759 2731 1172 2803 praescientiam,
1201 2730 1456 2786 immunis
1481 2740 1564 2787 est
1585 2731 1654 2787 ab
1673 2729 1941 2795 adversis;
1965 2729 2108 2785 Deus

539 2823 688 2880 enim
719 2823 865 2880 solus
885 2831 990 2892 est,
1019 2822 1113 2894 qui
1161 2822 1228 2879 de
1253 2821 1451 2878 futuris
1481 2820 1710 2892 judicat.
1760 2819 1841 2876 Ac
1868 2833 1966 2890 per
2005 2818 2111 2875 hoc

535 2917 688 2973 Isaac
704 2915 904 2987 justus,
944 2921 1208 2987 quantum
1259 2915 1328 2969 ad
1354 2920 1681 2984 praesentem
1711 2909 2109 2968 humanitatem

537 3011 758 3082 dignum
807 3018 910 3077 est,
957 3005 1216 3079 majorem
1246 3007 1419 3063 ﬁlium
1467 3021 1624 3064 suum
1679 3004 2110 3064 benedicendum

538 3099 710 3172 magis
745 3115 815 3170 pu
860 3099 1027 3165 tabat,
1077 3100 1173 3155 sed
1205 3098 1369 3164 Deus,
1408 3097 1502 3168 qui
1548 3094 1882 3153 occultorum
1928 3095 2110 3168 cogni-

537 3203 624 3250 tor
654 3201 758 3261 est,
781 3192 1044 3249 minorem
1060 3189 1490 3271 benedictionem
1521 3188 1718 3244 mereri
1753 3187 2020 3256 ostendit;
2047 3194 2109 3243 ut

535 3285 990 3344 inbenedictione
1015 3300 1125 3342 non
1161 3283 1397 3340 hominis
1435 3282 1744 3340 ostenderet
1764 3297 1883 3340 esse
1905 3280 2108 3339 beneﬁ-

537 3380 705 3446 cium,
750 3379 846 3436 sed
880 3377 1009 3444 Dei;
1058 3377 1184 3448 quia
1209 3376 1372 3433 oﬁicii
1402 3375 1636 3447 dignitas
1661 3382 1761 3441 est,
1794 3391 1904 3432 non
1929 3374 2107 3432 homi-

535 3472 623 3528 nis
644 3469 920 3538 meritum,
942 3482 1106 3540 quam
1127 3467 1224 3523 Dei
1248 3465 1493 3537 sequitur
1513 3465 1840 3522 benedictio.
1867 3465 2110 3536 Denique

537 3564 741 3620 dictum
774 3579 807 3618 a
842 3563 952 3618 Deo
999 3561 1055 3617 in
1088 3559 1340 3617 Numeris
1373 3560 1443 3616 ad
1473 3557 1694 3632 Moysen
1720 3566 1775 3614 et
1808 3559 1992 3616 Aaron
2022 3573 2110 3615 sa-

519 3658 784 3724 _eerdotes
833 3672 848 3709 :
897 3652 1009 3710 Vos
1049 3652 1234 3724 ponite
1287 3666 1486 3708 nomen
1531 3666 1714 3707 meum
1761 3665 1923 3722 super
1968 3649 2110 3706 ﬁlios

536 3748 738 3816 Israel;
769 3762 870 3818 ego
905 3745 1168 3803 Dominus
1207 3744 1526 3801 benedicam
1560 3743 1642 3801 eis
1664 3742 1854 3809 (Num.
1892 3742 1968 3815 vt)
2005 3761 2018 3797 :
2050 3750 2113 3798 ut

538 3840 768 3912 gratiam
815 3837 1033 3895 traditio
1081 3851 1181 3909 per
1222 3836 1588 3894 ministerium
1628 3837 1894 3894 ordinatis
1931 3847 2111 3894 trans-

535 3932 727 3988 fundat
756 3929 1106 3998 hominibus;
1157 3944 1259 3986 nec
1287 3928 1539 3986 voluntas
1575 3929 1872 3986 sacerdotis
1918 3930 2112 3987 obesse

537 4033 632 4080 aut
679 4023 937 4094 prodesse
989 4021 1178 4094 possit,
1225 4022 1322 4078 sed
1380 4020 1635 4078 meritum
1679 4019 2111 4080 benedictionem

537 4117 828 4189 poscentis.
865 4135 885 4169 ι
935 4115 1158 4184 Quanta.
1179 4122 1357 4172 autem
1392 4113 1625 4188 dignitas
1661 4111 1734 4170 sit
1773 4113 1978 4172 ordinis
2025 4129 2113 4172 sa-

536 4209 856 4278 cerdotalis,
911 4209 1041 4266 hinc
1087 4210 1433 4265 advertamus
1468 4208 1520 4278 (l
1552 4221 1611 4278 q.
1644 4207 1668 4262 1
1707 4206 1924 4264 Dictum
1953 4210 2059 4282 est)
2092 4227 2108 4265 :

536 4303 751 4360 Dictum
788 4309 1070 4358 esvautem
1095 4301 1162 4357 de
1184 4300 1517 4373 nequissimo
1536 4299 1740 4372 Caipha
1760 4299 2113 4360 interfectore

537 4394 836 4452 Salvatoris
876 4393 1019 4450 inter
1059 4401 1256 4449 caetera
1293 4407 1310 4447 :
1345 4412 1364 4446 ι
1395 4392 1509 4450 Ηοε
1551 4401 1734 4450 autem
1762 4408 1796 4449 a
1819 4394 2114 4466 semetipso

534 4503 646 4543 non
673 4486 829 4551 dixit,
865 4484 962 4541 sed
987 4499 1108 4540 cum
1141 4492 1288 4542 esset
1320 4485 1576 4556 princeps
1611 4486 1955 4544 sacerdotum
2000 4486 2116 4558 98

2133 3235 2182 3301 C

2699 1917 2765 1957 ea:
2788 1902 3075 1957 ministerio
3107 1902 3284 1957 datur.

2277 1993 2535 2067 Nunquid
2570 1993 2805 2066 denique
2844 2002 2901 2051 et
2944 1993 3180 2066 Caiphas
3221 1993 3312 2050 ille
3339 1994 3533 2066 dignus
3584 1994 3784 2059 fuerat,

2206 2099 2305 2158 per
2336 2100 2500 2156 quem
2537 2085 2772 2157 Spiritus
2806 2093 3025 2142 sanctus
3060 2085 3287 2142 viviﬁcae
3339 2085 3533 2142 mortis
3579 2085 3783 2141 Christi

2208 2176 2529 2248 mysterium
2554 2176 2911 2248 loqueretur?
2935 2175 3072 2232 Nam
3101 2191 3224 2233 cum
3261 2175 3526 2233 dixisset:
3563 2193 3584 2228 ι
3610 2175 3787 2248 Expe-

2209 2267 2290 2325 dit
2321 2275 2383 2325 ut
2403 2283 2545 2325 unus
2565 2267 2833 2326 moriatur
2852 2268 3017 2326 homo
3040 2284 3140 2341 pro
3176 2269 3396 2341 populo,
3424 2284 3494 2325 ne
3520 2276 3632 2325 tota
3653 2283 3789 2340 gens

2208 2369 2397 2432 pereat
2430 2360 2613 2433 (Joan.
2634 2361 2713 2434 ιι)
2739 2378 2756 2430 ;
2781 2381 2802 2417 ι
2831 2362 3078 2434 protinus
3107 2362 3440 2434 evangelista
3475 2361 3783 2432 subiunxit:

2215 2475 2234 2510 ι
2277 2454 2394 2513 Ηοε
2426 2463 2608 2512 autem
2635 2471 2668 2512 a
2694 2457 2988 2530 semetipso
3024 2473 3133 2516 non
3162 2457 3321 2527 dixit,
3357 2459 3455 2516 sed
3481 2474 3605 2517 cum
3634 2468 3786 2516 esset

2209 2547 2456 2618 pontifex
2522 2547 2653 2604 anni
2713 2548 2857 2606 illius
2911 2551 3258 2624 prophetavit
3314 2551 3540 2624 (Ibid.).
3578 2571 3600 2607 ι
3656 2552 3790 2608 Pro-

2206 2639 2484 2714 pheticum
2506 2641 2666 2712 plane
2685 2643 2935 2714 spiritum
2960 2647 3030 2700 ad
3055 2655 3387 2703 momentum
3411 2647 3642 2719 accepit,
3672 2663 3779 2704 non

2209 2739 2270 2786 ιι
2297 2731 2435 2803 ipse,
2466 2732 2611 2803 quod
2630 2728 3041 2802 vaticinabatur,
3063 2747 3416 2808 agnosceret;
3455 2739 3549 2796 sed
3589 2738 3658 2797 ad
3681 2740 3787 2796 hoc

2209 2823 2410 2896 potius,
2442 2833 2502 2882 ut
2524 2827 2928 2898 conspiratorcs
2948 2843 3075 2886 suos
3113 2831 3180 2888 ad
3207 2831 3616 2889 accelerandam
3641 2847 3788 2890 mor—

2211 2927 2320 2975 tem
2341 2918 2678 2976 Dominicam
2703 2921 2913 2978 avidius
2943 2921 3217 2980 incitaret.
3249 2923 3418 2983 Nobis
3438 2939 3653 2997 nempe,
3675 2938 3789 2984 non

2210 3009 2316 3068 sibi
2333 3011 2488 3080 vidit,
2527 3020 2583 3069 et
2607 3013 2881 3071 occultum
2928 3015 3211 3088 sapientiae
3255 3019 3592 3086 thesaurum,
3625 3031 3786 3090 quem

2209 3099 2329 3172 ipse
2347 3101 2651 3174 ignorabat,
2673 3106 2904 3176 aperuit.
2921 3105 3058 3164 Nam
3074 3117 3130 3165 et
3151 3124 3180 3164 a
3204 3109 3528 3169 Simoniacis
3554 3111 3789 3182 Caiphas

2211 3191 2317 3251 iste
2345 3209 2453 3252 non
2481 3210 2706 3266 prorsus
2751 3205 3045 3256 extraneus
3082 3201 3373 3273 reperitur,
3412 3203 3460 3260 si
3500 3203 3790 3275 vigilanter

2209 3286 2412 3343 veteris
2454 3285 2708 3345 Historiae
2748 3289 2923 3346 series
2973 3301 3324 3360 recensetur;
3365 3293 3621 3350 nimirum
3649 3293 3792 3352 sicut

2208 3376 2480 3436 Eusebius
2507 3378 2860 3437 Caesariensis
2898 3381 2952 3437 in
2981 3381 3362 3440 Ecclesiastica
3401 3395 3590 3442 narrat
3620 3386 3790 3443 histo-

2209 3471 2291 3527 ria
2320 3472 2437 3542 (lib.
2469 3489 2508 3541 l,
2532 3487 2582 3530 c.
2615 3473 2703 3540 10,
2729 3482 2785 3531 ει
2809 3473 3030 3531 Ntczpn.
3062 3475 3206 3532 Hist.
3237 3477 3332 3534 lib.
3362 3494 3402 3544 ι,
3430 3493 3478 3534 c.
3500 3479 3568 3534 18
3588 3487 3646 3536 ει
3673 3479 3785 3552 19),

2209 3573 2270 3620 ιιι
2311 3565 2502 3622 eadem
2531 3566 2622 3623 hic
2643 3581 2860 3640 quoque
2896 3567 3064 3625 verba
3105 3579 3410 3640 ponantur:
3447 3589 3465 3624 ι
3499 3571 3790 3643 Legalibus

2207 3655 2494 3726 praeceptis
2525 3653 2640 3726 jam
2678 3671 2776 3728 per
2825 3657 2955 3716 illud
3011 3668 3222 3731 tempus
3267 3661 3341 3729 vi,
3393 3671 3451 3719 et
3490 3662 3789 3720 ambitione

2209 3747 2566 3817 cessantibus,
2614 3749 2748 3806 nulli
2786 3751 2985 3823 quippe
3027 3752 3373 3824 pontiﬁcatus
3414 3753 3592 3812 honor
3641 3754 3786 3824 vitm,

2207 3838 2294 3895 vel
2322 3840 2536 3910 generis
2579 3840 2774 3898 merito
2816 3843 3165 3913 reddebatur,
3217 3845 3293 3901 ita
3343 3854 3406 3902 ut
3435 3846 3630 3902 annuis
3673 3845 3788 3918 jam

2209 3931 2649 3990 successionibus
2689 3940 3074 3999 mutarentur;
3121 3954 3142 3988 ι
3194 3935 3409 4003 deinde,
3453 3935 3687 4006 Josepho
3731 3937 3789 3993 in

2211 4021 2580 4080 testimonium
2618 4024 2850 4082 deducto
2896 4026 3118 4099 (Antiq.,
3139 4041 3192 4084 c.
3221 4028 3299 4099 3),
3333 4043 3432 4099 per
3457 4028 3615 4085 unius
3653 4043 3790 4100 qua-

2211 4111 2448 4170 driennii
2472 4115 2706 4185 spatium
2737 4124 2975 4188 quatuor
3001 4118 3284 4190 pontiﬁces
3304 4119 3483 4175 annali
3511 4134 3791 4190 quousque

2212 4205 2518 4264 sacerdotio
2544 4207 2860 4278 perfunctos
2899 4209 3003 4265 sibi
3032 4209 3268 4266 invicem
3308 4209 3658 4278 successisse,
3712 4220 3791 4266 te-

2184 4301 2427 4352 statur:
2461 4314 2483 4348 ι
2516 4296 2788 4364 Valerius,
2836 4297 3032 4368 inquit,
3063 4297 3284 4368 Gratus,
3333 4299 3504 4356 Anum
3540 4299 3792 4357 sacerdo-

2213 4391 2292 4446 tio
2334 4389 2622 4446 deturbato
2647 4428 2665 4457 ,
2737 4388 3018 4446 lsmaelem
3079 4391 3391 4462 pontiﬁcem
3439 4392 3790 4463 designavit,

2214 4479 2386 4536 ﬁlium
2412 4479 2584 4535 Balli:
2613 4481 2708 4538 sed
2751 4482 2978 4539 ethunc
3005 4498 3114 4540 non
3144 4485 3312 4542 multo
3349 4495 3473 4558 post
3509 4486 3790 4557 abjiciens,

537 4577 664 4632 anni
693 4575 861 4641 illius,
887 4575 1225 4646 prophetavit
1249 4575 1432 4647 (Joan.
1456 4576 1518 4648 ιι)
1550 4589 1566 4629 :
1602 4594 1622 4630 ι
1653 4592 1750 4648 per
1770 4579 1914 4650 quod
1933 4587 2116 4635 osten-
2138 4593 2196 4659 Β
2217 4569 2540 4629 Eleazarum
2560 4572 2787 4630 Ananiae
2814 4574 3083 4646 pontiﬁcis
3113 4576 3283 4633 ﬁlium
3303 4578 3639 4650 pontificatui
3668 4579 3794 4636 sub-

536 4665 682 4722 ditur
709 4663 970 4736 Spiritum
1022 4665 1321 4737 gratiarum
1361 4680 1471 4721 non
1517 4680 1807 4737 personant
1825 4669 2000 4740 sequi,
2020 4679 2114 4728 aut
2216 4671 2450 4745 rogavit.
2479 4672 2612 4729 Post
2659 4687 2861 4729 annum
2895 4687 3026 4731 vero
3066 4674 3228 4731 etiam
3254 4674 3399 4732 hunc
3423 4684 3575 4732 arcet
3593 4673 3794 4742 oﬁicio,

537 4759 871 4831 dignitatem,
903 4759 999 4818 sed
1025 4759 1423 4817 ordinationem
1451 4759 1881 4830 traditionis;ut
1916 4779 2112 4835 quam-
2215 4775 2273 4824 et
2307 4764 2515 4823 Simoni
2564 4764 2780 4821 cuidam
2825 4765 2938 4839 99
2982 4766 3209 4837 Camphi
3259 4765 3390 4834 ﬁlio,
3445 4766 3795 4839 pontiﬁcatus

536 4853 621 4909 vis
645 4853 843 4926 aliquis
884 4852 1012 4909 boni
1046 4851 1228 4910 meriti
1269 4853 1362 4922 sit,
1402 4867 1512 4911 non
1553 4853 1729 4924 possit
1765 4855 2110 4927 benedicere,
2213 4858 2440 4916 tradidit
2454 4857 2838 4928 ministerium,
2867 4875 2977 4931 quo
2996 4875 3104 4917 non
3128 4859 3363 4931 amplius
3387 4868 3443 4916 et
3469 4860 3608 4930 ipse,
3631 4872 3797 4931 quam

536 4945 645 5000 nisi
666 4943 831 5001 fuerit
847 4945 1153 5011 ordinatus,
1174 4952 1237 4999 ut
1262 4941 1497 5002 ofﬁcium
1519 4943 1806 5001 ministerii
1830 4946 2111 5007 exhibeat:
2212 4951 2378 5008 unius
2402 4948 2530 5006 anni
2565 4948 2740 5021 spatio
2763 4949 3101 5022 perfunctus,
3128 4950 3446 5023 Josephum,
3476 4951 3565 5008 cui
3591 4958 3648 5008 et
3671 4949 3797 5006 Cai-

537 5038 637 5095 Dei
665 5047 844 5095 autem
866 5046 970 5104 est,
997 5039 1249 5095 eﬁ'ectum
1272 5037 1515 5096 tribuere
1547 5036 1957 5096 benedictionis.
1984 5040 2110 5098 Haec
2200 5039 2352 5114 'phas
2369 5055 2566 5098 nomen
2584 5040 2707 5108 fuit,
2722 5041 2931 5112 accepit
2949 5056 3340 5100 successorem.
3365 5063 3384 5097 ι
3401 5042 3541 5100 Ecce
3561 5042 3798 5114 Caiphae

536 5130 724 5202 itaque
746 5131 892 5188 beati
918 5131 1024 5187 viri
1045 5129 1131 5202 (Β.
1173 5128 1368 5186 Petrus
1396 5127 1689 5186 Damianus
1737 5138 1928 5187 auctor
1950 5131 2136 5204 hujus
2216 5149 2396 5206 neque
2431 5134 2624 5206 gratis,
2682 5149 2860 5206 neque
2898 5133 3144 5204 legaliter
3172 5133 3492 5206 intelligitur
3537 5135 3796 5191 sacerdo-
3821 5191 3836 5215 ι

536 5219 685 5294 libri)
716 5221 883 5278 verba
909 5229 1019 5277 tam
1063 5219 1224 5291 plana
1257 5227 1408 5287 sunt,
1457 5227 1677 5291 tamque
1717 5221 2024 5292 perspicua,
2055 5223 2134 5280 ut'

537 5311 786 5382 quisquis
831 5311 948 5366 haec
976 5317 1264 5381 postquam
1311 5308 1480 5366 semel
1504 5309 1816 5377 attenderit,
1845 5311 2137 5382 pertinaci

539 5414 721 5465 tamen
746 5401 925 5460 animo
947 5411 1102 5475 parat
1122 5402 1299 5459 adhuc
1323 5400 1594 5459 obstinate
1627 5402 1975 5470 contendere,
2000 5400 2127 5460 non

531 5495 647 5568 jam
683 5495 925 5562 Petrum,
959 5495 1052 5566 qui
1077 5493 1213 5552 nihil
1245 5503 1348 5563 est,
1377 5494 1474 5552 sed
1498 5509 1754 5567 magnum
1793 5495 1973 5566 potius
2002 5481 2118 5552 Au?

531 5586 813 5658 gustinum
851 5585 1191 5642 convincitur
1221 5585 1561 5658 impugnare.
1605 5585 1747 5654 Quid
1783 5587 1929 5642 enim
1959 5601 2115 5659 aper-

536 5678 648 5735 tius
685 5691 771 5744 eo,
817 5676 960 5747 quod
1001 5676 1242 5732 dicitur:
1272 5675 1410 5745 Quia
1435 5678 1493 5734 in
1526 5677 1907 5735 benedictione
1933 5694 2116 5736 sacer-

536 5769 681 5828 dotis
703 5785 812 5827 non
835 5768 1071 5827 hominis
1094 5776 1179 5825 est
1208 5768 1554 5837 beneﬁcium,
1579 5769 1677 5826 sed
1699 5769 1835 5838 Dei;
1877 5778 1932 5827 et
1957 5769 2117 5829 oﬁicii

535 5861 772 5936 dignitas
797 5871 900 5933 est,
925 5877 1088 5935 quam
1114 5861 1212 5920 Dei
1250 5861 1846 5933 sequitunbenedictio,
1883 5879 1993 5923 non
2020 5864 2116 5922 ho-

1362 6011 1430 6037 υἱώ.
1473 6031 1477 6034 ι

2220 5223 2356 5280 tium
2383 5223 2705 5294 suscepisse,
2758 5223 3038 5292 nimirum,
3081 5224 3176 5295 qui
3220 5223 3521 5281 deturbatis
3563 5223 3704 5290 aliis,
3742 5230 3800 5279 et
3826 5222 3846 5289 ζ

2217 5313 2484 5376 violenter
2525 5313 2736 5381 electis,
2772 5313 2888 5384 ipse
2937 5314 2993 5369 in
3036 5313 3216 5371 locum
3266 5313 3454 5371 alienae
3516 5313 3798 5387 dignitatis

2218 5403 2492 5476 obrepsit;
2561 5412 2618 5460 et
2681 5410 2862 5461 tamen
2899 5405 3196 5476 prophetia:
3251 5406 3503 5478 spiritum
3540 5406 3800 5478 indignus

2221 5495 2454 5566 accepit.
2491 5493 2644 5552 Unde
2687 5504 2744 5551 et
2779 5494 2841 5551 Β.
2878 5495 3240 5569 Hieronymus
3296 5497 3351 5554 in
3389 5497 3802 5556 Commentario

2220 5587 2566 5658 evangelista
2595 5586 2828 5643 Matthaei
2855 5586 2973 5660 (lib.
3007 5604 3083 5656 1v,
3132 5604 3184 5646 c.
3219 5587 3350 5663 26):
3385 5607 3406 5643 ι
3456 5590 3690 5663 Moyses,
3717 5589 3805 5646 in-

2220 5679 2356 5750 quit,
2386 5677 2757 5748 Deojubente,
2781 5689 3134 5751 praeceperat,
3162 5690 3225 5738 ut
3252 5682 3537 5753 pontiﬁces
3555 5683 3802 5754 patribus

2221 5773 2599 5838 succederent,
2627 5778 2684 5828 et
2711 5771 2927 5843 generis
2948 5773 3122 5832 series
3159 5781 3439 5831 texeretur
3462 5774 3519 5830 in
3544 5773 3804 5830 sacerdo-

2174 5947 2190 5952 η
2221 5865 2388 5922 tibus.
2429 5885 2448 5919 ι
2487 5864 2675 5923 Refert
2715 5864 2919 5940 Ioseph
2965 5867 3138 5941 (AM,
3177 5869 3215 5928 l.
3263 5884 3420 5939 xvm,
3449 5881 3500 5926 ε,
3535 5867 3592 5940 _8)
3627 5865 3826 5953 istum-

2172 5997 2226 6041 3
