4080 5346
1850 358 2232 385 Μ--ς-υυυ
2260 370 2298 380 σ’-

272 436 380 491 115
747 435 756 445 ’
1025 435 1266 496 OPUSC.
1308 438 1393 495 Vl.
1434 467 1505 483 —-
1542 439 1743 498 LIBER
1784 442 1902 513 QUI
1943 444 2222 506 DICITUR
2260 446 2740 511 GRATISSIMUS.
3430 457 3532 515 ιιι

204 558 540 643 \Caipbam
565 558 728 617 unius
757 565 966 616 tantum
996 560 1125 616 anni
1153 561 1527 632 pontiﬁcatum
1554 564 1624 619 ab
1647 563 1859 621 Herode
1884 568 1934 630 Α
1961 568 2159 640 ipsum.
2212 568 2365 641 Stepe
2409 587 2644 642 namque
2673 572 2833 639 Deus,
2882 581 2942 628 ut
2992 573 3197 630 dictum
3222 585 3325 643 est,
3348 586 3402 633 ct
3430 578 3536 637 illis

273 652 452 725 ιπθιὶο
503 653 821 709 Meruisse.
872 651 1031 720 Nam.
1092 662 1154 709 ιη
1212 656 1287 710 ila
1342 654 1555 727 loquar.
1596 656 1650 711 in
1692 672 1855 712 manu
1960 664 2221 736 Spiritum
2245 681 2403 722 suum
2431 682 2498 722 ex
2520 667 2769 739 largitate
2796 683 2907 724 suae
2932 668 3227 725 clementize
3245 677 3533 741 praerogat,

276 744 405 801 αεθί
433 744 670 815 positum
709 753 794 801 est
819 744 1024 810 lumen,
1064 760 1173 802 non
1204 748 1347 816 quod
1383 747 1474 803 ille
1499 746 1858 819 conspiceret,

1982 772 2097 828 [uos
2128 765 2305 812 tamen
2332 772 2431 829 per
2450 759 2704 813 meritum
2726 774 2906 829 prava:
2935 760 3358 816 conversationis
3382 762 3538 830 igno-

275 835 700 923 sedrrquodﬁaliis
729 836 1087 909 ministraret.
1134 836 1251 894 Non
1288 839 1432 896 enim
1460 856 1528 897 ex
1554 840 1747 897 merito
1770 841 1858 898 ille

1982 857 2064 907 'at.
2103 851 2187 905 An
2232 865 2340 906 non
2369 858 2425 906 et
2452 849 2525 905 illi
2569 848 2833 921 Spiritum
2877 850 2974 907 Dei
3021 851 3385 909 indubitanter
3432 853 3537 908 ha-

275 928 655 1001 propbeticum
686 930 961 1001 spiritum,
989 930 1085 986 sed
1133 945 1202 988 ex
1241 932 1566 999 ministerio,
1596 948 1704 1004 quo
1733 934 1857 989 fun-
1959 941 2212 1008 buerant,
2252 942 2343 1012 qui
2363 940 2645 998 venientes
2671 949 2799 997 ante
2822 941 3057 997 tribunal
3101 941 3307 999 Judicis
3334 943 3537 999 clama-

275 1022 531 1095 gebatur,
560 1022 791 1093 accepit.
822 1021 1070 1093 Regnum
1119 1038 1373 1095 namque,
1398 1034 1454 1080 et
1494 1025 1860 1083 sacerdotium
1958 1030 2133 1085 bunt:
2172 1047 2190 1081 ι
2230 1027 2478 1096 Domine,
2507 1045 2685 1087 nonne
2718 1030 2773 1086 in
2801 1030 3020 1087 nomine
3056 1038 3150 1087 tuo
3186 1034 3536 1103 prophetavi-

276 1131 305 1168 a
333 1115 443 1169 Deo
464 1114 815 1186 cognoscitur
844 1113 1151 1169 institutum
1195 1122 1299 1170 :et
1343 1115 1466 1172 ideo
1506 1116 1633 1173 licet
1683 1118 1861 1174 admi-
1959 1134 2104 1186 mus,
2152 1126 2209 1175 et
2260 1120 2316 1174 in
2353 1121 2571 1176 nomine
2598 1128 2689 1176 tuo
2738 1119 3002 1176 daemonia
3050 1120 3327 1192 eiecimus,
3375 1130 3431 1179 et
3482 1123 3540 1181 in

277 1205 589 1261 nistratoris
624 1219 854 1275 persona
887 1205 1451 1287 prorsusinveniatur
1478 1207 1713 1279 indigna,
1741 1207 1861 1264 oﬂl-
1961 1208 2177 1264 nomine
2206 1214 2300 1264 tuo
2334 1208 2561 1265 virtutes
2601 1209 2799 1266 multas
2838 1209 3100 1266 fecimus?
3126 1231 3147 1264 ι
3182 1209 3407 1282 (Matth.
3439 1228 3540 1281 vn,

276 1298 423 1353 cium
479 1306 684 1364 tamen,
734 1296 877 1369 quod
923 1297 1111 1367 utique
1130 1288 1366 1355 “bonum
1397 1306 1501 1366 est,
1550 1308 1863 1370 competens
1960 1299 2075 1371 22).
2130 1297 2337 1367 Quibus
2377 1301 2629 1357 videlicet
2688 1302 2833 1359 illico
2862 1304 3218 1375 respondetur
3259 1323 3324 1359 ε(
3360 1305 3545 1363 Disce-

274 1389 571 1459 aliquando
613 1389 790 1459 gratia
839 1389 1151 1444 comitatur.
1193 1388 1331 1446 Hinc
1382 1398 1467 1446 est
1515 1391 1683 1458 enim,
1721 1390 1864 1462 quod
1965 1390 2076 1445 dite
2101 1404 2131 1444 a
2161 1405 2267 1457 me,
2307 1392 2543 1463 operarii
2579 1392 2898 1463 iniquitatis,
2939 1394 3122 1451 nescio
3162 1410 3258 1450 vos
3307 1394 3493 1466 (Ibid).
3519 1415 3538 1449 ι

274 1481 801 1549 Nabuchodonosor,
831 1490 1115 1553 postquam
1142 1491 1258 1539 tres
1276 1498 1477 1555 pueros
1513 1484 1567 1539 in
1592 1484 1866 1540 caminum
1966 1479 2067 1548 Qui
2100 1480 2374 1547 nimirum,
2409 1484 2534 1538 dum
2550 1498 2608 1540 se
2630 1493 2685 1541 et
2709 1486 3006 1555 prophetia:
3027 1487 3275 1558 spiritum
3288 1486 3546 1545 habuisse
3626 1496 3629 1497 '

275 1574 427 1631 misit
470 1574 733 1641 incendii,
764 1575 1012 1646 quamvis
1063 1574 1155 1630 alii
1184 1572 1367 1645 plures
1406 1575 1678 1641 adessent,
1721 1574 1867 1632 solus
1968 1581 2256 1641 testantur,
2287 1581 2343 1629 et
2362 1582 2545 1631 tamen
2582 1577 2905 1647 repulsionis
2928 1578 3249 1635 sententiam
3289 1580 3547 1647 subeunt,

278 1674 460 1720 tamen
495 1674 775 1736 quartum,
804 1665 959 1736 cujus
990 1665 1198 1736 species
1225 1673 1346 1721 erat
1369 1665 1563 1721 similis
1582 1664 1721 1721 Filio
1747 1665 1866 1733 Dei,
1969 1671 2221 1736 patenter
2243 1667 2570 1735 ostenditur,
2605 1670 2734 1739 quia
2768 1670 2822 1725 in
2870 1671 3192 1742 quibusdam
3222 1686 3396 1744 neque
3424 1686 3548 1741 pro-

275 1757 594 1828 conspicere
614 1754 1239 1827 potuit(Dan.nt).Nam
1262 1755 1871 1827 Spiritussanctusocu-
1970 1763 2093 1827 pter
2128 1757 2455 1828 pravitatem
2498 1758 2623 1813 vitae
2668 1758 2905 1832 Spiritus
2952 1771 3173 1819 sanctus
3198 1762 3545 1827 excluditur,

276 1848 355 1905 los
376 1846 581 1906 mentis
600 1846 715 1917 cius
731 1848 1009 1919 aperuisse
1034 1847 1337 1905 credendus
1356 1857 1461 1915 est,
1478 1856 1557 1915 ut,
1570 1848 1711 1918 quod
1734 1846 1869 1904 alios
1893 1919 1936 1924 _
1971 1862 2146 1918 neque
2190 1860 2409 1921 propter
2437 1849 2698 1920 Spiritum
2750 1860 2998 1909 sanctum
3038 1869 3145 1924 quo
3188 1855 3552 1911 irreverenter

276 1942 503 2008 latebat,
533 1940 681 1997 solus
706 1941 995 2012 aspiceret,
1017 1948 1071 1995 et
1103 1939 1245 2012 quod
1283 1940 1515 2013 aspexit,
1537 1940 1680 1996 ultro
1699 1941 1867 1996 etiam
1892 1919 1943 1981 Β
1971 1938 2127 1995 abusi
2155 1919 2306 2007 sunt,
2335 1941 2445 1996 vita
2474 1919 2796 1999 damnabilis
2829 1919 3141 2000 excusatur.
3190 1943 3343 2001 Sicut
3380 1946 3550 2012 enim,

276 2031 609 2102 agnovisset.
639 2030 778 2087 Hinc
816 2031 1031 2088 Pharao
1070 2032 1340 2088 somnium
1368 2033 1521 2099 vidit,
1573 2046 1672 2104 per
1722 2030 1867 2103 quod
1973 2038 2205 2085 testante
2255 2030 2483 2087 Domino
2524 2050 2537 2087 :
2572 2050 2591 2085 ι
2628 2032 2817 2090 Nescis
2866 2034 3009 2090 unde
3047 2033 3284 2105 Spiritus
3346 2036 3550 2103 veniat,

273 2131 521 2177 ventura:
574 2122 887 2189 sterilitati,
944 2137 1015 2179 ne
1064 2121 1222 2178 famis
1264 2122 1548 2194 impatiens
1600 2121 1867 2194 Egyptus
1972 2128 2195 2192 autquo
2216 2122 2380 2177 vadat
2399 2121 2584 2193 (loan.
2608 2123 2759 2195 111),»
2790 2123 2869 2179 sic
2890 2124 3055 2179 etiam
3077 2124 3220 2181 scire
3240 2139 3347 2181 non
3368 2133 3551 2196 potes,

276 2214 675 2287 proﬁigaretur,
746 2215 986 2271 occurrit
1012 2213 1165 2287 (Gen.
1192 2215 1321 2287 xu).
1367 2209 1505 2271 Hinc
1553 2215 1868 2271 Abimelech
1972 2228 2072 2270 cur
2096 2213 2390 2285 aliquando
2411 2222 2468 2271 et
2500 2215 2554 2271 in
2582 2217 2840 2287 reprobos
2866 2216 3111 2273 homines
3136 2217 3356 2284 veniat,
3387 2226 3549 2287 atque

276 2308 477 2363 divina:
520 2307 861 2365 allocutionis
910 2308 1191 2365 oraculum
1240 2309 1462 2375 meruit,
1492 2316 1548 2365 et
1588 2318 1649 2363 ut
1676 2308 1869 2365 Saram
1970 2320 2069 2376 per
2096 2320 2189 2362 eos
2229 2321 2342 2362 suze
2378 2306 2670 2363 voluntatis
2694 2306 2961 2376 iudicium
2986 2317 3220 2380 promat.
3265 2306 3400 2364 Nam
3426 2322 3551 2364 cum

276 2398 396 2453 viro
415 2398 692 2467 redderet,
711 2407 1016 2471 nerepente
1037 2407 1341 2455 moreretur
1361 2398 1732 2471 audivit(Gen.
1749 2398 1865 2472 xx).
1972 2400 2264 2470 Apostolus
2303 2401 2447 2458 dicat
2498 2419 2512 2457 :
2566 2421 2586 2455 ‹
2624 2400 2762 2469 Quia
2807 2400 3103 2472 spiritualis
3149 2401 3310 2457 homo
3347 2399 3555 2470 iudicat

277 2491 460 2562 Reges
488 2492 637 2547 enim
668 2500 723 2548 et
764 2492 1074 2548 sacerdotes
1123 2491 1253 2548 licet
1277 2491 1521 2548 nonnulli
1558 2507 1747 2549 eorum
1777 2507 1867 2549 re-
1973 2493 2180 2559 omnia,
2212 2503 2315 2551 eta
2348 2493 2563 2549 nemine
2586 2490 2862 2563 iudicatur
2888 2492 2941 2565 (ι
2980 2492 3102 2549 Cor.
3134 2495 3230 2563 ll);
3268 2511 3286 2545 ι
3316 2493 3438 2563 quis
3468 2492 3556 2561 iu.

277 2584 437 2655 probi
472 2585 585 2640 sint
608 2600 706 2657 per
733 2584 988 2643 notabilis
1020 2585 1147 2642 vita:
1170 2584 1460 2652 meritum,
1494 2585 1567 2642 dii
1610 2595 1789 2642 tamen
1815 2594 1873 2643 et
1974 2583 2119 2639 dicet
2148 2583 2323 2655 ipsum
2353 2582 2614 2655 Spiritum
2652 2592 2924 2651 sanctum,
2952 2583 2999 2638 si
3034 2592 3091 2640 et
3124 2584 3179 2639 in
3221 2598 3418 2655 pravos
3442 2597 3553 2639 non

276 2676 474 2732 cbristi
516 2676 623 2733 dici
670 2677 1013 2749 reperiuntur
1059 2685 1282 2749 propter
1321 2678 1531 2749 accepti
1581 2678 1871 2735 ministerii
1975 2672 2267 2730 abhorreat
2296 2689 2495 2730 arcana
2518 2673 2752 2745 quadam
2777 2713 2794 2741 ,
2823 2689 2984 2746 quam
3013 2674 3129 2746 ipse
3154 2676 3324 2742 novit,
3349 2675 3555 2731 discre-

278 2778 707 2825 sacramentum.
731 2768 866 2826 Hinc
889 2778 973 2825 est
992 2769 1133 2839 quod
1154 2783 1345 2825 servus
1367 2768 1627 2826 llebrteus
1654 2769 1759 2827 diis
1778 2783 1873 2841 ap-
1974 2762 2123 2820 tione
2152 2765 2480 2820 descendere
2531 2782 2545 2819 :
2579 2765 2671 2836 qui
2714 2764 2877 2821 etiam
2923 2765 3334 2823 coessentialem
3375 2774 3431 2822 et
3468 2781 3559 2824 co-

278 2861 474 2934 plicari
506 2876 575 2917 ex
594 2861 710 2933 lege
730 2861 1059 2933 praecipitur,
1077 2861 1181 2917 hoc
1202 2869 1306 2926 est,
1334 2861 1707 2918 sacerdotibus
1732 2877 1871 2933 pra:-
1974 2864 2235 2913 mtemum
2265 2857 2369 2913 sibi
2407 2857 2503 2913 Dei
2530 2857 2723 2913 Filium
2751 2857 2923 2915 noluit
2958 2872 3028 2915 ex
3065 2859 3354 2932 impiorum
3382 2861 3560 2917 mani-

280 2954 494 3010 sentari
520 2953 718 3026 (Exod.
740 2954 876 3026 XXI).
901 2952 1039 3010 Hinc
1059 2952 1185 3010 alibi
1205 2952 1444 3009 dicitur:
1476 2971 1497 3006 σ
1520 2952 1599 3010 Ne
1618 2953 1874 3012 detrahas
1974 2946 2077 3003 bus
2101 2945 2377 3001 liberare?
2416 2944 2571 3002 Unde
2620 2961 2717 3017 per
2747 2945 3092 3004 Salomonem
3116 2949 3313 3006 dicitur
3348 2968 3362 3004 :
3404 2968 3425 3003 ι
3459 2949 3560 3006 Be-

285 3046 392 3101 diis
422 3045 627 3116 (Εποά,
654 3046 813 3117 χιιι),
854 3063 873 3091 ι
908 3045 962 3101 id
994 3054 1098 3113 est,
1122 3060 1190 3102 ne
1217 3045 1592 3103 sacerdotibus
1625 3046 1868 3118 dei-ages,
1976 3039 2173 3111 nignus
2199 3046 2281 3094 est
2306 3039 2450 3094 enim
2480 3037 2714 3108 Spiritus
2757 3041 3055 3109 sapientiae,
3085 3050 3142 3098 et
3167 3057 3274 3099 non
3309 3043 3559 3101 liberabit

285 3141 426 3195 l‘linc
455 3138 611 3205 Saul,
639 3154 760 3194 cum
788 3140 901 3210 iam
950 3138 1134 3195 divina
1179 3139 1447 3194 sententia
1510 3138 1708 3209 regalis
1750 3139 1872 3195 solii
1974 3130 2322 3187 maledictum
2368 3128 2591 3187 a'labiis
2634 3132 2744 3187 suis
2775 3130 2923 3204 (Sap.
2956 3128 3018 3205 ι).
3059 3152 3077 3186 ι
3108 3134 3378 3207 Benignus
3405 3152 3558 3192 nam-

283 3231 483 3286 tuisset
526 3244 655 3286 arce
706 3229 977 3300 deiectus,
1029 3230 1382 3288 nihilominus
1415 3231 1593 3287 adhuc
1637 3231 1874 3289 christus
1903 3294 1944 3300 _
1976 3238 2083 3295 (ille
2116 3225 2351 3295 Spiritus
2379 3232 2600 3282 sanclus
2629 3240 2867 3297 congrue
2892 3226 3112 3293 dicitur,
3133 3228 3260 3297 quia
3289 3228 3427 3284 mala
3451 3244 3561 3287 me-

283 3324 506 3379 Domini
563 3338 733 3394 usque
768 3294 845 3379 ad
898 3294 1106 3381 obitum
1145 3323 1424 3381 dicebatur
1473 3322 1529 3393 (Ι
1566 3321 1692 3396 Reg.
1721 3328 1868 3390 x‘xtv,
1894 3294 1945 3360 α
1978 3294 2222 3374 rentibus
2262 3318 2403 3375 bona
2434 3318 2706 3385 retribuit,
2740 3294 2808 3374 vet
2849 3318 3027 3392 dignis
3066 3294 3325 3392 supplicio
3372 3323 3560 3394 gratiae

283 3414 464 3486 xxvr).
498 3412 557 3469 In
590 3413 705 3485 lege
744 3428 959 3485 quoque
998 3414 1334 3485 praecipitur,
1371 3422 1451 3481 ut,
1479 3428 1640 3472 omne
1666 3416 1871 3487 primo-
1978 3423 2093 3468 suae
2110 3426 2307 3467 munus
2339 3411 2598 3481 impertit.
2626 3410 2758 3479 Quis
2797 3420 2979 3467 autem
3007 3413 3111 3469 hoc
3140 3413 3258 3470 loco
3289 3412 3562 3471 maledicti

286 3505 532 3575 genitum
576 3504 862 3560 masculini
891 3519 1052 3561 sexus
1090 3512 1340 3561 sanctum
1378 3504 1607 3561 Domino
1650 3519 1876 3562 vocare-
1979 3505 2221 3572 nomine,
2240 3504 2344 3560 nisi
2370 3503 2697 3575 Redemptor
2721 3512 2904 3560 noster
2931 3506 3089 3561 debet
3110 3505 3355 3578 intelligi,
3385 3507 3477 3577 qui
3502 3516 3563 3563 ut

286 3603 381 3651 tur
403 3594 604 3666 (Exod.
640 3595 797 3667 xm).
832 3594 941 3651 Sed
992 3595 1040 3651 si
1068 3595 1324 3652 meritum
1355 3594 1613 3668 cujusque
1641 3595 1873 3669 diligen-
1979 3615 2080 3658 nos
2105 3616 2135 3655 a
2158 3598 2555 3656 maledictionis
2584 3598 2798 3655 vinculo
2818 3598 3071 3667 solveret,
3099 3600 3213 3673 ipse
3235 3615 3339 3656 non
3359 3601 3563 3672 respuit

288 3697 372 3743 ter
393 3686 715 3755 attenditur,
740 3685 985 3758 nunquid
1014 3686 1157 3744 Esau
1177 3696 1399 3745 sanctus
1413 3686 1536 3758 iure
1561 3689 1877 3746 vocabitur?
1978 3691 2446 3749 maledictionibus
2506 3688 2832 3761 subiacere?
2883 3689 3038 3747 Unde
3079 3698 3136 3746 et
3189 3690 3388 3748 Paulus
3431 3692 3566 3748 dicit

288 3780 367 3836 De
395 3796 508 3852 quo
547 3781 799 3837 nimirum
847 3781 1027 3837 divina
1071 3795 1206 3839 voce
1238 3781 1438 3839 dicitur
1469 3798 1485 3839 :
1534 3799 1555 3835 ι
1582 3781 1725 3840 Esau
1749 3782 1875 3839 odio
1980 3783 2182 3857 (Galat.
2200 3783 2354 3854 tu)"
2375 3780 2623 3838 Christus
2644 3796 2743 3838 nos
2765 3781 2996 3838 redemit
3011 3782 3079 3839 de
3097 3782 3385 3839 maledicto
3405 3782 3560 3855 legis,

288 3873 458 3930 habui
518 3873 863 3946 (Malacini;
925 3874 1080 3931 Rom.
1136 3876 1236 3947 rx).
1279 3893 1301 3930 ι
1361 3873 1614 3948 Nunquid
1660 3876 1877 3934 Amnon
1978 3875 2156 3933 factus
2213 3889 2314 3947 pro
2366 3874 2523 3931 nobis
2570 3873 2951 3941 maledictum,
3000 3874 3126 3945 quia
3169 3875 3429 3945 scriptum
3480 3884 3567 3931 est

288 3974 519 4023 sanctus
543 3966 667 4035 erit,
695 3968 784 4039 qui
826 3967 955 4025 dum
996 3969 1050 4025 in
1081 3968 1285 4025 sororis
1330 3970 1675 4026 concubitum
1702 3970 1879 4042 impun
1979 3967 2163 4039 (Deut.
2190 3964 2307 4037 xxt)
2344 3983 2359 4021 :
2388 3964 2704 4021 Maledictus
2729 3964 2929 4031 omnis,
2957 3964 3050 4035 qui
3075 3966 3271 4035 pendet
3290 3965 3346 4021 in
3373 3964 3518 4034 ligno
3545 3982 3559 4019 :

289 4067 495 4121 denter
544 4065 770 4133 exarsit,
820 4064 1008 4121 fratris
1068 4065 1304 4122 Absalon
1364 4064 1598 4137 gladium
1646 4064 1876 4122 ultorem
1979 4064 2043 4112 ut
2070 4056 2125 4112 in
2166 4055 2413 4128 gentibus
2457 4056 2760 4112 benedictio
2786 4054 3018 4112 Abrahae
3056 4054 3211 4113 ﬁeret
3244 4056 3300 4111 in
3344 4054 3564 4112 Christo

286 4156 554 4212 videlicet
578 4156 864 4214 incestuosi
915 4156 1157 4212 criminis
1199 4155 1417 4227 proprio
1464 4155 1724 4227 sanguine
1762 4170 1878 4211 ma-

287 4248 541 4306 defecit?
572 4247 659 4319 (Il
695 4248 820 4321 Reg.
848 4248 998 4320 xm.)
1029 4246 1283 4318 Nunquid
1312 4244 1606 4309 Manasses,
1638 4245 1878 4315 nunquid

286 4342 567 4399 Ochozias
607 4350 752 4397 recte
798 4342 974 4397 sancti
1006 4340 1110 4397 dici
1153 4346 1399 4411 possunt,
1445 4353 1676 4409 quorum
1718 4338 1876 4403 alter,

290 4430 585 4500 Scriptura
614 4439 769 4498 teste,
821 4446 1036 4487 omnem
1084 4431 1207 4486 oculi
1271 4429 1519 4484 militiam
1580 4428 1742 4484 coluit
1770 4426 1877 4500 (IV

290 4521 432 4591 Reg.
463 4521 608 4591 xxi),
631 4520 785 4591 alter,
822 4522 948 4577 dum
997 4520 1297 4577 Beelzebub
1335 4520 1494 4575 deum
1532 4518 1775 4575 Accaron
1814 4520 1880 4575 de

1978 4148 2130 4216 Jesu,
2161 4157 2221 4204 ut
2247 4148 2689 4219 pollicitationem
2744 4148 2979 4219 Spiritus
3024 4148 3357 4219 accipiamus
3381 4162 3479 4219 per
3508 4149 3565 4203 ﬁ-

1980 4243 2126 4299 dem.
2164 4261 2183 4295 ι
2216 4241 2486 4313 Benignus
2527 4257 2657 4312 ergo
2683 4239 2918 4312 Spiritus
2941 4251 3163 4296 sanctus
3186 4254 3293 4295 non
3314 4239 3566 4294 liberavit

1979 4333 2325 4390 maledictum
2343 4348 2373 4386 a
2394 4331 2551 4387 labiis
2571 4332 2685 4387 suis
2710 4348 2726 4386 :
2752 4332 2876 4401 quia
2905 4339 3101 4388 cuncta
3130 4330 3414 4389 dominica:
3438 4346 3556 4403 pas-

1983 4426 2150 4481 sionis
2200 4425 2500 4496 mortisque
2550 4424 2810 4497 supplicia
2827 4466 2844 4492 ,
2874 4440 2994 4497 quze
3022 4426 3088 4483 de
3112 4425 3327 4484 Christo
3349 4441 3446 4499 per
3468 4442 3564 4483 ora

1981 4520 2366 4591 prophetarum
2427 4528 2552 4575 ante
2605 4520 2969 4590 prredixerat,
3022 4536 3263 4594 congruo
3323 4530 3567 4594 tempore

289 4615 421 4669 vitae
458 4612 816 4670 diuturnitate
860 4612 1150 4679 consuluit,
1199 4611 1510 4667 miserando
1543 4612 1687 4668 exitu
1713 4612 1879 4667 vitam
1905 4626 2082 4715 I)per
2140 4612 2529 4668 exbibitionem
2588 4627 2813 4683 operum
2879 4611 3170 4670 cﬁlcacitcr
3230 4613 3563 4685 adimplevit.

291 4704 347 4759 in
403 4703 651 4776 perﬁdiae
704 4719 812 4761 sua:
856 4704 1235 4777 desperatione
1283 4703 1586 4760 conclusit?
1614 4703 1779 4773 (Ibid.
1813 4704 1877 4774 l.)

291 4796 457 4852 Aliud
505 4810 739 4865 namque
787 4804 870 4853 est
905 4811 973 4852 cx
1015 4796 1141 4851 vita:
1180 4796 1391 4851 meritis
1441 4803 1690 4851 sanctum
1736 4809 1878 4861 esse,

292 4887 444 4945 aliud
471 4902 539 4944 ex
575 4886 875 4943 ministerio
901 4885 1225 4943 conditionis
1253 4884 1382 4941 dici.

805 4998 961 5070 ιοο
1007 4995 1239 5054 CAPUT
1272 4995 1364 5051 xr.

302 5092 426 5149 Non
450 5095 646 5148 mirum
674 5093 719 5147 si
751 5092 978 5159 Spiritus
1007 5100 1218 5147 sanctus
1246 5090 1310 5143 ab
1334 5089 1562 5159 indignis
1602 5090 1879 5159 accipitur,

405 5182 525 5219 cum
552 5175 602 5219 et
638 5162 733 5218 Dei
766 5160 939 5217 Filius
965 5163 1029 5218 sit
1064 5162 1130 5215 ab
1156 5160 1328 5229 impiis
1357 5160 1772 5229 comprehensus.

374 5253 441 5309 Et
460 5252 769 5309 sanctitatis
789 5253 1003 5322 quidem
1023 5250 1276 5307 meritum
1302 5251 1355 5306 in
1383 5249 1545 5304 alium
1577 5265 1683 5304 non
1710 5260 1886 5307 trans-

1988 4701 2141 4758 Tunc
2195 4704 2338 4759 enim
2405 4704 2805 4775 quodammodo
2864 4720 2897 4759 a
2946 4704 3064 4759 suis
3114 4718 3237 4760 eum
3290 4703 3445 4758 labiis
3501 4702 3570 4756 li—

1960 4797 2241 4863 beraret,
2290 4797 2338 4853 si
2395 4799 2539 4869 quod
2597 4797 2663 4853 de
2719 4796 2808 4852 illo
2876 4798 3207 4869 propheticis
3268 4798 3573 4852 enuntiaret

1990 4886 2250 4952 oraculis,
2298 4901 2396 4958 per
2452 4902 2633 4944 rerum
2664 4886 2912 4942 ordinem
2964 4902 3071 4941 non
3127 4885 3421 4955 implesset.
3468 4883 3569 4940 Ubi

1989 4979 2334 5046 notandum,
2400 4994 2565 5051 quam
2622 4976 2927 5049 profunde,
2985 4992 3147 5045 quam
3210 4977 3439 5047 mystice
3499 4977 3577 5031 si'

1982 5072 2093 5127 mul
2138 5071 2296 5143 ιοι
2358 5079 2623 5145 congruat
2663 5069 2905 5125 doctoris
2951 5069 3238 5142 utriusque
3280 5069 3575 5125 sententia.

1986 5160 2141 5228 Quod
2187 5164 2335 5218 enim
2389 5179 2532 5219 unus
2569 5159 2722 5224 dixit,
2773 5159 2906 5227 quia
2942 5158 3167 5229 spiritus
3194 5174 3301 5215 non
3329 5158 3582 5216 liberabit

1990 5250 2344 5309 maledictum
2394 5268 2423 5307 a
2455 5252 2611 5307 labiis
2653 5247 2784 5312 suis,
2820 5248 2925 5305 hoc
2959 5258 3062 5315 est,
3098 5250 3241 5320 quod
3270 5248 3408 5305 alter
3437 5260 3584 5305 asse—
