4106 6310
1708 258 1725 293 Ι

576 435 684 490 115

1007 434 1066 489 s.
1103 431 1310 491 perm
1344 430 1632 491 DAMIANI
1665 431 1819 491 ore.
1857 431 2095 497 renus
2131 383 2267 497 seu
2302 383 2484 495 etas
2518 432 2609 497 ιιι.
2641 463 2712 479 --
2748 432 3114 495 OPDSCULA
3152 434 3386 494 VARIA.

2284 360 2346 382 ML
2366 361 2384 382 ,τ

3731 436 3839 495 H6

576 551 667 599 tor
703 542 825 613 jure
850 542 1014 599 Pater
1043 544 1531 614 asseritur:cu1us
1570 542 1824 600 nimirum
1866 544 2041 600 virtus
2098 551 2155 600 et
2182 543 2230 607 Β
2255 553 2317 602 ιιι
2343 545 2477 603 mihi
2527 546 2722 604 obesse
2762 545 2938 604 valeat
2983 548 3230 609 minister
3276 548 3481 619 malus,
3523 548 3617 609 ubi
3654 553 3844 622 procul

574 636 841 707 sapientia
864 636 977 707 ipse
989 635 1159 693 Filius
1181 636 1327 692 nulla
1353 636 1421 694 ab
1438 646 1503 695 eo
1519 637 1760 693 creditur
1785 635 2152 707 inaequalitate

556 729 845 797 ,divorsus,
889 729 1035 786 nulla
1071 729 1334 802 probatur
1369 728 1714 802 abjunctione
1741 740 1996 785 semotus.
2023 724 2152 784 Lin-

574 836 692 893 guae
729 821 893 879 etiam
940 821 1084 881 illius
1124 822 1349 901 auditor
1392 830 1494 885 est,
1539 820 1682 877 sicut
1724 822 1840 892 ipse
1885 828 2151 877 testatur:

579 930 597 964 t
623 911 802 976 Pater,
828 911 1023 982 inquit,
1048 912 1259 984 gratias
1274 926 1377 984 ago
1397 912 1520 978 tibi,
1541 911 1793 981 quoniam
1823 910 2019 966 audisti
2046 923 2151 976 me,

572 1017 672 1075 ego
698 1010 875 1059 autem
901 1002 1134 1059 sciebam
1148 986 1285 1074 quia
1308 1017 1522 1073 semper
1539 1016 1625 1057 me
1647 999 1995 1073 andis(Joan.
2019 999 2149 1070 χή.»

573 1094 782 1152 idcirco
824 1093 988 1165 igitur
1039 1093 1262 1163 spiritus
1309 1108 1415 1148 non
1449 1093 1700 1155 liberavit
1751 1091 2092 1149 maledictum
2125 1106 2156 1146 a

573 1185 737 1247 labiis
758 1185 890 1251 suis,
915 1184 1043 1259 quia
1069 1185 1210 1241 Deus
1237 1185 1411 1252 testis,
1440 1194 1604 1256 atque
1629 1193 1901 1241 scrutator
1924 1191 2008 1240 est
2037 1197 2157 1241 cor-

552 1277 663 1343 ,dis
695 1276 862 1343 illius,
890 1285 947 1332 et
975 1275 1170 1348 linguae
1197 1276 1430 1332 auditor.
1462 1276 1539 1332 Ac
1568 1276 1612 1333 si
1640 1284 1893 1347 patenter
1918 1274 2152 1332 diceret:

566 1460 766 1527 Filius,
802 1459 887 1518 cui
916 1475 1041 1517 cum
1083 1460 1269 1527 Patre,
1295 1468 1351 1516 et
1375 1459 1566 1516 eodem
1599 1459 1806 1531 Spiritu
1834 1467 2028 1519 sancto
2049 1473 2157 1519 una

568 1556 839 1617 voluntas,
871 1569 979 1609 una
1009 1562 1094 1611 est
1122 1553 1488 1626 providentia,
1534 1553 1589 1610 id
1629 1552 1745 1613 ﬁeri
1792 1568 1890 1624 pm
1933 1549 2156 1608 humani

570 1646 789 1719 generis
823 1646 998 1702 salute
1025 1645 1283 1702 decrevit.
1315 1646 1393 1701 De
1413 1661 1522 1718 quo
1546 1646 1803 1702 nimirum
1827 1641 2153 1714 Apostolus:

2256 636 2421 693 dubio
2446 636 2622 694 bonus
2648 647 2736 699 est
2773 638 3057 705 Dominus,
3090 647 3186 697 aut
3224 638 3524 701 malitiosos
3545 632 3726 712 praeco
3748 643 3841 703 ubi

2252 736 2342 784 est
2366 728 2662 785 benevolus
2692 727 2880 798 iudex.
2908 728 3024 793 Non
3067 729 3211 785 enim
3256 730 3548 795 exhorrcat
3569 732 3841 803 columba,

2255 830 2363 873 non
2402 826 2630 877 nauseat
2667 819 3007 877 sordentium
3039 818 3407 890 quorumlibet
3452 820 3838 890 ministerium,

2255 908 2383 964 dum
2407 908 2519 976 ille,
2548 908 2603 967 in
2629 925 2791 982 quem
2829 917 2941 965 tota
2968 909 3270 978 descendit,
3298 910 3451 967 solus
3473 914 3863 970 consecratiow

2255 1000 2342 1061 nis
2368 1008 2550 1058 teneat
2571 1001 2956 1074 principatum.
2988 1002 3092 1063 Per
3122 1002 3228 1065 hoc
3264 1004 3408 1065 enim
3438 1003 3621 1071 unitas
3646 996 3834 1073 Eche:

2256 1090 2352 1155 sine
2375 1097 2503 1158 stat,
2538 1092 2666 1163 quia
2689 1089 2939 1151 Christus
2965 1092 3106 1164 apud
3127 1108 3185 1148 se
3209 1094 3557 1149 consecrandi
3588 1095 3842 1150 virtutem
3876 1089 3887 1159 ἓ,

2234 1182 2459 1251 Διειιιιιίι,
2486 1191 2543 1241 et
2575 1184 2629 1240 in
2670 1184 2939 1243 neminem
2972 1184 3343 1241 ministrorum
3372 1185 3842 1241 consecrationutn

2252 1271 2375 1345 jura
2427 1272 2735 1331 transfodit.
2768 1274 2903 1331 Nam
2949 1275 2994 1330 si
3042 1275 3380 1332 consecratio
3424 1289 3493 1330 ex
3542 1275 3842 1330 sacerdotis

568 1369 700 1425 ideo
727 1368 822 1429 Dei
848 1367 1019 1429 Filius
1046 1368 1314 1440 passionis
1339 1367 1600 1438 supplicia
1624 1366 1868 1441 pertulit,
1891 1367 2019 1439 quia
2043 1366 2160 1436 ipse
2257 1368 2470 1429 merito.
2498 1367 2580 1424 vel
2612 1367 2814 1424 virtute
2836 1368 3180 1440 procederet,
3207 1369 3274 1423 ad
3293 1367 3568 1425 Christum
3597 1366 3841 1438 profecto
3900 1384 3903 1385 ν

2257 1459 2561 1519 nullatenus
2594 1462 2913 1533 pertineret.
2942 1460 3052 1519 Sed
3082 1460 3330 1532 quamvis
3369 1458 3612 1531 pontifex
3643 1474 3843 1515 manus
3878 1468 3891 1533 ᾖ

2257 1552 2522 1623 imponat,
2548 1562 2603 1610 et
2628 1553 3026 1610 benedictionis
3054 1552 3221 1609 verba
3273 1565 3373 1622 per
3402 1551 3704 1622 injunctum
3735 1548 3842 1607 sibi

2240 1642 2618 1707 ministerium
2644 1643 2909 1715 proferat,
2943 1642 3191 1700 Christus
3219 1648 3302 1699 est
3330 1650 3502 1710 certe,
3534 1641 3625 1713 qui
3651 1654 3844 1698 conse-

3869 1522 3885 1643 ἱ

3886 1656 3897 1673 ‘s

546 1757 591 1813 ,ι
613 1739 716 1809 Qui
745 1739 937 1799 dilexit
962 1753 1068 1805 me,
1097 1739 1293 1811 inquit,
1320 1749 1378 1798 et
1412 1740 1649 1797 tradidit
1680 1739 2031 1809 semetipsum
2058 1751 2157 1807 pro
2258 1741 2398 1797 crat,
2430 1744 2484 1789 et
2526 1748 2726 1790 arcana
2771 1733 3069 1811 maiestatis
3106 1747 3219 1788 sum
3265 1732 3465 1791 virtute
3513 1726 3939 1818 sanctiﬁcat}

563 1844 654 1885 me
681 1827 883 1900 (Galat.
931 1833 1051 1901 ιι).»
1104 1828 1174 1887 Ut
1228 1844 1358 1902 ergo
1403 1829 1472 1886 ad
1519 1829 1796 1901 proposita
1846 1828 2153 1890 redeamus,
2258 1822 2398 1880 Hinc
2434 1833 2518 1881 est
2555 1824 2698 1896 quod
2730 1825 2800 1883 ad
2840 1824 3062 1896 Moysen
3089 1823 3275 1879 divina
3311 1836 3443 1879 voce
3480 1823 3834 1894 prtecipitur:
3884 1834 3931 1843 ’-

540 1920 697 1995 ,ιιυὶιι
722 1920 920 1977 mirum
964 1919 1011 1977 si
1041 1919 1279 1995 Spiritus
1306 1928 1529 1981 sanctus
1553 1919 1848 1993 aliquando
1887 1917 1941 1977 in
1966 1932 2156 1989 repro-
2182 1903 2229 1966 Β
2248 1933 2283 1985 _t
2300 1916 2549 1991 Loquere
2573 1918 2781 1985 Aaron,
2809 1928 2864 1974 et
2908 1918 3034 1975 {iliis
3075 1917 3228 1989 ejus:
3251 1918 3329 1975 sic
3358 1918 3687 1975 benedicetis
3716 1917 3843 1975 ﬁliis

560 2012 663 2071 bos
693 2011 896 2079 veniat,
925 2027 1051 2068 cum
1078 2022 1132 2069 et
1155 2010 1329 2071 Filius
1372 2011 1616 2085 eiusdem
1668 2026 1794 2069 cum
1821 2025 1891 2067 eo
1943 2019 2152 2066 natura:
2252 2006 2439 2075 Israel,
2489 2019 2543 2066 et
2588 2009 2782 2066 dicetis
2832 2009 3268 2073 eis:Benedicat
3321 2011 3416 2067 tibi
3470 2011 3751 2077 Dominus,
3783 2020 3843 2067 et

562 2112 728 2173 atque
751 2103 1007 2175 potentia:
1036 2104 1324 2175 impiorum
1354 2118 1414 2161 se
1435 2103 1684 2161 manibus
1709 2103 1950 2168 tradidit,
1974 2113 2150 2160 etnon
2253 2100 2521 2159 custodiat
2551 2109 2602 2157 le
2626 2118 2638 2154 :
2664 2101 3212 2159 ostendatvDominus
3237 2102 3431 2163 faciem
3452 2117 3605 2159 suam
3636 2103 3755 2169 tibi,
3784 2110 3844 2159 et

562 2192 738 2273 solum
770 2208 835 2249 se
854 2207 1045 2251 eorum
1080 2194 1400 2255 verberibus
1438 2193 1598 2260 allici,
1628 2195 1723 2253 sed
1746 2202 1803 2250 et
1831 2193 2022 2257 inferri
2044 2193 2151 2251 sibi
2251 2190 2577 2253 misereatur
2614 2194 2711 2249 tibi
2740 2208 2754 2246 :
2780 2193 3338 2253 convertatDominus
3358 2193 3562 2249 vultum
3588 2209 3744 2250 suum
3768 2193 3842 2250 ad

561 2284 760 2357 mortis
791 2285 1057 2358 atrociant
1092 2300 1200 2343 non
1223 2284 1584 2359 contempsit?
2254 2292 2330 2348 te,
2355 2293 2410 2339 et
2437 2284 2528 2339 det
2552 2284 2646 2339 tibi
2677 2299 2864 2355 pacem
2890 2284 3082 2357 (Num.
3108 2286 3217 2357 vt);
3248 2304 3268 2338 ι
3299 2300 3534 2357 moxque
3555 2283 3835 2356 subiungi-

1164 2394 1394 2454 CAPUT
1434 2395 1546 2453 xu,
2251 2381 2341 2430 tur
2370 2387 2385 2433 :
2420 2391 2440 2426 ι
2470 2374 2825 2441 lnvocabunt,
2845 2375 3045 2446 inquit,
3076 2392 3275 2437 nomen
3305 2392 3485 2432 meum
3512 2391 3673 2448 super
3697 2375 3836 2432 ﬁlios

563 2486 723 2555 Quod
748 2489 948 2546 danunt
976 2488 1078 2546 Del
1102 2489 1251 2546 nulla
1269 2493 1653 2564 animum”
1682 2490 1994 2563 contagione
2028 2489 2144 2564 pol-

2248 2462 2435 2530 lsrael,
2483 2473 2539 2521 et
2572 2479 2674 2537 ego
2703 2464 3019 2527 benedicam
3069 2466 3149 2531 eis
3201 2464 3439 2540 (Midan
3478 2464 3834 2522 Sacerdotnm

1259 2561 1445 2617 luitur.
1841 2557 1861 2563 '
2030 2557 2040 2564 ”
2249 2570 2378 2629 ergo
2404 2565 2486 2612 est
2514 2557 2756 2614 divinum
2784 2574 2980 2617 nomen
3009 2575 3174 2631 super
3203 2575 3319 2625 eos,
3356 2559 3447 2629 qui
3474 2558 3835 2635 consecrandi

634 2650 694 2709 Si
725 2653 869 2711 enim
900 2652 1129 2713 visibilis
1159 2654 1291 2711 solis
1320 2655 1482 2727 hujus
1521 2656 1708 2712 radius
1743 2654 1923 2711 nullas
1957 2653 2150 2726 caligi-
2249 2658 2400 2715 sunt,
2429 2650 2717 2718 invocare;
2746 2651 2843 2706 sed
2869 2652 3039 2723 ipsius
3068 2652 3160 2709 Dei
3194 2652 3472 2724 proprium
3498 2660 3581 2709 est
3607 2650 3875 2706 interius/

560 2758 709 2801 nosa:
724 2743 1023 2814 cujuslibet
1050 2746 1263 2803 scrobis
1292 2747 1549 2803 tenebras
1568 2745 1796 2817 patitur,
1814 2744 1975 2803 nullis
2004 2745 2151 2802 cloa-
2247 2743 2593 2800 benedicere.
2628 2744 2890 2803 Ministris
2918 2745 3096 2816 plane,
3131 2755 3370 2801 exterior
3410 2743 3833 2802 consecrationis

561 2849 749 2895 carum
779 2838 1029 2897 sordibus
1058 2840 1404 2910 inquinatur;
1433 2840 1561 2911 quid
1584 2839 1781 2895 mirum
1807 2840 1852 2896 si
1902 2853 2147 2895 summus
2220 2834 2381 2906 .ordo
2412 2835 2689 2901 tribuitur,
2714 2836 2809 2891 sed
2832 2836 2931 2893 soli
2962 2836 3190 2892 Domino
3217 2836 3384 2908 ipsius
3410 2834 3832 2894 consecrationis

559 2935 617 2991 et
640 2928 1146 3001 incircumscriptus
1186 2928 1423 3000 Spiritus
1473 2930 1758 2989 tenebrosa
1790 2929 1873 2985 vel
1929 2928 2144 2986 sordida

558 3022 920 3094 quorumdam
948 3031 1170 3093 pectora
1201 3037 1299 3079 suo
1330 3022 1619 3093 splendore
1645 3021 1998 3093 perstringat,
2028 3020 2145 3090 ipse

559 3122 745 3171 tamen
776 3112 1129 3175 nihilominus
1159 3113 1213 3168 in
1242 3112 1503 3175 munditia
1534 3127 1632 3168 sua
1661 3121 1715 3166 et
1744 3112 1984 3183 puritate
2023 3124 2146 3181 per-

558 3213 799 3265 maneat.
832 3205 1213 3276 Cujuscunque
1248 3220 1378 3277 ergo
1425 3205 1673 3279 criminis
1706 3221 1831 3262 reus
1874 3204 2147 3263 exstiterit

2247 2922 2486 2980 ellicacia
2537 2936 2868 2983 reservatur.
2907 2928 3057 2984 Unde
3108 2937 3209 2993 est,
3268 2928 3410 2998 quod
3438 2928 3550 2998 ipse
3597 2924 3829 2984 dixit-in

2247 3016 2472 3073 Exodo:
2506 3037 2524 3072 ι
2552 3019 2664 3090 Ego
2712 3019 2994 3085 Dominus,
3045 3021 3138 3099 qui
3184 3020 3466 3077 sanetilico
3508 3034 3602 3075 vos
3629 3016 3827 3090 (Exod.

2249 3110 2456 3182 xxxi)»
2507 3109 2565 3167 Si
2608 3112 2771 3185 igitur
2794 3114 3053 3175 Dominus
3086 3121 3198 3178 est,
3242 3114 3335 3185 qui
3378 3110 3703 3176 sanctificat,
3733 3123 3831 3165 cur

2249 3201 2547 3259 timendum
2597 3220 2665 3268 ne
2719 3204 3011 3277 plectibilis
3075 3204 3391 3276 cujusquam
3453 3202 3597 3260 servi
3647 3208 3831 3257 reatus

561 3297 679 3367 ille,
722 3297 819 3369 qui
862 3272 1189 3363 consecrat:
1221 3272 1477 3354 nimirum
1534 3297 1648 3357 sive
1697 3296 1979 3369 superbus,
2030 3272 2216 3353 siveC
2245 3292 2507 3349 obsistat?

557 3391 891 3459 luxuriosus,
933 3390 1049 3447 sive
1078 3389 1370 3456 homicida,
1408 3390 1524 3445 sive
1554 3391 1717 3447 etiam
1762 3388 2136 3463 Simoniacus;

557 3483 677 3555 ipse
720 3482 940 3556 quidem
986 3480 1225 3557 pollutus
1273 3490 1378 3547 est,
1424 3490 1480 3538 et
1525 3481 1707 3539 lethali
1744 3480 1933 3555 procul
1982 3483 2143 3538 dudio

554 3573 707 3661 lepra
735 3572 986 3649 perfusus
1011 3590 1024 3626 :
1048 3573 1144 3629 sed
1170 3573 1369 3629 donum
1385 3572 1661 3643 Dei,quod
1682 3572 1942 3643 pel‘lillum
1968 3580 2143 3628 trans-
2212 3630 2221 3637 ,

560 3667 626 3730 it,
653 3665 855 3723 nullius
882 3664 1003 3721 labe
1051 3662 1333 3737 polluitur,
1377 3664 1577 3721 nullius
1618 3666 1943 3737 contagione
1974 3664 2141 3721 fre-Ja-

559 3768 669 3823 tur.
699 3757 903 3815 Purum
927 3772 1164 3827 namque
1192 3766 1278 3814 est
1322 3758 1464 3831 quod
1508 3774 1605 3828 per
1636 3758 1783 3813 illum
1816 3758 1956 3824 linit,
1988 3775 2142 3825 mun-

560 3850 689 3905 dum
735 3857 793 3911 et
816 3848 1080 3919 liquidum
1108 3848 1176 3929 ad
1207 3857 1407 3929 terram
1434 3849 1665 3907 fertilem
1694 3852 1906 3907 transit.
1942 3850 2140 3908 Sancta

559 3956 794 4013 namque
840 3940 1082 4003 Ecclesia
1124 3922 1319 3997 hortus
1366 3930 1713 4007 deliciarum,
1746 3952 1802 3999 et
1842 3943 2140 4015 spiritttalis

559 4041 644 4089 est
682 4033 990 4105 paradisus,
1039 4032 1429 4089 charismatum
1480 4034 1733 4091 videlicet
1780 4050 2138 4108 supernorum

557 4122 775 4181 ﬂuentis
805 4122 1061 4198 irriguus.
1115 4123 1386 4181 Ponamns
1415 4139 1545 4197 ergo
1573 4133 1635 4181 ut
1672 4126 1800 4182 mali
1830 4128 2138 4186 sacerdotes

559 4215 957 4287 quodammodo
988 4215 1183 4290 lapidei
1212 4215 1322 4272 sint
1347 4215 1599 4275 canales:
1624 4217 1676 4273 in
1703 4217 1929 4289 lapideis
1958 4229 2136 4276 autem

560 4305 840 4365 canalibus
892 4321 1030 4377 aqua
1071 4305 1145 4362 nil
1177 4306 1468 4378 germinat,
1495 4308 1657 4365 donet
1687 4324 1784 4379 per
1807 4323 1901 4367 eos
1945 4309 2138 4367 decur-

560 4410 708 4460 rens,
742 4397 797 4450 in
826 4396 1081 4452 fecundas
1103 4412 1162 4453 se
1183 4396 1395 4454 areolas
1427 4397 1636 4455 fundat.
1663 4398 1817 4455 Licet
1851 4400 1993 4455 enim
2020 4399 2135 4470 pln-

560 4500 650 4540 res
693 4486 952 4555 reprobos
997 4487 1314 4543 sacerdotes
1351 4488 1590 4543 seriatim
1643 4498 1942 4561 temporum
1990 4492 2137 4547 vices

561 4575 859 4639 attulerint,
888 4576 1137 4633 videlicet
1156 4587 1214 4632 ut
1242 4588 1298 4633 et
1319 4588 1703 4636 consecrantes
1747 4589 1803 4635 et
1826 4580 2130 4636 consecrati

558 4681 714 4736 teque
736 4666 1076 4736 reperiantur
1101 4668 1339 4740 indigni;
1365 4667 1487 4725 fons
1513 4678 1692 4726 tamen
1720 4669 1811 4726 ille
1836 4670 1991 4726 vivus
2020 4686 2131 4728 non

561 4756 932 4829 restringitur,
973 4742 1263 4829 quominus
1305 4775 1475 4830 usque
1515 4761 1584 4816 ad
1623 4759 1786 4816 linem
1831 4761 2011 4817 saeculi
2041 4776 2139 4833 per

562 4864 757 4906 nemus
786 4848 1039 4906 Ecclesia:
1060 4849 1330 4925 proﬂuat;
1375 4861 1433 4915 ut
1458 4869 1563 4909 non
1592 4852 1736 4917 solus
1765 4853 1855 4910 ille
1881 4856 2133 4913 sacerdo-

564 4938 687 4993 talis
715 4941 869 5006 ordo,
896 4941 988 4997 sed
1015 4950 1071 4998 et
1098 4957 1287 4999 omnes
1308 4943 1359 4999 in
1385 4942 1601 4999 Christo
1623 4945 1797 5011 renati
1817 4944 2005 5005 salutis
2025 4961 2135 5005 suae

560 5031 811 5101 poculum
853 5032 1124 5088 hauriant.
1163 5033 1318 5105 102
1364 5032 1469 5088 Per
1503 5035 1813 5090 sacerdotes
1856 5036 2125 5106 siquidem

562 5121 867 5192 baptismus
892 5130 947 5176 et
967 5122 1203 5177 chrisma
1227 5123 1503 5189 tribuitur,
1527 5134 1583 5180 et
1603 5140 1764 5180 omne
1781 5124 2134 5183 ecclesiastici
2176 5108 2183 5177 ί

564 5211 895 5264 sacramenti
924 5210 1287 5267 ministerium
1314 5212 1625 5269 exhibetur.
1656 5213 1711 5270 Si
1736 5230 1863 5293 ergo
1886 5218 2136 5293 sacerdo-

564 5313 685 5357 tum
732 5302 972 5373 pravitas
1018 5302 1196 5359 divina
1243 5313 1431 5376 posset
1477 5305 1618 5360 dona
1671 5294 1994 5376 reprimere;
2029 5308 2134 5365 illis

559 5403 709 5451 certe
748 5376 1248 5464 prevaricantilius,
1296 5410 1521 5471 necesse
1571 5405 1692 5452 erat
1744 5405 1916 5453 totum
1962 5414 2132 5471 genus

561 5483 859 5539 humanum
886 5498 916 5537 a
947 5483 1144 5539 divinis
1185 5483 1461 5541 beneﬂciis
1491 5464 1719 5563 iesilire.
1763 5485 1916 5563 Quod
1946 5464 1990 5543 si
2026 5489 2131 5544 illis

561 5574 856 5639 stantibus,
916 5574 1165 5632 homines
1209 5591 1433 5632 munera
1484 5574 1714 5647 Superna
1765 5579 2131 5651 susciperent,

557 5665 861 5723 labentibus
891 5675 1070 5722 autem
1093 5666 1395 5723 nullatenus
1415 5669 1795 5740 impetrarent,
1828 5675 2135 5729 necesSario

553 5757 667 5828 jam
697 5754 802 5813 non
838 5757 969 5824 Deo,
986 5758 1079 5814 sed
1108 5759 1481 5815 sacerdotibus
1504 5762 1688 5832 utique
1707 5776 1948 5829 causam,
1974 5772 2136 5834 atque

559 5866 775 5909 omnem
801 5849 908 5907 vim
934 5849 1166 5925 propriae
1192 5848 1382 5907 salutis
1425 5850 1790 5920 ascriberent;
1844 5851 1939 5909 sed
1973 5853 2134 5917 absit,

2834 3383 3061 3442 CAPUT
3102 3384 3235 3441 Xlll.

2218 3472 2403 3551 'Quod
2428 3476 2535 3530 sive
2557 3474 2715 3539 verbi,
2762 3476 2867 3530 sive
2898 3473 3214 3551 sacramenti
3258 3472 3516 3538 minister,
3551 3470 3648 3526 Dei
3675 3469 3828 3525 donis

2742 3561 2846 3599 non
2871 3547 3033 3615 posit
3062 3544 3325 3597 obsistere.

2310 3654 2676 3728 Conqueritur
2759 3666 2943 3715 autem
3007 3653 3343 3727 Apostolus,
3414 3653 3541 3726 quia
3603 3651 3822 3723 quidam

2242 3745 2361 3801 falsi
2394 3732 2589 3802 fratres
2618 3758 2839 3829 propter
2869 3749 3146 3813 invidiam,
3169 3756 3223 3802 et
3245 3749 3645 3803 contentionem
3668 3745 3829 3801 Chri-

2242 3847 2382 3903 stntu
2446 3837 2804 3907 pt'ardicarenl
2858 3855 2965 3893 non
3023 3837 3237 3893 sincero
3287 3835 3525 3909 (Philip.
3580 3838 3651 3905 ι).
3715 3833 3825 3888 Sed

2241 3930 2371 4005 quid
2402 3931 2470 3985 ad
2503 3931 2655 3995 haac?
2687 3931 2934 4003 Nunquid
2980 3930 3343 4005 prohibendos
3383 3945 3502 3985 esse
3547 3926 3826 3984 decernit?

2238 4022 2377 4078 Audi
2405 4038 2534 4095 ergo
2564 4026 2693 4096 quid
2742 4025 3024 4095 sequitur:
3055 4043 3073 4075 ι
3098 4023 3235 4093 Quid
3261 4023 3426 4088 enim,
3462 4023 3654 4091 inquit,
3692 4020 3820 4075 dum

2240 4116 2387 4168 omni
2418 4116 2575 4172 modo
2603 4117 2717 4173 sive
2748 4132 2845 4188 per
2870 4118 3239 4182 occasionem,
3265 4116 3378 4171 sive
3412 4130 3510 4188 per
3536 4113 3822 4168 veritatem

2239 4203 2486 4263 Christus
2508 4209 2889 4276 annuntietur;
2923 4218 2976 4265 et
3006 4210 3058 4264 in
3106 4209 3208 4264 hoc
3233 4208 3459 4278 gaudeo,
3488 4204 3581 4261 sed
3610 4213 3664 4259 et
3685 4218 3821 4276 gau-

2239 4299 2375 4357 debo
2407 4299 2624 4372 (Ibid.)t
2660 4301 2829 4356 Porro
2865 4311 3045 4356 autem
3074 4301 3235 4355 habet
3263 4298 3511 4355 Christus
3541 4296 3823 4352 ministros

2238 4391 2411 4455 verbi,
2469 4390 2633 4444 habet
2701 4391 2979 4445 ministros
3033 4391 3383 4446 nihilominus
3442 4388 3816 4444 sacramenti:

2237 4480 2520 4548 utriusque
2569 4477 2813 4549 profecto
2856 4480 3097 4534 muneris
3143 4480 3277 4535 alios
3318 4479 3501 4534 lidelcs
3536 4486 3591 4532 et
3617 4477 3816 4543 bonos;

2239 4569 2373 4624 alios
2401 4584 2630 4640 nequam
2678 4577 2733 4623 et
2762 4569 3025 4640 perﬁdos:
3051 4569 3144 4625 sed
3176 4584 3350 4640 neque
3369 4584 3399 4624 a
3420 4567 3575 4623 bonis
3602 4565 3816 4631 melius,

2239 4676 2340 4716 nec
2369 4676 2398 4714 a
2431 4659 2586 4715 malis
2613 4661 2879 4732 accipitur
2902 4659 3073 4733 pejus.
3108 4659 3339 4715 Ministri
3383 4658 3647 4730 siquidem
3692 4664 3819 4711 sunt

2236 4755 2458 4821 diversi,
2487 4756 2580 4811 sed
2603 4771 2770 4811 unum
2811 4765 2894 4812 est
2922 4757 3109 4827 utique
3151 4753 3292 4825 quod
3325 4753 3607 4825 praebetur.
3635 4750 3817 4806 Bonus

2235 4848 2395 4919 plane
2423 4859 2505 4905 est
2533 4858 2724 4905 auctor
2757 4864 3067 4915 munerum,
3090 4856 3145 4904 et
3172 4846 3314 4918 quod
3339 4845 3449 4909 dat,
3480 4844 3651 4899 nullas
3684 4857 3817 4897 con—

2237 4942 2407 4996 trahit
2451 4934 2782 4996 maculas'ex
2813 4938 3073 5011 obsequio
3108 4937 3499 4992 ministrorum.
3528 4933 3669 4989 Pura
3697 4931 3817 4988 ﬂuit

2236 5048 2396 5097 vena,
2431 5041 2485 5086 et
2522 5031 2792 5102 superﬂuo
2822 5030 3033 5100 lcprosa
3059 5044 3251 5084 manus
3278 5025 3614 5099 propinantis
3637 5033 3812 5078 atten-

2236 5127 2401 5194 ditur,
2430 5127 2518 5183 ubi
2546 5126 2770 5192 clarum,
2799 5126 2954 5199 103
2977 5135 3140 5198 atque
3167 5125 3510 5197 perspicuum
3538 5129 3642 5187 est,
3666 5119 3812 5191 quod

2234 5218 2500 5273 hauritur.
2527 5216 2667 5284 Quid
2713 5218 2858 5273 enim
2906 5218 2972 5273 ad
3005 5226 3333 5272 momentum
3366 5215 3442 5272 rei
3472 5214 3585 5270 sive
3616 5214 3808 5277 bonus,

2231 5313 2345 5369 sive
2374 5310 2552 5366 malus
2582 5311 2653 5366 sit
2682 5310 2774 5382 qui
2806 5310 3099 5375 ministrat,
3132 5309 3423 5364 dummodo
3451 5323 3587 5362 unus
3640 5305 3812 5361 idem-

2232 5419 2339 5488 que
2392 5417 2606 5474 semper
2649 5402 2740 5467 sit,
2795 5403 2886 5473 qui
2935 5401 3051 5458 sive
3098 5399 3271 5467 verbi,
3321 5401 3433 5456 sive
3482 5396 3811 5454 sacramenti

2231 5495 2548 5569 principalis
2578 5503 2766 5549 auctor
2794 5495 3012 5550 existit?
3048 5493 3106 5549 ln
3138 5488 3456 5549 exhibendis
3484 5506 3614 5547 sane
3641 5491 3809 5545 mira-

2232 5585 2474 5640 culorum
2510 5585 2697 5656 signis,
2713 5585 2797 5639 vel
2821 5585 2871 5639 in
2897 5584 3190 5656 prophetiae
3216 5583 3472 5647 oraculis,
3505 5578 3617 5637 sive
3644 5580 3807 5635 etiam

2234 5675 2289 5729 in
2331 5675 2591 5731 habendis
2642 5673 2931 5729 virtutibus
2976 5675 3076 5745 pice
3120 5674 3393 5746 religionis
3422 5673 3595 5746 gratia
3630 5669 3808 5726 sancti

2236 5764 2468 5836 Spiritus
2492 5765 2772 5831 minuitur,
2801 5766 2885 5821 vel
2907 5779 3151 5838 augetur.
3182 5766 3333 5822 Sicut
3360 5781 3389 5819 a
3418 5763 3675 5835 magistro
3696 5760 3810 5816 Eli-

2235 5871 2359 5912 seus
2409 5855 2580 5929 petiit,
2617 5855 2837 5912 dicens:
2870 5876 2886 5911 ι
2914 5856 3067 5923 Peto,
3119 5858 3313 5930 inquit,
3362 5863 3421 5911 ttt
3471 5855 3564 5911 liat
3608 5852 3807 5928 duplex
