  <div class='ocr_page' id='page_1' title='image "/cluster/home/n/w/nwhite01/storage/ocr_20150623/145/hvd.32044015471824/066.png"; bbox 0 0 4080 5346; ppageno 0'>
   <div class='ocr_carea' id='block_1_1' title="bbox 293 261 398 316">
    <p class='ocr_par' dir='ltr' id='par_1_1' title="bbox 293 261 398 316">
     <span class='ocr_line' id='line_1_1' title="bbox 293 261 398 316; baseline 0 0"><span class='ocrx_word' id='word_1_1' title='bbox 293 261 398 316; x_wconf 79' lang='grc' dir='ltr'><strong>ΗῚ</strong></span> 
     </span>
    </p>
   </div>
   <div class='ocr_carea' id='block_1_2' title="bbox 1064 231 2788 337">
    <p class='ocr_par' dir='ltr' id='par_1_2' title="bbox 1064 231 2788 337">
     <span class='ocr_line' id='line_1_2' title="bbox 1064 231 2788 337; baseline 0.007 -16"><span class='ocrx_word' id='word_1_2' title='bbox 1064 262 1438 337; x_wconf 61' lang='lat' dir='ltr'><strong>oausam.</strong></span> <span class='ocrx_word' id='word_1_3' title='bbox 1481 297 1550 310; x_wconf 86' lang='lat'><strong>—-</strong></span> <span class='ocrx_word' id='word_1_4' title='bbox 1590 267 1793 324; x_wconf 80' lang='lat' dir='ltr'><strong>LIBER</strong></span> <span class='ocrx_word' id='word_1_5' title='bbox 1831 268 1945 336; x_wconf 76' lang='lat' dir='ltr'><strong>om</strong></span> <span class='ocrx_word' id='word_1_6' title='bbox 1988 268 2261 324; x_wconf 82' lang='lat' dir='ltr'><strong>mcrrun</strong></span> <span class='ocrx_word' id='word_1_7' title='bbox 2301 231 2788 332; x_wconf 48' lang='lat' dir='ltr'><strong>cuivtssmus.</strong></span> 
     </span>
    </p>
   </div>
   <div class='ocr_carea' id='block_1_3' title="bbox 3459 287 3563 344">
    <p class='ocr_par' dir='ltr' id='par_1_3' title="bbox 3459 287 3563 344">
     <span class='ocr_line' id='line_1_3' title="bbox 3459 287 3563 344; baseline 0.019 -1"><span class='ocrx_word' id='word_1_8' title='bbox 3459 287 3563 344; x_wconf 75' lang='lat'><strong>“’8</strong></span> 
     </span>
    </p>
   </div>
   <div class='ocr_carea' id='block_1_4' title="bbox 291 374 3566 457">
    <p class='ocr_par' dir='ltr' id='par_1_4' title="bbox 291 374 3566 457">
     <span class='ocr_line' id='line_1_4' title="bbox 291 374 3566 457; baseline 0.009 -30"><span class='ocrx_word' id='word_1_9' title='bbox 291 375 520 443; x_wconf 89' lang='lat' dir='ltr'><strong>spiritus</strong></span> <span class='ocrx_word' id='word_1_10' title='bbox 552 384 670 429; x_wconf 87' lang='lat' dir='ltr'><strong>tuus</strong></span> <span class='ocrx_word' id='word_1_11' title='bbox 688 376 738 430; x_wconf 91' lang='lat' dir='ltr'><strong>in</strong></span> <span class='ocrx_word' id='word_1_12' title='bbox 772 375 928 447; x_wconf 88' lang='lat' dir='ltr'><strong>me(I</strong></span> <span class='ocrx_word' id='word_1_13' title='bbox 946 374 981 429; x_wconf 83' lang='lat' dir='ltr'><strong><em>V</em></strong></span> <span class='ocrx_word' id='word_1_14' title='bbox 1004 375 1130 448; x_wconf 80' lang='lat' dir='ltr'><strong>Reg.</strong></span> <span class='ocrx_word' id='word_1_15' title='bbox 1167 381 1249 449; x_wconf 90' lang='grc' dir='ltr'>ιι).</span> <span class='ocrx_word' id='word_1_16' title='bbox 1276 400 1294 431; x_wconf 76' lang='grc' dir='ltr'><strong>ι</strong></span> <span class='ocrx_word' id='word_1_17' title='bbox 1325 380 1456 447; x_wconf 67' lang='lat' dir='ltr'><strong>Qum</strong></span> <span class='ocrx_word' id='word_1_18' title='bbox 1493 381 1747 436; x_wconf 84' lang='lat' dir='ltr'><strong>nimirum</strong></span> <span class='ocrx_word' id='word_1_19' title='bbox 1776 397 1870 452; x_wconf 87' lang='lat' dir='ltr'><strong>pe-</strong></span> <span class='ocrx_word' id='word_1_20' title='bbox 1900 384 1950 445; x_wconf 78' lang='grc' dir='ltr'><strong>Α</strong></span> <span class='ocrx_word' id='word_1_21' title='bbox 1976 381 2164 450; x_wconf 77' lang='lat' dir='ltr'><strong>Spiritu</strong></span> <span class='ocrx_word' id='word_1_22' title='bbox 2216 391 2394 438; x_wconf 90' lang='lat' dir='ltr'><strong>autem</strong></span> <span class='ocrx_word' id='word_1_23' title='bbox 2449 383 2618 457; x_wconf 85' lang='lat' dir='ltr'><strong>Moysi</strong></span> <span class='ocrx_word' id='word_1_24' title='bbox 2660 389 2791 445; x_wconf 87' lang='lat' dir='ltr'><strong>viris</strong></span> <span class='ocrx_word' id='word_1_25' title='bbox 2847 391 3059 448; x_wconf 88' lang='lat' dir='ltr'><strong>dedisse</strong></span> <span class='ocrx_word' id='word_1_26' title='bbox 3107 393 3369 454; x_wconf 88' lang='lat' dir='ltr'><strong>Dominus</strong></span> <span class='ocrx_word' id='word_1_27' title='bbox 3425 400 3566 456; x_wconf 85' lang='lat' dir='ltr'><strong>dici-</strong></span> 
     </span>
    </p>
   </div>
   <div class='ocr_carea' id='block_1_5' title="bbox 292 466 1935 543">
    <p class='ocr_par' dir='ltr' id='par_1_5' title="bbox 292 466 1935 543">
     <span class='ocr_line' id='line_1_5' title="bbox 292 466 1935 543; baseline 0.005 -23"><span class='ocrx_word' id='word_1_28' title='bbox 292 466 415 520; x_wconf 89' lang='lat' dir='ltr'><strong>titio</strong></span> <span class='ocrx_word' id='word_1_29' title='bbox 445 467 502 520; x_wconf 91' lang='lat' dir='ltr'><strong>in</strong></span> <span class='ocrx_word' id='word_1_30' title='bbox 553 466 714 521; x_wconf 87' lang='lat' dir='ltr'><strong>Elisei</strong></span> <span class='ocrx_word' id='word_1_31' title='bbox 745 467 1021 523; x_wconf 79' lang='lat' dir='ltr'><strong>miraculis</strong></span> <span class='ocrx_word' id='word_1_32' title='bbox 1061 469 1273 538; x_wconf 89' lang='lat' dir='ltr'><strong>impleta</strong></span> <span class='ocrx_word' id='word_1_33' title='bbox 1331 471 1497 526; x_wconf 80' lang='lat' dir='ltr'><strong>fuisse</strong></span> <span class='ocrx_word' id='word_1_34' title='bbox 1524 473 1876 543; x_wconf 67' lang='lat' dir='ltr'><strong>dignoscitur,</strong></span> <span class='ocrx_word' id='word_1_35' title='bbox 1933 492 1935 494; x_wconf 89' lang='grc'>·</span> 
     </span>
    </p>
   </div>
   <div class='ocr_carea' id='block_1_6' title="bbox 294 558 1876 634">
    <p class='ocr_par' dir='ltr' id='par_1_6' title="bbox 294 558 1876 634">
     <span class='ocr_line' id='line_1_6' title="bbox 294 558 1876 634; baseline 0.005 -22"><span class='ocrx_word' id='word_1_36' title='bbox 294 559 570 627; x_wconf 91' lang='lat' dir='ltr'><strong>inquibus</strong></span> <span class='ocrx_word' id='word_1_37' title='bbox 596 567 744 614; x_wconf 88' lang='lat' dir='ltr'><strong>certe</strong></span> <span class='ocrx_word' id='word_1_38' title='bbox 765 568 819 614; x_wconf 89' lang='lat' dir='ltr'><strong>et</strong></span> <span class='ocrx_word' id='word_1_39' title='bbox 848 558 1019 627; x_wconf 81' lang='lat' dir='ltr'><strong>major</strong></span> <span class='ocrx_word' id='word_1_40' title='bbox 1041 561 1234 626; x_wconf 87' lang='lat' dir='ltr'><strong>virtus,</strong></span> <span class='ocrx_word' id='word_1_41' title='bbox 1263 578 1423 632; x_wconf 83' lang='lat' dir='ltr'><strong>quam</strong></span> <span class='ocrx_word' id='word_1_42' title='bbox 1448 563 1501 618; x_wconf 87' lang='lat' dir='ltr'><strong>in</strong></span> <span class='ocrx_word' id='word_1_43' title='bbox 1529 563 1659 619; x_wconf 68' lang='lat' dir='ltr'><strong>Elite</strong></span> <span class='ocrx_word' id='word_1_44' title='bbox 1687 565 1876 634; x_wconf 82' lang='lat' dir='ltr'><strong>signis,</strong></span> 
     </span>
    </p>
   </div>
   <div class='ocr_carea' id='block_1_7' title="bbox 293 650 1876 727">
    <p class='ocr_par' dir='ltr' id='par_1_7' title="bbox 293 650 1876 727">
     <span class='ocr_line' id='line_1_7' title="bbox 293 650 1876 727; baseline 0.005 -21"><span class='ocrx_word' id='word_1_45' title='bbox 293 659 350 706; x_wconf 76' lang='lat' dir='ltr'><strong>et</strong></span> <span class='ocrx_word' id='word_1_46' title='bbox 368 650 564 721; x_wconf 79' lang='lat' dir='ltr'><strong>duplex</strong></span> <span class='ocrx_word' id='word_1_47' title='bbox 593 667 852 708; x_wconf 88' lang='lat' dir='ltr'><strong>numerus</strong></span> <span class='ocrx_word' id='word_1_48' title='bbox 878 653 1149 712; x_wconf 73' lang='lat' dir='ltr'><strong>invenitur</strong></span> <span class='ocrx_word' id='word_1_49' title='bbox 1175 676 1187 712; x_wconf 89' lang='lat'><strong>:</strong></span> <span class='ocrx_word' id='word_1_50' title='bbox 1217 657 1357 727; x_wconf 92' lang='lat' dir='ltr'><strong>quod</strong></span> <span class='ocrx_word' id='word_1_51' title='bbox 1382 659 1469 726; x_wconf 87' lang='lat' dir='ltr'><strong>qui</strong></span> <span class='ocrx_word' id='word_1_52' title='bbox 1497 675 1684 714; x_wconf 89' lang='lat' dir='ltr'><strong>eorum</strong></span> <span class='ocrx_word' id='word_1_53' title='bbox 1707 659 1876 714; x_wconf 85' lang='lat' dir='ltr'><strong>histo-</strong></span> 
     </span>
    </p>
   </div>
   <div class='ocr_carea' id='block_1_8' title="bbox 294 744 1878 816">
    <p class='ocr_par' dir='ltr' id='par_1_8' title="bbox 294 744 1878 816">
     <span class='ocr_line' id='line_1_8' title="bbox 294 744 1878 816; baseline 0.008 -20"><span class='ocrx_word' id='word_1_54' title='bbox 294 745 404 796; x_wconf 82' lang='lat' dir='ltr'><strong>rias</strong></span> <span class='ocrx_word' id='word_1_55' title='bbox 457 744 699 800; x_wconf 90' lang='lat' dir='ltr'><strong>studiose</strong></span> <span class='ocrx_word' id='word_1_56' title='bbox 755 747 1230 811; x_wconf 84' lang='lat' dir='ltr'><strong>considerat,.non</strong></span> <span class='ocrx_word' id='word_1_57' title='bbox 1287 751 1520 816; x_wconf 80' lang='lat' dir='ltr'><strong>ignorat.</strong></span> <span class='ocrx_word' id='word_1_58' title='bbox 1567 753 1638 808; x_wconf 80' lang='lat' dir='ltr'><strong>At</strong></span> <span class='ocrx_word' id='word_1_59' title='bbox 1682 768 1787 809; x_wconf 91' lang='lat' dir='ltr'><strong>non</strong></span> <span class='ocrx_word' id='word_1_60' title='bbox 1823 754 1878 808; x_wconf 88' lang='lat' dir='ltr'><strong>in</strong></span> 
     </span>
    </p>
   </div>
   <div class='ocr_carea' id='block_1_9' title="bbox 290 831 1876 911">
    <p class='ocr_par' dir='ltr' id='par_1_9' title="bbox 290 831 1876 911">
     <span class='ocr_line' id='line_1_9' title="bbox 290 831 1876 911; baseline 0.006 -26"><span class='ocrx_word' id='word_1_61' title='bbox 290 831 598 887; x_wconf 73' lang='lat' dir='ltr'><strong>ciliciorum</strong></span> <span class='ocrx_word' id='word_1_62' title='bbox 631 835 888 904; x_wconf 81' lang='lat' dir='ltr'><strong>gradibus</strong></span> <span class='ocrx_word' id='word_1_63' title='bbox 913 835 978 890; x_wconf 82' lang='lat' dir='ltr'><strong>fit</strong></span> <span class='ocrx_word' id='word_1_64' title='bbox 1015 838 1116 891; x_wconf 87' lang='lat' dir='ltr'><strong>ista</strong></span> <span class='ocrx_word' id='word_1_65' title='bbox 1164 840 1448 896; x_wconf 72' lang='lat' dir='ltr'><strong>diversitas</strong></span> <span class='ocrx_word' id='word_1_66' title='bbox 1473 856 1488 893; x_wconf 73' lang='grc' dir='ltr'><strong>ι</strong></span> <span class='ocrx_word' id='word_1_67' title='bbox 1515 856 1696 911; x_wconf 67' lang='lat' dir='ltr'><strong>neque</strong></span> <span class='ocrx_word' id='word_1_68' title='bbox 1731 843 1876 898; x_wconf 87' lang='lat' dir='ltr'><strong>enim</strong></span> 
     </span>
    </p>
   </div>
   <div class='ocr_carea' id='block_1_10' title="bbox 294 925 1880 1000">
    <p class='ocr_par' dir='ltr' id='par_1_10' title="bbox 294 925 1880 1000">
     <span class='ocr_line' id='line_1_10' title="bbox 294 925 1880 1000; baseline 0.006 -22"><span class='ocrx_word' id='word_1_69' title='bbox 294 925 433 980; x_wconf 88' lang='lat' dir='ltr'><strong>alius</strong></span> <span class='ocrx_word' id='word_1_70' title='bbox 465 927 572 980; x_wconf 89' lang='lat' dir='ltr'><strong>alio</strong></span> <span class='ocrx_word' id='word_1_71' title='bbox 620 929 796 997; x_wconf 83' lang='lat' dir='ltr'><strong>magis</strong></span> <span class='ocrx_word' id='word_1_72' title='bbox 830 937 914 983; x_wconf 88' lang='lat' dir='ltr'><strong>est</strong></span> <span class='ocrx_word' id='word_1_73' title='bbox 958 930 1262 1000; x_wconf 81' lang='lat' dir='ltr'><strong>presbyter,</strong></span> <span class='ocrx_word' id='word_1_74' title='bbox 1305 932 1418 986; x_wconf 85' lang='lat' dir='ltr'><strong>sive</strong></span> <span class='ocrx_word' id='word_1_75' title='bbox 1467 934 1741 998; x_wconf 83' lang='lat' dir='ltr'><strong>diaconus,</strong></span> <span class='ocrx_word' id='word_1_76' title='bbox 1786 943 1880 988; x_wconf 86' lang='lat' dir='ltr'><strong>aut</strong></span> 
     </span>
    </p>
   </div>
   <div class='ocr_carea' id='block_1_11' title="bbox 293 1018 1880 1094">
    <p class='ocr_par' dir='ltr' id='par_1_11' title="bbox 293 1018 1880 1094">
     <span class='ocr_line' id='line_1_11' title="bbox 293 1018 1880 1094; baseline 0.006 -24"><span class='ocrx_word' id='word_1_77' title='bbox 293 1018 574 1086; x_wconf 90' lang='lat' dir='ltr'><strong>quodlibet</strong></span> <span class='ocrx_word' id='word_1_78' title='bbox 632 1019 847 1074; x_wconf 90' lang='lat' dir='ltr'><strong>borum.</strong></span> <span class='ocrx_word' id='word_1_79' title='bbox 896 1020 1009 1076; x_wconf 82' lang='lat' dir='ltr'><strong>illic</strong></span> <span class='ocrx_word' id='word_1_80' title='bbox 1059 1021 1216 1090; x_wconf 89' lang='lat' dir='ltr'><strong>plane</strong></span> <span class='ocrx_word' id='word_1_81' title='bbox 1268 1023 1399 1077; x_wconf 83' lang='lat' dir='ltr'><strong>ﬁdes</strong></span> <span class='ocrx_word' id='word_1_82' title='bbox 1449 1033 1611 1094; x_wconf 88' lang='lat' dir='ltr'><strong>atque</strong></span> <span class='ocrx_word' id='word_1_83' title='bbox 1667 1026 1880 1080; x_wconf 89' lang='lat' dir='ltr'><strong>devotio</strong></span> 
     </span>
    </p>
   </div>
   <div class='ocr_carea' id='block_1_12' title="bbox 295 1109 1878 1177">
    <p class='ocr_par' dir='ltr' id='par_1_12' title="bbox 295 1109 1878 1177">
     <span class='ocr_line' id='line_1_12' title="bbox 295 1109 1878 1177; baseline 0.005 -13"><span class='ocrx_word' id='word_1_84' title='bbox 295 1109 620 1177; x_wconf 69' lang='lat' dir='ltr'><strong>postulantis</strong></span> <span class='ocrx_word' id='word_1_85' title='bbox 649 1111 977 1177; x_wconf 87' lang='lat' dir='ltr'><strong>attenditur;</strong></span> <span class='ocrx_word' id='word_1_86' title='bbox 1011 1113 1097 1167; x_wconf 91' lang='lat' dir='ltr'><strong>hic</strong></span> <span class='ocrx_word' id='word_1_87' title='bbox 1127 1113 1463 1172; x_wconf 86' lang='lat' dir='ltr'><strong>solummodo</strong></span> <span class='ocrx_word' id='word_1_88' title='bbox 1492 1116 1878 1172; x_wconf 66' lang='lat' dir='ltr'><strong>ecclesiastica:</strong></span> 
     </span>
    </p>
   </div>
   <div class='ocr_carea' id='block_1_13' title="bbox 295 1202 1879 1278">
    <p class='ocr_par' dir='ltr' id='par_1_13' title="bbox 295 1202 1879 1278">
     <span class='ocr_line' id='line_1_13' title="bbox 295 1202 1879 1278; baseline 0.008 -26"><span class='ocrx_word' id='word_1_89' title='bbox 295 1202 654 1257; x_wconf 87' lang='lat' dir='ltr'><strong>institutionis</strong></span> <span class='ocrx_word' id='word_1_90' title='bbox 687 1212 940 1258; x_wconf 86' lang='lat' dir='ltr'><strong>servatur</strong></span> <span class='ocrx_word' id='word_1_91' title='bbox 963 1205 1114 1258; x_wconf 88' lang='lat' dir='ltr'><strong>ordo.</strong></span> <span class='ocrx_word' id='word_1_92' title='bbox 1142 1205 1435 1262; x_wconf 75' lang='lat' dir='ltr'><strong>Audiamus</strong></span> <span class='ocrx_word' id='word_1_93' title='bbox 1473 1210 1602 1278; x_wconf 86' lang='lat' dir='ltr'><strong>quid</strong></span> <span class='ocrx_word' id='word_1_94' title='bbox 1627 1210 1690 1262; x_wconf 86' lang='lat' dir='ltr'><strong>de</strong></span> <span class='ocrx_word' id='word_1_95' title='bbox 1721 1210 1879 1264; x_wconf 89' lang='lat' dir='ltr'><strong>malis</strong></span> 
     </span>
    </p>
   </div>
   <div class='ocr_carea' id='block_1_14' title="bbox 295 1290 1876 1365">
    <p class='ocr_par' dir='ltr' id='par_1_14' title="bbox 295 1290 1876 1365">
     <span class='ocr_line' id='line_1_14' title="bbox 295 1290 1876 1365; baseline 0.009 -24"><span class='ocrx_word' id='word_1_96' title='bbox 295 1290 742 1358; x_wconf 74' lang='lat' dir='ltr'><strong>praedicatoribus</strong></span> <span class='ocrx_word' id='word_1_97' title='bbox 775 1293 1033 1348; x_wconf 85' lang='lat' dir='ltr'><strong>Dominus</strong></span> <span class='ocrx_word' id='word_1_98' title='bbox 1082 1295 1258 1348; x_wconf 83' lang='lat' dir='ltr'><strong>dicat:</strong></span> <span class='ocrx_word' id='word_1_99' title='bbox 1291 1314 1308 1347; x_wconf 87' lang='lat' dir='ltr'><strong>t</strong></span> <span class='ocrx_word' id='word_1_100' title='bbox 1340 1296 1512 1365; x_wconf 90' lang='lat' dir='ltr'><strong>Super</strong></span> <span class='ocrx_word' id='word_1_101' title='bbox 1539 1297 1876 1364; x_wconf 86' lang='lat' dir='ltr'><strong>cathedram,</strong></span> 
     </span>
    </p>
   </div>
   <div class='ocr_carea' id='block_1_15' title="bbox 295 1381 1876 1453">
    <p class='ocr_par' dir='ltr' id='par_1_15' title="bbox 295 1381 1876 1453">
     <span class='ocr_line' id='line_1_15' title="bbox 295 1381 1876 1453; baseline 0.009 -20"><span class='ocrx_word' id='word_1_102' title='bbox 295 1381 493 1449; x_wconf 91' lang='lat' dir='ltr'><strong>inquit,</strong></span> <span class='ocrx_word' id='word_1_103' title='bbox 551 1383 720 1453; x_wconf 85' lang='lat' dir='ltr'><strong>Moysi</strong></span> <span class='ocrx_word' id='word_1_104' title='bbox 753 1386 1009 1440; x_wconf 85' lang='lat' dir='ltr'><strong>sederunt</strong></span> <span class='ocrx_word' id='word_1_105' title='bbox 1041 1384 1264 1452; x_wconf 69' lang='lat' dir='ltr'><strong>Scribat,</strong></span> <span class='ocrx_word' id='word_1_106' title='bbox 1296 1397 1352 1442; x_wconf 89' lang='lat' dir='ltr'><strong>et</strong></span> <span class='ocrx_word' id='word_1_107' title='bbox 1384 1389 1626 1445; x_wconf 84' lang='lat' dir='ltr'><strong>Pharisei</strong></span> <span class='ocrx_word' id='word_1_108' title='bbox 1655 1408 1668 1445; x_wconf 90' lang='lat'><strong>:</strong></span> <span class='ocrx_word' id='word_1_109' title='bbox 1697 1394 1876 1447; x_wconf 76' lang='lat' dir='ltr'><strong>omnia</strong></span> 
     </span>
    </p>
   </div>
   <div class='ocr_carea' id='block_1_16' title="bbox 293 1475 1878 1545">
    <p class='ocr_par' dir='ltr' id='par_1_16' title="bbox 293 1475 1878 1545">
     <span class='ocr_line' id='line_1_16' title="bbox 293 1475 1878 1545; baseline 0.008 -21"><span class='ocrx_word' id='word_1_110' title='bbox 293 1487 628 1542; x_wconf 67' lang='lat' dir='ltr'><strong>quaecunque</strong></span> <span class='ocrx_word' id='word_1_111' title='bbox 650 1475 886 1531; x_wconf 78' lang='lat' dir='ltr'><strong>dixerint</strong></span> <span class='ocrx_word' id='word_1_112' title='bbox 901 1477 1068 1538; x_wconf 79' lang='lat' dir='ltr'><strong>vobis,</strong></span> <span class='ocrx_word' id='word_1_113' title='bbox 1088 1487 1300 1534; x_wconf 82' lang='lat' dir='ltr'><strong>servate</strong></span> <span class='ocrx_word' id='word_1_114' title='bbox 1313 1489 1368 1533; x_wconf 91' lang='lat' dir='ltr'><strong>et</strong></span> <span class='ocrx_word' id='word_1_115' title='bbox 1382 1479 1539 1535; x_wconf 86' lang='lat' dir='ltr'><strong>facite</strong></span> <span class='ocrx_word' id='word_1_116' title='bbox 1554 1499 1568 1545; x_wconf 87' lang='lat'><strong>;</strong></span> <span class='ocrx_word' id='word_1_117' title='bbox 1585 1483 1878 1536; x_wconf 89' lang='lat' dir='ltr'><strong>secundum</strong></span> 
     </span>
    </p>
   </div>
   <div class='ocr_carea' id='block_1_17' title="bbox 294 1569 1872 1648">
    <p class='ocr_par' dir='ltr' id='par_1_17' title="bbox 294 1569 1872 1648">
     <span class='ocr_line' id='line_1_17' title="bbox 294 1569 1872 1648; baseline 0.006 -30"><span class='ocrx_word' id='word_1_118' title='bbox 294 1580 420 1619; x_wconf 85' lang='lat' dir='ltr'><strong>vero</strong></span> <span class='ocrx_word' id='word_1_119' title='bbox 465 1581 631 1636; x_wconf 81' lang='lat' dir='ltr'><strong>Opera</strong></span> <span class='ocrx_word' id='word_1_120' title='bbox 692 1581 878 1622; x_wconf 88' lang='lat' dir='ltr'><strong>eorum</strong></span> <span class='ocrx_word' id='word_1_121' title='bbox 937 1569 1102 1623; x_wconf 86' lang='lat' dir='ltr'><strong>nolite</strong></span> <span class='ocrx_word' id='word_1_122' title='bbox 1160 1569 1337 1626; x_wconf 85' lang='lat' dir='ltr'><strong>facere</strong></span> <span class='ocrx_word' id='word_1_123' title='bbox 1391 1571 1603 1642; x_wconf 79' lang='lat' dir='ltr'><strong>(Matth.</strong></span> <span class='ocrx_word' id='word_1_124' title='bbox 1641 1574 1818 1648; x_wconf 68' lang='grc' dir='ltr'>χχιιι).</span> <span class='ocrx_word' id='word_1_125' title='bbox 1853 1594 1872 1628; x_wconf 80' lang='grc' dir='ltr'><strong>ι</strong></span> 
     </span>
    </p>
   </div>
   <div class='ocr_carea' id='block_1_18' title="bbox 295 1655 1878 1734">
    <p class='ocr_par' dir='ltr' id='par_1_18' title="bbox 295 1655 1878 1734">
     <span class='ocr_line' id='line_1_18' title="bbox 295 1655 1878 1734; baseline 0.006 -25"><span class='ocrx_word' id='word_1_126' title='bbox 295 1655 350 1709; x_wconf 89' lang='lat' dir='ltr'><strong>Si</strong></span> <span class='ocrx_word' id='word_1_127' title='bbox 378 1671 514 1725; x_wconf 85' lang='lat' dir='ltr'><strong>ergo</strong></span> <span class='ocrx_word' id='word_1_128' title='bbox 536 1658 837 1713; x_wconf 82' lang='lat' dir='ltr'><strong>sacerdotis</strong></span> <span class='ocrx_word' id='word_1_129' title='bbox 859 1658 1144 1727; x_wconf 89' lang='lat' dir='ltr'><strong>cujuslibet</strong></span> <span class='ocrx_word' id='word_1_130' title='bbox 1169 1663 1407 1729; x_wconf 82' lang='lat' dir='ltr'><strong>pravitas</strong></span> <span class='ocrx_word' id='word_1_131' title='bbox 1431 1678 1536 1718; x_wconf 91' lang='lat' dir='ltr'><strong>nou</strong></span> <span class='ocrx_word' id='word_1_132' title='bbox 1565 1665 1878 1734; x_wconf 77' lang='lat' dir='ltr'><strong>prtejudicat</strong></span> 
     </span>
    </p>
   </div>
   <div class='ocr_carea' id='block_1_19' title="bbox 295 1749 1951 1831">
    <p class='ocr_par' dir='ltr' id='par_1_19' title="bbox 295 1749 1951 1831">
     <span class='ocr_line' id='line_1_19' title="bbox 295 1749 1951 1831; baseline 0.006 -30"><span class='ocrx_word' id='word_1_133' title='bbox 295 1749 478 1810; x_wconf 86' lang='lat' dir='ltr'><strong>verbo,</strong></span> <span class='ocrx_word' id='word_1_134' title='bbox 506 1750 651 1818; x_wconf 89' lang='lat' dir='ltr'><strong>quod</strong></span> <span class='ocrx_word' id='word_1_135' title='bbox 680 1766 776 1820; x_wconf 90' lang='lat' dir='ltr'><strong>per</strong></span> <span class='ocrx_word' id='word_1_136' title='bbox 809 1751 955 1805; x_wconf 87' lang='lat' dir='ltr'><strong>illum</strong></span> <span class='ocrx_word' id='word_1_137' title='bbox 989 1751 1330 1806; x_wconf 82' lang='lat' dir='ltr'><strong>audientibus</strong></span> <span class='ocrx_word' id='word_1_138' title='bbox 1359 1757 1549 1821; x_wconf 87' lang='lat' dir='ltr'><strong>datur;</strong></span> <span class='ocrx_word' id='word_1_139' title='bbox 1583 1771 1690 1826; x_wconf 93' lang='lat' dir='ltr'><strong>quo</strong></span> <span class='ocrx_word' id='word_1_140' title='bbox 1721 1766 1876 1825; x_wconf 87' lang='lat' dir='ltr'><strong>pacto</strong></span> <span class='ocrx_word' id='word_1_141' title='bbox 1909 1773 1951 1831; x_wconf 74' lang='grc' dir='ltr'><strong>Β</strong></span> 
     </span>
    </p>
   </div>
   <div class='ocr_carea' id='block_1_20' title="bbox 293 1841 1878 1913">
    <p class='ocr_par' dir='ltr' id='par_1_20' title="bbox 293 1841 1878 1913">
     <span class='ocr_line' id='line_1_20' title="bbox 293 1841 1878 1913; baseline 0.007 -20"><span class='ocrx_word' id='word_1_142' title='bbox 293 1842 483 1896; x_wconf 87' lang='lat' dir='ltr'><strong>obesse</strong></span> <span class='ocrx_word' id='word_1_143' title='bbox 529 1841 714 1897; x_wconf 86' lang='lat' dir='ltr'><strong>valeat</strong></span> <span class='ocrx_word' id='word_1_144' title='bbox 761 1851 1102 1898; x_wconf 89' lang='lat' dir='ltr'><strong>sacramento</strong></span> <span class='ocrx_word' id='word_1_145' title='bbox 1145 1845 1286 1913; x_wconf 90' lang='lat' dir='ltr'><strong>quod</strong></span> <span class='ocrx_word' id='word_1_146' title='bbox 1341 1862 1446 1901; x_wconf 91' lang='lat' dir='ltr'><strong>non</strong></span> <span class='ocrx_word' id='word_1_147' title='bbox 1504 1847 1744 1913; x_wconf 89' lang='lat' dir='ltr'><strong>homine,</strong></span> <span class='ocrx_word' id='word_1_148' title='bbox 1785 1849 1878 1904; x_wconf 86' lang='lat' dir='ltr'><strong>sed</strong></span> 
     </span>
    </p>
   </div>
   <div class='ocr_carea' id='block_1_21' title="bbox 293 1933 1880 2009">
    <p class='ocr_par' dir='ltr' id='par_1_21' title="bbox 293 1933 1880 2009">
     <span class='ocr_line' id='line_1_21' title="bbox 293 1933 1880 2009; baseline 0.003 -21"><span class='ocrx_word' id='word_1_149' title='bbox 293 1933 397 1988; x_wconf 86' lang='lat' dir='ltr'><strong>Deo</strong></span> <span class='ocrx_word' id='word_1_150' title='bbox 452 1943 679 1990; x_wconf 86' lang='lat' dir='ltr'><strong>auctore</strong></span> <span class='ocrx_word' id='word_1_151' title='bbox 733 1935 1018 1990; x_wconf 86' lang='lat' dir='ltr'><strong>tribuitur?</strong></span> <span class='ocrx_word' id='word_1_152' title='bbox 1050 1935 1288 2006; x_wconf 87' lang='lat' dir='ltr'><strong>Uterque</strong></span> <span class='ocrx_word' id='word_1_153' title='bbox 1319 1937 1572 2006; x_wconf 81' lang='lat' dir='ltr'><strong>nimirum</strong></span> <span class='ocrx_word' id='word_1_154' title='bbox 1618 1946 1672 1993; x_wconf 91' lang='lat' dir='ltr'><strong>et</strong></span> <span class='ocrx_word' id='word_1_155' title='bbox 1712 1939 1760 1993; x_wconf 90' lang='lat' dir='ltr'><strong>is</strong></span> <span class='ocrx_word' id='word_1_156' title='bbox 1788 1939 1880 2009; x_wconf 88' lang='lat' dir='ltr'><strong>qui</strong></span> 
     </span>
    </p>
   </div>
   <div class='ocr_carea' id='block_1_22' title="bbox 293 2025 1877 2096">
    <p class='ocr_par' dir='ltr' id='par_1_22' title="bbox 293 2025 1877 2096">
     <span class='ocr_line' id='line_1_22' title="bbox 293 2025 1877 2096; baseline 0.004 -18"><span class='ocrx_word' id='word_1_157' title='bbox 293 2025 576 2092; x_wconf 68' lang='lat' dir='ltr'><strong>praedicat,</strong></span> <span class='ocrx_word' id='word_1_158' title='bbox 600 2034 652 2080; x_wconf 89' lang='lat' dir='ltr'><strong>et</strong></span> <span class='ocrx_word' id='word_1_159' title='bbox 689 2026 776 2081; x_wconf 89' lang='lat' dir='ltr'><strong>ille</strong></span> <span class='ocrx_word' id='word_1_160' title='bbox 800 2027 888 2096; x_wconf 90' lang='lat' dir='ltr'><strong>qui</strong></span> <span class='ocrx_word' id='word_1_161' title='bbox 919 2037 1221 2091; x_wconf 82' lang='lat' dir='ltr'><strong>consecrat,</strong></span> <span class='ocrx_word' id='word_1_162' title='bbox 1260 2028 1596 2084; x_wconf 87' lang='lat' dir='ltr'><strong>ministrator</strong></span> <span class='ocrx_word' id='word_1_163' title='bbox 1627 2038 1728 2095; x_wconf 87' lang='lat' dir='ltr'><strong>est,</strong></span> <span class='ocrx_word' id='word_1_164' title='bbox 1771 2045 1877 2084; x_wconf 90' lang='lat' dir='ltr'><strong>non</strong></span> 
     </span>
    </p>
   </div>
   <div class='ocr_carea' id='block_1_23' title="bbox 293 2115 1879 2190">
    <p class='ocr_par' dir='ltr' id='par_1_23' title="bbox 293 2115 1879 2190">
     <span class='ocr_line' id='line_1_23' title="bbox 293 2115 1879 2190; baseline 0.004 -22"><span class='ocrx_word' id='word_1_165' title='bbox 293 2116 546 2170; x_wconf 80' lang='lat' dir='ltr'><strong>donator.</strong></span> <span class='ocrx_word' id='word_1_166' title='bbox 574 2115 730 2172; x_wconf 87' lang='lat' dir='ltr'><strong>Unde</strong></span> <span class='ocrx_word' id='word_1_167' title='bbox 759 2116 819 2170; x_wconf 90' lang='lat' dir='ltr'><strong>fit</strong></span> <span class='ocrx_word' id='word_1_168' title='bbox 868 2118 1187 2188; x_wconf 87' lang='lat' dir='ltr'><strong>plerumque</strong></span> <span class='ocrx_word' id='word_1_169' title='bbox 1215 2128 1274 2171; x_wconf 93' lang='lat' dir='ltr'><strong>ut</strong></span> <span class='ocrx_word' id='word_1_170' title='bbox 1304 2135 1407 2172; x_wconf 90' lang='lat' dir='ltr'><strong>una</strong></span> <span class='ocrx_word' id='word_1_171' title='bbox 1449 2119 1664 2190; x_wconf 84' lang='lat' dir='ltr'><strong>quidem</strong></span> <span class='ocrx_word' id='word_1_172' title='bbox 1695 2121 1766 2174; x_wconf 89' lang='lat' dir='ltr'><strong>sit</strong></span> <span class='ocrx_word' id='word_1_173' title='bbox 1788 2120 1879 2174; x_wconf 86' lang='lat' dir='ltr'><strong>do-</strong></span> 
     </span>
    </p>
   </div>
   <div class='ocr_carea' id='block_1_24' title="bbox 293 2207 1879 2282">
    <p class='ocr_par' dir='ltr' id='par_1_24' title="bbox 293 2207 1879 2282">
     <span class='ocr_line' id='line_1_24' title="bbox 293 2207 1879 2282; baseline 0.005 -22"><span class='ocrx_word' id='word_1_174' title='bbox 293 2207 457 2262; x_wconf 82' lang='lat' dir='ltr'><strong>ctoris</strong></span> <span class='ocrx_word' id='word_1_175' title='bbox 506 2208 708 2278; x_wconf 82' lang='lat' dir='ltr'><strong>lingua,</strong></span> <span class='ocrx_word' id='word_1_176' title='bbox 769 2209 862 2264; x_wconf 84' lang='lat' dir='ltr'><strong>sed</strong></span> <span class='ocrx_word' id='word_1_177' title='bbox 907 2225 1012 2264; x_wconf 91' lang='lat' dir='ltr'><strong>non</strong></span> <span class='ocrx_word' id='word_1_178' title='bbox 1047 2227 1152 2266; x_wconf 91' lang='lat' dir='ltr'><strong>uno</strong></span> <span class='ocrx_word' id='word_1_179' title='bbox 1193 2211 1355 2266; x_wconf 89' lang='lat' dir='ltr'><strong>modo</strong></span> <span class='ocrx_word' id='word_1_180' title='bbox 1383 2213 1521 2282; x_wconf 88' lang='lat' dir='ltr'><strong>apud</strong></span> <span class='ocrx_word' id='word_1_181' title='bbox 1571 2211 1879 2268; x_wconf 88' lang='lat' dir='ltr'><strong>auditorum</strong></span> 
     </span>
    </p>
   </div>
   <div class='ocr_carea' id='block_1_25' title="bbox 294 2300 1883 2371">
    <p class='ocr_par' dir='ltr' id='par_1_25' title="bbox 294 2300 1883 2371">
     <span class='ocr_line' id='line_1_25' title="bbox 294 2300 1883 2371; baseline 0.006 -21"><span class='ocrx_word' id='word_1_182' title='bbox 294 2309 506 2354; x_wconf 86' lang='lat' dir='ltr'><strong>mentes</strong></span> <span class='ocrx_word' id='word_1_183' title='bbox 554 2301 670 2371; x_wconf 88' lang='lat' dir='ltr'><strong>ejus</strong></span> <span class='ocrx_word' id='word_1_184' title='bbox 724 2300 1052 2357; x_wconf 83' lang='lat' dir='ltr'><strong>fruetificent</strong></span> <span class='ocrx_word' id='word_1_185' title='bbox 1097 2303 1286 2371; x_wconf 90' lang='lat' dir='ltr'><strong>verba,</strong></span> <span class='ocrx_word' id='word_1_186' title='bbox 1341 2304 1467 2358; x_wconf 90' lang='lat' dir='ltr'><strong>dum</strong></span> <span class='ocrx_word' id='word_1_187' title='bbox 1525 2304 1747 2358; x_wconf 79' lang='lat' dir='ltr'><strong>alterius</strong></span> <span class='ocrx_word' id='word_1_188' title='bbox 1786 2320 1883 2359; x_wconf 88' lang='lat' dir='ltr'><strong>cor</strong></span> 
     </span>
    </p>
   </div>
   <div class='ocr_carea' id='block_1_26' title="bbox 293 2391 1882 2466">
    <p class='ocr_par' dir='ltr' id='par_1_26' title="bbox 293 2391 1882 2466">
     <span class='ocr_line' id='line_1_26' title="bbox 293 2391 1882 2466; baseline 0.006 -23"><span class='ocrx_word' id='word_1_189' title='bbox 293 2391 436 2444; x_wconf 89' lang='lat' dir='ltr'><strong>velut</strong></span> <span class='ocrx_word' id='word_1_190' title='bbox 466 2391 678 2462; x_wconf 79' lang='lat' dir='ltr'><strong>glaciali</strong></span> <span class='ocrx_word' id='word_1_191' title='bbox 713 2391 914 2462; x_wconf 87' lang='lat' dir='ltr'><strong>frigore</strong></span> <span class='ocrx_word' id='word_1_192' title='bbox 946 2404 1172 2463; x_wconf 90' lang='lat' dir='ltr'><strong>torpeat,</strong></span> <span class='ocrx_word' id='word_1_193' title='bbox 1224 2395 1450 2450; x_wconf 88' lang='lat' dir='ltr'><strong>alterius</strong></span> <span class='ocrx_word' id='word_1_194' title='bbox 1501 2411 1629 2451; x_wconf 90' lang='lat' dir='ltr'><strong>vero</strong></span> <span class='ocrx_word' id='word_1_195' title='bbox 1657 2397 1882 2466; x_wconf 84' lang='lat' dir='ltr'><strong>spiritus</strong></span> 
     </span>
    </p>
   </div>
   <div class='ocr_carea' id='block_1_27' title="bbox 293 2485 1882 2558">
    <p class='ocr_par' dir='ltr' id='par_1_27' title="bbox 293 2485 1882 2558">
     <span class='ocr_line' id='line_1_27' title="bbox 293 2485 1882 2558; baseline 0.003 -19"><span class='ocrx_word' id='word_1_196' title='bbox 293 2485 482 2540; x_wconf 89' lang='lat' dir='ltr'><strong>audito</strong></span> <span class='ocrx_word' id='word_1_197' title='bbox 508 2486 674 2541; x_wconf 90' lang='lat' dir='ltr'><strong>verbo</strong></span> <span class='ocrx_word' id='word_1_198' title='bbox 697 2499 818 2540; x_wconf 84' lang='lat' dir='ltr'><strong>mox</strong></span> <span class='ocrx_word' id='word_1_199' title='bbox 845 2487 1008 2540; x_wconf 80' lang='lat' dir='ltr'><strong>divini</strong></span> <span class='ocrx_word' id='word_1_200' title='bbox 1033 2488 1234 2543; x_wconf 90' lang='lat' dir='ltr'><strong>amoris</strong></span> <span class='ocrx_word' id='word_1_201' title='bbox 1261 2489 1384 2558; x_wconf 82' lang='lat' dir='ltr'><strong>igne</strong></span> <span class='ocrx_word' id='word_1_202' title='bbox 1414 2488 1697 2545; x_wconf 82' lang='lat' dir='ltr'><strong>fervescat.</strong></span> <span class='ocrx_word' id='word_1_203' title='bbox 1727 2489 1882 2546; x_wconf 87' lang='lat' dir='ltr'><strong>Unde</strong></span> 
     </span>
    </p>
   </div>
   <div class='ocr_carea' id='block_1_28' title="bbox 292 2576 1881 2650">
    <p class='ocr_par' dir='ltr' id='par_1_28' title="bbox 292 2576 1881 2650">
     <span class='ocr_line' id='line_1_28' title="bbox 292 2576 1881 2650; baseline 0.004 -23"><span class='ocrx_word' id='word_1_204' title='bbox 292 2589 420 2645; x_wconf 83' lang='lat' dir='ltr'><strong>ergo</strong></span> <span class='ocrx_word' id='word_1_205' title='bbox 453 2576 537 2641; x_wconf 85' lang='lat' dir='ltr'><strong>fit,</strong></span> <span class='ocrx_word' id='word_1_206' title='bbox 561 2577 702 2645; x_wconf 87' lang='lat' dir='ltr'><strong>quod</strong></span> <span class='ocrx_word' id='word_1_207' title='bbox 731 2577 914 2642; x_wconf 85' lang='lat' dir='ltr'><strong>verba,</strong></span> <span class='ocrx_word' id='word_1_208' title='bbox 937 2594 1056 2647; x_wconf 67' lang='lat' dir='ltr'><strong>quae</strong></span> <span class='ocrx_word' id='word_1_209' title='bbox 1083 2591 1149 2632; x_wconf 79' lang='lat' dir='ltr'><strong>ex</strong></span> <span class='ocrx_word' id='word_1_210' title='bbox 1173 2593 1280 2634; x_wconf 90' lang='lat' dir='ltr'><strong>uno</strong></span> <span class='ocrx_word' id='word_1_211' title='bbox 1305 2593 1398 2633; x_wconf 89' lang='lat' dir='ltr'><strong>ore</strong></span> <span class='ocrx_word' id='word_1_212' title='bbox 1430 2581 1715 2650; x_wconf 90' lang='lat' dir='ltr'><strong>prodeunt,</strong></span> <span class='ocrx_word' id='word_1_213' title='bbox 1743 2580 1881 2633; x_wconf 79' lang='lat' dir='ltr'><strong>mul-</strong></span> 
     </span>
    </p>
   </div>
   <div class='ocr_carea' id='block_1_29' title="bbox 292 2668 1881 2737">
    <p class='ocr_par' dir='ltr' id='par_1_29' title="bbox 292 2668 1881 2737">
     <span class='ocr_line' id='line_1_29' title="bbox 292 2668 1881 2737; baseline 0.003 -17"><span class='ocrx_word' id='word_1_214' title='bbox 292 2675 592 2737; x_wconf 85' lang='lat' dir='ltr'><strong>torumque</strong></span> <span class='ocrx_word' id='word_1_215' title='bbox 627 2683 784 2724; x_wconf 89' lang='lat' dir='ltr'><strong>aures</strong></span> <span class='ocrx_word' id='word_1_216' title='bbox 833 2668 1139 2725; x_wconf 90' lang='lat' dir='ltr'><strong>informiter</strong></span> <span class='ocrx_word' id='word_1_217' title='bbox 1182 2669 1399 2733; x_wconf 88' lang='lat' dir='ltr'><strong>feriunt.</strong></span> <span class='ocrx_word' id='word_1_218' title='bbox 1446 2686 1548 2725; x_wconf 92' lang='lat' dir='ltr'><strong>non</strong></span> <span class='ocrx_word' id='word_1_219' title='bbox 1582 2685 1686 2724; x_wconf 92' lang='lat' dir='ltr'><strong>uno</strong></span> <span class='ocrx_word' id='word_1_220' title='bbox 1723 2671 1881 2724; x_wconf 88' lang='lat' dir='ltr'><strong>modo</strong></span> 
     </span>
    </p>
   </div>
   <div class='ocr_carea' id='block_1_30' title="bbox 293 2759 1878 2832">
    <p class='ocr_par' dir='ltr' id='par_1_30' title="bbox 293 2759 1878 2832">
     <span class='ocr_line' id='line_1_30' title="bbox 293 2759 1878 2832; baseline 0.001 -20"><span class='ocrx_word' id='word_1_221' title='bbox 293 2759 360 2812; x_wconf 90' lang='lat' dir='ltr'><strong>ad</strong></span> <span class='ocrx_word' id='word_1_222' title='bbox 392 2760 644 2814; x_wconf 88' lang='lat' dir='ltr'><strong>cordium</strong></span> <span class='ocrx_word' id='word_1_223' title='bbox 689 2776 885 2816; x_wconf 89' lang='lat' dir='ltr'><strong>arcana</strong></span> <span class='ocrx_word' id='word_1_224' title='bbox 929 2761 1277 2832; x_wconf 80' lang='lat' dir='ltr'><strong>pertingant;</strong></span> <span class='ocrx_word' id='word_1_225' title='bbox 1325 2762 1426 2817; x_wconf 92' lang='lat' dir='ltr'><strong>nisi</strong></span> <span class='ocrx_word' id='word_1_226' title='bbox 1455 2763 1578 2832; x_wconf 88' lang='lat' dir='ltr'><strong>quia</strong></span> <span class='ocrx_word' id='word_1_227' title='bbox 1607 2761 1747 2816; x_wconf 88' lang='lat' dir='ltr'><strong>alius</strong></span> <span class='ocrx_word' id='word_1_228' title='bbox 1776 2770 1878 2827; x_wconf 89' lang='lat' dir='ltr'><strong>est,</strong></span> 
     </span>
    </p>
   </div>
   <div class='ocr_carea' id='block_1_31' title="bbox 291 2850 1881 2923">
    <p class='ocr_par' dir='ltr' id='par_1_31' title="bbox 291 2850 1881 2923">
     <span class='ocr_line' id='line_1_31' title="bbox 291 2850 1881 2923; baseline 0.003 -21"><span class='ocrx_word' id='word_1_229' title='bbox 291 2851 385 2920; x_wconf 88' lang='lat' dir='ltr'><strong>qui</strong></span> <span class='ocrx_word' id='word_1_230' title='bbox 425 2853 776 2907; x_wconf 72' lang='lat' dir='ltr'><strong>extrinsecus</strong></span> <span class='ocrx_word' id='word_1_231' title='bbox 825 2867 892 2908; x_wconf 86' lang='lat' dir='ltr'><strong>ex</strong></span> <span class='ocrx_word' id='word_1_232' title='bbox 941 2850 1115 2908; x_wconf 70' lang='lat' dir='ltr'><strong>officio</strong></span> <span class='ocrx_word' id='word_1_233' title='bbox 1162 2853 1357 2923; x_wconf 74' lang='lat' dir='ltr'><strong>lingua:</strong></span> <span class='ocrx_word' id='word_1_234' title='bbox 1408 2853 1711 2917; x_wconf 87' lang='lat' dir='ltr'><strong>ministrat;</strong></span> <span class='ocrx_word' id='word_1_235' title='bbox 1742 2851 1881 2906; x_wconf 85' lang='lat' dir='ltr'><strong>alius</strong></span> 
     </span>
    </p>
   </div>
   <div class='ocr_carea' id='block_1_32' title="bbox 291 2941 1881 3014">
    <p class='ocr_par' dir='ltr' id='par_1_32' title="bbox 291 2941 1881 3014">
     <span class='ocr_line' id='line_1_32' title="bbox 291 2941 1881 3014; baseline 0.003 -20"><span class='ocrx_word' id='word_1_236' title='bbox 291 2941 387 3010; x_wconf 88' lang='lat' dir='ltr'><strong>qui</strong></span> <span class='ocrx_word' id='word_1_237' title='bbox 426 2943 650 3012; x_wconf 85' lang='lat' dir='ltr'><strong>propria</strong></span> <span class='ocrx_word' id='word_1_238' title='bbox 675 2944 874 2999; x_wconf 89' lang='lat' dir='ltr'><strong>virtute</strong></span> <span class='ocrx_word' id='word_1_239' title='bbox 899 2959 1060 3000; x_wconf 85' lang='lat' dir='ltr'><strong>voces</strong></span> <span class='ocrx_word' id='word_1_240' title='bbox 1095 2945 1441 3014; x_wconf 64' lang='lat' dir='ltr'><strong>pratdicantis</strong></span> <span class='ocrx_word' id='word_1_241' title='bbox 1485 2960 1583 3014; x_wconf 89' lang='lat' dir='ltr'><strong>per</strong></span> <span class='ocrx_word' id='word_1_242' title='bbox 1621 2945 1881 3000; x_wconf 85' lang='lat' dir='ltr'><strong>interiora</strong></span> 
     </span>
    </p>
   </div>
   <div class='ocr_carea' id='block_1_33' title="bbox 293 3037 1878 3110">
    <p class='ocr_par' dir='ltr' id='par_1_33' title="bbox 293 3037 1878 3110">
     <span class='ocr_line' id='line_1_33' title="bbox 293 3037 1878 3110; baseline 0.001 -18"><span class='ocrx_word' id='word_1_243' title='bbox 293 3037 614 3106; x_wconf 84' lang='lat' dir='ltr'><strong>dispensat?</strong></span> <span class='ocrx_word' id='word_1_244' title='bbox 670 3037 794 3092; x_wconf 83' lang='lat' dir='ltr'><strong>Sive</strong></span> <span class='ocrx_word' id='word_1_245' title='bbox 821 3052 949 3110; x_wconf 85' lang='lat' dir='ltr'><strong>ergo</strong></span> <span class='ocrx_word' id='word_1_246' title='bbox 978 3037 1032 3093; x_wconf 87' lang='lat' dir='ltr'><strong>in</strong></span> <span class='ocrx_word' id='word_1_247' title='bbox 1068 3039 1354 3109; x_wconf 83' lang='lat' dir='ltr'><strong>erogandis</strong></span> <span class='ocrx_word' id='word_1_248' title='bbox 1385 3039 1642 3094; x_wconf 66' lang='lat' dir='ltr'><strong>doctrinae</strong></span> <span class='ocrx_word' id='word_1_249' title='bbox 1677 3040 1878 3106; x_wconf 86' lang='lat' dir='ltr'><strong>verbis,</strong></span> 
     </span>
    </p>
   </div>
   <div class='ocr_carea' id='block_1_34' title="bbox 1985 476 3569 552">
    <p class='ocr_par' dir='ltr' id='par_1_34' title="bbox 1985 476 3569 552">
     <span class='ocr_line' id='line_1_34' title="bbox 1985 476 3569 552; baseline 0.016 -27"><span class='ocrx_word' id='word_1_250' title='bbox 1985 482 2102 537; x_wconf 88' lang='lat' dir='ltr'><strong>tur;</strong></span> <span class='ocrx_word' id='word_1_251' title='bbox 2151 483 2210 528; x_wconf 90' lang='lat' dir='ltr'><strong>ut</strong></span> <span class='ocrx_word' id='word_1_252' title='bbox 2237 483 2292 529; x_wconf 93' lang='lat' dir='ltr'><strong>et</strong></span> <span class='ocrx_word' id='word_1_253' title='bbox 2319 476 2684 546; x_wconf 89' lang='lat' dir='ltr'><strong>ordinatores,</strong></span> <span class='ocrx_word' id='word_1_254' title='bbox 2733 489 2786 534; x_wconf 84' lang='lat' dir='ltr'><strong>et</strong></span> <span class='ocrx_word' id='word_1_255' title='bbox 2833 485 3111 542; x_wconf 88' lang='lat' dir='ltr'><strong>ordinatos</strong></span> <span class='ocrx_word' id='word_1_256' title='bbox 3158 505 3320 544; x_wconf 90' lang='lat' dir='ltr'><strong>unum</strong></span> <span class='ocrx_word' id='word_1_257' title='bbox 3367 490 3569 552; x_wconf 85' lang='lat' dir='ltr'><strong>debere</strong></span> 
     </span>
    </p>
   </div>
   <div class='ocr_carea' id='block_1_35' title="bbox 1983 566 3567 655">
    <p class='ocr_par' dir='ltr' id='par_1_35' title="bbox 1983 566 3567 655">
     <span class='ocr_line' id='line_1_35' title="bbox 1983 566 3567 655; baseline 0.016 -35"><span class='ocrx_word' id='word_1_258' title='bbox 1983 566 2229 634; x_wconf 86' lang='lat' dir='ltr'><strong>spiritum</strong></span> <span class='ocrx_word' id='word_1_259' title='bbox 2289 569 2490 625; x_wconf 88' lang='lat' dir='ltr'><strong>habere</strong></span> <span class='ocrx_word' id='word_1_260' title='bbox 2544 575 2888 642; x_wconf 87' lang='lat' dir='ltr'><strong>perspicuum</strong></span> <span class='ocrx_word' id='word_1_261' title='bbox 2943 579 3254 638; x_wconf 88' lang='lat' dir='ltr'><strong>doceatur:</strong></span> <span class='ocrx_word' id='word_1_262' title='bbox 3295 596 3567 655; x_wconf 75' lang='lat' dir='ltr'><strong>quatenus</strong></span> 
     </span>
    </p>
   </div>
   <div class='ocr_carea' id='block_1_36' title="bbox 1981 661 3568 736">
    <p class='ocr_par' dir='ltr' id='par_1_36' title="bbox 1981 661 3568 736">
     <span class='ocr_line' id='line_1_36' title="bbox 1981 661 3568 736; baseline 0.014 -23"><span class='ocrx_word' id='word_1_263' title='bbox 1981 668 2218 714; x_wconf 89' lang='lat' dir='ltr'><strong>rectores</strong></span> <span class='ocrx_word' id='word_1_264' title='bbox 2248 661 2502 716; x_wconf 59' lang='lat' dir='ltr'><strong>Ecclesiae</strong></span> <span class='ocrx_word' id='word_1_265' title='bbox 2548 679 2890 736; x_wconf 82' lang='lat' dir='ltr'><strong>nequaquam</strong></span> <span class='ocrx_word' id='word_1_266' title='bbox 2919 669 3062 726; x_wconf 88' lang='lat' dir='ltr'><strong>inter</strong></span> <span class='ocrx_word' id='word_1_267' title='bbox 3106 688 3165 730; x_wconf 89' lang='lat' dir='ltr'><strong>se</strong></span> <span class='ocrx_word' id='word_1_268' title='bbox 3195 675 3409 732; x_wconf 86' lang='lat' dir='ltr'><strong>diversa</strong></span> <span class='ocrx_word' id='word_1_269' title='bbox 3441 694 3568 734; x_wconf 83' lang='lat' dir='ltr'><strong>sen-</strong></span> 
     </span>
    </p>
   </div>
   <div class='ocr_carea' id='block_1_37' title="bbox 1981 753 3566 840">
    <p class='ocr_par' dir='ltr' id='par_1_37' title="bbox 1981 753 3566 840">
     <span class='ocr_line' id='line_1_37' title="bbox 1981 753 3566 840; baseline 0.013 -34"><span class='ocrx_word' id='word_1_270' title='bbox 1981 754 2139 816; x_wconf 88' lang='lat' dir='ltr'><strong>tiant,</strong></span> <span class='ocrx_word' id='word_1_271' title='bbox 2167 753 2309 808; x_wconf 92' lang='lat' dir='ltr'><strong>unde</strong></span> <span class='ocrx_word' id='word_1_272' title='bbox 2329 755 2644 821; x_wconf 82' lang='lat' dir='ltr'><strong>schismata,</strong></span> <span class='ocrx_word' id='word_1_273' title='bbox 2662 760 2805 828; x_wconf 92' lang='lat' dir='ltr'><strong>quod</strong></span> <span class='ocrx_word' id='word_1_274' title='bbox 2835 761 2994 827; x_wconf 88' lang='lat' dir='ltr'><strong>absit,</strong></span> <span class='ocrx_word' id='word_1_275' title='bbox 3022 774 3116 818; x_wconf 91' lang='lat' dir='ltr'><strong>aut</strong></span> <span class='ocrx_word' id='word_1_276' title='bbox 3139 767 3374 824; x_wconf 80' lang='lat' dir='ltr'><strong>luel&#39;eses</strong></span> <span class='ocrx_word' id='word_1_277' title='bbox 3399 774 3566 840; x_wconf 89' lang='lat' dir='ltr'><strong>pesti-</strong></span> 
     </span>
    </p>
   </div>
   <div class='ocr_carea' id='block_1_38' title="bbox 1981 843 3567 920">
    <p class='ocr_par' dir='ltr' id='par_1_38' title="bbox 1981 843 3567 920">
     <span class='ocr_line' id='line_1_38' title="bbox 1981 843 3567 920; baseline 0.015 -23"><span class='ocrx_word' id='word_1_278' title='bbox 1981 843 2157 898; x_wconf 81' lang='lat' dir='ltr'><strong>lenter</strong></span> <span class='ocrx_word' id='word_1_279' title='bbox 2195 855 2505 916; x_wconf 80' lang='lat' dir='ltr'><strong>emergant;</strong></span> <span class='ocrx_word' id='word_1_280' title='bbox 2539 851 2634 903; x_wconf 91' lang='lat' dir='ltr'><strong>sed</strong></span> <span class='ocrx_word' id='word_1_281' title='bbox 2665 866 2829 905; x_wconf 91' lang='lat' dir='ltr'><strong>unum</strong></span> <span class='ocrx_word' id='word_1_282' title='bbox 2865 868 3056 911; x_wconf 82' lang='lat' dir='ltr'><strong>omnes</strong></span> <span class='ocrx_word' id='word_1_283' title='bbox 3098 863 3441 918; x_wconf 88' lang='lat' dir='ltr'><strong>concorditer</strong></span> <span class='ocrx_word' id='word_1_284' title='bbox 3470 866 3567 920; x_wconf 84' lang='lat' dir='ltr'><strong>do-</strong></span> 
     </span>
    </p>
   </div>
   <div class='ocr_carea' id='block_1_39' title="bbox 1981 937 3562 1011">
    <p class='ocr_par' dir='ltr' id='par_1_39' title="bbox 1981 937 3562 1011">
     <span class='ocr_line' id='line_1_39' title="bbox 1981 937 3562 1011; baseline 0.014 -23"><span class='ocrx_word' id='word_1_285' title='bbox 1981 944 2159 998; x_wconf 89' lang='lat' dir='ltr'><strong>ceant,</strong></span> <span class='ocrx_word' id='word_1_286' title='bbox 2199 945 2358 1005; x_wconf 90' lang='lat' dir='ltr'><strong>atque</strong></span> <span class='ocrx_word' id='word_1_287' title='bbox 2407 937 2460 991; x_wconf 86' lang='lat' dir='ltr'><strong>in</strong></span> <span class='ocrx_word' id='word_1_288' title='bbox 2491 939 2699 994; x_wconf 86' lang='lat' dir='ltr'><strong>unitate</strong></span> <span class='ocrx_word' id='word_1_289' title='bbox 2736 943 2956 1011; x_wconf 87' lang='lat' dir='ltr'><strong>spiritus</strong></span> <span class='ocrx_word' id='word_1_290' title='bbox 2999 949 3328 1006; x_wconf 87' lang='lat' dir='ltr'><strong>unanimiter</strong></span> <span class='ocrx_word' id='word_1_291' title='bbox 3354 955 3562 1010; x_wconf 88' lang='lat' dir='ltr'><strong>vivant.</strong></span> 
     </span>
    </p>
   </div>
   <div class='ocr_carea' id='block_1_40' title="bbox 1978 1023 3566 1114">
    <p class='ocr_par' dir='ltr' id='par_1_40' title="bbox 1978 1023 3566 1114">
     <span class='ocr_line' id='line_1_40' title="bbox 1978 1023 3566 1114; baseline 0.015 -37"><span class='ocrx_word' id='word_1_292' title='bbox 1978 1023 2152 1078; x_wconf 87' lang='lat' dir='ltr'><strong>Porro</strong></span> <span class='ocrx_word' id='word_1_293' title='bbox 2170 1035 2369 1092; x_wconf 88' lang='lat' dir='ltr'><strong>autem,</strong></span> <span class='ocrx_word' id='word_1_294' title='bbox 2387 1029 2526 1083; x_wconf 90' lang='lat' dir='ltr'><strong>sicut</strong></span> <span class='ocrx_word' id='word_1_295' title='bbox 2543 1033 2877 1104; x_wconf 88' lang='lat' dir='ltr'><strong>septuaginta</strong></span> <span class='ocrx_word' id='word_1_296' title='bbox 2904 1035 3001 1100; x_wconf 93' lang='lat' dir='ltr'><strong>illi,</strong></span> <span class='ocrx_word' id='word_1_297' title='bbox 3017 1051 3149 1105; x_wconf 93' lang='lat' dir='ltr'><strong>quos</strong></span> <span class='ocrx_word' id='word_1_298' title='bbox 3169 1038 3427 1098; x_wconf 87' lang='lat' dir='ltr'><strong>Dominus</strong></span> <span class='ocrx_word' id='word_1_299' title='bbox 3444 1054 3566 1114; x_wconf 86' lang='lat' dir='ltr'><strong>post</strong></span> 
     </span>
    </p>
   </div>
   <div class='ocr_carea' id='block_1_41' title="bbox 1980 1115 3561 1199">
    <p class='ocr_par' dir='ltr' id='par_1_41' title="bbox 1980 1115 3561 1199">
     <span class='ocr_line' id='line_1_41' title="bbox 1980 1115 3561 1199; baseline 0.014 -32"><span class='ocrx_word' id='word_1_300' title='bbox 1980 1115 2252 1184; x_wconf 85' lang='lat' dir='ltr'><strong>apostolos</strong></span> <span class='ocrx_word' id='word_1_301' title='bbox 2293 1118 2564 1173; x_wconf 80' lang='lat' dir='ltr'><strong>ordinavit</strong></span> <span class='ocrx_word' id='word_1_302' title='bbox 2616 1120 2764 1191; x_wconf 82' lang='lat' dir='ltr'><strong>(Luc.</strong></span> <span class='ocrx_word' id='word_1_303' title='bbox 2799 1125 2877 1191; x_wconf 70' lang='grc' dir='ltr'><strong>χ),</strong></span> <span class='ocrx_word' id='word_1_304' title='bbox 2913 1127 3243 1198; x_wconf 85' lang='lat' dir='ltr'><strong>totidemque</strong></span> <span class='ocrx_word' id='word_1_305' title='bbox 3287 1129 3400 1188; x_wconf 84' lang='lat' dir='ltr'><strong>fere</strong></span> <span class='ocrx_word' id='word_1_306' title='bbox 3449 1134 3561 1199; x_wconf 87' lang='lat' dir='ltr'><strong>isti,</strong></span> 
     </span>
    </p>
   </div>
   <div class='ocr_carea' id='block_1_42' title="bbox 1980 1206 3564 1294">
    <p class='ocr_par' dir='ltr' id='par_1_42' title="bbox 1980 1206 3564 1294">
     <span class='ocr_line' id='line_1_42' title="bbox 1980 1206 3564 1294; baseline 0.013 -37"><span class='ocrx_word' id='word_1_307' title='bbox 1980 1221 2115 1274; x_wconf 88' lang='lat' dir='ltr'><strong>quos</strong></span> <span class='ocrx_word' id='word_1_308' title='bbox 2133 1222 2254 1260; x_wconf 93' lang='lat' dir='ltr'><strong>cum</strong></span> <span class='ocrx_word' id='word_1_309' title='bbox 2279 1206 2459 1279; x_wconf 83' lang='lat' dir='ltr'><strong>Moyse</strong></span> <span class='ocrx_word' id='word_1_310' title='bbox 2478 1219 2785 1268; x_wconf 86' lang='lat' dir='ltr'><strong>sustentare</strong></span> <span class='ocrx_word' id='word_1_311' title='bbox 2808 1215 2987 1284; x_wconf 88' lang='lat' dir='ltr'><strong>populi</strong></span> <span class='ocrx_word' id='word_1_312' title='bbox 3011 1233 3147 1272; x_wconf 76' lang='lat' dir='ltr'><strong>otius</strong></span> <span class='ocrx_word' id='word_1_313' title='bbox 3172 1220 3358 1287; x_wconf 83' lang='lat' dir='ltr'><strong>voluit,</strong></span> <span class='ocrx_word' id='word_1_314' title='bbox 3385 1232 3564 1294; x_wconf 82' lang='lat' dir='ltr'><strong>typum</strong></span> 
     </span>
    </p>
   </div>
   <div class='ocr_carea' id='block_1_43' title="bbox 1978 1298 3568 1384">
    <p class='ocr_par' dir='ltr' id='par_1_43' title="bbox 1978 1298 3568 1384">
     <span class='ocr_line' id='line_1_43' title="bbox 1978 1298 3568 1384; baseline 0.014 -37"><span class='ocrx_word' id='word_1_315' title='bbox 1978 1298 2386 1365; x_wconf 67' lang='lat' dir='ltr'><strong>prmtcndebant</strong></span> <span class='ocrx_word' id='word_1_316' title='bbox 2404 1302 2871 1372; x_wconf 82' lang='lat' dir='ltr'><strong>presbyterorum;</strong></span> <span class='ocrx_word' id='word_1_317' title='bbox 2893 1307 2964 1360; x_wconf 88' lang='lat' dir='ltr'><strong>ita</strong></span> <span class='ocrx_word' id='word_1_318' title='bbox 2985 1309 3333 1365; x_wconf 89' lang='lat' dir='ltr'><strong>nihilominus</strong></span> <span class='ocrx_word' id='word_1_319' title='bbox 3357 1311 3568 1384; x_wconf 82' lang='lat' dir='ltr'><strong>Moyses</strong></span> 
     </span>
    </p>
   </div>
   <div class='ocr_carea' id='block_1_44' title="bbox 1980 1386 3568 1469">
    <p class='ocr_par' dir='ltr' id='par_1_44' title="bbox 1980 1386 3568 1469">
     <span class='ocr_line' id='line_1_44' title="bbox 1980 1386 3568 1469; baseline 0.016 -33"><span class='ocrx_word' id='word_1_320' title='bbox 1980 1386 2235 1452; x_wconf 83' lang='lat' dir='ltr'><strong>primum,</strong></span> <span class='ocrx_word' id='word_1_321' title='bbox 2267 1396 2319 1440; x_wconf 77' lang='grc' dir='ltr'><strong>ιιι</strong></span> <span class='ocrx_word' id='word_1_322' title='bbox 2351 1400 2467 1458; x_wconf 89' lang='lat' dir='ltr'><strong>post</strong></span> <span class='ocrx_word' id='word_1_323' title='bbox 2510 1394 2740 1462; x_wconf 87' lang='lat' dir='ltr'><strong>apostoli</strong></span> <span class='ocrx_word' id='word_1_324' title='bbox 2788 1397 3106 1469; x_wconf 88' lang='lat' dir='ltr'><strong>dignitatem</strong></span> <span class='ocrx_word' id='word_1_325' title='bbox 3148 1402 3397 1457; x_wconf 89' lang='lat' dir='ltr'><strong>videntur</strong></span> <span class='ocrx_word' id='word_1_326' title='bbox 3426 1405 3568 1460; x_wconf 88' lang='lat' dir='ltr'><strong>obti-</strong></span> 
     </span>
    </p>
   </div>
   <div class='ocr_carea' id='block_1_45' title="bbox 1982 1477 3561 1558">
    <p class='ocr_par' dir='ltr' id='par_1_45' title="bbox 1982 1477 3561 1558">
     <span class='ocr_line' id='line_1_45' title="bbox 1982 1477 3561 1558; baseline 0.014 -32"><span class='ocrx_word' id='word_1_327' title='bbox 1982 1477 2163 1529; x_wconf 82' lang='lat' dir='ltr'><strong>nuisse</strong></span> <span class='ocrx_word' id='word_1_328' title='bbox 2191 1480 2505 1545; x_wconf 90' lang='lat' dir='ltr'><strong>poutiticum</strong></span> <span class='ocrx_word' id='word_1_329' title='bbox 2540 1491 2634 1536; x_wconf 88' lang='lat' dir='ltr'><strong>:et</strong></span> <span class='ocrx_word' id='word_1_330' title='bbox 2661 1485 2797 1538; x_wconf 83' lang='lat' dir='ltr'><strong>sicut</strong></span> <span class='ocrx_word' id='word_1_331' title='bbox 2841 1501 3014 1556; x_wconf 81' lang='lat' dir='ltr'><strong>neque</strong></span> <span class='ocrx_word' id='word_1_332' title='bbox 3068 1487 3140 1542; x_wconf 90' lang='lat' dir='ltr'><strong>illi</strong></span> <span class='ocrx_word' id='word_1_333' title='bbox 3190 1491 3257 1544; x_wconf 91' lang='lat' dir='ltr'><strong>ab</strong></span> <span class='ocrx_word' id='word_1_334' title='bbox 3283 1492 3561 1558; x_wconf 83' lang='lat' dir='ltr'><strong>apostolis,</strong></span> 
     </span>
    </p>
   </div>
   <div class='ocr_carea' id='block_1_46' title="bbox 1980 1565 3572 1653">
    <p class='ocr_par' dir='ltr' id='par_1_46' title="bbox 1980 1565 3572 1653">
     <span class='ocr_line' id='line_1_46' title="bbox 1980 1565 3572 1653; baseline 0.015 -39"><span class='ocrx_word' id='word_1_335' title='bbox 1980 1577 2154 1633; x_wconf 86' lang='lat' dir='ltr'><strong>neque</strong></span> <span class='ocrx_word' id='word_1_336' title='bbox 2189 1565 2274 1620; x_wconf 90' lang='lat' dir='ltr'><strong>isti</strong></span> <span class='ocrx_word' id='word_1_337' title='bbox 2313 1583 2340 1619; x_wconf 90' lang='lat' dir='ltr'><strong>a</strong></span> <span class='ocrx_word' id='word_1_338' title='bbox 2394 1565 2579 1638; x_wconf 85' lang='lat' dir='ltr'><strong>Moyse</strong></span> <span class='ocrx_word' id='word_1_339' title='bbox 2611 1571 2870 1640; x_wconf 92' lang='lat' dir='ltr'><strong>Spiritum</strong></span> <span class='ocrx_word' id='word_1_340' title='bbox 2905 1585 3152 1630; x_wconf 85' lang='lat' dir='ltr'><strong>sanctum</strong></span> <span class='ocrx_word' id='word_1_341' title='bbox 3202 1580 3445 1650; x_wconf 88' lang='lat' dir='ltr'><strong>accipere</strong></span> <span class='ocrx_word' id='word_1_342' title='bbox 3471 1568 3572 1653; x_wconf 15' lang='lat' dir='ltr'><strong>po-I</strong></span> 
     </span>
    </p>
   </div>
   <div class='ocr_carea' id='block_1_47' title="bbox 1981 1656 3556 1738">
    <p class='ocr_par' dir='ltr' id='par_1_47' title="bbox 1981 1656 3556 1738">
     <span class='ocr_line' id='line_1_47' title="bbox 1981 1656 3556 1738; baseline 0.015 -32"><span class='ocrx_word' id='word_1_343' title='bbox 1981 1661 2232 1721; x_wconf 90' lang='lat' dir='ltr'><strong>tuerunt;</strong></span> <span class='ocrx_word' id='word_1_344' title='bbox 2285 1656 2364 1712; x_wconf 91' lang='lat' dir='ltr'><strong>sic</strong></span> <span class='ocrx_word' id='word_1_345' title='bbox 2410 1660 2574 1713; x_wconf 87' lang='lat' dir='ltr'><strong>etiam</strong></span> <span class='ocrx_word' id='word_1_346' title='bbox 2609 1662 2674 1716; x_wconf 92' lang='lat' dir='ltr'><strong>de</strong></span> <span class='ocrx_word' id='word_1_347' title='bbox 2700 1664 2989 1735; x_wconf 83' lang='lat' dir='ltr'><strong>episcopis,</strong></span> <span class='ocrx_word' id='word_1_348' title='bbox 3023 1670 3343 1738; x_wconf 61' lang='lat' dir='ltr'><strong>ueterisque</strong></span> <span class='ocrx_word' id='word_1_349' title='bbox 3378 1673 3556 1728; x_wconf 82' lang='lat' dir='ltr'><strong>eccle-</strong></span> 
     </span>
    </p>
   </div>
   <div class='ocr_carea' id='block_1_48' title="bbox 1979 1744 3556 1824">
    <p class='ocr_par' dir='ltr' id='par_1_48' title="bbox 1979 1744 3556 1824">
     <span class='ocr_line' id='line_1_48' title="bbox 1979 1744 3556 1824; baseline 0.012 -26"><span class='ocrx_word' id='word_1_350' title='bbox 1979 1744 2206 1800; x_wconf 62' lang='lat' dir='ltr'><strong>siasticae</strong></span> <span class='ocrx_word' id='word_1_351' title='bbox 2227 1748 2504 1816; x_wconf 80' lang='lat' dir='ltr'><strong>dignitatis</strong></span> <span class='ocrx_word' id='word_1_352' title='bbox 2525 1751 2805 1808; x_wconf 89' lang='lat' dir='ltr'><strong>ordinibus</strong></span> <span class='ocrx_word' id='word_1_353' title='bbox 2825 1758 3009 1824; x_wconf 86' lang='lat' dir='ltr'><strong>procul</strong></span> <span class='ocrx_word' id='word_1_354' title='bbox 3032 1760 3193 1813; x_wconf 90' lang='lat' dir='ltr'><strong>dubio</strong></span> <span class='ocrx_word' id='word_1_355' title='bbox 3217 1747 3556 1818; x_wconf 85' lang='lat' dir='ltr'><strong>sentiendum</strong></span> 
     </span>
    </p>
   </div>
   <div class='ocr_carea' id='block_1_49' title="bbox 1983 1838 3563 1922">
    <p class='ocr_par' dir='ltr' id='par_1_49' title="bbox 1983 1838 3563 1922">
     <span class='ocr_line' id='line_1_49' title="bbox 1983 1838 3563 1922; baseline 0.014 -32"><span class='ocrx_word' id='word_1_356' title='bbox 1983 1846 2067 1894; x_wconf 89' lang='lat' dir='ltr'><strong>est</strong></span> <span class='ocrx_word' id='word_1_357' title='bbox 2095 1856 2106 1890; x_wconf 91' lang='lat'>:</span> <span class='ocrx_word' id='word_1_358' title='bbox 2137 1838 2389 1893; x_wconf 87' lang='lat' dir='ltr'><strong>nimirum</strong></span> <span class='ocrx_word' id='word_1_359' title='bbox 2441 1842 2565 1911; x_wconf 82' lang='lat' dir='ltr'><strong>quia</strong></span> <span class='ocrx_word' id='word_1_360' title='bbox 2609 1860 2747 1898; x_wconf 92' lang='lat' dir='ltr'><strong>unus</strong></span> <span class='ocrx_word' id='word_1_361' title='bbox 2786 1848 3127 1918; x_wconf 86' lang='lat' dir='ltr'><strong>omnipotens</strong></span> <span class='ocrx_word' id='word_1_362' title='bbox 3157 1851 3323 1918; x_wconf 89' lang='lat' dir='ltr'><strong>Deus,</strong></span> <span class='ocrx_word' id='word_1_363' title='bbox 3350 1855 3439 1922; x_wconf 91' lang='lat' dir='ltr'><strong>qui</strong></span> <span class='ocrx_word' id='word_1_364' title='bbox 3469 1871 3563 1912; x_wconf 89' lang='lat' dir='ltr'><strong>eos</strong></span> 
     </span>
    </p>
   </div>
   <div class='ocr_carea' id='block_1_50' title="bbox 1980 1929 3556 2008">
    <p class='ocr_par' dir='ltr' id='par_1_50' title="bbox 1980 1929 3556 2008">
     <span class='ocr_line' id='line_1_50' title="bbox 1980 1929 3556 2008; baseline 0.013 -25"><span class='ocrx_word' id='word_1_365' title='bbox 1980 1945 2076 1999; x_wconf 89' lang='lat' dir='ltr'><strong>per</strong></span> <span class='ocrx_word' id='word_1_366' title='bbox 2106 1930 2349 1988; x_wconf 87' lang='lat' dir='ltr'><strong>diversos</strong></span> <span class='ocrx_word' id='word_1_367' title='bbox 2377 1934 2628 1989; x_wconf 90' lang='lat' dir='ltr'><strong>ordinum</strong></span> <span class='ocrx_word' id='word_1_368' title='bbox 2673 1929 2870 2008; x_wconf 80' lang='lat' dir='ltr'><strong>gradus</strong></span> <span class='ocrx_word' id='word_1_369' title='bbox 2907 1942 3292 2000; x_wconf 86' lang='lat' dir='ltr'><strong>moderaminis</strong></span> <span class='ocrx_word' id='word_1_370' title='bbox 3328 1948 3411 2002; x_wconf 89' lang='lat' dir='ltr'><strong>sui</strong></span> <span class='ocrx_word' id='word_1_371' title='bbox 3445 1949 3556 2004; x_wconf 85' lang='lat' dir='ltr'><strong>dis-</strong></span> 
     </span>
    </p>
   </div>
   <div class='ocr_carea' id='block_1_51' title="bbox 1981 2023 3554 2106">
    <p class='ocr_par' dir='ltr' id='par_1_51' title="bbox 1981 2023 3554 2106">
     <span class='ocr_line' id='line_1_51' title="bbox 1981 2023 3554 2106; baseline 0.011 -31"><span class='ocrx_word' id='word_1_372' title='bbox 1981 2023 2296 2090; x_wconf 87' lang='lat' dir='ltr'><strong>pensatione</strong></span> <span class='ocrx_word' id='word_1_373' title='bbox 2326 2025 2598 2090; x_wconf 72' lang='lat' dir='ltr'><strong>distinxit;</strong></span> <span class='ocrx_word' id='word_1_374' title='bbox 2634 2026 2780 2084; x_wconf 90' lang='lat' dir='ltr'><strong>solus</strong></span> <span class='ocrx_word' id='word_1_375' title='bbox 2825 2032 3009 2100; x_wconf 88' lang='lat' dir='ltr'><strong>etiam,</strong></span> <span class='ocrx_word' id='word_1_376' title='bbox 3057 2043 3214 2104; x_wconf 86' lang='lat' dir='ltr'><strong>prout</strong></span> <span class='ocrx_word' id='word_1_377' title='bbox 3242 2037 3355 2105; x_wconf 89' lang='lat' dir='ltr'><strong>ipse</strong></span> <span class='ocrx_word' id='word_1_378' title='bbox 3387 2038 3554 2106; x_wconf 88' lang='lat' dir='ltr'><strong>novit,</strong></span> 
     </span>
    </p>
   </div>
   <div class='ocr_carea' id='block_1_52' title="bbox 1985 2109 3562 2193">
    <p class='ocr_par' dir='ltr' id='par_1_52' title="bbox 1985 2109 3562 2193">
     <span class='ocr_line' id='line_1_52' title="bbox 1985 2109 3562 2193; baseline 0.012 -29"><span class='ocrx_word' id='word_1_379' title='bbox 1985 2109 2220 2181; x_wconf 88' lang='lat' dir='ltr'><strong>Spiritus</strong></span> <span class='ocrx_word' id='word_1_380' title='bbox 2253 2114 2336 2167; x_wconf 90' lang='lat' dir='ltr'><strong>sui</strong></span> <span class='ocrx_word' id='word_1_381' title='bbox 2380 2117 2607 2183; x_wconf 75' lang='lat' dir='ltr'><strong>gratiam</strong></span> <span class='ocrx_word' id='word_1_382' title='bbox 2647 2119 2701 2171; x_wconf 92' lang='lat' dir='ltr'><strong>iu</strong></span> <span class='ocrx_word' id='word_1_383' title='bbox 2741 2134 3179 2193; x_wconf 89' lang='lat' dir='ltr'><strong>unumquemque</strong></span> <span class='ocrx_word' id='word_1_384' title='bbox 3203 2125 3432 2181; x_wconf 74' lang='lat' dir='ltr'><strong>diffudit.</strong></span> <span class='ocrx_word' id='word_1_385' title='bbox 3459 2127 3562 2183; x_wconf 79' lang='lat' dir='ltr'><strong>Nc-</strong></span> 
     </span>
    </p>
   </div>
   <div class='ocr_carea' id='block_1_53' title="bbox 1983 2204 3560 2289">
    <p class='ocr_par' dir='ltr' id='par_1_53' title="bbox 1983 2204 3560 2289">
     <span class='ocr_line' id='line_1_53' title="bbox 1983 2204 3560 2289; baseline 0.014 -36"><span class='ocrx_word' id='word_1_386' title='bbox 1983 2217 2087 2271; x_wconf 89' lang='lat' dir='ltr'><strong>que</strong></span> <span class='ocrx_word' id='word_1_387' title='bbox 2111 2204 2253 2258; x_wconf 90' lang='lat' dir='ltr'><strong>enim</strong></span> <span class='ocrx_word' id='word_1_388' title='bbox 2284 2204 2335 2258; x_wconf 90' lang='lat' dir='ltr'><strong>in</strong></span> <span class='ocrx_word' id='word_1_389' title='bbox 2375 2205 2463 2258; x_wconf 90' lang='lat' dir='ltr'><strong>illa</strong></span> <span class='ocrx_word' id='word_1_390' title='bbox 2517 2205 2749 2276; x_wconf 89' lang='lat' dir='ltr'><strong>Spiritus</strong></span> <span class='ocrx_word' id='word_1_391' title='bbox 2797 2211 3011 2267; x_wconf 88' lang='lat' dir='ltr'><strong>datione</strong></span> <span class='ocrx_word' id='word_1_392' title='bbox 3042 2214 3186 2268; x_wconf 89' lang='lat' dir='ltr'><strong>aliud</strong></span> <span class='ocrx_word' id='word_1_393' title='bbox 3217 2217 3317 2270; x_wconf 86' lang='lat' dir='ltr'><strong>sibi</strong></span> <span class='ocrx_word' id='word_1_394' title='bbox 3354 2218 3560 2289; x_wconf 86' lang='lat' dir='ltr'><strong>Moyses</strong></span> 
     </span>
    </p>
   </div>
   <div class='ocr_carea' id='block_1_54' title="bbox 1983 2297 3557 2376">
    <p class='ocr_par' dir='ltr' id='par_1_54' title="bbox 1983 2297 3557 2376">
     <span class='ocr_line' id='line_1_54' title="bbox 1983 2297 3557 2376; baseline 0.011 -29"><span class='ocrx_word' id='word_1_395' title='bbox 1983 2309 2238 2364; x_wconf 84' lang='lat' dir='ltr'><strong>arrogare</strong></span> <span class='ocrx_word' id='word_1_396' title='bbox 2265 2297 2606 2369; x_wconf 78' lang='lat' dir='ltr'><strong>privilegium</strong></span> <span class='ocrx_word' id='word_1_397' title='bbox 2637 2301 2830 2369; x_wconf 88' lang='lat' dir='ltr'><strong>potuit,</strong></span> <span class='ocrx_word' id='word_1_398' title='bbox 2856 2320 3016 2373; x_wconf 90' lang='lat' dir='ltr'><strong>quam</strong></span> <span class='ocrx_word' id='word_1_399' title='bbox 3049 2307 3190 2376; x_wconf 86' lang='lat' dir='ltr'><strong>quod</strong></span> <span class='ocrx_word' id='word_1_400' title='bbox 3236 2309 3310 2361; x_wconf 90' lang='lat' dir='ltr'><strong>illi</strong></span> <span class='ocrx_word' id='word_1_401' title='bbox 3348 2325 3448 2364; x_wconf 86' lang='lat' dir='ltr'><strong>vox</strong></span> <span class='ocrx_word' id='word_1_402' title='bbox 3477 2312 3557 2364; x_wconf 87' lang='lat' dir='ltr'><strong>di-</strong></span> 
     </span>
    </p>
   </div>
   <div class='ocr_carea' id='block_1_55' title="bbox 1983 2386 3562 2468">
    <p class='ocr_par' dir='ltr' id='par_1_55' title="bbox 1983 2386 3562 2468">
     <span class='ocr_line' id='line_1_55' title="bbox 1983 2386 3562 2468; baseline 0.011 -30"><span class='ocrx_word' id='word_1_403' title='bbox 1983 2386 2106 2440; x_wconf 83' lang='lat' dir='ltr'><strong>vina</strong></span> <span class='ocrx_word' id='word_1_404' title='bbox 2141 2390 2424 2460; x_wconf 65' lang='lat' dir='ltr'><strong>praacepit;</strong></span> <span class='ocrx_word' id='word_1_405' title='bbox 2462 2391 2738 2458; x_wconf 89' lang='lat' dir='ltr'><strong>nimirum,</strong></span> <span class='ocrx_word' id='word_1_406' title='bbox 2797 2403 2853 2447; x_wconf 91' lang='lat' dir='ltr'><strong>ut</strong></span> <span class='ocrx_word' id='word_1_407' title='bbox 2884 2396 3024 2448; x_wconf 64' lang='lat' dir='ltr'><strong>viros.-</strong></span> <span class='ocrx_word' id='word_1_408' title='bbox 3075 2399 3315 2468; x_wconf 67' lang='lat' dir='ltr'><strong>eligeret,</strong></span> <span class='ocrx_word' id='word_1_409' title='bbox 3362 2415 3562 2468; x_wconf 90' lang='lat' dir='ltr'><strong>eosque</strong></span> 
     </span>
    </p>
   </div>
   <div class='ocr_carea' id='block_1_56' title="bbox 1983 2477 3561 2551">
    <p class='ocr_par' dir='ltr' id='par_1_56' title="bbox 1983 2477 3561 2551">
     <span class='ocr_line' id='line_1_56' title="bbox 1983 2477 3561 2551; baseline 0.009 -21"><span class='ocrx_word' id='word_1_410' title='bbox 1983 2477 2182 2551; x_wconf 85' lang='lat' dir='ltr'><strong>ducens</strong></span> <span class='ocrx_word' id='word_1_411' title='bbox 2209 2479 2276 2532; x_wconf 91' lang='lat' dir='ltr'><strong>ad</strong></span> <span class='ocrx_word' id='word_1_412' title='bbox 2305 2481 2501 2534; x_wconf 87' lang='lat' dir='ltr'><strong>ostium</strong></span> <span class='ocrx_word' id='word_1_413' title='bbox 2533 2480 2881 2549; x_wconf 82' lang='lat' dir='ltr'><strong>tabernaculi,</strong></span> <span class='ocrx_word' id='word_1_414' title='bbox 2912 2500 3033 2538; x_wconf 90' lang='lat' dir='ltr'><strong>cum</strong></span> <span class='ocrx_word' id='word_1_415' title='bbox 3082 2488 3158 2540; x_wconf 87' lang='lat' dir='ltr'><strong>eis</strong></span> <span class='ocrx_word' id='word_1_416' title='bbox 3205 2496 3373 2543; x_wconf 75' lang='lat' dir='ltr'><strong>staret</strong></span> <span class='ocrx_word' id='word_1_417' title='bbox 3404 2507 3416 2541; x_wconf 90' lang='lat'>:</span> <span class='ocrx_word' id='word_1_418' title='bbox 3449 2491 3561 2544; x_wconf 75' lang='lat' dir='ltr'><strong>hzec</strong></span> 
     </span>
    </p>
   </div>
   <div class='ocr_carea' id='block_1_57' title="bbox 1983 2574 3559 2649">
    <p class='ocr_par' dir='ltr' id='par_1_57' title="bbox 1983 2574 3559 2649">
     <span class='ocr_line' id='line_1_57' title="bbox 1983 2574 3559 2649; baseline 0.007 -24"><span class='ocrx_word' id='word_1_419' title='bbox 1983 2580 2064 2625; x_wconf 91' lang='lat' dir='ltr'><strong>est</strong></span> <span class='ocrx_word' id='word_1_420' title='bbox 2096 2587 2305 2626; x_wconf 90' lang='lat' dir='ltr'><strong>summa</strong></span> <span class='ocrx_word' id='word_1_421' title='bbox 2356 2574 2535 2643; x_wconf 88' lang='lat' dir='ltr'><strong>operis</strong></span> <span class='ocrx_word' id='word_1_422' title='bbox 2571 2575 2760 2646; x_wconf 86' lang='lat' dir='ltr'><strong>Moysi.</strong></span> <span class='ocrx_word' id='word_1_423' title='bbox 2790 2577 2926 2644; x_wconf 85' lang='lat' dir='ltr'><strong>Quid</strong></span> <span class='ocrx_word' id='word_1_424' title='bbox 2963 2595 3089 2649; x_wconf 87' lang='lat' dir='ltr'><strong>ergo</strong></span> <span class='ocrx_word' id='word_1_425' title='bbox 3120 2596 3229 2635; x_wconf 76' lang='lat' dir='ltr'><strong>sua:</strong></span> <span class='ocrx_word' id='word_1_426' title='bbox 3263 2581 3474 2636; x_wconf 86' lang='lat' dir='ltr'><strong>virtutis</strong></span> <span class='ocrx_word' id='word_1_427' title='bbox 3508 2583 3559 2636; x_wconf 91' lang='lat' dir='ltr'><strong>in</strong></span> 
     </span>
    </p>
   </div>
   <div class='ocr_carea' id='block_1_58' title="bbox 1985 2662 3555 2740">
    <p class='ocr_par' dir='ltr' id='par_1_58' title="bbox 1985 2662 3555 2740">
     <span class='ocr_line' id='line_1_58' title="bbox 1985 2662 3555 2740; baseline 0.005 -24"><span class='ocrx_word' id='word_1_428' title='bbox 1985 2663 2085 2716; x_wconf 92' lang='lat' dir='ltr'><strong>hoc</strong></span> <span class='ocrx_word' id='word_1_429' title='bbox 2115 2662 2207 2717; x_wconf 92' lang='lat' dir='ltr'><strong>Dei</strong></span> <span class='ocrx_word' id='word_1_430' title='bbox 2254 2679 2477 2718; x_wconf 90' lang='lat' dir='ltr'><strong>munere</strong></span> <span class='ocrx_word' id='word_1_431' title='bbox 2508 2663 2719 2736; x_wconf 86' lang='lat' dir='ltr'><strong>Moyses</strong></span> <span class='ocrx_word' id='word_1_432' title='bbox 2767 2682 3152 2738; x_wconf 85' lang='lat' dir='ltr'><strong>recognoscere</strong></span> <span class='ocrx_word' id='word_1_433' title='bbox 3206 2672 3404 2740; x_wconf 89' lang='lat' dir='ltr'><strong>potuit,</strong></span> <span class='ocrx_word' id='word_1_434' title='bbox 3435 2687 3555 2726; x_wconf 91' lang='lat' dir='ltr'><strong>cum</strong></span> 
     </span>
    </p>
   </div>
   <div class='ocr_carea' id='block_1_59' title="bbox 1983 2753 3562 2828">
    <p class='ocr_par' dir='ltr' id='par_1_59' title="bbox 1983 2753 3562 2828">
     <span class='ocr_line' id='line_1_59' title="bbox 1983 2753 3562 2828; baseline 0.005 -20"><span class='ocrx_word' id='word_1_435' title='bbox 1983 2753 2204 2823; x_wconf 87' lang='lat' dir='ltr'><strong>insuper</strong></span> <span class='ocrx_word' id='word_1_436' title='bbox 2249 2761 2305 2808; x_wconf 89' lang='lat' dir='ltr'><strong>et</strong></span> <span class='ocrx_word' id='word_1_437' title='bbox 2331 2753 2437 2808; x_wconf 90' lang='lat' dir='ltr'><strong>duo</strong></span> <span class='ocrx_word' id='word_1_438' title='bbox 2478 2769 2543 2809; x_wconf 82' lang='lat' dir='ltr'><strong>ex</strong></span> <span class='ocrx_word' id='word_1_439' title='bbox 2575 2755 2680 2822; x_wconf 91' lang='lat' dir='ltr'><strong>his,</strong></span> <span class='ocrx_word' id='word_1_440' title='bbox 2714 2756 2804 2825; x_wconf 92' lang='lat' dir='ltr'><strong>qui</strong></span> <span class='ocrx_word' id='word_1_441' title='bbox 2835 2758 3091 2828; x_wconf 88' lang='lat' dir='ltr'><strong>descripti</strong></span> <span class='ocrx_word' id='word_1_442' title='bbox 3143 2759 3380 2826; x_wconf 87' lang='lat' dir='ltr'><strong>fuerant,</strong></span> <span class='ocrx_word' id='word_1_443' title='bbox 3415 2761 3562 2816; x_wconf 87' lang='lat' dir='ltr'><strong>Scri-</strong></span> 
     </span>
    </p>
   </div>
   <div class='ocr_carea' id='block_1_60' title="bbox 1982 2845 3557 2920">
    <p class='ocr_par' dir='ltr' id='par_1_60' title="bbox 1982 2845 3557 2920">
     <span class='ocr_line' id='line_1_60' title="bbox 1982 2845 3557 2920; baseline 0.008 -23"><span class='ocrx_word' id='word_1_444' title='bbox 1982 2852 2138 2914; x_wconf 91' lang='lat' dir='ltr'><strong>ptura</strong></span> <span class='ocrx_word' id='word_1_445' title='bbox 2169 2853 2323 2911; x_wconf 89' lang='lat' dir='ltr'><strong>teste,</strong></span> <span class='ocrx_word' id='word_1_446' title='bbox 2359 2845 2410 2899; x_wconf 92' lang='lat' dir='ltr'><strong>in</strong></span> <span class='ocrx_word' id='word_1_447' title='bbox 2449 2847 2642 2902; x_wconf 88' lang='lat' dir='ltr'><strong>castris</strong></span> <span class='ocrx_word' id='word_1_448' title='bbox 2690 2849 2872 2920; x_wconf 89' lang='lat' dir='ltr'><strong>positi,</strong></span> <span class='ocrx_word' id='word_1_449' title='bbox 2923 2851 2988 2904; x_wconf 92' lang='lat' dir='ltr'><strong>ad</strong></span> <span class='ocrx_word' id='word_1_450' title='bbox 3021 2852 3420 2908; x_wconf 87' lang='lat' dir='ltr'><strong>tabernaculum</strong></span> <span class='ocrx_word' id='word_1_451' title='bbox 3452 2869 3557 2910; x_wconf 91' lang='lat' dir='ltr'><strong>non</strong></span> 
     </span>
    </p>
   </div>
   <div class='ocr_carea' id='block_1_61' title="bbox 1983 2939 3553 3012">
    <p class='ocr_par' dir='ltr' id='par_1_61' title="bbox 1983 2939 3553 3012">
     <span class='ocr_line' id='line_1_61' title="bbox 1983 2939 3553 3012; baseline 0.008 -24"><span class='ocrx_word' id='word_1_452' title='bbox 1983 2943 2242 2990; x_wconf 85' lang='lat' dir='ltr'><strong>venerunt</strong></span> <span class='ocrx_word' id='word_1_453' title='bbox 2268 2954 2280 2990; x_wconf 89' lang='lat'>:</span> <span class='ocrx_word' id='word_1_454' title='bbox 2313 2945 2368 2992; x_wconf 86' lang='lat' dir='ltr'><strong>et</strong></span> <span class='ocrx_word' id='word_1_455' title='bbox 2399 2947 2599 3004; x_wconf 88' lang='lat' dir='ltr'><strong>tamen,</strong></span> <span class='ocrx_word' id='word_1_456' title='bbox 2627 2953 2691 2994; x_wconf 89' lang='lat' dir='ltr'><strong>eo</strong></span> <span class='ocrx_word' id='word_1_457' title='bbox 2721 2939 3012 3005; x_wconf 90' lang='lat' dir='ltr'><strong>nesciente,</strong></span> <span class='ocrx_word' id='word_1_458' title='bbox 3050 2958 3222 3012; x_wconf 70' lang='lat' dir='ltr'><strong>teque,</strong></span> <span class='ocrx_word' id='word_1_459' title='bbox 3254 2954 3311 2997; x_wconf 89' lang='lat' dir='ltr'><strong>ut</strong></span> <span class='ocrx_word' id='word_1_460' title='bbox 3344 2946 3553 3012; x_wconf 66' lang='lat' dir='ltr'><strong>caeteri,</strong></span> 
     </span>
    </p>
   </div>
   <div class='ocr_carea' id='block_1_62' title="bbox 1987 3026 3561 3104">
    <p class='ocr_par' dir='ltr' id='par_1_62' title="bbox 1987 3026 3561 3104">
     <span class='ocr_line' id='line_1_62' title="bbox 1987 3026 3561 3104; baseline 0.004 -22"><span class='ocrx_word' id='word_1_461' title='bbox 1987 3026 2245 3099; x_wconf 90' lang='lat' dir='ltr'><strong>Spiritum</strong></span> <span class='ocrx_word' id='word_1_462' title='bbox 2297 3031 2691 3100; x_wconf 89' lang='lat' dir='ltr'><strong>perceperunt?</strong></span> <span class='ocrx_word' id='word_1_463' title='bbox 2718 3029 2776 3085; x_wconf 87' lang='lat' dir='ltr'><strong>In</strong></span> <span class='ocrx_word' id='word_1_464' title='bbox 2808 3046 2871 3086; x_wconf 90' lang='lat' dir='ltr'><strong>eo</strong></span> <span class='ocrx_word' id='word_1_465' title='bbox 2899 3046 3049 3097; x_wconf 90' lang='lat' dir='ltr'><strong>sane,</strong></span> <span class='ocrx_word' id='word_1_466' title='bbox 3094 3033 3234 3104; x_wconf 92' lang='lat' dir='ltr'><strong>quod</strong></span> <span class='ocrx_word' id='word_1_467' title='bbox 3271 3035 3337 3088; x_wconf 90' lang='lat' dir='ltr'><strong>de</strong></span> <span class='ocrx_word' id='word_1_468' title='bbox 3368 3037 3561 3104; x_wconf 61' lang='lat' dir='ltr'><strong>spiritu</strong></span> 
     </span>
    </p>
   </div>
   <div class='ocr_carea' id='block_1_63' title="bbox 291 3118 3562 3198">
    <p class='ocr_par' dir='ltr' id='par_1_63' title="bbox 291 3118 3562 3198">
     <span class='ocr_line' id='line_1_63' title="bbox 291 3118 3562 3198; baseline 0 -17"><span class='ocrx_word' id='word_1_469' title='bbox 291 3127 410 3182; x_wconf 84' lang='lat' dir='ltr'><strong>sive</strong></span> <span class='ocrx_word' id='word_1_470' title='bbox 446 3126 502 3181; x_wconf 90' lang='lat' dir='ltr'><strong>in</strong></span> <span class='ocrx_word' id='word_1_471' title='bbox 531 3126 915 3184; x_wconf 88' lang='lat' dir='ltr'><strong>ecclesiasticis</strong></span> <span class='ocrx_word' id='word_1_472' title='bbox 943 3127 1308 3191; x_wconf 81' lang='lat' dir='ltr'><strong>conferendis,</strong></span> <span class='ocrx_word' id='word_1_473' title='bbox 1330 3129 1954 3197; x_wconf 81' lang='lat' dir='ltr'><strong>nequaquamsaccr-C</strong></span> <span class='ocrx_word' id='word_1_474' title='bbox 1987 3118 2153 3190; x_wconf 80' lang='lat' dir='ltr'><strong>Moysi</strong></span> <span class='ocrx_word' id='word_1_475' title='bbox 2204 3119 2314 3175; x_wconf 89' lang='lat' dir='ltr'><strong>tolli</strong></span> <span class='ocrx_word' id='word_1_476' title='bbox 2349 3120 2566 3189; x_wconf 90' lang='lat' dir='ltr'><strong>dicitur,</strong></span> <span class='ocrx_word' id='word_1_477' title='bbox 2602 3132 2762 3193; x_wconf 90' lang='lat' dir='ltr'><strong>atque</strong></span> <span class='ocrx_word' id='word_1_478' title='bbox 2790 3124 2909 3178; x_wconf 89' lang='lat' dir='ltr'><strong>aliis</strong></span> <span class='ocrx_word' id='word_1_479' title='bbox 2936 3124 3072 3191; x_wconf 89' lang='lat' dir='ltr'><strong>dari,</strong></span> <span class='ocrx_word' id='word_1_480' title='bbox 3104 3125 3305 3180; x_wconf 89' lang='lat' dir='ltr'><strong>nullum</strong></span> <span class='ocrx_word' id='word_1_481' title='bbox 3352 3127 3562 3198; x_wconf 85' lang='lat' dir='ltr'><strong>Moyses</strong></span> 
     </span>
    </p>
   </div>
   <div class='ocr_carea' id='block_1_64' title="bbox 294 3217 1880 3288">
    <p class='ocr_par' dir='ltr' id='par_1_64' title="bbox 294 3217 1880 3288">
     <span class='ocr_line' id='line_1_64' title="bbox 294 3217 1880 3288; baseline -0.001 -16"><span class='ocrx_word' id='word_1_482' title='bbox 294 3217 396 3273; x_wconf 91' lang='lat' dir='ltr'><strong>dos</strong></span> <span class='ocrx_word' id='word_1_483' title='bbox 437 3219 556 3274; x_wconf 88' lang='lat' dir='ltr'><strong>suis</strong></span> <span class='ocrx_word' id='word_1_484' title='bbox 586 3217 875 3274; x_wconf 85' lang='lat' dir='ltr'><strong>virtutibus</strong></span> <span class='ocrx_word' id='word_1_485' title='bbox 908 3219 1103 3285; x_wconf 88' lang='lat' dir='ltr'><strong>utitur,</strong></span> <span class='ocrx_word' id='word_1_486' title='bbox 1130 3219 1222 3274; x_wconf 89' lang='lat' dir='ltr'><strong>sed</strong></span> <span class='ocrx_word' id='word_1_487' title='bbox 1256 3218 1429 3273; x_wconf 90' lang='lat' dir='ltr'><strong>solum</strong></span> <span class='ocrx_word' id='word_1_488' title='bbox 1454 3217 1768 3288; x_wconf 79' lang='lat' dir='ltr'><strong>exsequitur</strong></span> <span class='ocrx_word' id='word_1_489' title='bbox 1800 3217 1880 3270; x_wconf 83' lang='lat' dir='ltr'><strong>in-</strong></span> 
     </span>
    </p>
   </div>
   <div class='ocr_carea' id='block_1_65' title="bbox 288 3310 1880 3382">
    <p class='ocr_par' dir='ltr' id='par_1_65' title="bbox 288 3310 1880 3382">
     <span class='ocr_line' id='line_1_65' title="bbox 288 3310 1880 3382; baseline -0.001 -18"><span class='ocrx_word' id='word_1_490' title='bbox 288 3310 499 3382; x_wconf 66' lang='lat' dir='ltr'><strong>junctae</strong></span> <span class='ocrx_word' id='word_1_491' title='bbox 543 3311 1031 3368; x_wconf 87' lang='lat' dir='ltr'><strong>administrationis</strong></span> <span class='ocrx_word' id='word_1_492' title='bbox 1055 3312 1310 3378; x_wconf 78' lang='lat' dir='ltr'><strong>ofiicium,</strong></span> <span class='ocrx_word' id='word_1_493' title='bbox 1340 3328 1446 3382; x_wconf 91' lang='lat' dir='ltr'><strong>quo</strong></span> <span class='ocrx_word' id='word_1_494' title='bbox 1478 3313 1680 3382; x_wconf 90' lang='lat' dir='ltr'><strong>potitur</strong></span> <span class='ocrx_word' id='word_1_495' title='bbox 1706 3331 1723 3363; x_wconf 90' lang='lat'><strong>-.</strong></span> <span class='ocrx_word' id='word_1_496' title='bbox 1745 3311 1880 3366; x_wconf 86' lang='lat' dir='ltr'><strong>alin-</strong></span> 
     </span>
    </p>
   </div>
   <div class='ocr_carea' id='block_1_66' title="bbox 291 3404 1881 3476">
    <p class='ocr_par' dir='ltr' id='par_1_66' title="bbox 291 3404 1881 3476">
     <span class='ocr_line' id='line_1_66' title="bbox 291 3404 1881 3476; baseline -0.001 -18"><span class='ocrx_word' id='word_1_497' title='bbox 291 3406 426 3476; x_wconf 86' lang='lat' dir='ltr'><strong>quin</strong></span> <span class='ocrx_word' id='word_1_498' title='bbox 449 3404 496 3459; x_wconf 87' lang='lat' dir='ltr'><strong>si</strong></span> <span class='ocrx_word' id='word_1_499' title='bbox 517 3420 587 3460; x_wconf 78' lang='lat' dir='ltr'><strong>ex</strong></span> <span class='ocrx_word' id='word_1_500' title='bbox 608 3406 800 3460; x_wconf 89' lang='lat' dir='ltr'><strong>merito</strong></span> <span class='ocrx_word' id='word_1_501' title='bbox 821 3405 1118 3462; x_wconf 87' lang='lat' dir='ltr'><strong>sacerdotis</strong></span> <span class='ocrx_word' id='word_1_502' title='bbox 1138 3406 1239 3460; x_wconf 91' lang='lat' dir='ltr'><strong>ista</strong></span> <span class='ocrx_word' id='word_1_503' title='bbox 1262 3404 1637 3475; x_wconf 86' lang='lat' dir='ltr'><strong>procederent,</strong></span> <span class='ocrx_word' id='word_1_504' title='bbox 1666 3417 1881 3458; x_wconf 89' lang='lat' dir='ltr'><strong>omnem</strong></span> 
     </span>
    </p>
   </div>
   <div class='ocr_carea' id='block_1_67' title="bbox 291 3494 1522 3567">
    <p class='ocr_par' dir='ltr' id='par_1_67' title="bbox 291 3494 1522 3567">
     <span class='ocr_line' id='line_1_67' title="bbox 291 3494 1522 3567; baseline 0 -16"><span class='ocrx_word' id='word_1_505' title='bbox 291 3494 546 3566; x_wconf 88' lang='lat' dir='ltr'><strong>profecto</strong></span> <span class='ocrx_word' id='word_1_506' title='bbox 575 3494 733 3551; x_wconf 85' lang='lat' dir='ltr'><strong>ﬁdem</strong></span> <span class='ocrx_word' id='word_1_507' title='bbox 762 3496 954 3551; x_wconf 62' lang='lat' dir='ltr'><strong>divina:</strong></span> <span class='ocrx_word' id='word_1_508' title='bbox 987 3497 1174 3567; x_wconf 68' lang='lat' dir='ltr'><strong>gratia:</strong></span> <span class='ocrx_word' id='word_1_509' title='bbox 1210 3505 1522 3553; x_wconf 87' lang='lat' dir='ltr'><strong>vacuarent.</strong></span> 
     </span>
    </p>
   </div>
   <div class='ocr_carea' id='block_1_68' title="bbox 894 3606 1298 3665">
    <p class='ocr_par' dir='ltr' id='par_1_68' title="bbox 894 3606 1298 3665">
     <span class='ocr_line' id='line_1_68' title="bbox 894 3606 1298 3665; baseline -0.002 -2"><span class='ocrx_word' id='word_1_510' title='bbox 894 3607 1123 3665; x_wconf 82' lang='lat' dir='ltr'><strong>CAPUT</strong></span> <span class='ocrx_word' id='word_1_511' title='bbox 1163 3606 1298 3664; x_wconf 80' lang='lat' dir='ltr'><strong>XIV.</strong></span> 
     </span>
    </p>
   </div>
   <div class='ocr_carea' id='block_1_69' title="bbox 297 3696 1884 3770">
    <p class='ocr_par' dir='ltr' id='par_1_69' title="bbox 297 3696 1884 3770">
     <span class='ocr_line' id='line_1_69' title="bbox 297 3696 1884 3770; baseline -0.001 -17"><span class='ocrx_word' id='word_1_512' title='bbox 297 3698 460 3766; x_wconf 82' lang='lat' dir='ltr'><strong>Quod</strong></span> <span class='ocrx_word' id='word_1_513' title='bbox 490 3698 557 3752; x_wconf 88' lang='lat' dir='ltr'><strong>de</strong></span> <span class='ocrx_word' id='word_1_514' title='bbox 582 3698 770 3770; x_wconf 83' lang='lat' dir='ltr'><strong>spiritu</strong></span> <span class='ocrx_word' id='word_1_515' title='bbox 797 3715 892 3754; x_wconf 76' lang='lat' dir='ltr'><strong>suo</strong></span> <span class='ocrx_word' id='word_1_516' title='bbox 923 3717 1025 3756; x_wconf 86' lang='lat' dir='ltr'><strong>non</strong></span> <span class='ocrx_word' id='word_1_517' title='bbox 1053 3716 1144 3770; x_wconf 82' lang='lat' dir='ltr'><strong>per</strong></span> <span class='ocrx_word' id='word_1_518' title='bbox 1167 3716 1219 3754; x_wconf 83' lang='lat' dir='ltr'><strong>se</strong></span> <span class='ocrx_word' id='word_1_519' title='bbox 1247 3699 1473 3769; x_wconf 75' lang='lat' dir='ltr'><strong>Moyses,</strong></span> <span class='ocrx_word' id='word_1_520' title='bbox 1500 3698 1590 3753; x_wconf 73' lang='lat' dir='ltr'><strong>sed</strong></span> <span class='ocrx_word' id='word_1_521' title='bbox 1619 3696 1760 3752; x_wconf 77' lang='lat' dir='ltr'><strong>Deus</strong></span> <span class='ocrx_word' id='word_1_522' title='bbox 1789 3697 1884 3752; x_wconf 77' lang='lat' dir='ltr'><strong>de-</strong></span> 
     </span>
    </p>
   </div>
   <div class='ocr_carea' id='block_1_70' title="bbox 799 3771 1388 3841">
    <p class='ocr_par' dir='ltr' id='par_1_70' title="bbox 799 3771 1388 3841">
     <span class='ocr_line' id='line_1_70' title="bbox 799 3771 1388 3841; baseline 0 -17"><span class='ocrx_word' id='word_1_523' title='bbox 799 3771 875 3824; x_wconf 85' lang='lat' dir='ltr'><strong>dit</strong></span> <span class='ocrx_word' id='word_1_524' title='bbox 895 3773 1223 3841; x_wconf 75' lang='lat' dir='ltr'><strong>septuaginta</strong></span> <span class='ocrx_word' id='word_1_525' title='bbox 1244 3771 1388 3825; x_wconf 80' lang='lat' dir='ltr'><strong>viris.</strong></span> 
     </span>
    </p>
   </div>
   <div class='ocr_carea' id='block_1_71' title="bbox 366 3857 1885 3933">
    <p class='ocr_par' dir='ltr' id='par_1_71' title="bbox 366 3857 1885 3933">
     <span class='ocr_line' id='line_1_71' title="bbox 366 3857 1885 3933; baseline -0.003 -16"><span class='ocrx_word' id='word_1_526' title='bbox 366 3863 564 3932; x_wconf 79' lang='lat' dir='ltr'><strong>Neque</strong></span> <span class='ocrx_word' id='word_1_527' title='bbox 591 3863 736 3918; x_wconf 90' lang='lat' dir='ltr'><strong>enim</strong></span> <span class='ocrx_word' id='word_1_528' title='bbox 762 3864 923 3919; x_wconf 89' lang='lat' dir='ltr'><strong>homo</strong></span> <span class='ocrx_word' id='word_1_529' title='bbox 949 3863 1042 3918; x_wconf 88' lang='lat' dir='ltr'><strong>dat</strong></span> <span class='ocrx_word' id='word_1_530' title='bbox 1079 3863 1224 3933; x_wconf 87' lang='lat' dir='ltr'><strong>quod</strong></span> <span class='ocrx_word' id='word_1_531' title='bbox 1269 3862 1506 3918; x_wconf 89' lang='lat' dir='ltr'><strong>divinum</strong></span> <span class='ocrx_word' id='word_1_532' title='bbox 1537 3868 1644 3926; x_wconf 90' lang='lat' dir='ltr'><strong>est,</strong></span> <span class='ocrx_word' id='word_1_533' title='bbox 1673 3858 1764 3916; x_wconf 89' lang='lat' dir='ltr'><strong>sed</strong></span> <span class='ocrx_word' id='word_1_534' title='bbox 1793 3857 1885 3929; x_wconf 86' lang='lat' dir='ltr'><strong>qui</strong></span> 
     </span>
    </p>
   </div>
   <div class='ocr_carea' id='block_1_72' title="bbox 294 3948 1880 4023">
    <p class='ocr_par' dir='ltr' id='par_1_72' title="bbox 294 3948 1880 4023">
     <span class='ocr_line' id='line_1_72' title="bbox 294 3948 1880 4023; baseline -0.003 -14"><span class='ocrx_word' id='word_1_535' title='bbox 294 3955 464 4010; x_wconf 89' lang='lat' dir='ltr'><strong>malis</strong></span> <span class='ocrx_word' id='word_1_536' title='bbox 495 3956 635 4010; x_wconf 86' lang='lat' dir='ltr'><strong>bene</strong></span> <span class='ocrx_word' id='word_1_537' title='bbox 663 3948 849 4020; x_wconf 83' lang='lat' dir='ltr'><strong>utitur,</strong></span> <span class='ocrx_word' id='word_1_538' title='bbox 876 3968 1016 4010; x_wconf 91' lang='lat' dir='ltr'><strong>unus</strong></span> <span class='ocrx_word' id='word_1_539' title='bbox 1036 3962 1121 4010; x_wconf 89' lang='lat' dir='ltr'><strong>est</strong></span> <span class='ocrx_word' id='word_1_540' title='bbox 1141 3954 1300 4018; x_wconf 90' lang='lat' dir='ltr'><strong>Deus,</strong></span> <span class='ocrx_word' id='word_1_541' title='bbox 1327 3953 1416 4023; x_wconf 89' lang='lat' dir='ltr'><strong>qui</strong></span> <span class='ocrx_word' id='word_1_542' title='bbox 1438 3952 1551 4007; x_wconf 86' lang='lat' dir='ltr'><strong>sive</strong></span> <span class='ocrx_word' id='word_1_543' title='bbox 1575 3967 1671 4021; x_wconf 91' lang='lat' dir='ltr'><strong>per</strong></span> <span class='ocrx_word' id='word_1_544' title='bbox 1693 3949 1880 4014; x_wconf 91' lang='lat' dir='ltr'><strong>bonos,</strong></span> 
     </span>
    </p>
   </div>
   <div class='ocr_carea' id='block_1_73' title="bbox 291 4044 1884 4118">
    <p class='ocr_par' dir='ltr' id='par_1_73' title="bbox 291 4044 1884 4118">
     <span class='ocr_line' id='line_1_73' title="bbox 291 4044 1884 4118; baseline -0.005 -15"><span class='ocrx_word' id='word_1_545' title='bbox 291 4049 411 4104; x_wconf 83' lang='lat' dir='ltr'><strong>sive</strong></span> <span class='ocrx_word' id='word_1_546' title='bbox 445 4049 613 4102; x_wconf 86' lang='lat' dir='ltr'><strong>etiam</strong></span> <span class='ocrx_word' id='word_1_547' title='bbox 641 4063 738 4118; x_wconf 91' lang='lat' dir='ltr'><strong>per</strong></span> <span class='ocrx_word' id='word_1_548' title='bbox 767 4049 937 4103; x_wconf 89' lang='lat' dir='ltr'><strong>malos</strong></span> <span class='ocrx_word' id='word_1_549' title='bbox 958 4047 1104 4103; x_wconf 89' lang='lat' dir='ltr'><strong>solus</strong></span> <span class='ocrx_word' id='word_1_550' title='bbox 1132 4062 1227 4110; x_wconf 87' lang='lat' dir='ltr'><strong>sua</strong></span> <span class='ocrx_word' id='word_1_551' title='bbox 1262 4045 1399 4100; x_wconf 88' lang='lat' dir='ltr'><strong>dona</strong></span> <span class='ocrx_word' id='word_1_552' title='bbox 1428 4044 1657 4116; x_wconf 80' lang='lat' dir='ltr'><strong>largitur</strong></span> <span class='ocrx_word' id='word_1_553' title='bbox 1681 4060 1694 4096; x_wconf 89' lang='lat'><strong>:</strong></span> <span class='ocrx_word' id='word_1_554' title='bbox 1723 4049 1884 4111; x_wconf 90' lang='lat' dir='ltr'><strong>atque</strong></span> 
     </span>
    </p>
   </div>
   <div class='ocr_carea' id='block_1_74' title="bbox 294 4135 1888 4213">
    <p class='ocr_par' dir='ltr' id='par_1_74' title="bbox 294 4135 1888 4213">
     <span class='ocr_line' id='line_1_74' title="bbox 294 4135 1888 4213; baseline -0.004 -17"><span class='ocrx_word' id='word_1_555' title='bbox 294 4142 421 4196; x_wconf 88' lang='lat' dir='ltr'><strong>ideo</strong></span> <span class='ocrx_word' id='word_1_556' title='bbox 443 4141 653 4196; x_wconf 65' lang='lat' dir='ltr'><strong>divinae</strong></span> <span class='ocrx_word' id='word_1_557' title='bbox 671 4142 856 4213; x_wconf 73' lang='lat' dir='ltr'><strong>gratia:</strong></span> <span class='ocrx_word' id='word_1_558' title='bbox 885 4142 1082 4198; x_wconf 91' lang='lat' dir='ltr'><strong>donum</strong></span> <span class='ocrx_word' id='word_1_559' title='bbox 1110 4154 1287 4208; x_wconf 90' lang='lat' dir='ltr'><strong>neque</strong></span> <span class='ocrx_word' id='word_1_560' title='bbox 1318 4153 1380 4193; x_wconf 81' lang='lat' dir='ltr'><strong>ex</strong></span> <span class='ocrx_word' id='word_1_561' title='bbox 1417 4137 1682 4192; x_wconf 87' lang='lat' dir='ltr'><strong>malorum</strong></span> <span class='ocrx_word' id='word_1_562' title='bbox 1716 4135 1888 4190; x_wconf 89' lang='lat' dir='ltr'><strong>admi-</strong></span> 
     </span>
    </p>
   </div>
   <div class='ocr_carea' id='block_1_75' title="bbox 292 4227 1889 4302">
    <p class='ocr_par' dir='ltr' id='par_1_75' title="bbox 292 4227 1889 4302">
     <span class='ocr_line' id='line_1_75' title="bbox 292 4227 1889 4302; baseline -0.006 -15"><span class='ocrx_word' id='word_1_563' title='bbox 292 4233 636 4288; x_wconf 86' lang='lat' dir='ltr'><strong>nistratione</strong></span> <span class='ocrx_word' id='word_1_564' title='bbox 660 4233 940 4297; x_wconf 90' lang='lat' dir='ltr'><strong>minuitur,</strong></span> <span class='ocrx_word' id='word_1_565' title='bbox 967 4247 1139 4302; x_wconf 88' lang='lat' dir='ltr'><strong>neque</strong></span> <span class='ocrx_word' id='word_1_566' title='bbox 1165 4244 1261 4301; x_wconf 88' lang='lat' dir='ltr'><strong>per</strong></span> <span class='ocrx_word' id='word_1_567' title='bbox 1287 4231 1550 4286; x_wconf 87' lang='lat' dir='ltr'><strong>bonorum</strong></span> <span class='ocrx_word' id='word_1_568' title='bbox 1582 4227 1889 4281; x_wconf 84' lang='lat' dir='ltr'><strong>exsecutio-</strong></span> 
     </span>
    </p>
   </div>
   <div class='ocr_carea' id='block_1_76' title="bbox 293 4318 1889 4397">
    <p class='ocr_par' dir='ltr' id='par_1_76' title="bbox 293 4318 1889 4397">
     <span class='ocr_line' id='line_1_76' title="bbox 293 4318 1889 4397; baseline -0.004 -18"><span class='ocrx_word' id='word_1_569' title='bbox 293 4342 424 4380; x_wconf 89' lang='lat' dir='ltr'><strong>nem</strong></span> <span class='ocrx_word' id='word_1_570' title='bbox 457 4340 681 4394; x_wconf 86' lang='lat' dir='ltr'><strong>prorsus</strong></span> <span class='ocrx_word' id='word_1_571' title='bbox 726 4335 971 4397; x_wconf 85' lang='lat' dir='ltr'><strong>augetur.</strong></span> <span class='ocrx_word' id='word_1_572' title='bbox 1005 4324 1157 4396; x_wconf 86' lang='lat' dir='ltr'><strong>Quod</strong></span> <span class='ocrx_word' id='word_1_573' title='bbox 1186 4322 1441 4380; x_wconf 89' lang='lat' dir='ltr'><strong>nimirum</strong></span> <span class='ocrx_word' id='word_1_574' title='bbox 1490 4318 1771 4376; x_wconf 86' lang='lat' dir='ltr'><strong>manifeste</strong></span> <span class='ocrx_word' id='word_1_575' title='bbox 1799 4333 1889 4373; x_wconf 87' lang='lat' dir='ltr'><strong>co-</strong></span> 
     </span>
    </p>
   </div>
   <div class='ocr_carea' id='block_1_77' title="bbox 295 4414 1884 4489">
    <p class='ocr_par' dir='ltr' id='par_1_77' title="bbox 295 4414 1884 4489">
     <span class='ocr_line' id='line_1_77' title="bbox 295 4414 1884 4489; baseline -0.002 -17"><span class='ocrx_word' id='word_1_576' title='bbox 295 4418 609 4489; x_wconf 84' lang='lat' dir='ltr'><strong>gnoscitur,</strong></span> <span class='ocrx_word' id='word_1_577' title='bbox 639 4419 685 4474; x_wconf 88' lang='lat' dir='ltr'><strong>si</strong></span> <span class='ocrx_word' id='word_1_578' title='bbox 716 4418 804 4474; x_wconf 91' lang='lat' dir='ltr'><strong>ille</strong></span> <span class='ocrx_word' id='word_1_579' title='bbox 830 4433 1000 4476; x_wconf 83' lang='lat' dir='ltr'><strong>sacrae</strong></span> <span class='ocrx_word' id='word_1_580' title='bbox 1023 4427 1178 4474; x_wconf 87' lang='lat' dir='ltr'><strong>tenor</strong></span> <span class='ocrx_word' id='word_1_581' title='bbox 1200 4415 1442 4472; x_wconf 78' lang='lat' dir='ltr'><strong>historia:</strong></span> <span class='ocrx_word' id='word_1_582' title='bbox 1471 4415 1537 4469; x_wconf 90' lang='lat' dir='ltr'><strong>ad</strong></span> <span class='ocrx_word' id='word_1_583' title='bbox 1567 4414 1884 4469; x_wconf 88' lang='lat' dir='ltr'><strong>memoriam</strong></span> 
     </span>
    </p>
   </div>
   <div class='ocr_carea' id='block_1_78' title="bbox 1986 3211 3566 3296">
    <p class='ocr_par' dir='ltr' id='par_1_78' title="bbox 1986 3211 3566 3296">
     <span class='ocr_line' id='line_1_78' title="bbox 1986 3211 3566 3296; baseline 0.003 -30"><span class='ocrx_word' id='word_1_584' title='bbox 1986 3211 2321 3281; x_wconf 87' lang='lat' dir='ltr'><strong>dispendium</strong></span> <span class='ocrx_word' id='word_1_585' title='bbox 2371 3213 2455 3268; x_wconf 91' lang='lat' dir='ltr'><strong>sui</strong></span> <span class='ocrx_word' id='word_1_586' title='bbox 2511 3213 2731 3285; x_wconf 90' lang='lat' dir='ltr'><strong>spiritus</strong></span> <span class='ocrx_word' id='word_1_587' title='bbox 2773 3213 3056 3285; x_wconf 88' lang='lat' dir='ltr'><strong>pertulisse</strong></span> <span class='ocrx_word' id='word_1_588' title='bbox 3094 3217 3392 3271; x_wconf 86' lang='lat' dir='ltr'><strong>credendus</strong></span> <span class='ocrx_word' id='word_1_589' title='bbox 3437 3225 3566 3296; x_wconf 79' lang='lat' dir='ltr'><strong>est;</strong></span> 
     </span>
    </p>
   </div>
   <div class='ocr_carea' id='block_1_79' title="bbox 1985 3303 3561 3378">
    <p class='ocr_par' dir='ltr' id='par_1_79' title="bbox 1985 3303 3561 3378">
     <span class='ocr_line' id='line_1_79' title="bbox 1985 3303 3561 3378; baseline 0.005 -21"><span class='ocrx_word' id='word_1_590' title='bbox 1985 3304 2129 3358; x_wconf 90' lang='lat' dir='ltr'><strong>velut</strong></span> <span class='ocrx_word' id='word_1_591' title='bbox 2170 3303 2237 3358; x_wconf 90' lang='lat' dir='ltr'><strong>ab</strong></span> <span class='ocrx_word' id='word_1_592' title='bbox 2286 3305 2510 3360; x_wconf 83' lang='lat' dir='ltr'><strong>ardente</strong></span> <span class='ocrx_word' id='word_1_593' title='bbox 2566 3306 2784 3360; x_wconf 88' lang='lat' dir='ltr'><strong>lucerna</strong></span> <span class='ocrx_word' id='word_1_594' title='bbox 2831 3307 3009 3361; x_wconf 93' lang='lat' dir='ltr'><strong>lumen</strong></span> <span class='ocrx_word' id='word_1_595' title='bbox 3038 3307 3290 3378; x_wconf 70' lang='lat' dir='ltr'><strong>qurelibct</strong></span> <span class='ocrx_word' id='word_1_596' title='bbox 3334 3310 3561 3365; x_wconf 87' lang='lat' dir='ltr'><strong>materia</strong></span> 
     </span>
    </p>
   </div>
   <div class='ocr_carea' id='block_1_80' title="bbox 1986 3402 3561 3474">
    <p class='ocr_par' dir='ltr' id='par_1_80' title="bbox 1986 3402 3561 3474">
     <span class='ocr_line' id='line_1_80' title="bbox 1986 3402 3561 3474; baseline 0.003 -19"><span class='ocrx_word' id='word_1_597' title='bbox 1986 3409 2280 3468; x_wconf 89' lang='lat' dir='ltr'><strong>mutuetur,</strong></span> <span class='ocrx_word' id='word_1_598' title='bbox 2309 3402 2454 3456; x_wconf 91' lang='lat' dir='ltr'><strong>nullo</strong></span> <span class='ocrx_word' id='word_1_599' title='bbox 2484 3411 2706 3474; x_wconf 85' lang='lat' dir='ltr'><strong>prepter</strong></span> <span class='ocrx_word' id='word_1_600' title='bbox 2751 3403 2853 3459; x_wconf 91' lang='lat' dir='ltr'><strong>hoc</strong></span> <span class='ocrx_word' id='word_1_601' title='bbox 2885 3402 3105 3458; x_wconf 87' lang='lat' dir='ltr'><strong>lucerna</strong></span> <span class='ocrx_word' id='word_1_602' title='bbox 3155 3404 3358 3474; x_wconf 88' lang='lat' dir='ltr'><strong>proprii</strong></span> <span class='ocrx_word' id='word_1_603' title='bbox 3383 3403 3561 3474; x_wconf 86' lang='lat' dir='ltr'><strong>splen-</strong></span> 
     </span>
    </p>
   </div>
   <div class='ocr_carea' id='block_1_81' title="bbox 1987 3491 2802 3550">
    <p class='ocr_par' dir='ltr' id='par_1_81' title="bbox 1987 3491 2802 3550">
     <span class='ocr_line' id='line_1_81' title="bbox 1987 3491 2802 3550; baseline 0.004 -5"><span class='ocrx_word' id='word_1_604' title='bbox 1987 3491 2134 3546; x_wconf 89' lang='lat' dir='ltr'><strong>doris</strong></span> <span class='ocrx_word' id='word_1_605' title='bbox 2165 3492 2489 3550; x_wconf 84' lang='lat' dir='ltr'><strong>detrimento</strong></span> <span class='ocrx_word' id='word_1_606' title='bbox 2521 3493 2802 3548; x_wconf 89' lang='lat' dir='ltr'><strong>minuitur.</strong></span> 
     </span>
    </p>
   </div>
   <div class='ocr_carea' id='block_1_82' title="bbox 2577 3602 2957 3661">
    <p class='ocr_par' dir='ltr' id='par_1_82' title="bbox 2577 3602 2957 3661">
     <span class='ocr_line' id='line_1_82' title="bbox 2577 3602 2957 3661; baseline -0.008 0"><span class='ocrx_word' id='word_1_607' title='bbox 2577 3602 2804 3661; x_wconf 84' lang='lat' dir='ltr'><strong>CAPUT</strong></span> <span class='ocrx_word' id='word_1_608' title='bbox 2842 3604 2957 3661; x_wconf 79' lang='lat' dir='ltr'><strong>XV.</strong></span> 
     </span>
    </p>
   </div>
   <div class='ocr_carea' id='block_1_83' title="bbox 1989 3691 3568 3817">
    <p class='ocr_par' dir='ltr' id='par_1_83' title="bbox 1989 3691 3568 3817">
     <span class='ocr_line' id='line_1_83' title="bbox 1989 3691 3568 3817; baseline 0.002 -69"><span class='ocrx_word' id='word_1_609' title='bbox 1989 3691 2142 3760; x_wconf 80' lang='lat' dir='ltr'><strong>Quod</strong></span> <span class='ocrx_word' id='word_1_610' title='bbox 2176 3693 2214 3748; x_wconf 87' lang='lat' dir='ltr'><strong>ii</strong></span> <span class='ocrx_word' id='word_1_611' title='bbox 2239 3693 2330 3764; x_wconf 87' lang='lat' dir='ltr'><strong>qui</strong></span> <span class='ocrx_word' id='word_1_612' title='bbox 2355 3693 2696 3748; x_wconf 78' lang='lat' dir='ltr'><strong>consecrandi</strong></span> <span class='ocrx_word' id='word_1_613' title='bbox 2719 3695 2992 3817; x_wconf 59' lang='lat' dir='ltr'><strong>accettlunt,</strong></span> <span class='ocrx_word' id='word_1_614' title='bbox 3013 3696 3130 3768; x_wconf 88' lang='lat' dir='ltr'><strong>jam</strong></span> <span class='ocrx_word' id='word_1_615' title='bbox 3149 3694 3374 3751; x_wconf 82' lang='lat' dir='ltr'><strong>habeant</strong></span> <span class='ocrx_word' id='word_1_616' title='bbox 3397 3693 3568 3767; x_wconf 82' lang='lat' dir='ltr'><strong>Spiri-</strong></span> 
     </span>
     <span class='ocr_line' id='line_1_84' title="bbox 2576 3775 2976 3817; baseline 0 0"><span class='ocrx_word' id='word_1_617' title='bbox 2576 3775 2688 3817; x_wconf 82' lang='lat' dir='ltr'><strong>tum</strong></span> <span class='ocrx_word' id='word_1_618' title='bbox 2718 3781 2841 3817; x_wconf 73' lang='lat' dir='ltr'><strong>sane</strong></span> <span class='ocrx_word' id='word_1_619' title='bbox 2871 3781 2976 3817; x_wconf 84' lang='lat' dir='ltr'><strong>um.</strong></span> 
     </span>
    </p>
   </div>
   <div class='ocr_carea' id='block_1_84' title="bbox 2576 3775 2976 3819">
    <p class='ocr_par' dir='ltr' id='par_1_84' title="bbox 2576 3775 2976 3819">
     <span class='ocr_line' id='line_1_85' title="bbox 2576 3775 2976 3819; baseline 0.005 -2"><span class='ocrx_word' id='word_1_620' title='bbox 2576 3775 2688 3817; x_wconf 82' lang='lat' dir='ltr'><strong>tum</strong></span> <span class='ocrx_word' id='word_1_621' title='bbox 2718 3775 2976 3819; x_wconf 81' lang='lat' dir='ltr'><strong>sanciunt.</strong></span> 
     </span>
    </p>
   </div>
   <div class='ocr_carea' id='block_1_85' title="bbox 2057 3854 3567 3925">
    <p class='ocr_par' dir='ltr' id='par_1_85' title="bbox 2057 3854 3567 3925">
     <span class='ocr_line' id='line_1_86' title="bbox 2057 3854 3567 3925; baseline 0 -15"><span class='ocrx_word' id='word_1_622' title='bbox 2057 3855 2214 3911; x_wconf 85' lang='lat' dir='ltr'><strong>Enim</strong></span> <span class='ocrx_word' id='word_1_623' title='bbox 2267 3871 2398 3911; x_wconf 90' lang='lat' dir='ltr'><strong>vero</strong></span> <span class='ocrx_word' id='word_1_624' title='bbox 2447 3855 2512 3910; x_wconf 91' lang='lat' dir='ltr'><strong>ad</strong></span> <span class='ocrx_word' id='word_1_625' title='bbox 2547 3855 2718 3909; x_wconf 89' lang='lat' dir='ltr'><strong>instar</strong></span> <span class='ocrx_word' id='word_1_626' title='bbox 2767 3865 2972 3924; x_wconf 90' lang='lat' dir='ltr'><strong>septem</strong></span> <span class='ocrx_word' id='word_1_627' title='bbox 3018 3855 3285 3910; x_wconf 90' lang='lat' dir='ltr'><strong>donorum</strong></span> <span class='ocrx_word' id='word_1_628' title='bbox 3330 3854 3567 3925; x_wconf 87' lang='lat' dir='ltr'><strong>Spiritus</strong></span> 
     </span>
    </p>
   </div>
   <div class='ocr_carea' id='block_1_86' title="bbox 1989 3945 3565 4017">
    <p class='ocr_par' dir='ltr' id='par_1_86' title="bbox 1989 3945 3565 4017">
     <span class='ocr_line' id='line_1_87' title="bbox 1989 3945 3565 4017; baseline -0.001 -17"><span class='ocrx_word' id='word_1_629' title='bbox 1989 3946 2186 4013; x_wconf 86' lang='lat' dir='ltr'><strong>sancti,</strong></span> <span class='ocrx_word' id='word_1_630' title='bbox 2219 3955 2423 4017; x_wconf 90' lang='lat' dir='ltr'><strong>septem</strong></span> <span class='ocrx_word' id='word_1_631' title='bbox 2457 3945 2810 4000; x_wconf 89' lang='lat' dir='ltr'><strong>nihilominus</strong></span> <span class='ocrx_word' id='word_1_632' title='bbox 2834 3955 2959 4000; x_wconf 90' lang='lat' dir='ltr'><strong>sunt</strong></span> <span class='ocrx_word' id='word_1_633' title='bbox 2986 3947 3207 4002; x_wconf 89' lang='lat' dir='ltr'><strong>ordines</strong></span> <span class='ocrx_word' id='word_1_634' title='bbox 3233 3945 3565 4001; x_wconf 81' lang='lat' dir='ltr'><strong>ecclesiasti-</strong></span> 
     </span>
    </p>
   </div>
   <div class='ocr_carea' id='block_1_87' title="bbox 1990 4037 3570 4112">
    <p class='ocr_par' dir='ltr' id='par_1_87' title="bbox 1990 4037 3570 4112">
     <span class='ocr_line' id='line_1_88' title="bbox 1990 4037 3570 4112; baseline -0.002 -17"><span class='ocrx_word' id='word_1_635' title='bbox 1990 4057 2066 4095; x_wconf 69' lang='lat' dir='ltr'><strong>cae</strong></span> <span class='ocrx_word' id='word_1_636' title='bbox 2120 4041 2400 4112; x_wconf 85' lang='lat' dir='ltr'><strong>dignitatis</strong></span> <span class='ocrx_word' id='word_1_637' title='bbox 2435 4058 2446 4093; x_wconf 91' lang='lat'><strong>:</strong></span> <span class='ocrx_word' id='word_1_638' title='bbox 2477 4040 2620 4109; x_wconf 89' lang='lat' dir='ltr'><strong>quod</strong></span> <span class='ocrx_word' id='word_1_639' title='bbox 2667 4048 2845 4093; x_wconf 87' lang='lat' dir='ltr'><strong>autem</strong></span> <span class='ocrx_word' id='word_1_640' title='bbox 2896 4039 2979 4094; x_wconf 90' lang='lat' dir='ltr'><strong>his</strong></span> <span class='ocrx_word' id='word_1_641' title='bbox 3032 4041 3283 4094; x_wconf 85' lang='lat' dir='ltr'><strong>omnibus</strong></span> <span class='ocrx_word' id='word_1_642' title='bbox 3313 4037 3570 4108; x_wconf 85' lang='lat' dir='ltr'><strong>gradibus</strong></span> 
     </span>
    </p>
   </div>
   <div class='ocr_carea' id='block_1_88' title="bbox 1989 4127 3562 4200">
    <p class='ocr_par' dir='ltr' id='par_1_88' title="bbox 1989 4127 3562 4200">
     <span class='ocr_line' id='line_1_89' title="bbox 1989 4127 3562 4200; baseline -0.004 -13"><span class='ocrx_word' id='word_1_643' title='bbox 1989 4133 2165 4187; x_wconf 81' lang='lat' dir='ltr'><strong>adhuc</strong></span> <span class='ocrx_word' id='word_1_644' title='bbox 2187 4139 2241 4185; x_wconf 90' lang='lat' dir='ltr'><strong>et</strong></span> <span class='ocrx_word' id='word_1_645' title='bbox 2271 4130 2358 4184; x_wconf 91' lang='lat' dir='ltr'><strong>alii</strong></span> <span class='ocrx_word' id='word_1_646' title='bbox 2389 4129 2771 4200; x_wconf 68' lang='lat' dir='ltr'><strong>praaferuntur,</strong></span> <span class='ocrx_word' id='word_1_647' title='bbox 2805 4127 3055 4184; x_wconf 85' lang='lat' dir='ltr'><strong>videlicet</strong></span> <span class='ocrx_word' id='word_1_648' title='bbox 3087 4139 3146 4183; x_wconf 92' lang='lat' dir='ltr'><strong>ut</strong></span> <span class='ocrx_word' id='word_1_649' title='bbox 3174 4139 3298 4183; x_wconf 92' lang='lat' dir='ltr'><strong>sunt</strong></span> <span class='ocrx_word' id='word_1_650' title='bbox 3327 4129 3562 4198; x_wconf 87' lang='lat' dir='ltr'><strong>patriar-</strong></span> 
     </span>
    </p>
   </div>
   <div class='ocr_carea' id='block_1_89' title="bbox 1989 4220 3567 4290">
    <p class='ocr_par' dir='ltr' id='par_1_89' title="bbox 1989 4220 3567 4290">
     <span class='ocr_line' id='line_1_90' title="bbox 1989 4220 3567 4290; baseline -0.004 -13"><span class='ocrx_word' id='word_1_651' title='bbox 1989 4225 2122 4289; x_wconf 76' lang='lat' dir='ltr'><strong>chae,</strong></span> <span class='ocrx_word' id='word_1_652' title='bbox 2171 4222 2584 4290; x_wconf 87' lang='lat' dir='ltr'><strong>archiepiscopi,</strong></span> <span class='ocrx_word' id='word_1_653' title='bbox 2637 4221 2720 4274; x_wconf 90' lang='lat' dir='ltr'><strong>vel</strong></span> <span class='ocrx_word' id='word_1_654' title='bbox 2765 4220 3021 4290; x_wconf 89' lang='lat' dir='ltr'><strong>episcopi,</strong></span> <span class='ocrx_word' id='word_1_655' title='bbox 3071 4221 3138 4276; x_wconf 89' lang='lat' dir='ltr'><strong>ab</strong></span> <span class='ocrx_word' id='word_1_656' title='bbox 3190 4221 3274 4274; x_wconf 90' lang='lat' dir='ltr'><strong>his</strong></span> <span class='ocrx_word' id='word_1_657' title='bbox 3317 4227 3567 4273; x_wconf 88' lang='lat' dir='ltr'><strong>nontam</strong></span> 
     </span>
    </p>
   </div>
   <div class='ocr_carea' id='block_1_90' title="bbox 1991 4307 3568 4381">
    <p class='ocr_par' dir='ltr' id='par_1_90' title="bbox 1991 4307 3568 4381">
     <span class='ocr_line' id='line_1_91' title="bbox 1991 4307 3568 4381; baseline -0.003 -13"><span class='ocrx_word' id='word_1_658' title='bbox 1991 4330 2158 4368; x_wconf 84' lang='lat' dir='ltr'><strong>novus</strong></span> <span class='ocrx_word' id='word_1_659' title='bbox 2188 4313 2321 4368; x_wconf 88' lang='lat' dir='ltr'><strong>ordo</strong></span> <span class='ocrx_word' id='word_1_660' title='bbox 2356 4312 2580 4381; x_wconf 89' lang='lat' dir='ltr'><strong>suscipi,</strong></span> <span class='ocrx_word' id='word_1_661' title='bbox 2623 4326 2785 4381; x_wconf 89' lang='lat' dir='ltr'><strong>quam</strong></span> <span class='ocrx_word' id='word_1_662' title='bbox 2832 4312 2885 4365; x_wconf 94' lang='lat' dir='ltr'><strong>iu</strong></span> <span class='ocrx_word' id='word_1_663' title='bbox 2916 4312 3106 4366; x_wconf 90' lang='lat' dir='ltr'><strong>eodem</strong></span> <span class='ocrx_word' id='word_1_664' title='bbox 3137 4311 3239 4381; x_wconf 89' lang='lat' dir='ltr'><strong>ipsi</strong></span> <span class='ocrx_word' id='word_1_665' title='bbox 3263 4307 3568 4365; x_wconf 88' lang='lat' dir='ltr'><strong>sacerdotio</strong></span> 
     </span>
    </p>
   </div>
   <div class='ocr_carea' id='block_1_91' title="bbox 1988 4401 3570 4462">
    <p class='ocr_par' dir='ltr' id='par_1_91' title="bbox 1988 4401 3570 4462">
     <span class='ocr_line' id='line_1_92' title="bbox 1988 4401 3570 4462; baseline -0.003 -1"><span class='ocrx_word' id='word_1_666' title='bbox 1988 4407 2237 4462; x_wconf 88' lang='lat' dir='ltr'><strong>videntur</strong></span> <span class='ocrx_word' id='word_1_667' title='bbox 2265 4404 2616 4460; x_wconf 77' lang='lat' dir='ltr'><strong>excellentius</strong></span> <span class='ocrx_word' id='word_1_668' title='bbox 2657 4404 2959 4458; x_wconf 90' lang='lat' dir='ltr'><strong>sublimari.</strong></span> <span class='ocrx_word' id='word_1_669' title='bbox 2989 4403 3126 4458; x_wconf 86' lang='lat' dir='ltr'><strong>Nam</strong></span> <span class='ocrx_word' id='word_1_670' title='bbox 3153 4418 3279 4459; x_wconf 91' lang='lat' dir='ltr'><strong>cum</strong></span> <span class='ocrx_word' id='word_1_671' title='bbox 3311 4401 3570 4458; x_wconf 87' lang='lat' dir='ltr'><strong>sacerdos</strong></span> 
     </span>
    </p>
   </div>
   <div class='ocr_carea' id='block_1_92' title="bbox 297 4493 3572 4578">
    <p class='ocr_par' dir='ltr' id='par_1_92' title="bbox 297 4493 3572 4578">
     <span class='ocr_line' id='line_1_93' title="bbox 297 4493 3572 4578; baseline -0.002 -22"><span class='ocrx_word' id='word_1_672' title='bbox 297 4517 612 4564; x_wconf 74' lang='lat' dir='ltr'><strong>revocetur.</strong></span> <span class='ocrx_word' id='word_1_673' title='bbox 644 4509 790 4566; x_wconf 71' lang='lat' dir='ltr'><strong>Dixit</strong></span> <span class='ocrx_word' id='word_1_674' title='bbox 823 4509 968 4563; x_wconf 86' lang='lat' dir='ltr'><strong>enim</strong></span> <span class='ocrx_word' id='word_1_675' title='bbox 1017 4507 1276 4564; x_wconf 89' lang='lat' dir='ltr'><strong>Dominus</strong></span> <span class='ocrx_word' id='word_1_676' title='bbox 1317 4505 1486 4578; x_wconf 85' lang='lat' dir='ltr'><strong>Moysi</strong></span> <span class='ocrx_word' id='word_1_677' title='bbox 1513 4524 1526 4560; x_wconf 90' lang='lat'><strong>:</strong></span> <span class='ocrx_word' id='word_1_678' title='bbox 1558 4528 1574 4551; x_wconf 71' lang='grc' dir='ltr'><strong>ε</strong></span> <span class='ocrx_word' id='word_1_679' title='bbox 1602 4504 1883 4576; x_wconf 82' lang='lat' dir='ltr'><strong>Congrega</strong></span> <span class='ocrx_word' id='word_1_680' title='bbox 1913 4515 1963 4576; x_wconf 80' lang='grc' dir='ltr'>ι)</span> <span class='ocrx_word' id='word_1_681' title='bbox 1990 4499 2189 4554; x_wconf 85' lang='lat' dir='ltr'><strong>idcirco</strong></span> <span class='ocrx_word' id='word_1_682' title='bbox 2212 4498 2442 4561; x_wconf 89' lang='lat' dir='ltr'><strong>dicatur,</strong></span> <span class='ocrx_word' id='word_1_683' title='bbox 2461 4496 2586 4564; x_wconf 92' lang='lat' dir='ltr'><strong>quia</strong></span> <span class='ocrx_word' id='word_1_684' title='bbox 2605 4510 2820 4550; x_wconf 91' lang='lat' dir='ltr'><strong>sacrum</strong></span> <span class='ocrx_word' id='word_1_685' title='bbox 2845 4496 2952 4560; x_wconf 88' lang='lat' dir='ltr'><strong>det,</strong></span> <span class='ocrx_word' id='word_1_686' title='bbox 2972 4495 3188 4562; x_wconf 89' lang='lat' dir='ltr'><strong>hocest,</strong></span> <span class='ocrx_word' id='word_1_687' title='bbox 3213 4493 3462 4564; x_wconf 87' lang='lat' dir='ltr'><strong>quiaDeo</strong></span> <span class='ocrx_word' id='word_1_688' title='bbox 3483 4508 3572 4549; x_wconf 88' lang='lat' dir='ltr'><strong>sa-</strong></span> 
     </span>
    </p>
   </div>
   <div class='ocr_carea' id='block_1_93' title="bbox 295 4597 1882 4671">
    <p class='ocr_par' dir='ltr' id='par_1_93' title="bbox 295 4597 1882 4671">
     <span class='ocr_line' id='line_1_94' title="bbox 295 4597 1882 4671; baseline -0.001 -17"><span class='ocrx_word' id='word_1_689' title='bbox 295 4599 438 4654; x_wconf 88' lang='lat' dir='ltr'><strong>mibi</strong></span> <span class='ocrx_word' id='word_1_690' title='bbox 467 4600 805 4671; x_wconf 87' lang='lat' dir='ltr'><strong>septuaginta</strong></span> <span class='ocrx_word' id='word_1_691' title='bbox 834 4600 984 4656; x_wconf 88' lang='lat' dir='ltr'><strong>viros</strong></span> <span class='ocrx_word' id='word_1_692' title='bbox 1010 4600 1075 4656; x_wconf 88' lang='lat' dir='ltr'><strong>de</strong></span> <span class='ocrx_word' id='word_1_693' title='bbox 1099 4597 1404 4654; x_wconf 89' lang='lat' dir='ltr'><strong>senioribus</strong></span> <span class='ocrx_word' id='word_1_694' title='bbox 1446 4597 1636 4663; x_wconf 85' lang='lat' dir='ltr'><strong>Israel,</strong></span> <span class='ocrx_word' id='word_1_695' title='bbox 1664 4612 1801 4666; x_wconf 90' lang='lat' dir='ltr'><strong>quos</strong></span> <span class='ocrx_word' id='word_1_696' title='bbox 1831 4605 1882 4652; x_wconf 93' lang='lat' dir='ltr'><strong>tu</strong></span> 
     </span>
    </p>
   </div>
   <div class='ocr_carea' id='block_1_94' title="bbox 299 4689 1888 4764">
    <p class='ocr_par' dir='ltr' id='par_1_94' title="bbox 299 4689 1888 4764">
     <span class='ocr_line' id='line_1_95' title="bbox 299 4689 1888 4764; baseline -0.001 -18"><span class='ocrx_word' id='word_1_697' title='bbox 299 4694 447 4748; x_wconf 88' lang='lat' dir='ltr'><strong>nosti</strong></span> <span class='ocrx_word' id='word_1_698' title='bbox 488 4693 627 4763; x_wconf 90' lang='lat' dir='ltr'><strong>quod</strong></span> <span class='ocrx_word' id='word_1_699' title='bbox 659 4709 821 4750; x_wconf 89' lang='lat' dir='ltr'><strong>senes</strong></span> <span class='ocrx_word' id='word_1_700' title='bbox 860 4692 1044 4764; x_wconf 82' lang='lat' dir='ltr'><strong>pepuli</strong></span> <span class='ocrx_word' id='word_1_701' title='bbox 1075 4692 1201 4756; x_wconf 89' lang='lat' dir='ltr'><strong>siut,</strong></span> <span class='ocrx_word' id='word_1_702' title='bbox 1247 4706 1310 4746; x_wconf 91' lang='lat' dir='ltr'><strong>ac</strong></span> <span class='ocrx_word' id='word_1_703' title='bbox 1344 4689 1608 4760; x_wconf 86' lang='lat' dir='ltr'><strong>magistri,</strong></span> <span class='ocrx_word' id='word_1_704' title='bbox 1639 4698 1693 4743; x_wconf 91' lang='lat' dir='ltr'><strong>et</strong></span> <span class='ocrx_word' id='word_1_705' title='bbox 1724 4689 1888 4744; x_wconf 88' lang='lat' dir='ltr'><strong>duces</strong></span> 
     </span>
    </p>
   </div>
   <div class='ocr_carea' id='block_1_95' title="bbox 299 4778 1887 4859">
    <p class='ocr_par' dir='ltr' id='par_1_95' title="bbox 299 4778 1887 4859">
     <span class='ocr_line' id='line_1_96' title="bbox 299 4778 1887 4859; baseline -0.002 -24"><span class='ocrx_word' id='word_1_706' title='bbox 299 4798 396 4838; x_wconf 85' lang='lat' dir='ltr'><strong>eos</strong></span> <span class='ocrx_word' id='word_1_707' title='bbox 453 4783 520 4836; x_wconf 90' lang='lat' dir='ltr'><strong>ad</strong></span> <span class='ocrx_word' id='word_1_708' title='bbox 576 4784 776 4837; x_wconf 84' lang='lat' dir='ltr'><strong>ostium</strong></span> <span class='ocrx_word' id='word_1_709' title='bbox 833 4781 1166 4852; x_wconf 78' lang='lat' dir='ltr'><strong>tabernaculi</strong></span> <span class='ocrx_word' id='word_1_710' title='bbox 1218 4780 1460 4847; x_wconf 79' lang='lat' dir='ltr'><strong>fmdcris,</strong></span> <span class='ocrx_word' id='word_1_711' title='bbox 1505 4778 1775 4859; x_wconf 79' lang='lat' dir='ltr'><strong>faciesque</strong></span> <span class='ocrx_word' id='word_1_712' title='bbox 1815 4779 1887 4832; x_wconf 93' lang='lat' dir='ltr'><strong>ibi</strong></span> 
     </span>
    </p>
   </div>
   <div class='ocr_carea' id='block_1_96' title="bbox 301 4866 1887 4940">
    <p class='ocr_par' dir='ltr' id='par_1_96' title="bbox 301 4866 1887 4940">
     <span class='ocr_line' id='line_1_97' title="bbox 301 4866 1887 4940; baseline -0.004 -12"><span class='ocrx_word' id='word_1_713' title='bbox 301 4883 454 4928; x_wconf 87' lang='lat' dir='ltr'><strong>stare</strong></span> <span class='ocrx_word' id='word_1_714' title='bbox 483 4883 679 4937; x_wconf 90' lang='lat' dir='ltr'><strong>tecum,</strong></span> <span class='ocrx_word' id='word_1_715' title='bbox 708 4881 766 4927; x_wconf 89' lang='lat' dir='ltr'><strong>ut</strong></span> <span class='ocrx_word' id='word_1_716' title='bbox 796 4873 1141 4933; x_wconf 82' lang='lat' dir='ltr'><strong>descendam.</strong></span> <span class='ocrx_word' id='word_1_717' title='bbox 1167 4879 1222 4924; x_wconf 92' lang='lat' dir='ltr'><strong>et</strong></span> <span class='ocrx_word' id='word_1_718' title='bbox 1259 4869 1448 4940; x_wconf 89' lang='lat' dir='ltr'><strong>loquar</strong></span> <span class='ocrx_word' id='word_1_719' title='bbox 1493 4869 1590 4922; x_wconf 91' lang='lat' dir='ltr'><strong>tibi</strong></span> <span class='ocrx_word' id='word_1_720' title='bbox 1616 4883 1629 4922; x_wconf 89' lang='lat'><strong>:</strong></span> <span class='ocrx_word' id='word_1_721' title='bbox 1653 4878 1710 4923; x_wconf 79' lang='lat' dir='ltr'><strong>et</strong></span> <span class='ocrx_word' id='word_1_722' title='bbox 1738 4866 1887 4922; x_wconf 80' lang='lat' dir='ltr'><strong>aufe-</strong></span> 
     </span>
    </p>
   </div>
   <div class='ocr_carea' id='block_1_97' title="bbox 1995 4585 3627 4681">
    <p class='ocr_par' dir='ltr' id='par_1_97' title="bbox 1995 4585 3627 4681">
     <span class='ocr_line' id='line_1_98' title="bbox 1995 4585 3627 4681; baseline -0.005 -34"><span class='ocrx_word' id='word_1_723' title='bbox 1995 4590 2257 4648; x_wconf 89' lang='lat' dir='ltr'><strong>crificium</strong></span> <span class='ocrx_word' id='word_1_724' title='bbox 2275 4589 2486 4653; x_wconf 73' lang='lat' dir='ltr'><strong>offerat;</strong></span> <span class='ocrx_word' id='word_1_725' title='bbox 2503 4588 2631 4658; x_wconf 87' lang='lat' dir='ltr'><strong>quid</strong></span> <span class='ocrx_word' id='word_1_726' title='bbox 2651 4589 2702 4642; x_wconf 92' lang='lat' dir='ltr'><strong>in</strong></span> <span class='ocrx_word' id='word_1_727' title='bbox 2719 4587 2958 4642; x_wconf 87' lang='lat' dir='ltr'><strong>Ecclesia</strong></span> <span class='ocrx_word' id='word_1_728' title='bbox 2976 4587 3282 4653; x_wconf 89' lang='lat' dir='ltr'><strong>sublimius,</strong></span> <span class='ocrx_word' id='word_1_729' title='bbox 3297 4585 3426 4656; x_wconf 88' lang='lat' dir='ltr'><strong>quid</strong></span> <span class='ocrx_word' id='word_1_730' title='bbox 3437 4585 3573 4640; x_wconf 90' lang='lat' dir='ltr'><strong>emi—</strong></span> <span class='ocrx_word' id='word_1_731' title='bbox 3605 4649 3627 4681; x_wconf 40' lang='grc' dir='ltr'>ρ</span> 
     </span>
    </p>
   </div>
   <div class='ocr_carea' id='block_1_98' title="bbox 1996 4675 3626 4761">
    <p class='ocr_par' dir='ltr' id='par_1_98' title="bbox 1996 4675 3626 4761">
     <span class='ocr_line' id='line_1_99' title="bbox 1996 4675 3626 4761; baseline -0.006 -23"><span class='ocrx_word' id='word_1_732' title='bbox 1996 4683 2213 4738; x_wconf 88' lang='lat' dir='ltr'><strong>nentius</strong></span> <span class='ocrx_word' id='word_1_733' title='bbox 2227 4681 2528 4736; x_wconf 85' lang='lat' dir='ltr'><strong>sacerdotio</strong></span> <span class='ocrx_word' id='word_1_734' title='bbox 2543 4681 2740 4749; x_wconf 89' lang='lat' dir='ltr'><strong>poterit</strong></span> <span class='ocrx_word' id='word_1_735' title='bbox 2760 4679 3012 4753; x_wconf 82' lang='lat' dir='ltr'><strong>inveniri,</strong></span> <span class='ocrx_word' id='word_1_736' title='bbox 3043 4694 3137 4749; x_wconf 89' lang='lat' dir='ltr'><strong>per</strong></span> <span class='ocrx_word' id='word_1_737' title='bbox 3158 4678 3301 4746; x_wconf 90' lang='lat' dir='ltr'><strong>quod</strong></span> <span class='ocrx_word' id='word_1_738' title='bbox 3321 4675 3574 4730; x_wconf 88' lang='lat' dir='ltr'><strong>videlicet</strong></span> 
     </span>
    </p>
   </div>
   <div class='ocr_carea' id='block_1_99' title="bbox 1998 4767 3634 4847">
    <p class='ocr_par' dir='ltr' id='par_1_99' title="bbox 1998 4767 3634 4847">
     <span class='ocr_line' id='line_1_100' title="bbox 1998 4767 3634 4847; baseline -0.007 -16"><span class='ocrx_word' id='word_1_739' title='bbox 1998 4775 2312 4847; x_wconf 89' lang='lat' dir='ltr'><strong>mysterium</strong></span> <span class='ocrx_word' id='word_1_740' title='bbox 2344 4773 2607 4828; x_wconf 90' lang='lat' dir='ltr'><strong>Dominici</strong></span> <span class='ocrx_word' id='word_1_741' title='bbox 2640 4773 2884 4842; x_wconf 87' lang='lat' dir='ltr'><strong>corporis</strong></span> <span class='ocrx_word' id='word_1_742' title='bbox 2913 4781 2966 4827; x_wconf 91' lang='lat' dir='ltr'><strong>et</strong></span> <span class='ocrx_word' id='word_1_743' title='bbox 3015 4770 3293 4838; x_wconf 87' lang='lat' dir='ltr'><strong>sanguinis</strong></span> <span class='ocrx_word' id='word_1_744' title='bbox 3317 4767 3576 4837; x_wconf 88' lang='lat' dir='ltr'><strong>probatur</strong></span> <span class='ocrx_word' id='word_1_745' title='bbox 3617 4771 3634 4841; x_wconf 69' lang='grc' dir='ltr'>ξ</span> 
     </span>
    </p>
   </div>
   <div class='ocr_carea' id='block_1_100' title="bbox 1996 4859 3632 4935">
    <p class='ocr_par' dir='ltr' id='par_1_100' title="bbox 1996 4859 3632 4935">
     <span class='ocr_line' id='line_1_101' title="bbox 1996 4859 3632 4935; baseline -0.007 -13"><span class='ocrx_word' id='word_1_746' title='bbox 1996 4865 2218 4922; x_wconf 63' lang='lat' dir='ltr'><strong>offerri?</strong></span> <span class='ocrx_word' id='word_1_747' title='bbox 2243 4865 2395 4920; x_wconf 88' lang='lat' dir='ltr'><strong>Licet</strong></span> <span class='ocrx_word' id='word_1_748' title='bbox 2421 4864 2584 4935; x_wconf 88' lang='lat' dir='ltr'><strong>igitur</strong></span> <span class='ocrx_word' id='word_1_749' title='bbox 2603 4863 2677 4917; x_wconf 92' lang='lat' dir='ltr'><strong>illi</strong></span> <span class='ocrx_word' id='word_1_750' title='bbox 2700 4863 3020 4932; x_wconf 85' lang='lat' dir='ltr'><strong>quibusdam</strong></span> <span class='ocrx_word' id='word_1_751' title='bbox 3047 4859 3345 4930; x_wconf 86' lang='lat' dir='ltr'><strong>privilegiis</strong></span> <span class='ocrx_word' id='word_1_752' title='bbox 3367 4873 3465 4928; x_wconf 88' lang='lat' dir='ltr'><strong>pro</strong></span> <span class='ocrx_word' id='word_1_753' title='bbox 3480 4871 3577 4912; x_wconf 92' lang='lat' dir='ltr'><strong>suo</strong></span> <span class='ocrx_word' id='word_1_754' title='bbox 3623 4913 3632 4934; x_wconf 40' lang='grc' dir='ltr'><em>δ</em></span> 
     </span>
    </p>
   </div>
   <div class='ocr_carea' id='block_1_101' title="bbox 1997 4947 3632 5030">
    <p class='ocr_par' dir='ltr' id='par_1_101' title="bbox 1997 4947 3632 5030">
     <span class='ocr_line' id='line_1_102' title="bbox 1997 4947 3632 5030; baseline -0.006 -20"><span class='ocrx_word' id='word_1_755' title='bbox 1997 4959 2224 5030; x_wconf 90' lang='lat' dir='ltr'><strong>quisque</strong></span> <span class='ocrx_word' id='word_1_756' title='bbox 2257 4955 2411 5026; x_wconf 80' lang='lat'><strong>105</strong></span> <span class='ocrx_word' id='word_1_757' title='bbox 2434 4955 2733 5008; x_wconf 89' lang='lat' dir='ltr'><strong>ministerio</strong></span> <span class='ocrx_word' id='word_1_758' title='bbox 2771 4954 3081 5022; x_wconf 86' lang='lat' dir='ltr'><strong>specialiter</strong></span> <span class='ocrx_word' id='word_1_759' title='bbox 3121 4950 3422 5020; x_wconf 89' lang='lat' dir='ltr'><strong>potiantur,</strong></span> <span class='ocrx_word' id='word_1_760' title='bbox 3453 4947 3580 5017; x_wconf 86' lang='lat' dir='ltr'><strong>quia</strong></span> <span class='ocrx_word' id='word_1_761' title='bbox 3619 4947 3632 5022; x_wconf 69' lang='grc' dir='ltr'>ζ</span> 
     </span>
    </p>
   </div>
   <div class='ocr_carea' id='block_1_102' title="bbox 1998 5045 3630 5116">
    <p class='ocr_par' dir='ltr' id='par_1_102' title="bbox 1998 5045 3630 5116">
     <span class='ocr_line' id='line_1_103' title="bbox 1998 5045 3630 5116; baseline -0.011 -12"><span class='ocrx_word' id='word_1_762' title='bbox 1998 5060 2173 5104; x_wconf 88' lang='lat' dir='ltr'><strong>tamen</strong></span> <span class='ocrx_word' id='word_1_763' title='bbox 2209 5050 2286 5112; x_wconf 89' lang='lat' dir='ltr'><strong>id,</strong></span> <span class='ocrx_word' id='word_1_764' title='bbox 2312 5048 2452 5116; x_wconf 89' lang='lat' dir='ltr'><strong>quod</strong></span> <span class='ocrx_word' id='word_1_765' title='bbox 2486 5046 2735 5099; x_wconf 90' lang='lat' dir='ltr'><strong>omnibus</strong></span> <span class='ocrx_word' id='word_1_766' title='bbox 2784 5045 2960 5115; x_wconf 86' lang='lat' dir='ltr'><strong>majus</strong></span> <span class='ocrx_word' id='word_1_767' title='bbox 2999 5052 3100 5106; x_wconf 90' lang='lat' dir='ltr'><strong>est,</strong></span> <span class='ocrx_word' id='word_1_768' title='bbox 3137 5055 3427 5094; x_wconf 89' lang='lat' dir='ltr'><strong>commune</strong></span> <span class='ocrx_word' id='word_1_769' title='bbox 3456 5049 3579 5091; x_wconf 91' lang='lat' dir='ltr'><strong>cum</strong></span> <span class='ocrx_word' id='word_1_770' title='bbox 3618 5053 3630 5110; x_wconf 66' lang='grc' dir='ltr'><strong>ς</strong></span> 
     </span>
    </p>
   </div>
   <div class='ocr_carea' id='block_1_103' title="bbox 1996 5130 3583 5209">
    <p class='ocr_par' dir='ltr' id='par_1_103' title="bbox 1996 5130 3583 5209">
     <span class='ocr_line' id='line_1_104' title="bbox 1996 5130 3583 5209; baseline -0.009 -15"><span class='ocrx_word' id='word_1_771' title='bbox 1996 5140 2218 5209; x_wconf 90' lang='lat' dir='ltr'><strong>reliquis</strong></span> <span class='ocrx_word' id='word_1_772' title='bbox 2233 5138 2602 5192; x_wconf 82' lang='lat' dir='ltr'><strong>sacerdotibus</strong></span> <span class='ocrx_word' id='word_1_773' title='bbox 2619 5135 2839 5198; x_wconf 86' lang='lat' dir='ltr'><strong>habent,</strong></span> <span class='ocrx_word' id='word_1_774' title='bbox 2860 5152 2983 5190; x_wconf 91' lang='lat' dir='ltr'><strong>cum</strong></span> <span class='ocrx_word' id='word_1_775' title='bbox 2998 5134 3075 5188; x_wconf 91' lang='lat' dir='ltr'><strong>eis</strong></span> <span class='ocrx_word' id='word_1_776' title='bbox 3089 5133 3275 5196; x_wconf 87' lang='lat' dir='ltr'><strong>etiam,</strong></span> <span class='ocrx_word' id='word_1_777' title='bbox 3296 5141 3349 5184; x_wconf 90' lang='lat' dir='ltr'><strong>et</strong></span> <span class='ocrx_word' id='word_1_778' title='bbox 3365 5130 3463 5202; x_wconf 88' lang='lat' dir='ltr'><strong>ipsi</strong></span> <span class='ocrx_word' id='word_1_779' title='bbox 3479 5141 3583 5181; x_wconf 91' lang='lat' dir='ltr'><strong>non</strong></span> 
     </span>
    </p>
   </div>
   <div class='ocr_carea' id='block_1_104' title="bbox 3211 5217 3561 5236">
    <p class='ocr_par' dir='ltr' id='par_1_104' title="bbox 3211 5217 3561 5236">
     <span class='ocr_line' id='line_1_105' title="bbox 3211 5217 3561 5236; baseline 0 0"><span class='ocrx_word' id='word_1_780' title='bbox 3211 5231 3221 5236; x_wconf 86' lang='lat'><strong>-</strong></span> <span class='ocrx_word' id='word_1_781' title='bbox 3275 5221 3336 5236; x_wconf 74' lang='grc' dir='ltr'><strong>Λ·</strong></span> <span class='ocrx_word' id='word_1_782' title='bbox 3477 5217 3561 5236; x_wconf 73' lang='grc' dir='ltr'><strong>ΠΙ-</strong></span> 
     </span>
    </p>
   </div>
   <div class='ocr_carea' id='block_1_105' title="bbox 303 4958 1881 5034">
    <p class='ocr_par' dir='ltr' id='par_1_105' title="bbox 303 4958 1881 5034">
     <span class='ocr_line' id='line_1_106' title="bbox 303 4958 1881 5034; baseline -0.004 -18"><span class='ocrx_word' id='word_1_783' title='bbox 303 4979 422 5017; x_wconf 90' lang='lat' dir='ltr'><strong>ram</strong></span> <span class='ocrx_word' id='word_1_784' title='bbox 454 4963 518 5017; x_wconf 87' lang='lat' dir='ltr'><strong>de</strong></span> <span class='ocrx_word' id='word_1_785' title='bbox 542 4963 734 5032; x_wconf 88' lang='lat' dir='ltr'><strong>spiritu</strong></span> <span class='ocrx_word' id='word_1_786' title='bbox 763 4971 874 5026; x_wconf 88' lang='lat' dir='ltr'><strong>tuo,</strong></span> <span class='ocrx_word' id='word_1_787' title='bbox 905 4961 1061 5034; x_wconf 67' lang='grc'><strong>104</strong></span> <span class='ocrx_word' id='word_1_788' title='bbox 1081 4960 1396 5030; x_wconf 89' lang='lat' dir='ltr'><strong>tradamque</strong></span> <span class='ocrx_word' id='word_1_789' title='bbox 1418 4959 1496 5014; x_wconf 89' lang='lat' dir='ltr'><strong>eis</strong></span> <span class='ocrx_word' id='word_1_790' title='bbox 1539 4958 1726 5029; x_wconf 87' lang='lat' dir='ltr'><strong>(Num.</strong></span> <span class='ocrx_word' id='word_1_791' title='bbox 1753 4960 1881 5027; x_wconf 81' lang='grc' dir='ltr'>ιιι).ι</span> 
     </span>
    </p>
   </div>
   <div class='ocr_carea' id='block_1_106' title="bbox 310 5052 1884 5125">
    <p class='ocr_par' dir='ltr' id='par_1_106' title="bbox 310 5052 1884 5125">
     <span class='ocr_line' id='line_1_107' title="bbox 310 5052 1884 5125; baseline -0.005 -15"><span class='ocrx_word' id='word_1_792' title='bbox 310 5055 411 5111; x_wconf 78' lang='lat' dir='ltr'><strong>Ubi</strong></span> <span class='ocrx_word' id='word_1_793' title='bbox 437 5056 752 5121; x_wconf 86' lang='lat' dir='ltr'><strong>notandum,</strong></span> <span class='ocrx_word' id='word_1_794' title='bbox 782 5057 925 5125; x_wconf 89' lang='lat' dir='ltr'><strong>quod</strong></span> <span class='ocrx_word' id='word_1_795' title='bbox 962 5071 1066 5111; x_wconf 89' lang='lat' dir='ltr'><strong>non</strong></span> <span class='ocrx_word' id='word_1_796' title='bbox 1097 5055 1190 5117; x_wconf 83' lang='lat' dir='ltr'><strong>ait.</strong></span> <span class='ocrx_word' id='word_1_797' title='bbox 1216 5054 1429 5109; x_wconf 89' lang='lat' dir='ltr'><strong>auferes</strong></span> <span class='ocrx_word' id='word_1_798' title='bbox 1459 5053 1522 5108; x_wconf 88' lang='lat' dir='ltr'><strong>de</strong></span> <span class='ocrx_word' id='word_1_799' title='bbox 1548 5052 1738 5122; x_wconf 91' lang='lat' dir='ltr'><strong>spiritu</strong></span> <span class='ocrx_word' id='word_1_800' title='bbox 1772 5060 1884 5116; x_wconf 90' lang='lat' dir='ltr'><strong>tuo,</strong></span> 
     </span>
    </p>
   </div>
   <div class='ocr_carea' id='block_1_107' title="bbox 311 5141 1890 5217">
    <p class='ocr_par' dir='ltr' id='par_1_107' title="bbox 311 5141 1890 5217">
     <span class='ocr_line' id='line_1_108' title="bbox 311 5141 1890 5217; baseline -0.004 -16"><span class='ocrx_word' id='word_1_801' title='bbox 311 5147 595 5217; x_wconf 86' lang='lat' dir='ltr'><strong>tradesque</strong></span> <span class='ocrx_word' id='word_1_802' title='bbox 627 5147 742 5210; x_wconf 86' lang='lat' dir='ltr'><strong>eis;</strong></span> <span class='ocrx_word' id='word_1_803' title='bbox 794 5144 891 5201; x_wconf 88' lang='lat' dir='ltr'><strong>sed</strong></span> <span class='ocrx_word' id='word_1_804' title='bbox 925 5146 1120 5216; x_wconf 89' lang='lat' dir='ltr'><strong>potius,</strong></span> <span class='ocrx_word' id='word_1_805' title='bbox 1174 5143 1439 5208; x_wconf 88' lang='lat' dir='ltr'><strong>auferam,</strong></span> <span class='ocrx_word' id='word_1_806' title='bbox 1468 5151 1522 5197; x_wconf 92' lang='lat' dir='ltr'><strong>et</strong></span> <span class='ocrx_word' id='word_1_807' title='bbox 1549 5141 1792 5207; x_wconf 88' lang='lat' dir='ltr'><strong>tradam;</strong></span> <span class='ocrx_word' id='word_1_808' title='bbox 1829 5149 1890 5194; x_wconf 90' lang='lat' dir='ltr'><strong>ut</strong></span> 
     </span>
    </p>
   </div>
  </div>
