4080 5346
521 227 628 283 H9

951 225 1006 280 S.
1053 223 1256 280 PETRI
1297 222 1579 279 DAMIANI
1615 221 1764 279 OPP.
1807 223 2042 282 TOMUS
2083 221 2216 281 SEU
2257 223 2437 282 PARS
2472 224 2558 282 ιιι.
2596 254 2665 267 -
2701 224 3068 284 OPUSCULA
3107 228 3338 288 VARIA.

3688 232 3792 288 190

522 355 662 413 quos
687 341 798 412 jam
831 339 1123 406 inhabitat,
1164 325 1607 410 perampliorcm
1653 340 1882 412 gratiam
1923 339 1990 394 ad
2039 338 2116 393 al-
2141 340 2194 402 Δ
2220 354 2456 412 eumque
2478 341 2666 398 eadem
2693 343 2870 397 anima
2897 343 3204 401 nullatenus
3229 345 3300 402 sit
3321 345 3553 412 diversa,
3578 348 3791 404 diversa

522 434 679 490 tioris
709 447 922 504 quoque
947 431 1147 504 gradus
1168 431 1508 488 incrementa
1540 433 1834 502 perducat;
1868 431 2106 501 alioquin

519 524 796 597 quomodo
834 525 958 595 quis
982 524 1038 579 in
1064 523 1359 580 subeundis
1392 525 1691 580 honoribus
1719 525 1931 580 noviter
1958 524 2106 579 illum

517 625 708 689 posset
751 617 1021 688 accipere,
1069 631 1192 671 cum
1243 623 1300 672 et
1348 616 1453 686 ipsi
1506 617 1708 688 gradus
1749 631 1848 688 per
1892 629 2108 672 morosa

518 717 825 779 temporum
874 708 1159 764 intervalla
1200 708 1527 780 regulariter
1549 709 1906 765 conferantur
1940 708 2104 780 (dist.

516 800 608 865 75.
659 817 713 857 c.
767 799 1288 872 Ordinationes):et
1331 802 1656 872 baptismus,
1710 801 1798 858 eui
1847 802 2108 872 primitiae

517 891 748 963 spiritus
794 891 1162 958 ascribuntur,
1212 891 1371 963 longe
1419 893 1570 963 prius
1616 900 1904 963 susceptus
1941 890 2110 947 fuisse

515 982 809 1039 videatur?
845 982 981 1038 Nam
1033 991 1090 1039 et
1132 983 1187 1038 in
1230 984 1491 1054 apostolis
1517 983 1709 1040 eadem
1738 999 1846 1040 non
1877 984 2112 1056 ambigi-

519 1087 613 1132 tur
654 1075 910 1132 discretio
950 1075 1119 1132 fuisse
1167 1085 1405 1146 servata,
1453 1076 1710 1133 videlicet
1739 1085 1798 1132 ut
1841 1076 2108 1149 Spiritum

521 1178 796 1237 sanctum,
848 1183 1008 1240 quem
1034 1167 1148 1240 jam
1179 1171 1475 1239 habebant,
1523 1187 1715 1228 rursus
1760 1171 2105 1242 acciperent;

525 1271 582 1318 et
615 1264 680 1319 de
709 1263 888 1334 gratia
915 1264 982 1318 ad
1006 1263 1236 1335 gratiam
1271 1264 1383 1319 suis
1410 1263 1554 1318 aucti
1583 1264 1935 1335 provectibus
1961 1263 2109 1334 aspi-

526 1362 736 1408 rarent.
766 1352 930 1412 Salvo
952 1355 1113 1425 plane
1135 1356 1418 1428 mysterio,
1445 1356 1590 1427 quod
1616 1355 1795 1413 divina
1822 1355 2110 1426 providen-

521 1446 598 1500 tia
627 1447 884 1517 primitus
922 1449 1135 1504 occultc
1176 1449 1232 1504 in
1270 1463 1458 1504 eorum
1500 1448 1758 1505 cordibus
1791 1447 2112 1520 intelligitur

520 1547 768 1609 operata,
811 1541 897 1596 bis
939 1540 1228 1598 manifesto
1273 1556 1502 1598 munere
1551 1540 1816 1614 Spiritum
1857 1550 2108 1598 sanctum

523 1632 830 1702 suscepisse
857 1632 1145 1702 leguntur:
1176 1635 1356 1705 primo
1385 1635 1596 1691 scilicet
1626 1642 1755 1690 tunc
1782 1650 1904 1690 cum
1929 1635 2111 1689 Domi-

2215 439 2392 487 tamen
2437 430 2664 502 singulis
2705 433 2966 489 membris
3012 433 3244 506 injungit
3283 435 3478 494 ofﬁcia.
3511 437 3603 494 Sic
3625 440 3793 496 etiam

2213 523 2448 595 Spiritus
2495 532 2716 580 sanctus
2744 525 2874 581 dum
2915 527 3181 584 universis
3226 529 3280 584 in
3324 527 3541 586 Christo
3586 533 3795 588 renatis

2211 616 2371 673 ﬁdem
2395 616 2606 684 tribuit,
2638 618 2794 688 quasi
2819 618 2984 674 vitam
3009 621 3223 678 cunctis
3247 620 3503 679 Ecclesiae
3533 625 3796 682 membris

2212 707 2470 775 infundit,
2502 709 2641 766 sicut
2674 710 2856 766 divina
2908 726 3042 768 voce
3071 711 3272 768 dicitur
3302 731 3315 768 :
3349 731 3368 766 r
3396 712 3582 770 Justus
3609 724 3792 771 autem

2211 816 2366 858 meus
2399 816 2468 858 ex
2504 800 2612 857 ﬁde
2650 801 2787 858 vivit
2812 800 2973 874 (Heb.
2999 802 3078 875 ι).
3109 821 3130 857 ι
3174 804 3308 860 Cum
3339 818 3471 875 ergo
3507 805 3795 862 nonnullos

2211 897 2282 953 ad
2345 895 2731 952 ecclesiasticae
2787 895 3069 969 dignitatis
3129 897 3438 954 ministeria
3502 898 3791 969 provehit,

2211 988 2360 1046 velut
2403 988 2731 1059 quibusdam
2787 988 3160 1061 superioribus
3225 989 3488 1046 membris
3538 991 3793 1062 specialia

2213 1082 2354 1138 dona
2379 1081 2649 1138 concedit.
2671 1079 2942 1137 Praeterea
2965 1089 3147 1137 utrum
3172 1080 3337 1138 lucidi
3365 1081 3468 1138 sibi
3499 1082 3608 1138 sint
3626 1082 3793 1149 oculi,

2212 1191 2450 1233 camurae
2479 1175 2548 1249 [f.
2576 1175 2822 1250 sonores]
2853 1191 3036 1244 aures,
3069 1177 3186 1233 sive
3207 1178 3372 1234 etiam
3398 1193 3580 1242 nares,
3611 1179 3794 1235 anima

2211 1283 2319 1324 non
2345 1267 2639 1334 discernit;
2671 1267 2766 1323 sed
2794 1267 2910 1324 sive
2933 1267 3181 1334 honesta,
3211 1267 3326 1324 sive
3354 1268 3494 1325 fteda
3522 1269 3632 1325 sint
3655 1267 3793 1337 haec,

2211 1358 2417 1430 proprii
2443 1359 2584 1429 juris
2611 1357 2847 1415 oﬁicium
2877 1358 3077 1430 cuique
3116 1358 3416 1426 distribuit;
3470 1369 3528 1415 ut
3558 1360 3794 1430 quodam

2212 1447 2373 1504 modo
2417 1463 2526 1504 non
2574 1449 3000 1521 magnipendere
3039 1448 3313 1517 videatur,
3354 1448 3654 1521 cuiusmodi
3680 1451 3796 1522 ipsa

2213 1540 2324 1596 sint
2361 1540 2630 1606 membra,
2677 1541 2773 1596 sed
2801 1539 2918 1596 loca
2947 1540 3152 1611 potius,
3183 1539 3239 1597 in
3266 1541 3462 1611 quibus
3488 1549 3613 1597 sunt
3638 1551 3798 1598 natu-

2214 1633 2404 1687 raliter
2448 1633 2766 1688 constituta.
2809 1632 2888 1688 Ita
2938 1646 3155 1704 quoque
3201 1631 3437 1704 Spiritus
3474 1640 3697 1689 sanctus
3727 1632 3797 1688 ad

522 1738 627 1779 nus
675 1699 985 1795 insufllavit,
1032 1735 1088 1782 et
1135 1699 1313 1783 dixit:
1347 1728 1632 1799 «Accipite
1677 1727 1940 1800 Spiritum
1984 1743 2111 1784 san-
2139 1699 2603 1782 Bconferendum
2645 1699 3180 1798 spiritualis'gratite
3234 1699 3639 1783 sacramentum
3687 1740 3795 1782 non

521 1821 672 1868 ctum
703 1814 884 1884 (Joan.
914 1815 1041 1887 xx);
1072 1836 1091 1870 ι
1125 1817 1365 1875 secundo
1391 1832 1514 1873 cum
1546 1832 1710 1890 super
1736 1831 1831 1874 eos
1855 1817 1908 1873 in
1938 1816 2110 1890 ﬁgura

521 1901 834 1974 linguarum
878 1906 1020 1977 ignis
1058 1907 1311 1978 apparuit
1346 1907 1488 1980 (Act.
1519 1908 1604 1979 tt).
1638 1909 2026 1965 Verumtamen
2055 1917 2111 1965 et

523 2004 652 2050 ante
695 1996 810 2052 hrec
857 2005 967 2052 tam
1010 2000 1314 2070 perspicuae
1354 2000 1668 2056 donationis
1698 2001 1922 2069 indicia,
1964 2001 2111 2056 inter

521 2085 645 2158 ipsa
672 2087 927 2144 videlicet
955 2090 1258 2147 vocationis
1290 2092 1585 2163 primordia
1636 2091 1902 2149 divinitus
1943 2091 2112 2163 inspi-

522 2180 632 2236 rati
677 2179 844 2236 fuisse
877 2191 1197 2239 noscuntur.
1238 2183 1376 2240 Nam
1406 2185 1676 2256 quomodo
1714 2192 1938 2258 possent
1977 2201 2110 2242 cun-

523 2279 635 2338 cta,
680 2286 801 2343 quae
829 2273 1186 2343 corporaliter
1219 2275 1591 2340 intuebantur,
1625 2274 1883 2346 abjicere,
1913 2291 1978 2332 ac
2007 2275 2109 2332 sub

521 2363 687 2420 unius
713 2365 864 2422 vocis
891 2365 1120 2436 imperio
1146 2366 1213 2421 ad
1245 2365 1534 2423 invisibilia
1559 2367 1838 2435 festinare,
1870 2367 1974 2424 nisi
1995 2367 2110 2438 jam

524 2451 879 2512 interioribus
919 2471 1108 2512 eorum
1133 2457 1306 2513 oculis
1335 2458 1510 2528 gratia
1543 2457 1782 2527 Spiritus
1811 2457 1987 2514 sancti
2026 2458 2110 2512 in-

525 2545 802 2604 fulsisset?
828 2547 983 2604 Unde
1007 2558 1064 2604 et
1087 2548 1286 2604 Paulus
1315 2550 1431 2606 ait:
1469 2569 1488 2602 ι
1521 2549 1623 2618 Qui
1657 2547 1922 2621 Spiritum
1956 2547 2112 2606 Chri-

531 2638 601 2694 sti
631 2653 740 2694 non
783 2637 968 2706 habet,
1010 2639 1100 2696 hic
1142 2655 1246 2696 non
1280 2651 1365 2698 est
1390 2641 1509 2714 ejus
1541 2641 1715 2713 (Rom.
1747 2640 1906 2713 vnt):
1938 2660 1957 2695 ι
1993 2656 2112 2711 qua:

526 2731 790 2788 nimirum
836 2732 1133 2805 apostolica
1181 2735 1456 2790 sententia
1501 2734 1631 2790 licet
1672 2733 1904 2790 necdum
1949 2733 2113 2790 fuerit

533 2821 896 2896 scripta,jam
923 2832 1106 2879 tamen
1132 2833 1253 2880 erat
1279 2824 1467 2896 procul
1508 2823 1673 2880 dubio
1713 2839 1866 2880 vera.
1899 2821 2113 2895 Nequa-

525 2929 689 2989 quam
731 2930 862 2987 ergo
887 2925 945 2971 ut
974 2915 1176 2972 Christi
1203 2926 1406 2983 essent,
1447 2915 1653 2973 Christi
1682 2932 1742 2973 se
1767 2915 2110 2988 discipulatui

522 3005 912 3073 tradidissent,
957 3006 1002 3062 si
1054 3007 1168 3078 jam
1219 3006 1456 3079 Spiritus
1511 3006 1632 3078 ejus
1675 3008 1945 3080 primitias
2003 3023 2109 3064 non

525 3099 815 3156 baberent.
857 3073 1482 3172 Munus-itaque-divinte
1507 3073 1797 3173 largitatis,
1829 3101 1970 3173 quod
1994 3101 2107 3172 jam
2135 3073 2183 3137 C

524 3189 780 3246 ﬁdelibus
806 3193 920 3248 suis
944 3192 1188 3258 dederat,
1221 3194 1418 3249 iterum
1442 3204 1604 3265 atque
1631 3195 1826 3250 iterum
1849 3195 2021 3260 dedit,
2051 3202 2112 3251 ut

523 3279 724 3353 frigida
773 3290 936 3354 atque
981 3285 1190 3340 arentia
1230 3285 1394 3342 corda
1423 3301 1582 3342 suum
1609 3302 1810 3342 munus
1837 3287 2109 3354 iterando,

528 3381 586 3427 et
629 3371 928 3430 ferventius
978 3377 1376 3445 accenderent,
1421 3387 1478 3432 et
1527 3377 1838 3435 afﬂuentius
1885 3379 2112 3435 inunda-

527 3472 673 3520 rent.
710 3463 801 3521 Sic
825 3465 1107 3534 nimirum,
1147 3468 1227 3524 sic
1253 3467 1492 3524 humana
1519 3477 1737 3538 natura,
1786 3485 1907 3542 qua:
1950 3471 2110 3544 longe

525 3556 704 3614 fuerat
729 3560 907 3616 noxice
938 3562 1227 3618 vetustatis
1255 3562 1508 3633 squalore
1545 3573 1888 3634 consumpta,
1916 3563 1984 3620 ad
2012 3563 2111 3620 ﬁo—

524 3665 642 3709 rem
673 3667 826 3710 nova:
853 3653 977 3709 vitae
1008 3655 1204 3725 quibus
1231 3664 1352 3711 erat
1397 3657 1855 3712 incrementorum
1883 3671 2107 3728 proces-

525 3745 677 3804 sibus
722 3743 1090 3802 reformanda.
1137 3744 1197 3803 Si
1239 3763 1371 3818 ergo
1413 3747 1713 3804 secundum
1749 3763 1834 3815 ea,
1866 3762 1985 3818 qum
2020 3763 2112 3804 su-

524 3840 712 3910 perius
753 3840 1146 3912 comprehensa
1189 3849 1341 3907 sunt,
1391 3856 1501 3897 non
1549 3841 1710 3897 modo
1759 3841 1813 3896 in
1864 3840 2108 3897 inferiori

527 3932 770 4003 quolibet
801 3935 972 4005 gradu
999 3935 1120 4005 quis
1148 3934 1431 4001 constitui,
1474 3933 1568 3990 sed
1599 3949 1667 3990 ne
1693 3932 1956 4004 baptizari
1983 3933 2110 4003 qui-

529 4026 654 4082 dem
683 4027 802 4082 sine
829 4026 1032 4099 Spiritu
1057 4036 1249 4084 sancto
1274 4026 1481 4098 potuit;
1510 4025 1756 4098 quisquis
1786 4025 1852 4080 ad
1874 4023 2107 4081 cilicium

527 4117 869 4176 sacerdotale
911 4119 1256 4189 provehitur,
1307 4133 1414 4174 non
1453 4118 1669 4174 noviter
1695 4116 1956 4188 Spiritum
1983 4131 2110 4172 san-

523 4218 698 4276 ctum,
729 4211 822 4266 sed
847 4209 966 4280 ejus
991 4211 1200 4282 utique,
1231 4225 1393 4282 quem
1417 4209 1529 4280 jam
1555 4209 1740 4277 habet,
1778 4209 2003 4280 suscipit
2027 4209 2108 4263 in-

526 4311 887 4358 crementum.
940 4303 1095 4358 Sicut
1120 4304 1266 4359 enim
1301 4319 1406 4358 una
1447 4303 1627 4358 anima
1656 4317 1755 4373 per
1776 4301 1956 4356 omnia
1981 4315 2106 4356 cor-

527 4395 678 4464 poris
709 4396 952 4449 membra
984 4394 1340 4462 diffunditur;
1383 4396 1463 4451 sic
1484 4410 1592 4450 uno
1615 4393 1708 4449 Dei
1739 4393 1946 4464 Spiritu
1975 4407 2105 4448 san-

523 4493 614 4541 cto
643 4485 968 4541 universalis
1004 4487 1250 4542 Ecclesia
1289 4494 1588 4557 vegetatur.
1631 4483 1784 4540 Unde
1816 4493 1869 4539 et
1907 4483 2105 4539 Paulus

523 4575 819 4634 Corinthiis
855 4578 1031 4633 dicit:
1067 4597 1084 4630 r
1119 4579 1272 4635 Sicut
1309 4579 1456 4635 enim
1497 4593 1694 4649 corpus
1723 4595 1886 4633 unum
1918 4587 2020 4646 est,
2052 4587 2108 4636 et

525 4671 771 4724 membra
819 4671 984 4727 habet
1030 4671 1231 4738 multa;
1287 4673 1468 4728 omnia
1502 4679 1678 4728 autem
1711 4672 1953 4728 membra
1986 4687 2107 4728 eor-

522 4759 673 4828 poris
695 4775 815 4816 eum
839 4763 948 4819 sint
978 4762 1167 4830 multa,
1199 4778 1364 4818 unum
1391 4772 1573 4818 tamen
1600 4780 1797 4834 corpus
1832 4774 1993 4832 sunt;
2029 4766 2102 4821 ita

523 4858 580 4904 ct
623 4850 872 4908 Christus
925 4853 975 4924 (ι
1019 4853 1140 4908 Cor.
1172 4855 1295 4926 xu).
1329 4875 1347 4909 ι
1396 4855 1609 4911 Etenim
1656 4857 1708 4911 iu
1754 4873 1862 4912 uno
1909 4859 2102 4929 spiritu

521 4953 714 4997 omnes
739 4957 836 4997 nos
861 4942 914 4997 in
946 4960 1109 4998 unuut
1138 4960 1336 5016 corpus
1358 4946 1612 5018 baptizati
1642 4963 1846 5002 sumus.
1879 4948 1950 5002 At
1973 4961 2103 5002 vero

521 5035 704 5091 anima
729 5051 852 5092 cum
875 5037 946 5093 sit
970 5054 1100 5104 una,
1125 5039 1306 5094 omnia
1329 5041 1546 5112 quidem
1576 5043 1818 5097 membra
1841 5041 2092 5106 viviﬁeat,

525 5125 624 5181 sed
654 5141 758 5180 non
789 5143 974 5193 unam,
1003 5130 1357 5201 eamdemque
1403 5132 1510 5189 vim
1560 5134 1820 5188 membris
1851 5134 2103 5188 omnibus

525 5223 904 5288 administrat;
936 5223 1256 5291 quibusdam
1297 5241 1491 5297 nempe
1521 5225 1674 5297 quasi
1709 5225 1938 5296 quadam
1964 5241 2104 5298 prte-

532 5309 771 5346 νηηιὶιῖιυι
824 5314 1066 5346 nnnnnzni
1147 5316 1287 5346 Πιιηιι
1337 5317 1455 5346 Λιῖἶη
1491 5333 1596 5346 “An
1637 5317 1871 5346 :unnA-l:l
1905 5337 1916 5346 ι

1971 5334 2099 5346 ﬁnd“

2216 1825 2327 1872 tam
2363 1816 2488 1871 vita:
2516 1816 2795 1882 meritum,
2847 1831 3010 1887 quam
3056 1813 3280 1886 iniuncti
3321 1815 3520 1888 gradus
3564 1817 3800 1873 attendit

2214 1907 2452 1964 ollicium
2479 1924 2495 1974 ;
2539 1914 2597 1962 ut
2623 1921 2729 1962 non
2764 1920 3092 1978 magnopere
3124 1907 3191 1962 ad
3222 1915 3555 1964 momentum
3581 1907 3659 1963 rei
3691 1908 3795 1963 bu-

2210 1998 2303 2070 jus
2334 1998 2583 2066 attineat,
2611 1998 2756 2070 quod
2783 1997 3037 2054 Ecclesia:
3060 1999 3304 2054 membra
3326 1997 3644 2054 deformiter
3663 1998 3795 2064 sint,

2215 2093 2510 2148 bonesteve
2557 2089 2876 2162 composita,
2919 2089 3014 2146 sed
3041 2088 3095 2145 id
3125 2089 3302 2161 potius
3326 2089 3416 2145 ubi
3449 2089 3558 2145 sint
3582 2089 3794 2160 posita;

2214 2193 2271 2240 et
2305 2199 2337 2239 a
2367 2182 2526 2243 nobis
2556 2198 2663 2238 non
2687 2191 2799 2238 tam
2830 2182 3026 2237 merita
3052 2181 3163 2237 sint
3191 2180 3604 2246 consideranda,
3630 2195 3794 2252 quam

2213 2273 2352 2337 loca,
2386 2273 2687 2344 przesertim
2716 2287 2838 2328 eum
2863 2267 3153 2343 Apostolus
3178 2271 3323 2328 dicat
3349 2289 3363 2327 :
3393 2291 3411 2324 ι
3440 2269 3628 2327 Posuit
3651 2270 3795 2326 Deus

2214 2359 2484 2431 membra,
2551 2363 2980 2434 unumquodque
3020 2378 3207 2419 eorum
3252 2363 3307 2418 in
3356 2375 3602 2432 corpore,
3655 2361 3798 2416 sicut

2212 2457 2385 2516 voluit
2433 2457 2482 2531 (ι
2512 2458 2631 2513 Cor.
2678 2457 2802 2528 xu).
2830 2475 2850 2510 ι
2888 2455 2996 2514 Sed
3029 2471 3172 2528 stepe
3205 2455 3490 2527 contingit,
3520 2463 3580 2510 ut
3619 2467 3795 2510 mem-

2211 2551 2309 2609 bra
2345 2551 2482 2622 ipsa,
2507 2549 2702 2622 quibus
2743 2550 2955 2621 potiora
2984 2563 3241 2605 sensuum
3279 2555 3656 2621 praerogantur
3679 2545 3794 2602 olli-

2213 2642 2317 2708 cia,
2351 2640 2682 2698 deformitati
2724 2639 3068 2710 reperiantur
3113 2638 3368 2705 obnoxia,
3399 2644 3542 2694 'cum
3587 2645 3793 2695 caetera

2215 2733 2423 2790 scilicet
2467 2731 2759 2804 conspicua
2804 2731 2915 2788 sint
2965 2738 3252 2787 venustate
3293 2729 3514 2795 decora,
3553 2743 3676 2800 quae
3709 2727 3795 2782 ni-

2213 2825 2410 2880 mirum
2435 2824 2652 2880 illorum
2677 2822 2875 2879 ofﬁciis
2901 2821 3177 2880 communi
3216 2821 3377 2878 simul
3405 2821 3642 2877 utilitate
3668 2836 3797 2892 par-

2215 2917 2463 2989 ticipant,
2509 2931 2632 2971 cum
2671 2924 2852 2971 tamen
2899 2913 2955 2968 in
2987 2929 3045 2970 se
3075 2913 3281 2970 nullum
3321 2927 3546 2985 prorsus
3577 2927 3793 2969 ntevum

2213 3025 2402 3067 eorum
2465 3007 2828 3066 deformitatis
2893 3007 3202 3064 admittant.
3261 3006 3414 3064 Unde
3465 3007 3607 3063 idem
3663 3006 3796 3064 dicit

2213 3104 2500 3176 Apostolus
2547 3121 2562 3159 :
2624 3121 2643 3156 ι
2674 3103 2806 3171 Qua:
2852 3102 3137 3158 inhonesta
3187 3112 3315 3159 sunt
3365 3109 3573 3170 nostra,
3622 3102 3796 3158 abun-

2213 3197 2516 3254 dantiorem
2552 3196 2894 3252 honestatem
2919 3195 3119 3252 habent
3150 3195 3361 3268 (Ibid.).
3391 3214 3410 3248 ι
3435 3195 3513 3251 Ita
3546 3194 3794 3268 profecto

2213 3287 2398 3344 clerici
2463 3286 2606 3358 quod
2654 3285 2965 3357 specialiter
3013 3286 3253 3354 habent,
3308 3301 3416 3341 non
3465 3285 3640 3357 magis
3689 3283 3794 3342 sibi

2215 3394 2377 3450 quam
2406 3377 2527 3433 usui
2561 3376 2729 3432 totius
2751 3375 3007 3433 Ecclesia:
3033 3375 3397 3433 communiter
3426 3375 3664 3431 debent:
3693 3375 3796 3432 sic-

2213 3487 2320 3546 que
2341 3471 2424 3540 ﬁt,
2459 3480 2520 3528 ut
2551 3471 2597 3528 si
2626 3470 2833 3544 indigni
2863 3470 2997 3538 sint,
3043 3479 3100 3527 et
3138 3469 3498 3542 privilegium,
3524 3483 3633 3542 quo
3656 3484 3799 3541 prae.

2210 3564 2482 3632 feruntur,
2527 3563 2650 3620 aliis
2694 3563 2952 3631 debeant,
2992 3571 3049 3618 et
3093 3570 3278 3618 reatus
3318 3576 3426 3632 quo
3471 3570 3797 3634 premuntur

2203 3657 2468 3728 judicium
2507 3673 2613 3714 non
2645 3657 2916 3712 'evadant.
2959 3654 3096 3711 Nam
3127 3655 3173 3711 si
3199 3669 3298 3724 pro
3325 3669 3386 3711 se
3415 3652 3794 3709 tantummodo

2211 3747 2573 3806 ministerium
2622 3745 2965 3803 sacerdotale
3015 3745 3380 3816 susciperent,
3437 3759 3546 3801 non
3594 3743 3691 3800 abs
3734 3757 3795 3799 re

2212 3839 2458 3896 homines
2483 3840 2550 3895 de
2579 3839 2793 3896 illorum
2838 3839 3053 3895 meritis
3102 3839 3484 3909 disputarem;
3523 3838 3619 3894 sed
3659 3853 3794 3907 quo-

2211 3933 2358 3989 niam
2406 3948 2504 4004 pro
2545 3933 2819 3989 communi
2863 3933 3109 3989 omnium
3157 3933 3331 3988 salute
3377 3933 3552 4004 gratia
3582 3931 3671 3986 illa
3704 3931 3794 3986 tri-

2211 4025 2417 4091 buitur,
2459 4042 2564 4082 non
2613 4024 3003 4080 attendendum
3059 4023 3309 4094 qualibus
3347 4022 3530 4089 datur,
3569 4021 3662 4077 sed
3693 4034 3794 4090 pro

2211 4116 2408 4187 quibus
2455 4115 2634 4171 datur.
2689 4115 2864 4171 Porro
2910 4123 3091 4170 autem
3131 4113 3349 4170 Veritas
3395 4112 3576 4168 dicit:
3631 4129 3651 4161 ι
3681 4110 3794 4181 Ego

2211 4227 2332 4266 sum
2369 4209 2516 4276 vitis,
2574 4224 2674 4265 vos
2717 4208 2965 4278 palmites
3011 4206 3194 4280 (Joan.
3222 4205 3336 4278 xv).
3377 4224 3396 4258 ι
3437 4205 3518 4260 Ex
3547 4205 3649 4260 hac
3682 4203 3794 4258 vite

2212 4303 2411 4358 diversi
2460 4303 2734 4374 prodeunt.
2769 4301 3058 4374 palmites,
3106 4300 3196 4356 alii
3235 4299 3452 4371 quidem
3499 4297 3791 4368 aliquando

2211 4393 2584 4464 praecidendi,
2642 4393 2734 4449 alii
2793 4393 3164 4464 germinandis
3210 4385 3476 4446 fructibus
3529 4397 3794 4460 perpetuo

2215 4484 2531 4541 reservandi
2559 4501 2572 4551 ;
2609 4485 2704 4540 sed
2749 4485 2841 4556 qui
2881 4482 3208 4556 prtecidcndi
3240 4490 3386 4547 sunt,
3413 4478 3652 4550 quandiu
3683 4477 3791 4530 falx

2211 4575 2545 4647 evangeliea,
2595 4574 2680 4630 vel
2727 4575 2990 4630 canonica
3028 4589 3138 4630 non
3178 4570 3491 4636 accesserit,
3534 4567 3792 4638 quidquid

2212 4667 2461 4733 all‘erunt,
2496 4682 2524 4721 a
2554 4667 2822 4722 bonorum
2863 4665 3144 4737 palmitum
3174 4663 3441 4720 fructibus
3467 4675 3576 4718 non
3609 4673 3791 4716 secer-

2217 4763 2385 4830 nitur,
2416 4761 2512 4818 scd
2541 4759 2915 4818 indifferenter
2937 4759 3185 4816 habetur.
3218 4751 3226 4758 ’

2809 4874 3039 4934 CAPUT
3079 4872 3218 4930 XVI.

2213 4969 2290 5026 De
2333 4967 2664 5041 nequissimi;
2691 4967 3011 5107 jepiscOpis,f
3031 4981 3255 5049 quorum
3297 4973 3473 5021 tamen
3525 4962 3790 5017 ordinatio

2830 5048 2948 5092 rata
3009 5047 3161 5091 uent.

2830 5048 2948 5092 rata
2984 5047 3161 5092 fuerit.

2281 5134 2420 5192 Hinc
2469 5142 2555 5189 cst
2598 5131 2764 5194 enim,
2797 5132 2940 5201 quod
2973 5145 3162 5186 omnes
3195 5129 3589 5195 ordinationes,
3613 5143 3732 5200 quae
3759 5141 3789 5182 a

2211 5225 2450 5291 Liberio,
2482 5223 2740 5280 lmretico
2765 5221 3034 5286 videlicet,
3066 5228 3120 5275 et
3143 5220 3423 5286 seditioso,
3459 5229 3587 5274 sunt
3615 5218 3788 5285 factm,

2209 5319 2263 5346 ξ..
2316 5318 2396 5346 -..2
2445 5326 2617 5346 nini-In
2659 5323 2957 5346 nncnnnlnr
2986 5311 3362 5346 ἷηηπιηιιῖιῖίσιθη
3391 5319 3622 5346 convnias
3647 5311 3792 5346 Ιρηκ..
