4106 6310
361 394 458 450 {Si

2003 309 2021 320 ..
2094 315 2239 352 ,κριδὸά

1128 385 1369 446 OPUSC.
1411 386 1498 443 Vi.
1537 417 1605 430 -
1631 385 1830 443 LIBER
1866 385 1984 456 QUI
2021 387 2296 447 DICITUR
2335 389 2820 448 GRATI'SSIMUS.

3525 390 3636 452 ης

358 507 693 571 sacerdotes,
742 513 799 560 et
845 509 1030 560 clerici
1069 491 1166 574 p‘er
1206 503 1325 574 ejus
1363 503 1622 559 malitiam
1670 512 1793 558 sunt
1822 520 1949 575 pcr-
1981 505 2028 566 Α
2059 512 2166 559 tem
2224 505 2467 572 imitus,
2529 507 2861 579 dispensatio
2923 511 3056 565 mihi
3131 508 3339 568 credita
3409 519 3495 568 est
3560 509 3629 584 (ι

358 601 563 673 empti;
600 598 805 656 residui
840 613 969 654 vero
997 597 1250 654 catholici
1278 613 1387 651 non
1420 597 1488 651 ab
1527 596 1808 661 Ecclesiis,
1849 597 1945 653 sed

359 695 523 751 etiam
548 692 736 748 alocis
783 691 896 746 suis
941 689 1220 761 prohibiti.
1259 688 1510 746 Liberius
1551 689 1736 760 itaque
1767 687 1945 744 factus

357 794 631 858 apostata,
678 799 772 840 sex
805 797 1071 838 annorum
1105 779 1280 852 spatia
1306 781 1608 853 supervixit
1642 780 1945 851 :quidquid

361 887 544 934 tamen
574 889 738 948 super
769 874 1209 930 ordinationibus
1239 874 1366 945 egit,
1406 873 1573 928 ﬁxttm
1601 882 1657 928 ct
1683 880 1863 927 ratum
1889 873 1942 926 in

358 969 440 1024 sui
487 968 696 1038 vigoris
736 965 1040 1020 stabilitate
1081 963 1401 1034 permansit.
1432 964 1570 1030 Quid
1592 963 1659 1018 de
1683 978 1820 1034 papa
1850 961 1943 1017 Vi-

357 1059 488 1132 gilio
515 1058 733 1114 dicam?
756 1056 850 1129 qui
876 1056 1132 1111 nimirum
1154 1055 1450 1110 sceleratus
1471 1064 1525 1111 et
1547 1056 1768 1126 impius,
1791 1055 1948 1126 quid-

360 1151 490 1222 quid
518 1148 827 1206 ordinando
851 1147 1154 1214 constituit,
1189 1161 1348 1202 nemo
1377 1146 1693 1217 pontiﬁcum
1727 1161 1946 1202 cassare

357 1244 727 1317 praesumpsit.
773 1241 942 1299 Istum
985 1241 1219 1316 denique
1257 1240 1479 1295 noveris
1525 1255 1645 1296 esse
1688 1238 1945 1310 Vigilium

357 1338 636 1410 qui-prius
656 1335 935 1392 Bonifacio
958 1350 1115 1406 papa:
1145 1335 1364 1390 molitus
1403 1341 1487 1390 est
1529 1333 1774 1400 insidias,
1815 1350 1946 1404 qua-

356 1441 520 1488 tenus
553 1445 620 1486 eo
657 1429 898 1495 vidente,
931 1427 1284 1499 apostolicam
1313 1426 1497 1483 sedem
1519 1425 1816 1496 sacrilegus
1845 1424 1944 1480 ob-

359 1523 600 1587 tineret;
653 1521 748 1577 sed
792 1519 1080 1576 resistente
1123 1529 1338 1586 senatu,
1384 1527 1614 1574 conatus
1652 1516 1869 1572 illicitos
1893 1527 1948 1572 et

359 1612 601 1670 nefarios
633 1611 858 1683 implere
884 1626 988 1666 non
1016 1611 1210 1683 potuit.
1242 1610 1594 1666 Postmodum
1619 1625 1749 1664 vero
1772 1609 1947 1665 solitis

357 1704 857 1763 machinationibus
915 1703 1224 1776 Sylverium
1275 1717 1471 1775 papam
1528 1718 1820 1776 aggressus
1866 1711 1949 1758 cst

358 1799 660 1870 apostolica
682 1797 946 1868 dignitate
973 1796 1212 1869 privare,
1243 1796 1386 1868 quod
1415 1795 1503 1852 ille
1534 1811 1656 1850 mox
1695 1796 1943 1851 animad-

2050 595 2172 653 Cor.
2233 596 2350 667 ix).
2401 615 2419 649 ι
2481 595 2560 652 Ac
2613 597 2660 652 si
2712 597 2855 654 dicat
2916 616 2930 654 :
2986 598 3095 654 lllis
3169 600 3430 670 prodest,
3499 602 3625 673 qui-

2048 687 2151 742 hns
2202 687 2497 758 dispenso;
2547 703 2654 742 non
2697 688 2852 754 mihi,
2905 689 2997 760 qui
3028 688 3189 745 facio.
3251 689 3381 745 ideo
3420 705 3636 762 quoque

2050 779 2212 849 108
2241 778 2428 834 doctor
2465 779 2714 851 egregius
2757 779 2808 835 in
2857 781 3192 850 expositione
3223 781 3366 837 beati
3408 781 3636 838 Joannis

2043 873 2388 945 evangelista:
2443 875 2521 930 sic
2571 874 2854 945 loquitur:
2893 893 2913 928 ι
2951 873 3072 931 Jam
3117 891 3213 932 vos
3261 877 3449 932 mundi
3502 876 3636 933 estis

2043 974 2269 1036 prepter
2292 965 2538 1033 verbum,
2555 969 2700 1038 quod
2724 968 2934 1025 locutus
2959 983 3078 1024 sum
3106 969 3259 1025 vobis
3281 969 3462 1042 (Joan.
3486 970 3596 1042 xv).
3612 989 3632 1024 ι

2047 1057 2226 1126 Quare
2280 1075 2389 1114 non
2435 1061 2542 1127 ait,
2594 1061 2779 1116 mundi
2838 1062 2970 1117 estis
3020 1071 3258 1133 propter‘
3289 1063 3635 1132 baptismum,

2046 1167 2152 1222 quo
2188 1151 2356 1209 abluti
2389 1152 2539 1217 estis,
2571 1154 2662 1209 sed
2690 1163 2911 1225 propter
2947 1155 3196 1221 verbum,
3230 1155 3372 1224 quod
3415 1154 3633 1210 locutus

2048 1260 2166 1301 sum
2198 1245 2350 1301 vobis
2387 1264 2399 1300 :
2444 1245 2550 1301 nisi
2581 1245 2710 1318 quia
2735 1255 2791 1302 et
2829 1247 2884 1302 in
2923 1261 3064 1318 aqua
3108 1247 3330 1304 verbum
3389 1246 3635 1302 mundat.

2047 1337 2282 1394 Detrahe
2314 1339 2558 1404 verbum.
2590 1349 2644 1396 ct
2674 1340 2805 1410 quid
2845 1349 2930 1397 est
2983 1355 3150 1412 aqua,
3175 1340 3279 1396 nisi
3309 1341 3494 1412 aqua?
3535 1340 3640 1396 Ac-

2045 1431 2190 1488 cedit
2245 1432 2466 1488 verbum
2516 1433 2586 1487 ad
2631 1432 2984 1500 elementum,
3015 1442 3068 1488 et
3128 1433 3188 1488 ﬁt
3234 1441 3634 1489 sacramentum

2047 1523 2212 1580 etiam
2247 1527 2422 1596 ipsum
2458 1533 2713 1596 tanquam
2741 1525 2960 1582 visibile
2989 1526 3237 1582 verbum.
3287 1525 3422 1580 Nam
3451 1525 3638 1581 ethoc

2048 1618 2236 1687 utique
2285 1618 2514 1685 dixerat,
2559 1620 2774 1690 quando
2821 1619 3207 1690 discipulorum
3254 1621 3420 1691 pedes
3457 1619 3638 1676 lavit:

2051 1730 2068 1764 ι
2103 1709 2204 1778 Qui
2235 1710 2376 1766 lotus
2404 1719 2506 1775 est,
2536 1725 2642 1765 non
2677 1711 2883 1783 indiget
2911 1711 3016 1768 nisi
3055 1720 3116 1766 ut
3149 1711 3312 1781 pedes
3343 1711 3506 1776 lavet,
3546 1708 3642 1767 sed

2045 1810 2132 1858 est
2178 1803 2412 1858 mundus
2465 1811 2610 1858 totus
2658 1802 2842 1874 (Joan.
2895 1803 3037 1873 xm).
3078 1822 3096 1856 ι
3134 1801 3289 1858 Unde
3343 1803 3446 1858 ista
3490 1810 3641 1858 tanta

356 1898 598 1953 vertens,
652 1887 912 1961 synodale
960 1887 1248 1943 concilium
1295 1887 1671 1960 congregavit,
1724 1886 1816 1941 ubi
1849 1902 1941 1941 an-
1977 1875 2222 1948 Bvirtus
2268 1907 2422 1963 aqua:
2470 1904 2577 1959 est,
2623 1900 2684 1947 ut
2733 1907 2928 1963 corpus
2976 1901 3182 1964 tangat,
3211 1901 3268 1949 et
3311 1907 3406 1948 cor
3459 1891 3645 1948 abluat

365 1985 626 2041 ctoritate
673 1983 909 2054 Spiritus
956 1981 1130 2038 sancti
1158 2022 1174 2050 ,
1228 1993 1282 2038 et
1329 1982 1627 2054 apostolica
1677 1989 1943 2053 potestate

360 2091 510 2143 eum,
539 2086 602 2131 ut
633 2090 822 2131 revera
855 2075 1227 2131 Simoniacum
1264 2083 1316 2132 et
1351 2076 1657 2131 invasorem
1689 2075 1946 2132 Eeclesi:e

363 2169 598 2226 vinculis
659 2169 953 2241 ablegavit.
1012 2167 1240 2242 Vigilius
1293 2180 1510 2235 tamen,
1570 2181 1629 2226 ut
1682 2171 1946 2242 sacrilega

355 2271 540 2316 mente
589 2267 940 2331 conceperat,
980 2275 1075 2332 per
1125 2259 1462 2331 imperialem
1507 2260 1806 2331 potentiam
1845 2262 1941 2316 da-

356 2358 582 2420 tamque
627 2350 914 2421 pecuniam
958 2359 1013 2405 et
1041 2347 1301 2405 falsorum
1348 2350 1679 2414 adminiculo
1727 2353 1942 2408 testium

355 2436 900 2515 prmdictum'papam
932 2441 1238 2516 Sylvcrium
1263 2443 1514 2513 nequiter
1539 2445 1942 2512 condemnavit,

354 2534 696 2612 monachicis
744 2535 987 2591 vestibus
1035 2534 1232 2601 induit,
1271 2543 1326 2590 et
1364 2535 1431 2589 ad
1467 2535 1689 2591 Pontias
1721 2537 1774 2592 in
1801 2539 1946 2594 exsi-

353 2628 486 2684 lium
533 2627 849 2695 destinavit,
879 2635 1194 2684 sustentans
1225 2644 1349 2684 eum
1382 2643 1522 2699 pane
1553 2629 1941 2698 tribulationis,

353 2729 414 2775 et
455 2735 597 2792 aqua
647 2721 951 2791 angustim:
987 2719 1169 2791 ibique
1216 2720 1347 2776 felix
1377 2737 1514 2793 papa
1547 2722 1638 2778 ille
1666 2722 1945 2782 confessor

354 2809 558 2878 factus,
589 2808 877 2866 defunctus
909 2825 973 2866 ac
1001 2811 1244 2882 sepultus
1281 2821 1408 2868 est:
1443 2812 1510 2868 ad
1556 2814 1711 2886 cujus
1762 2823 1946 2872 tumu-

351 2903 468 2958 lum
526 2903 774 2959 nonnulli
829 2903 1171 2961 sanabantur
1215 2905 1438 2964 inﬁrmi.
1489 2907 1713 2981 Vigilius
1763 2923 1943 2968 autem

354 2997 536 3068 dignis
578 2998 945 3055 anathematis
992 2999 1225 3057 nexibus
1264 3001 1528 3069 irretitus,
1562 3018 1691 3062 reus
1719 3006 1944 3078 insuper

355 3087 662 3155 homicidii,
696 3088 922 3144 nefariis
951 3090 1175 3148 ausibus
1210 3107 1270 3147 se
1295 3107 1492 3163 papam
1524 3094 1778 3152 instituit.
1813 3095 1942 3164 Sed,

352 3194 391 3234 ο
419 3179 854 3236 inaestimabilem
899 3181 1093 3237 divina:
1134 3181 1436 3238 clementia:
1463 3184 1752 3256 pietatem!
1791 3184 1943 3258 Vigi-

353 3269 483 3337 lius,
527 3270 623 3340 qui
671 3269 784 3341 jam
829 3270 1148 3343 deSperatns
1177 3281 1296 3330 erat
1328 3274 1394 3329 ad
1425 3275 1660 3346 culpam,
1694 3287 1944 3333 servatur

353 3362 424 3418 ad
469 3363 871 3434 paenitentiam,
924 3365 1207 3420 Antimum
1245 3367 1456 3424 scilicet
1485 3371 1802 3427 hmrctieum
1844 3388 1942 3443 pa-

353 3453 686 3522 triarcham,
721 3472 884 3527 quem
921 3459 1279 3516 reconciliare
1317 3462 1704 3534 spoponderat,
1739 3461 1943 3521 inthroé

357 3549 546 3603 nizare
610 3550 784 3607 noluit
827 3567 842 3607 :
889 3563 1174 3625 propterea
1221 3555 1382 3629 longo
1432 3557 1686 3616 detrusus
1749 3561 1944 3620 exsilio

353 3637 598 3710 dirisque
665 3640 1050 3701 amictionibus
1117 3658 1467 3715 maceratus,
1540 3649 1702 3706 factis
1780 3653 1940 3724 digna

357 3736 581 3808 recepit,
632 3746 688 3792 et
724 3738 804 3794 sic
853 3739 1068 3795 demum
1112 3742 1302 3812 procul
1341 3759 1371 3799 a
1414 3744 1587 3815 patria
1649 3747 1938 3816 expulsus,

356 3825 650 3881 defunctus
691 3828 901 3898 quievit
947 3830 1001 3885 in
1055 3830 1306 3889 Domino.
1343 3832 1727 3892 Ordinationes
1761 3846 1939 3893 tamen

354 3918 496 3989 ejus,
535 3927 592 3973 ut
627 3918 832 3975 dictum
861 3931 966 3988 est,
994 3921 1047 3977 in
1075 3937 1172 3978 sua
1200 3925 1467 3996 perpetim
1497 3927 1797 3984 stabilitate
1825 3944 1942 4000 per-

357 4021 696 4066 manserunt.
737 4011 865 4069 llzcc
911 4023 1118 4082 autem,
1162 4032 1283 4087 qua:
1315 4018 1381 4073 de
1426 4016 1677 4090 Sylverio
1716 4019 1943 4090 Vigilia-

359 4118 466 4173 quc
511 4103 822 4171 retulimus,
853 4107 1051 4176 partim
1087 4107 1139 4162 in
1171 4109 1412 4181 synodali
1445 4110 1667 4166 decreto
1697 4111 1940 4182 ejusdem

355 4191 613 4268 Sylverii,
645 4197 844 4268 partim
871 4197 924 4252 in
961 4199 1258 4266 pontiﬁcali
1299 4201 1486 4258 codice
1517 4203 1723 4274 digesta
1755 4204 1944 4276 legun-

357 4295 466 4342 tur.
501 4285 562 4343 Si
587 4303 718 4360 crgo
760 4304 860 4346 nec
908 4299 1020 4346 tam
1066 4290 1456 4364 ﬁagitiosorum
1482 4295 1797 4366 pontiﬁcum
1825 4305 1939 4351 sta—

354 4389 472 4435 tuta
513 4392 817 4446 eassantur,
867 4399 974 4453 quo
1006 4394 1166 4454 pacto
1197 4385 1469 4442 innocenti
1510 4388 1716 4444 homini
1764 4386 1942 4445 Simo-

351 4472 495 4529 niaci
543 4488 737 4529 manus
778 4473 1036 4542 ofﬁciant,
1069 4492 1228 4548 quem
1268 4480 1488 4550 propria
1530 4482 1797 4537 sententia
1830 4498 1938 4537 non

353 4562 722 4631 condemnat;
763 4566 1037 4637 quomodo
1065 4569 1243 4624 aliena
1265 4571 1509 4641 pravitas
1540 4587 1568 4625 a
1600 4572 1780 4628 divina
1812 4589 1936 4644 gra-

355 4657 429 4711 tia
475 4666 718 4729 separat,
761 4674 923 4730 quem
971 4661 1190 4732 propria
1241 4662 1348 4718 vita
1401 4663 1513 4720 Deo
1555 4667 1943 4721 commendat?

353 4745 596 4819 Spiritus
627 4751 771 4806 enim
812 4759 1032 4807 sanctus
1074 4769 1172 4824 per
1194 4769 1318 4808 eum
1353 4755 1527 4822 datur,
1562 4772 1589 4810 a
1615 4773 1722 4828 quo
1752 4757 1937 4828 procul

352 4841 520 4896 dubio
575 4857 682 4897 non
736 4842 992 4900 habetur.
1045 4843 1149 4900 Sed
1192 4853 1252 4901 ut
1302 4856 1502 4903 nostra:
1552 4849 1941 4907 imbecillitatis

353 4932 587 4987 assertio
637 4932 794 4989 ﬁdem
845 4934 1190 4992 audientibus
1241 4939 1506 5008 przebcat,
1554 4941 1744 4996 beatus
1772 4941 1937 4997 etiam

350 5021 692 5094 Augustinus
730 5025 935 5097 (contra
973 5024 1386 5084 Parmeniamun
1419 5031 1455 5086 Ι.
1480 5047 1538 5098 ιι,
1577 5046 1694 5104 cap.
1743 5035 1831 5106 ll)
1871 5035 1938 5090 ad

351 5116 594 5170 medium
643 5117 870 5175 idoneus
910 5118 1236 5190 suffragator
1280 5123 1544 5188 accedat;
1591 5133 1780 5180 contra
1805 5126 1938 5181 Par-

353 5209 670 5264 meuianum
711 5211 856 5266 enim
902 5211 1239 5269 Donatistam
1273 5215 1359 5270 his
1389 5214 1684 5286 alloquitur
1711 5218 1930 5274 verbis:

353 5299 510 5369 Quod
561 5311 767 5369 autem,
819 5304 1016 5376 inquit,
1069 5305 1123 5360 in
1173 5304 1310 5362 libro
1359 5307 1651 5378 Sapientia:
1689 5303 1928 5380 legitur:

353 5393 592 5466 Spiritus
642 5411 866 5454 sanctus
906 5397 1203 5468 disciplina:
1233 5398 1455 5471 effugiet
1491 5402 1700 5472 ﬁctum,
1740 5411 1795 5458 et
1835 5418 1934 5457 au-

351 5486 495 5544 feret
541 5505 602 5545 se
643 5506 673 5544 a
722 5491 1166 5562 cogitationibus,
1216 5507 1336 5562 qua?
1361 5501 1488 5548 sunt
1516 5493 1634 5549 sine
1661 5493 1936 5550 intellectu

352 5581 512 5654 (Sap.
544 5584 620 5654 t);
656 5584 728 5639 ita
773 5585 1176 5658 intelligendum
1206 5593 1312 5653 est,
1353 5595 1412 5642 nt
1440 5587 1580 5643 desit
1605 5587 1764 5644 saluti
1789 5587 1929 5656 ejus,

350 5675 722 5734 ministerium
767 5687 946 5736 tamen
981 5696 1087 5736 non
1120 5680 1359 5750 deserat,
1399 5681 1540 5754 quod
1567 5697 1665 5753 per
1687 5698 1808 5738 eum
1838 5697 1928 5737 sa-

348 5763 520 5824 lutem
563 5778 823 5840 operatur
864 5771 1117 5828 aliorum.
1174 5772 1326 5830 Unde
1353 5774 1428 5829 ait
1453 5765 1784 5845 Apostolus:
1822 5793 1840 5826 ι
1872 5773 1928 5829 Si

349 5860 498 5920 enim
534 5862 724 5922 volens
775 5863 897 5923 hoc‘
927 5852 1088 5934 facio,
1141 5867 1445 5927 mercedem
1499 5867 1710 5938 habeo;
1740 5868 1786 5926 si
1837 5884 1932 5924 au.

1971 3235 2018 3301 C

2047 1984 2152 2039 nisi
2184 1983 2416 2039 faciente
2443 1983 2651 2040 verbo?
2675 1981 2791 2039 Non
2823 1984 2950 2056 quia
2979 1983 3200 2050 dicitur,
3238 1983 3332 2039 sed
3358 1983 3484 2054 quia
3515 1996 3640 2040 cre-

2049 2076 2213 2132 ditur.
2244 2075 2380 2132 Nam
2404 2085 2460 2132 et
2487 2077 2542 2132 in
2571 2078 2689 2149 ipso
2709 2077 2877 2134 verbo
2897 2077 3042 2134 aliud
3059 2087 3144 2134 est
3163 2092 3327 2134 sonus
3347 2077 3640 2146 transiens,

2050 2167 2192 2224 aliud
2238 2169 2411 2224 virtus
2441 2183 2694 2236 manens,
2748 2171 2852 2226 hoc
2878 2178 2962 2226 est
3019 2171 3245 2226 verbum
3295 2169 3446 2236 ﬁdei,
3495 2169 3640 2239 quod

2047 2261 2427 2332 prmdicamus,
2487 2262 2565 2318 ait
2611 2262 2948 2333 Apostolus:
2997 2280 3017 2316 ι
3058 2262 3201 2331 Quia
3255 2263 3302 2318 si
3361 2262 3642 2320 confessus

2047 2352 2221 2420 fueris
2252 2353 2307 2409 in
2338 2367 2433 2410 ore
2462 2363 2577 2421 tuo,
2607 2355 2735 2425 quia
2759 2355 3020 2411 Dominus
3040 2364 3126 2412 est
3143 2353 3299 2411 Jesus
3333 2395 3349 2410 .
3383 2363 3438 2410 et
3465 2355 3642 2410 credi-

2045 2445 2192 2503 deris
2253 2446 2308 2502 in
2364 2447 2529 2504 corde
2581 2456 2693 2514 tuo,
2725 2448 2856 2520 quia
2907 2447 3052 2504 Deus
3091 2447 3241 2504 illum
3289 2447 3575 2504 suscitavit
3608 2463 3640 2504 a

2045 2538 2298 2605 mortuis,
2328 2538 2511 2610 salvus
2543 2540 2671 2596 eris.
2717 2540 2893 2596 Corde
2926 2540 3074 2596 enim
3099 2540 3346 2597 creditur
3368 2539 3437 2595 ad
3474 2538 3638 2610 justi-

2053 2631 2206 2697 tiam,
2239 2645 2335 2688 ore
2369 2639 2550 2688 autem
2577 2632 2852 2690 confessio
2890 2633 2952 2688 ﬁt
2989 2633 3056 2687 ad
3093 2633 3322 2690 salutem
3351 2632 3532 2704 (Rom.
3563 2649 3594 2688 x
3623 2649 3639 2701 ;

2045 2719 2158 2777 ha.
2187 2721 2328 2794 νιιι).
2361 2741 2380 2776 ι
2437 2721 2589 2778 Unde
2619 2721 2672 2778 in
2703 2721 2929 2778 Actibus
2963 2721 3334 2794 apostolorum
3400 2720 3596 2795 legitur
3623 2739 3637 2778 :

2055 2833 2074 2867 ι
2114 2814 2249 2871 Fide
2301 2816 2569 2872 mundana
2614 2818 2778 2871 corda
2825 2830 3013 2871 eorum
3066 2815 3204 2887 (Act.
3236 2815 3380 2886 xm).
3409 2833 3428 2868 ι
3482 2815 3550 2870 Ει
3583 2815 3638 2871 in

2045 2905 2287 2978 Epistula
2318 2923 2426 2986 sua.
2444 2909 2504 2963 Β.
2535 2907 2730 2964 Petrus
2761 2927 2773 2963 :
2819 2927 2838 2962 ι
2870 2907 2962 2965 Sic
2986 2917 3042 2964 et
3067 2923 3190 2975 nos,
3231 2907 3430 2980 inquit,
3455 2907 3635 2978 bapti-

2043 3015 2160 3056 sma
2187 2999 2366 3056 salvos
2397 3000 2547 3069 facit,
2594 3015 2702 3057 non
2731 3000 2913 3056 carnis
2956 2999 3223 3071 depositio
3248 2999 3512 3065 sordium,
3543 2999 3640 3054 sed

2044 3092 2393 3150 conscientia:
2442 3092 2599 3149 bona:
2647 3091 3004 3163 interrogatio
3050 3093 3105 3147 in
3151 3094 3321 3148 Deum
3370 3090 3437 3163 (ι
3485 3089 3634 3145 Petr.

2047 3183 2174 3254 tu);
2208 3203 2227 3237 ι
2263 3184 2366 3240 hoc
2389 3193 2474 3240 est
2502 3184 2726 3240 verbum
2768 3184 2914 3250 ﬁdei,
2945 3183 3088 3255 quod
3119 3183 3497 3256 praedicamus,
3528 3197 3637 3252 quo

2047 3275 2164 3331 sine
2190 3275 2372 3339 dubio,
2404 3283 2465 3330 ut
2487 3277 2758 3332 mundare
2780 3275 2974 3346 possit,
3002 3281 3356 3331 consecratur
3374 3281 3432 3330 et
3449 3272 3636 3343 bapti-

2045 3383 2216 3423 smus.
2268 3367 2518 3424 Christus
2548 3368 2748 3439 quippe
2801 3367 3083 3426 uobiscum
3119 3367 3275 3432 vitis,
3321 3381 3445 3422 cum
3473 3364 3639 3422 Patre

2045 3460 2301 3532 agricola,
2327 3461 2518 3518 dilexit
2560 3461 2878 3529 Eeclesiam,
2932 3471 2987 3518 et
3013 3462 3368 3532 semetipsum
3412 3460 3636 3516 tradidit

2043 3569 2250 3626 proca.
2304 3553 2447 3625 Lege
2503 3553 2839 3624 Apostolum,
2884 3563 2940 3610 et
2988 3555 3111 3610 vide
3162 3553 3290 3624 quid
3329 3552 3633 3622 adjungat:

2049 3665 2068 3698 ι
2107 3644 2177 3701 Ut
2199 3660 2319 3701 eam
2346 3645 2734 3710 sanetilicaret,
2762 3646 2953 3716 inquit,
2987 3646 3256 3700 mundans
3277 3657 3395 3699 eam
3420 3642 3640 3699 lavacro

2043 3752 2196 3809 aqua:
2220 3738 2274 3792 in
2303 3737 2472 3794 verbo
2500 3737 2718 3809 (Ep/tes.
2744 3738 2822 3808 v).
2860 3757 2878 3790 ι
2913 3735 3188 3793 Mundatio
3221 3736 3389 3808 igitur
3413 3733 3557 3790 ﬁuxe
3583 3743 3640 3791 et

2042 3831 2192 3888 labili
2218 3847 2326 3888 non
2367 3831 2700 3887 tribueretur
2741 3831 3032 3897 elemento,
3077 3829 3182 3885 nisi
3235 3828 3528 3884 adderetur
3579 3827 3634 3882 in

2042 3924 2230 3980 verbo.
2261 3922 2375 3979 Hoc
2400 3923 2624 3978 verbum
2666 3922 2788 3978 ﬁdei
2834 3929 3042 3977 tantum
3071 3920 3218 3977 valet
3278 3919 3333 3975 in
3370 3917 3634 3998 Ecclesia,

2043 4027 2104 4074 ut
2126 4033 2224 4090 per
2255 4019 2429 4090 ipsam
2461 4017 2800 4082 credentem,
2823 4015 3164 4081 offerentem,
3193 4014 3632 4078 bcnedicentem,

2045 4112 2363 4182 tingentcm,
2388 4110 2554 4165 etiam
2584 4108 2852 4164 tantillum
2884 4108 3106 4164 mundet
3144 4105 3430 4172 infantem,
3459 4121 3631 4177 quan-

2047 4203 2244 4258 tumvis
2275 4202 2509 4256 nondum
2540 4202 2806 4256 valentem
2835 4201 3000 4256 corde
3023 4201 3246 4256 credere
3268 4201 3336 4255 ad
3359 4197 3630 4270 justitiam

2045 4301 2101 4348 et
2133 4307 2228 4348 ore
2261 4291 2513 4348 conﬁteri
2544 4292 2610 4346 ad
2641 4291 2893 4346 salutem.
2924 4289 3120 4345 Totum
3150 4288 3252 4344 hoc
3290 4289 3350 4343 ﬁt
3387 4303 3484 4364 per
3511 4302 3635 4342 ver-

2043 4388 2194 4455 bum,
2239 4389 2306 4444 de
2337 4402 2443 4460 quo
2491 4387 2752 4443 Dominus
2779 4386 2894 4441 ait:
2946 4384 3104 4441 «Jam
3145 4400 3242 4440 vos
3271 4385 3457 4440 mundi
3503 4385 3635 4442 estis

2043 4491 2266 4555 propter
2281 4482 2529 4547 verbum,
2550 4481 2709 4557 quod
2728 4480 2941 4537 locutus
2958 4495 3076 4537 sum
3103 4478 3258 4535 vobis
3271 4476 3456 4550 (Joan.
3474 4478 3594 4549 xu).
3609 4497 3628 4531 ι

2047 4577 2354 4634 Secundum
2387 4590 2515 4648 ergo
2569 4575 2710 4630 beati
2757 4573 2916 4645 hujus
2961 4573 3062 4649 viri
3121 4572 3473 4637 sententiam,
3521 4571 3630 4627 imo

2048 4671 2344 4725 secundum
2390 4667 2561 4740 ipsius
2591 4667 2973 4738 Redemptoris
3001 4666 3176 4722 nostri
3207 4665 3498 4722 salutarem
3536 4665 3632 4720 do-

2049 4759 2300 4824 ctrinam,
2357 4759 2686 4814 sacramenti
2737 4756 2995 4829 cujusque
3042 4757 3356 4828 mysterium
3404 4770 3512 4809 non
3560 4769 3629 4810 ex

2048 4851 2420 4908 consecrantis
2467 4859 2552 4905 est
2591 4849 2807 4916 merito,
2837 4849 2930 4905 sed
2975 4849 3028 4904 in
3054 4846 3505 4903 'consecrationis
3543 4853 3630 4900 est

2047 4943 2247 5010 verbo;
2273 4951 2452 4998 utnon
2477 4955 2805 5012 magnopere
2826 4940 3192 5012 pcrpendatur
3209 4937 3337 5008 quid
3360 4938 3414 4993 in
3439 4951 3604 4992 conse
3619 4965 3632 4976 -

2046 5037 2291 5091 oratione
2335 5050 2430 5106 per
2454 5034 2708 5089 meritum
2756 5031 2959 5097 lateat;
2991 5030 3084 5086 sed
3113 5030 3242 5100 quid
3271 5030 3328 5085 in
3360 5043 3508 5099 eum,
3535 5029 3628 5098 qui

2043 5127 2444 5184 consecrandus
2469 5135 2573 5192 est,
2597 5142 2692 5195 per
2713 5124 2878 5180 verba
2899 5123 3211 5180 descendat.
3244 5120 3386 5177 Idem
3413 5135 3630 5192 quoque

2041 5221 2242 5292 ipsein
2292 5219 2627 5289 expositione
2678 5216 2873 5272 decimi
2924 5215 3136 5288 psalmi,
3168 5215 3249 5271 sic
3291 5214 3399 5271 ait:
3442 5214 3629 5271 Justus

2043 5322 2224 5367 autem
2249 5311 2410 5382 quid?
2433 5309 2490 5365 Si
2506 5324 2601 5364 vos
2615 5306 2938 5363 Caecilianus
2965 5306 3474 5373 olfendit,Christus
3497 5306 3627 5378 quid

2044 5403 2197 5459 vobis
2217 5401 2380 5456 fecit?
2399 5401 2499 5468 Qui
2527 5399 2842 5454 traditorcm
2866 5415 3046 5464 suum,
3063 5414 3222 5470 quem
3241 5398 3511 5454 diabolum
3535 5413 3628 5453 no-

2045 5495 2289 5559 minavit,
2320 5493 2410 5564 qui
2439 5501 2565 5548 ante
2583 5491 2928 5548 traditionem
2955 5491 3166 5547 Domini
3195 5506 3295 5547 nec
3308 5491 3497 5548 loculis
3523 5492 3626 5548 Do-

2046 5587 2265 5642 minicis
2291 5586 2448 5641 ﬁdem
2476 5585 2946 5654 potnitexhibere,
2963 5599 3084 5640 cum
3107 5585 3320 5642 ezeteris
3346 5585 3624 5656 discipulis

2037 5679 2104 5734 ad
2119 5677 2516 5749 przedicandum
2532 5689 2755 5750 regnum
2769 5675 3027 5732 caelorum
3043 5676 3208 5743 misit;
3226 5677 3626 5732 ntdemonstra-

2039 5781 2123 5829 ret
2144 5773 2281 5828 dona
2302 5771 2394 5828 Dei
2419 5772 2700 5842 pervenire
2721 5771 2786 5828 ad
2809 5787 2924 5838 eos,
2943 5773 3033 5843 qui
3051 5787 3172 5829 cum
3190 5772 3293 5828 ﬁde
3314 5772 3618 5844 accipiunt;

2039 5873 2096 5928 et
2113 5866 2157 5926 si
2185 5866 2306 5926 talis
2335 5866 2426 5936 sit,
2453 5881 2548 5948 per
2568 5879 2728 5945 quem
2749 5865 3046 5946 accipiunt,
3067 5865 3242 5940 qualis
3266 5863 3433 5926 Iudas
3458 5863 3581 5923 fuit.
