4080 5346
497 354 608 429 tas
928 357 988 415 s.
1026 355 1233 415 PETRI
1268 356 1593 419 υΑωΑΝις

974 471 1139 547 109
1169 470 1396 530 CAPUT
1431 469 1593 526 xvu.

497 597 897 689 Beudttqtgoliol,
1011 599 1381 689 Polychrouio,
1416 604 1507 673 qui
1542 613 1656 676 post
1681 604 1934 689 scelerato
1965 622 2077 689 prro

579 670 785 745 interdiu
843 670 970 729 bene
1028 670 1259 729 conuersi
1308 670 1495 745 dignos
1542 670 1598 731 se
1644 676 1755 732 suis
1802 670 2076 733 ordinibus

585 741 940 797 ostenderunt.

567 869 835 943 Curergo
862 886 1005 927 vana
1048 872 1330 929 hominum
1378 875 1654 931 temeritas
1693 876 1883 947 iactat,
1928 878 2077 950 quod

499 964 804 1022 innocentis
827 966 1154 1022 munditiam
1186 968 1362 1024 aliena
1391 968 1609 1026 valeant
1656 970 1862 1028 lmdare
1888 981 2078 1028 conta-

495 1058 584 1128 gia
608 1075 620 1110 :
650 1066 706 1113 et
731 1072 826 1113 eos
847 1060 1242 1129 negotiatorum
1268 1061 1475 1117 crimen
1500 1063 1716 1131 obruat,
1741 1065 1834 1135 qui
1858 1075 2080 1123 contra-

496 1156 645 1206 ctum
684 1150 902 1221 penitus
943 1154 1327 1222 negotiationis
1374 1155 1644 1225 ignorant,
1675 1171 1800 1213 cum
1826 1157 1881 1213 hi
1911 1173 2074 1229 saepe,

494 1239 590 1312 qui
627 1241 767 1297 male
813 1252 1130 1313 creperum,
1177 1244 1313 1300 bene
1350 1255 1674 1302 consument
1708 1264 1722 1301 :
1763 1256 1819 1304 et
1856 1248 2076 1305 sinistra

493 1332 763 1405 principia
787 1334 856 1390 ad
881 1332 1057 1391 bonos
1105 1335 1287 1391 exitus
1329 1335 1883 1408 emendationisyitae
1915 1339 2079 1395 satis-

501 1423 738 1482 factione
767 1427 1134 1498 pmveniant?
1177 1427 1283 1484 Sed
1309 1436 1373 1482 ut
1393 1427 1536 1498 quod
1562 1442 1814 1486 sermone
1847 1428 2082 1503 proferi-

493 1530 634 1577 mus,
666 1516 947 1573 tirntemus
982 1517 1250 1589 exemplo,
1295 1532 1403 1574 non
1443 1519 1735 1576 obscurum
1779 1531 1880 1587 est,
1929 1520 2076 1592 quod

494 1605 553 1662 S.
577 1608 834 1665 Flaviano
862 1608 1461 1683 Constantinopolitano
1482 1612 1735 1684 episcopo
1754 1613 1823 1670 ob
1844 1613 2075 1671 catholi-

493 1700 803 1757 camellnem
848 1703 902 1758 in
929 1703 1180 1759 exsilium
1226 1704 1516 1771 destinato,
1561 1704 1859 1783 Anatolius,
1900 1720 1967 1762 eo
1992 1706 2077 1761 vi-

490 1801 673 1859 vente,
723 1792 927 1850 inloco
951 1793 1070 1865 ejus
1108 1794 1178 1850 ab
1219 1795 1492 1851 haereticis
1534 1795 1820 1851 ordinatus
1840 1805 1944 1853 est.
1990 1795 2072 1852 Ad

489 1896 651 1953 quem
696 1894 919 1941 sanctus
956 1863 1099 1956 papa
1145 1885 1256 1941 Leo
1301 1887 1376 1941 ita
1417 1885 1657 1958 loquitur
1707 1905 1722 1942 :
1768 1887 2073 1945 Decessore
2104 1863 2151 1925 Β

489 1976 634 2033 enim
669 1984 760 2032 tuo
782 1977 956 2035 beatae
982 1977 1258 2034 memoria
1278 1978 1537 2035 Flaviano
1563 1989 1786 2052 propter
1809 1981 2079 2038 defensio-

490 2085 621 2129 nem
667 2070 950 2127 catholica
978 2071 1229 2127 veritatis
1278 2070 1471 2141 electo,
1506 2088 1614 2128 non
1658 2074 1932 2131 immerito
1960 2089 2081 2131 cre-

494 2160 748 2226 debatur,
772 2161 918 2233 quod
945 2163 1289 2220 ordinatores
1328 2164 1403 2219 tui
1432 2176 1624 2220 contra
1649 2174 1964 2221 sanctorum
1987 2181 2084 2222 ca-

491 2267 698 2309 nonum
753 2253 1049 2309 constituta
1110 2255 1427 2310 viderentur
1466 2256 1549 2312 sui
1601 2258 1834 2312 similem
1886 2272 2082 2314 conse-

491 2358 716 2399 crasse:
754 2344 849 2399 sed
872 2343 1046 2400 adluit
1090 2346 1463 2402 misericordia
1490 2347 1586 2403 Dei
1633 2348 1687 2403 in
1716 2349 1819 2405 hoc
1849 2356 1903 2406 te
1948 2348 2081 2404 diri-

495 2450 650 2507 gens,
703 2444 865 2506 atque
918 2437 1271 2503 confirmans,
1298 2449 1362 2494 ut
1410 2439 1566 2496 malis
1613 2440 1897 2512 principiis
1940 2441 2082 2497 bene

496 2528 749 2595 utereris,
777 2538 833 2587 et
861 2543 971 2585 non
1004 2541 1058 2587 te
1080 2529 1288 2602 judicio
1321 2543 1657 2603 provectum,
1685 2535 1781 2590 sed
1809 2533 1904 2590 Del
1929 2534 2084 2589 beni-

496 2620 705 2690 gnitate
732 2632 1084 2678 monstrares.
1123 2622 1279 2692 Quod
1304 2638 1436 2681 vere
1462 2626 1539 2681 ita
1575 2626 1949 2696 accipiendum
1971 2632 2077 2694 est,

498 2709 546 2764 si
582 2709 727 2767 hanc
762 2711 934 2768 divini
981 2715 1224 2771 muneris
1273 2716 1505 2787 gratiam
1550 2715 1691 2771 mala
1743 2716 2084 2773 confessione

490 2815 601 2856 non
625 2801 839 2871 perdas.
870 2802 1144 2860 Praeterea
1163 2806 1293 2876 quid
1316 2816 1371 2862 et
1394 2807 1465 2863 de
1491 2807 1852 2880 Polychronio
1882 2808 2081 2865 Hiero-

494 2891 821 2961 solymitano
846 2893 1104 2952 videlicet
1128 2896 1323 2967 loquar
1359 2898 1652 2971 episcopo?
1696 2900 1799 2967 Qui
1838 2901 2082 2972 profecto

498 2980 645 3039 sicut
670 2983 725 3038 in
760 2985 926 3053 gestis
947 2986 1352 3061 pontiﬁcalibus
1382 2990 1674 3057 invenitur,
1703 2991 1831 3047 dum
1859 2990 2083 3049 Jerusa-

492 3069 600 3129 lem
629 3074 862 3144 primam
885 3079 1073 3135 sedem
1097 3079 1363 3151 superbus
1386 3091 1676 3148 assereret,
1702 3098 2082 3156 summumque

493 3163 806 3234 tmnﬁliccm
828 3182 887 3225 se
906 3171 1300 3228 contumaciter
1322 3172 1652 3244 perhiberet,
1680 3174 1733 3229 in
1758 3171 2080 3233 Simoniacat

494 3270 713 3325 quoque
741 3257 1014 3316 haereseos
1060 3262 1376 3333 voraginem
1416 3263 1600 3335 lapsus
1622 3273 1740 3332 est;
1776 3265 1851 3320 ita
1881 3276 1942 3321 ut
1974 3282 2078 3324 nec

492 3344 720 3407 clericos
747 3347 864 3403 sine
890 3350 1118 3418 pecunia
1148 3364 1512 3422 promoveret,
1549 3370 1652 3412 nec
1697 3370 1764 3413 ex
1794 3357 2080 3430 cujuslibet

494 3434 835 3497 delicatione
860 3437 1113 3499 Ecclesite
1142 3442 1322 3500 minus
1349 3459 1513 3516 quam
1542 3444 1732 3503 decem
1752 3446 1876 3501 auri
1910 3446 2078 3503 libras

494 3524 638 3583 male
692 3537 964 3587 mercatus
1027 3532 1316 3603 acciperet.
1393 3533 1532 3603 Quid
1581 3534 1784 3606 plura?
1838 3535 2080 3594 Tandem

496 3620 685 3685 Sixtus
716 3622 972 3683 Romanas
1019 3626 1166 3685 sedis
1203 3627 1490 3698 episcopus
1540 3627 1770 3685 collecto
1823 3628 2076 3696 concilio,

498 3728 624 3767 cum
666 3715 1010 3785 septuaginta
1060 3729 1154 3775 sex
1208 3718 1474 3789 episcopis
1522 3717 1804 3790 depulsum
1861 3719 2081 3790 propria

493 3806 626 3869 sede
646 3806 939 3875 damnavit,
967 3809 1129 3881 eique
1152 3809 1257 3867 tria
1306 3810 1568 3868 duntaxat
1594 3810 1851 3869 Ecclesiae
1877 3812 2082 3882 praedia

503 3896 909 3957 usuiructuario
932 3900 1057 3970 iure
1078 3902 1378 3961 constituit.
1409 3901 1613 3961 Locum
1645 3912 1827 3969 tamen
1851 3902 1972 3975 ejus
1997 3904 2082 3961 in-

501 3998 705 4045 tactum
726 3991 934 4049 servari
964 3993 1242 4064 praecepit,
1272 3993 1671 4051 ordinationem
1700 3994 2000 4066 suspendit,
2026 4001 2082 4057 et

501 4080 813 4152 episcopum
862 4084 1169 4153 quemdam,
1199 4083 1534 4143 Theodolum
1573 4085 1814 4150 nomine,
1859 4086 1914 4141 in
1950 4085 2082 4145 sede

495 4168 616 4240 ejus
641 4172 899 4231 vicarium
926 4171 1237 4244 dereliquit.
1264 4174 1392 4232 Post
1419 4190 1634 4239 menses
1662 4183 1843 4232 autem
1865 4191 2079 4246 novem,

495 4276 617 4327 cum
663 4262 1154 4337 Hierosolymitana
1181 4266 1375 4323 civitas
1403 4267 1562 4323 famis
1595 4267 1776 4339 inopia
1806 4283 2084 4339 premere-

402 4434 405 4437 _
494 4362 601 4421 tur,
629 4353 1023 4427 Polychronius
1066 4358 1269 4429 pradia
1317 4361 1457 4432 ipsa,
1491 4376 1611 4431 quae
1639 4358 1867 4418 fruenda
1898 4374 2084 4433 perce-

495 4453 671 4512 perat,
698 4446 963 4517 vendidit,
991 4462 1288 4520 eorumque
1328 4450 1563 4520 pretium
1609 4449 1855 4520 legaliter
1882 4465 2085 4522 paupe-

499 4534 651 4589 ribus
701 4538 968 4609 erogavit.
1010 4536 1165 4605 Quod
1214 4554 1338 4595 cum
1391 4538 1602 4605 Sixtus,
1627 4541 1882 4611 episcopo
1921 4556 2084 4596 accuo
2110 4579 2163 4642 υ

496 4635 677 4691 sanie,
709 4634 764 4691 et
790 4627 939 4701 pium
968 4629 1175 4687 crimen
1200 4630 1549 4701 impingentc,
1584 4647 1614 4686 a
1642 4628 1832 4687 Prisco
1854 4630 2083 4691 diacono

491 4717 786 4777 didicisset
835 4719 1042 4793 (aiebat
1066 4721 1233 4789 enim,
1264 4722 1390 4793 quia
1419 4722 1674 4778 Ecclesiae
1699 4721 1838 4779 bona
1888 4723 2083 4780 distra-

500 4809 633 4866 here
662 4809 870 4876 illinon
916 4811 1092 4881 licuit,
1119 4826 1242 4882 quae
1269 4813 1339 4869 ad
1366 4821 1578 4886 tempus
1600 4814 1862 4871 duntaxat
1881 4815 2082 4875 utenda

928 357 988 415 S.
1026 355 1233 415 PETRI
1268 356 1553 419 DAMANI
1586 357 1738 419 OPP.
1782 356 2020 421 TOMUS
2058 357 2195 423 SEU
2232 359 2417 431 PARS
2443 351 2623 421 ΙΙΙᾹ-
2647 361 3013 423 OPUSCULA
3052 360 3282 421 VABIA.

3641 367 3750 427 ηι

2099 475 2152 537 Α
2177 490 2375 531 avarus
2416 476 2576 549 110
2622 476 2821 542 amisit,
2869 478 3209 547 postmodum
3236 478 3421 551 largus
3467 480 3642 543 factus
3692 492 3752 543 et

2178 570 2398 629 humilis
2426 571 2668 641 pristinae
2693 569 2794 626 sibi
2820 570 3099 642 dignitatis
3131 570 3330 634 infulas
3355 577 3651 645 reparavit.
3687 573 3751 635 Si

2177 678 2309 735 ergo
2325 662 2654 729 Anatolium,
2684 662 2798 733 qui,
2831 671 2891 717 ut
2936 661 3185 733 superius
3208 662 3547 733 dictumest,
3575 675 3633 724 et
3667 668 3750 723 vi-
3802 708 3813 715 .

2178 764 2357 819 vente,
2384 768 2449 809 ac
2473 752 2695 824 depulso
2716 753 2994 825 episcopo,
3018 761 3077 809 et
3103 755 3173 809 ab
3216 753 3487 817 haereticis
3526 757 3754 831 insuper

2177 845 2459 902 ordinatus
2490 855 2594 910 est,
2627 854 2815 903 sancta
2857 847 3199 903 conversatio
3244 850 3420 920 potuit
3464 864 3753 922 excusare,

2178 938 2221 993 si
2249 937 2666 1011 Polychronium
2713 939 2997 1009 perspicue
3043 939 3408 999 Simoniacum
3438 959 3547 999 una
3572 946 3755 1015 potuit

2177 1029 2517 1102 cleemosyna
2564 1030 2757 1085 honori
2802 1031 3034 1102 pristino
3081 1032 3389 1101 restituere,
3434 1050 3545 1107 quo
3591 1046 3756 1108 pacto

2177 1121 2394 1187 dicitur,
2422 1120 2545 1191 quia
2570 1132 2850 1191 promotus
2868 1139 2901 1179 a
2930 1122 3238 1184 Simoniaco
3262 1128 3499 1200 suscepti
3526 1129 3756 1189 honoris

2177 1204 2413 1261 fructum
2442 1205 2588 1261 nulla
2598 1215 2754 1262 tenus
2774 1210 3182 1281 consequetur?

2734 1299 2963 1358 CAPUT
2998 1300 3182 1359 XVIII.

2179 1393 2334 1461 Quod
2353 1408 2445 1465 per
2471 1392 2716 1466 indignos
2756 1395 2935 1520 etiamr
2954 1397 3251 1522 saclerdotes
3280 1415 3419 1472 stupe
3443 1401 3759 1459 exhibentur

2833 1484 2903 1522 mi
2935 1485 3032 1522 acu
3056 1484 3110 1522 α.

2833 1484 3110 1524 miracula.

2245 1556 2360 1614 Imo
2396 1556 2525 1629 quid
2556 1557 2772 1625 mirum,
2804 1559 2850 1616 si
2895 1576 2994 1631 per
3021 1561 3191 1619 malos
3213 1550 3491 1629 ministros
3510 1564 3757 1637 omnipm

2177 1657 2299 1707 tens
2324 1648 2467 1706 Deus
2489 1650 2542 1705 in
2563 1649 2805 1708 Ecclesia
2848 1667 2945 1709 sua
2988 1655 3276 1731 propagari
3313 1654 3760 1719 ollicium.sacer-

2176 1743 2355 1799 dotale
2397 1744 2694 1815 permittat,
2722 1759 2842 1799 cum
2890 1760 2989 1817 per
3014 1746 3231 1802 eosdem
3282 1747 3445 1803 etiam
3493 1748 3759 1804 virtutum

2176 1839 2330 1910 signa
2356 1838 2669 1910 frequenter
2690 1837 2962 1907 exhibeat,
2990 1855 3095 1896 non
3125 1840 3376 1901 videlicet
3393 1842 3465 1899 ob
3488 1842 3759 1916 religiosae

2178 1931 2305 1987 vitae
2347 1931 2624 1998 meritum,
2678 1930 2771 1987 sed
2816 1939 3036 2003 propter
3075 1942 3352 2003 acceptum
3400 1934 3763 1993 sacerdotalis

2178 2023 2422 2095 mysterii
2480 2024 2930 2080 sacramentum?
2957 2023 3114 2091 Nam,
3155 2035 3216 2080 ut
3257 2041 3325 2082 ex
3372 2027 3555 2083 multis
3586 2043 3763 2099 pauca

2177 2114 2560 2186 perstringam,
2590 2114 2885 2172 Fesulanus
2925 2117 3231 2189 episc0pus,
3262 2116 3612 2176 Raimbaldus
3657 2136 3761 2177 no-

2179 2209 2347 2276 mine,
2393 2218 2512 2263 erat
2541 2208 2983 2265 manifestissime
3012 2208 3369 2276 Simoniacus,
3402 2209 3530 2281 quia
3566 2211 3765 2267 videli-

2179 2309 2268 2359 cet
2295 2317 2402 2358 non
2432 2301 2607 2357 solum
2651 2303 2766 2373 ipsc
2797 2317 2897 2372 per
2924 2304 3212 2375 pecuniam
3255 2303 3603 2375 pontificatus
3647 2303 3773 2367 cul-_

2180 2412 2304 2452 men
2328 2395 2583 2458 obtinuit,
2601 2395 2695 2451 sed
2717 2403 2773 2451 et
2796 2395 2884 2450 vix
2907 2396 3193 2466 aliquando
3214 2395 3383 2468 gratis
3400 2404 3492 2453 aut
3510 2397 3787 2468 clericos,

2180 2496 2274 2544 aut
2301 2487 2439 2543 ullas
2459 2487 2802 2544 consecravit
2829 2487 3117 2545 Ecclesias.
3143 2488 3258 2545 Huc
3282 2491 3594 2557 accedebat,
3616 2492 3763 2563 quod

2180 2591 2378 2653 praeter
2404 2583 2561 2649 alias,
2592 2596 2754 2636 unam
2805 2581 3039 2637 habebat
3084 2583 3297 2653 publice
3343 2599 3409 2641 ac
3439 2586 3773 2661 familiarius

2182 2675 2586 2739 adhaerentem,
2634 2681 2692 2728 et
2742 2681 2997 2744 tanquam
3036 2673 3287 2745 legitimae
3328 2676 3773 2749 desponsationis

2181 2781 2432 2831 uxorem,
2463 2781 2692 2837 quorum
2745 2764 2842 2822 ﬁlii
2873 2775 2928 2821 et
2954 2765 3075 2824 filiae
3104 2768 3281 2824 adhuc
3301 2768 3483 2841 plures
3517 2778 3761 2840 exstant,

2181 2867 2236 2914 et
2283 2858 2532 2913 foederati
2561 2854 2834 2929 coniugio,
2860 2865 2917 2912 et
2963 2860 3430 2915 succrescentibus
3456 2858 3641 2916 liberis
3668 2875 3765 2923 cu-

2184 2950 2390 3006 mulati.
2449 2949 2553 3005 Per
2605 2950 2750 3004 hunc
2806 2948 2989 3020 itaque
3021 2950 3178 3005 talem
3210 2949 3361 3019 plura
3403 2950 3765 3023 perhibentur

2182 3042 2422 3097 exhibita
2473 3040 2642 3097 fuisse
2676 3039 2960 3107 miracula,
3001 3056 3069 3097 ex
3116 3041 3311 3112 quibus
3357 3039 3608 3098 videlicet
3642 3040 3767 3096 uni-

2184 3147 2308 3189 cum
2354 3133 2442 3189 hic
2492 3130 2695 3188 referre
2743 3129 2991 3197 sufﬁciat,
3025 3139 3084 3186 ut
3133 3131 3328 3187 inuno
3365 3146 3517 3188 mens
3544 3131 3773 3209 colligat,

2105 3224 2152 3289 C
2182 3226 2309 3296 quid
2336 3226 2501 3281 etiam
2532 3226 2606 3279 'ex
2635 3222 2776 3289 aliis,
2810 3238 2930 3294 quae
2954 3220 3094 3277 fama
3124 3221 3382 3299 vulgavit,
3410 3221 3765 3292 probabiliter

2180 3318 2386 3375 credat.
2406 3318 2555 3373 Βοῑο
2574 3331 2829 3387 namque,
2853 3316 2944 3387 qui
2968 3315 3161 3371 dicitur
3182 3315 3438 3387 magister
3455 3322 3761 3379 cantorum,

2178 3410 2504 3465 Florentium
2552 3408 2804 3463 Ecclesia:
2842 3407 3143 3479 presbyter,
3172 3406 3257 3461 vir
3291 3406 3528 3477 apprime
3556 3404 3765 3460 littera-

2179 3501 2321 3557 libus
2347 3501 2541 3557 studiis
2568 3501 2833 3564 eruditus,
2870 3501 2922 3555 in
2964 3514 3158 3571 magno
3187 3500 3504 3554 clericorum
3536 3513 3761 3554 suorum

2180 3590 2469 3664 conventu,
2501 3603 2767 3667 praesente
2790 3609 3004 3666 quoque
3064 3593 3514 3650 reverendissimo
3540 3593 3763 3648 domino

2180 3688 2421 3745 Gerardo
2449 3704 2547 3744 suo
2576 3689 2844 3759 episcopo,
2883 3687 2985 3742 hoc
3014 3685 3144 3741 mihi
3189 3700 3286 3758 per
3322 3684 3567 3741 ordinem
3618 3693 3763 3740 retu-

2181 3783 2247 3839 lit
2278 3799 2294 3838 :
2331 3782 2699 3847 Dmmoniaca,
2731 3780 2923 3850 inquit,
2957 3778 3247 3851 aliquando
3274 3778 3433 3834 ducta
3462 3787 3546 3833 est
3571 3776 3638 3833 ad
3665 3790 3767 3832 no-

2181 3871 2282 3928 stri
2319 3872 2662 3943 episcopatus
2709 3870 3015 3933 ecclesiam,
3065 3866 3207 3923 forte
3256 3875 3384 3922 tunc
3423 3865 3759 3923 luventionis

2188 3960 2485 4018 Dominicm
2533 3961 2713 4016 crucis
2763 3957 3077 4015 solemnitas
3126 3958 3425 4029 agebatur;
3461 3970 3584 4011 cum
3630 3968 3763 4009 vero

2185 4056 2252 4111 ad
2280 4054 2620 4112 oll'ertorium
2650 4062 2967 4124 perventum
2991 4057 3156 4114 esset,
3174 4048 3315 4119 quod
3342 4047 3599 4103 nimirum
3631 4043 3765 4101 dici-

2186 4154 2312 4202 tur:
2347 4143 2580 4202 Veniens
2601 4144 2686 4199 vir
2711 4141 3183 4213 splendidissimus
3203 4139 3271 4196 ad
3297 4138 3713 4195 Constantinum
3740 4151 3758 4203 ε

2185 4239 2373 4298 nescio
2399 4254 2508 4310 quo
2535 4253 2663 4294 casu
2698 4244 2919 4310 repente
2947 4233 3160 4290 clericis
3192 4230 3391 4288 oblivio
3435 4232 3761 4287 modulatio-

2184 4334 2272 4388 nis
2300 4330 2562 4404 obrepsit.
2617 4327 2871 4384 Protinus
2916 4324 3003 4381 illa
3033 4332 3284 4394 tanquam
3332 4324 3386 4379 in
3436 4322 3764 4394 adjutorium

2186 4423 2355 4494 lapsis
2412 4421 2728 4485 accurrens,
2778 4418 2830 4473 in
2863 4417 3098 4472 medium
3141 4412 3341 4471 festina
3384 4414 3658 4485 prosiluit,
3709 4413 3763 4469 in

2188 4529 2451 4583 organum
2480 4527 2605 4567 mox
2638 4507 3104 4566 excellentissima:
3138 4506 3288 4561 vocis
3327 4507 3526 4575 erupit,
3558 4514 3615 4559 et
3656 4516 3765 4559 tam

2189 4605 2424 4671 naviter,
2460 4611 2519 4658 ut
2546 4617 2735 4658 omnes
2780 4601 3135 4661 mirarentur,
3161 4595 3343 4652 suavis
3387 4594 3764 4650 melodize're-

2189 4698 2366 4771 gulam
2402 4695 2592 4750 lenuit.
2621 4694 2916 4766 Adjuralus
2970 4700 3151 4747 autem
3200 4689 3430 4754 dmmon,
3461 4696 3522 4743 ut
3565 4686 3765 4763 exiret,

2190 4787 2493 4858 respondit,
2522 4785 2649 4857 quia
2678 4799 2708 4839 a
2733 4782 2964 4839 Romulo
2991 4782 3255 4838 duntaxat
3298 4778 3521 4835 deberet
3548 4777 3763 4849 expelli.

499 4901 783 4972 suscepit),
806 4911 1029 4964 sanctus
1075 4868 1218 4975 papa
1265 4868 1499 4975 gavisus
1529 4912 1611 4961 est
1656 4903 1832 4970 valde,
1863 4917 1920 4961 et
1957 4918 2083 4963 mox

2188 4882 2303 4938 Hoc
2352 4881 2632 4937 audientes
2663 4879 2876 4935 misera:
2926 4875 3170 4931 mulieris
3221 4872 3465 4937 comites,
3527 4888 3652 4927 mox
3698 4868 3767 4926 ad

502 4965 881 5050 Valentiniano
902 4965 1313 5065 Αιιειιείέρὶιιῆι
1342 4965 1857 5051 [ῃρίηιιςὶηιίιῃαγῑί,
1880 4995 2085 5053 Deinde
2189 4977 2516 5035 Fesulanam
2544 4979 2851 5071 properant
2874 4968 3200 5071 festinanter
3221 4965 3523 5071 .Ecclesia‘m
3544 4983 3557 5021 :
3580 4965 3767 5035 ibique

501 5093 827 5152 congregata
858 5057 1083 5154 εγηοξιο,
1111 5057 1391 5142 ῃδηηηιιε
1433 5084 1672 5155 pontifex
1700 5084 2082 5144 Valentiniano
2187 5080 2315 5127 ante
2343 5069 2516 5125 altare
2544 5066 2605 5121 Β.
2639 5057 2853 5119 Romuli
2892 5062 3132 5155 divinam
3163 5057 3592 5155 miscricordiam
3630 5072 3762 5155 prte-

500 5151 706 5245 paritsr
732 5151 1067 5241 considente,
1098 5184 1330 5231 tractare
1350 5151 1651 5248 cmperunt,
1680 5176 1814 5247 quid
1828 5176 1993 5250 digne
2015 5175 2083 5235 de

2187 5163 2470 5220 stolantur.
2506 5159 2612 5216 Sed
2646 5166 2701 5213 et
2749 5156 2857 5211 illic
2908 5154 3197 5226 inquisitus
3227 5153 3455 5225 daemon,
3491 5151 3769 5222 respondit

501 5241 521 5245 _
1435 5241 1450 5248 -
1698 5241 1713 5247 -
1889 5241 1918 5250 ν

501 5261 864 5294 ῸΛιιιηιιιι-Ληῖη
895 5262 1044 5294 nni-nl
1117 5263 1205 5294 nn:
1239 5263 1290 5294 δη
1326 5264 1435 5294 :nnn
1469 5263 1780 5294 .'A:o\nl:nn:n
1811 5281 1923 5298 -..αἱ
1949 5280 2082 5298 ηηιι,

2189 5271 2248 5298 sm.
2278 5254 2584 5294 nulllnmnnc
2613 5247 2820 5294 ngredi-
2851 5246 2954 5294 nisi
2983 5242 3329 5294 Raimhaldus
3351 5241 3633 5294 adveniret
3654 5242 3766 5294 eoi-

1735 5282 1780 5294 Iﬂ
1811 5281 1923 5298 ιιι-αι
1949 5280 2082 5298 ἢεί..-
