4106 6310
379 424 484 478 125

1120 417 1364 478 OPUSC.
1402 420 1491 476 Vl.
1530 447 1598 460 σν-
1638 418 1839 476 LlBElt
1879 414 1995 487 QUI
2035 417 2314 480 DlClTUR
2349 420 2835 480 GRATISSIMUS.

3533 425 3637 481 126

384 541 539 617 ιιι
585 538 825 595 Tandem
874 537 1156 608 episcopus
1184 539 1430 605 veniens,
1461 539 1710 594 invocato
1749 539 1949 595 Christi
1978 540 2030 601 Α
2055 539 2196 596 idem
2221 540 2460 596 Marinus
2493 543 2779 613 presbyter
2798 541 3196 614 baptizaverat,
3227 541 3386 614 lupus
3435 546 3636 615 rapuit,

379 637 621 702 nomine,
642 635 710 690 ab
735 635 956 691 obsesso
985 648 1211 703 corpore
1241 632 1528 703 malignum
1559 633 1806 702 spiritum
1833 649 1960 704 pro-

357 731 524 785 ‘tinus
547 728 774 798 expulit,
805 736 859 783 et
888 726 1166 784 mulierem
1196 726 1264 781 ad
1308 728 1528 800 propria
1557 727 1782 784 liberam
1809 728 1961 784 inco-

345 879 352 884 _
379 822 694 888 lumemque
719 819 946 874 remisit.

458 913 661 968 Eodem
685 927 905 982 quoque
928 919 1192 982 tempore,
1220 926 1343 966 cum
1372 912 1621 968 videlicet
1649 910 1959 972 Simoniaca

377 1006 545 1077 pestis
568 1021 667 1075 per
697 1012 866 1058 totum
907 1019 1105 1073 corpus
1127 1003 1382 1059 Ecclesia:
1405 1003 1676 1060 letbaljter
1699 1013 1959 1074 serperet,

376 1100 690 1168 passimque
739 1113 834 1166 per
879 1112 1070 1152 omnes
1112 1096 1312 1168 gradus
1341 1097 1744 1152 ecclesiasticos
1794 1098 1960 1152 libere

347 1190 688 1260 pullularet,
744 1187 983 1249 Marinus
1024 1187 1240 1258 quidam
1277 1188 1560 1258 presbyter
1609 1195 1753 1251 erst,
1800 1187 1960 1255 huius

376 1282 631 1338 videlicet
672 1281 978 1336 Eleucbadii
1012 1279 1441 1336 revereudissimi
1495 1288 1659 1348 atque
1685 1279 1961 1336 honestis-

374 1375 501 1431 simi
531 1373 632 1428 viri
667 1382 842 1444 pater,
878 1372 970 1441 qui
1001 1372 1334 1428 monasterio
1381 1386 1523 1426 nunc
1551 1378 1746 1440 praeest
1791 1371 1961 1426 beata?

374 1467 473 1524 Dei
495 1466 790 1534 Genitricis
825 1482 1144 1536 semperque
1174 1466 1411 1534 Virginis
1443 1465 1646 1531 Maria',
1668 1465 1822 1535 juxta
1852 1464 1960 1519 Fa-

374 1559 617 1614 ventina:
637 1557 789 1612 urbis
822 1557 1017 1610 mmnia
1050 1557 1363 1612 constituto.
1409 1555 1510 1610 Hic
1554 1555 1735 1625 itaque
1779 1553 1957 1624 hujus,

375 1654 536 1718 quem
568 1646 938 1718 pnediximus,
976 1645 1288 1701 Eleucbadii
1323 1655 1551 1700 matrem
1589 1644 1802 1714 publice
1839 1651 1961 1700 tan-

342 1795 344 1797 ,
375 1757 539 1812 quam
571 1741 870 1811 legitimam
897 1740 1174 1810 possidere
1201 1753 1306 1792 non
1336 1737 1688 1792 reverebatur
1711 1749 1956 1789 uxorem.

378 1831 515 1888 Huic
563 1831 882 1902 presbytero
943 1829 1098 1899 plane
1140 1837 1344 1883 tantam
1395 1827 1570 1884 divina
1629 1826 1958 1894 dispensatio

2065 639 2227 701 atque
2279 633 2330 686 in
2362 633 2615 688 silvarum
2659 634 2954 700 condensa,
3003 635 3348 704 saltuumque
3403 639 3636 702 scereta,

2065 723 2247 780 multis
2279 725 2682 794 insequentibus
2711 726 3028 795 asportavit.
3063 727 3220 796 112
3245 725 3489 796 Cumque
3517 735 3641 796 post

2063 830 2181 873 eam
2232 826 2291 871 et
2339 827 2514 872 mater
2541 816 2852 872 exanimata
2881 825 3249 880 concurreret,
3279 826 3500 887 repente
3527 816 3640 870 Ma-

2061 908 2238 964 rinum
2281 911 2659 979 presbyterum
2706 908 2924 963 sibimet
2952 909 3167 964 obvium
3214 911 3436 979 reperit,
3479 911 3642 980 eique

2061 1014 2184 1056 cum
2216 1000 2428 1070 ninguis
2457 997 2746 1067 ejulatiybus
2772 998 2968 1054 ﬁebilis
3001 995 3234 1069 querela
3261 1001 3525 1070 singultus
3547 1016 3642 1056 ex-

2063 1094 2300 1164 pressit:
2354 1093 2488 1158 Heu,
2542 1095 2646 1148 heu
2689 1094 2868 1159 Pater,
2904 1095 3098 1164 inquit.
3144 1109 3415 1163 nunquam
3465 1094 3643 1164 suspi-

2062 1185 2173 1239 cari
2225 1184 2305 1240 sic
2359 1185 2529 1254 potui,
2593 1193 2651 1238 ut
2695 1185 2907 1244 misera'
2957 1184 3150 1238 matris
3195 1183 3466 1238 infelicior
3509 1182 3640 1250 tilia,

2061 1292 2228 1347 quam
2273 1277 2338 1332 de
2367 1292 2526 1332 sacro
2573 1276 2719 1332 fonte
2768 1279 2883 1346 ipse
2912 1277 3148 1342 traxisti,
3182 1278 3424 1333 cruentis
3451 1275 3642 1332 belluis

2063 1367 2252 1436 rapina
2289 1367 2460 1432 fieret,
2490 1375 2544 1421 et
2577 1367 2732 1422 cibus
2762 1367 2910 1422 facta
2934 1367 3098 1436 lupis,
3123 1367 3308 1422 ferinae
3331 1367 3645 1437 rapacitatis

2062 1457 2352 1527 ingluviem
2381 1458 2645 1523 satiaret;
2681 1457 2766 1512 cui
2793 1455 3077 1528 presbyter
3103 1459 3179 1513 ait
3217 1475 3230 1513 :
3280 1456 3395 1512 Noli
3431 1461 3645 1526 timere,

2023 1586 2026 1593 ι
2061 1552 2276 1618 mulier,
2310 1552 2438 1621 quia
2484 1553 2531 1608 si
2567 1552 2662 1606 illa
2697 1553 2967 1607 veraciter
2993 1561 3094 1614 est,
3133 1567 3293 1621 quam
3337 1565 3437 1620 ego
3465 1551 3648 1622 bapti-

2063 1643 2204 1708 zavi,
2259 1659 2534 1715 nunquam
2568 1645 2740 1700 bestia
2770 1645 3063 1699 devorandi
3092 1659 3212 1698 eam
3237 1644 3467 1711 accipiet
3501 1651 3649 1713 pote-

2061 1746 2282 1792 statem.
2335 1737 2540 1792 Deinde
2583 1736 2792 1798 audax.
2840 1751 2905 1792 ac
2959 1737 3278 1791 temerarius
3325 1736 3429 1790 hoc
3484 1735 3647 1791 etiam

2059 1829 2382 1898 insipienter
2417 1827 2612 1897 adjecit
2658 1846 2671 1883 :
2731 1829 2788 1883 Si
2848 1829 3025 1891 enim,
3080 1844 3180 1898 ego
3237 1828 3378 1882 illam
3431 1828 3649 1883 lavacro

375 1924 686 1982 contulerat
741 1923 994 1993 gratiam,
1066 1931 1124 1978 ut
1176 1936 1300 1977 cum
1351 1919 1740 1974 sanctificatam
1812 1933 1844 1972 a
1901 1934 1962 1975 se
1991 1903 2209 1982 1isacri
2247 1919 2586 1989 baptismatis
2623 1919 2798 1985 ablui,
2839 1927 2892 1974 et
2928 1934 3048 1975 eam
3096 1919 3266 1974 bestia
3307 1918 3644 1985 lacerarerit,

377 2032 576 2086 aquam
606 2016 980 2086 l‘rugilius'per
1008 2029 1170 2085 agros
1213 2024 1549 2083 aspergeret,
1584 2027 1688 2068 non
1735 2010 1960 2066 ulterius
2057 2009 2171 2080 jam
2224 2026 2331 2067 non
2400 2012 2616 2066 credam
2685 2012 2824 2082 quod
2892 2011 3032 2066 Deus
3100 2018 3288 2080 regnet
3351 2009 3405 2064 in
3473 2007 3645 2065 caelis.

378 2107 821 2172 vermiculorum,
850 2123 958 2162 non
985 2121 1294 2166 erucarum.
1329 2121 1438 2162 non
1470 2105 1704 2175 denique
1729 2103 1962 2160 locusta-

379 2215 496 2253 rum
532 2197 714 2269 fruges
738 2199 930 2256 laesura
957 2199 1126 2268 pestis
1153 2197 1330 2266 aliqua
1361 2203 1690 2256 remaneret.
1716 2196 1813 2250 sed
1837 2210 1961 2251 mox

377 2289 596 2360 agmine
651 2289 812 2353 facto,
865 2305 1053 2348 omnes
1099 2289 1476 2351 abscederent,
1534 2296 1820 2357 postquam
1870 2301 1966 2342 eos

377 2399 533 2454 aquae
563 2383 926 2440 sanctificatio
975 2383 1388 2452 conspersisset.
1432 2380 1737 2449 Aliquando
1783 2388 1966 2434 autem

376 2474 621 2542 ejusdem
671 2475 862 2530 Marini
893 2474 1194 2545 presbyteri
1249 2473 1518 2536 dominus,
1549 2471 1812 2527 Jeremias
1865 2486 1966 2528 no-

384 2569 551 2633 mine,
596 2568 858 2624 adversus
915 2567 1168 2623 temulum
1223 2579 1377 2621 suum
1437 2564 1656 2636 generis
1711 2562 1969 2618 afﬁnitate

380 2661 763 2731 propinquum,
795 2659 898 2731 sed,
919 2658 1197 2714 voluntate
1226 2671 1448 2727 prorsus
1500 2655 1787 2730 adversum
1840 2669 1969 2724 gra-

383 2759 621 2816 vissimae
666 2757 958 2814 simultatis
988 2755 1116 2810 odio
1153 2753 1451 2816 laborabat,
1485 2752 1580 2822 qui
1611 2749 1859 2806 videlicet
1889 2751 1970 2804 iu-

385 2861 469 2908 ter
497 2857 698 2908 caetera
731 2848 1140 2905 inimicitiarum
1179 2847 1375 2902 timens
1407 2859 1474 2900 ue
1522 2843 1686 2898 etiam
1727 2840 1971 2898 venatio-

382 2943 545 3000 nibus
585 2942 819 3000 deditam
872 2955 1066 2999 canum
1113 2953 1332 2994 suorum
1378 2935 1728 3006 sagacitatem
1774 2932 1970 2988 hostile

385 3035 720 3107 praestigiqu
753 3033 1062 3094 fasciuaret,
1095 3030 1249 3100 petiit
1275 3029 1438 3098 aiam
1463 3027 1606 3082 dicto
1629 3025 1969 3096 presbytero,

395 3136 456 3184 ut
484 3125 701 3186 situlam
732 3109 888 3192 aqua:
919 3121 1131 3192 plenam
1158 3135 1254 3190 per
1269 3118 1641 3176 ‘exorcismum
1664 3113 1970 3169 sanctiﬁca-

389 3229 495 3285 rct,
542 3219 755 3288 sibique
784 3217 1042 3279 deferret,
1073 3214 1200 3284 quia
1249 3213 1365 3268 suis
1407 3209 1730 3281 quibusdam
1783 3207 1968 3262 usibus

2063 2101 2196 2156 Mira
2230 2116 2338 2166 res,
2369 2111 2484 2172 post
2516 2113 2749 2172 quatuor
2780 2101 2893 2158 fere
2917 2102 3078 2156 horas
3109 2101 3248 2155 ultra
3286 2109 3410 2157 octo
3451 2115 3647 2170 prope-

2066 2191 2281 2246 modum
2313 2193 2559 2246 milliaria
2591 2193 2732 2246 inter
2753 2191 2944 2246 frutcta
2969 2193 3228 2246 silvarum
3259 2191 3448 2256 illmsa,
3479 2200 3534 2246 et
3561 2191 3642 2246 in-

2065 2282 2298 2336 columis
2320 2291 2532 2352 reperta
2579 2293 2684 2347 est,
2711 2283 2864 2353 juxta
2907 2297 3066 2353 quam
3104 2293 3159 2338 et
3192 2283 3348 2353 lupus
3391 2283 3651 2338 innocens

2071 2377 2271 2430 stabat.
2314 2375 2376 2430 Et
2407 2376 2548 2430 sicut
2576 2375 2714 2430 leoni
2746 2375 2979 2431 cadaver
3005 2376 3280 2445 prepbetre
3301 2374 3368 2430 de
3407 2373 3651 2430 Samaria

2058 2468 2347 2536 redeuntis
2376 2468 2584 2523 violare
2606 2481 2712 2523 non
2740 2467 2888 2522 licuit
2920 2467 3036 2538 (111
3061 2465 3186 2538 Reg.
3215 2465 3362 2537 xm),
3387 2466 3457 2520 ita
3485 2475 3538 2520 et
3569 2464 3652 2519 lu-

2066 2575 2168 2630 pus
2196 2560 2297 2614 iste
2319 2559 2547 2630 puellam
2577 2573 2682 2613 non
2709 2573 2872 2613 ausus
2896 2567 2981 2613 est
3005 2559 3226 2622 laedere;
3268 2556 3362 2612 sed
3389 2564 3650 2626 quantum

2067 2653 2227 2706 datur
2277 2651 2523 2722 intelligi,
2559 2649 2702 2706 ultro
2745 2650 2911 2706 etiam
2944 2651 3092 2706 visus
3120 2659 3203 2705 est
3251 2649 3540 2704 custodire.
3591 2647 3650 2702 In

2069 2741 2244 2812 puclla
2289 2742 2470 2812 itaque
2521 2739 2666 2796 nulla
2697 2740 2908 2810 penitus
2958 2739 3106 2795 laesio
3154 2747 3236 2794 est
3281 2740 3519 2805 inventa,
3545 2736 3650 2792 nisi

2069 2834 2211 2904 quod
2239 2850 2396 2889 crura
2423 2834 2558 2901 ejus,
2608 2842 2664 2887 et
2708 2833 2926 2888 brachia
2976 2834 3254 2904 spinarum
3285 2833 3650 2901 ruborumque

2071 2925 2393 2981 videbantur
2422 2926 2624 2980 aculeis
2643 2933 2948 2980 cruentata.

2142 3017 2293 3072 Alius
2326 3030 2541 3087 quoque
2571 3017 2853 3087 presbyter
2874 3029 3046 3085 nuper
3072 3015 3124 3069 in
3149 3013 3234 3068 his
3258 3012 3502 3083 partibus
3527 3013 3649 3079 fuit,

2073 3108 2232 3177 hujus
2282 3107 2494 3164 scilicet
2546 3105 2978 3161 revereudissimi
3024 3104 3128 3158 viri
3177 3103 3404 3158 Gerardi
3461 3103 3651 3171 frater,

2071 3199 2165 3269 qui
2191 3215 2331 3255 nunc
2365 3207 2560 3269 prazest
2594 3195 2924 3251 monasterio
2967 3194 3024 3250 S.
3075 3195 3264 3248 Donati
3300 3195 3350 3248 in
3396 3193 3653 3248 suburbio

383 3271 520 3368 satis
545 3271 934 3368 necessariam
976 3271 1273 3375 ju'dicaret.
1325 3271 1570 3372 Cumque
1601 3301 1688 3355 ille
1735 3298 1968 3369 simplici
1996 3271 2042 3333 ε
2072 3292 2408 3348 lmmolensis
2437 3291 2618 3363 oppidi
2647 3292 2940 3354 constituto
2966 3306 2982 3347 :
3011 3299 3063 3345 et
3085 3289 3368 3360 presbyter
3398 3288 3486 3344 ille
3505 3303 3654 3343 com-

388 3404 594 3468 animo,
624 3403 768 3472 quod
796 3400 1118 3468 imperatum
1143 3396 1340 3459 fuerat,
1361 3393 1677 3464 peregisset,
1704 3390 1969 3448 .lcremias

388 3497 609 3566 sapiens
635 3492 852 3564 quidem
882 3500 940 3546 ut
969 3489 1106 3544 mala
1135 3487 1315 3551 faciat,
1349 3486 1608 3541 virtutem
1635 3497 1764 3538 vero
1793 3496 1972 3537 sacra-

389 3589 579 3652 menti,
608 3586 737 3658 quia
776 3598 998 3654 prorsus
1045 3581 1279 3652 ignorat,
1326 3576 1648 3647 margaritas
1676 3581 1802 3629 ante
1841 3589 1968 3644 por-

384 3695 480 3740 cos
501 3678 766 3750 projicere
781 3690 888 3730 non
903 3672 1176 3730 formidat.
1198 3667 1336 3726 Nam
1351 3664 1746 3722 sanetiticatam
1769 3675 1968 3733 aquam

357 3773 648 3830 «cautabro
673 3767 866 3826 stultus
892 3763 1224 3826 immiscuit,
1261 3769 1316 3815 et
1336 3758 1559 3814 canibus
1585 3756 1697 3810 suis
1728 3770 1823 3824 per
1854 3769 1968 3809 ma-

386 3865 644 3925 leﬁcium,
669 3877 736 3916 ne
779 3857 1044 3915 incantari
1083 3861 1330 3924 possent,
1367 3851 1433 3921 ad
1467 3848 1832 3906 devorandum
1876 3846 1973 3901 ob-

391 3956 532 4014 tulit.
606 3953 715 4009 Sed
758 3952 919 4006 aliter
963 3948 1231 4004 sentiente
1275 3944 1456 4000 divina
1513 3938 1880 4021 providentia,
1915 3935 1970 3992 in

389 4046 724 4104 contrarium
751 4057 912 4098 versa
939 4049 1022 4095 est
1071 4039 1188 4109 ejus
1217 4035 1487 4091 sententia
1515 4047 1528 4087 :
1565 4031 1763 4087 malum
1797 4028 1972 4100 siqui.

393 4143 535 4202 dem,
565 4137 711 4209 quod
748 4138 892 4190 male
923 4146 1116 4188 cavere
1168 4127 1394 4191 volebat,
1448 4125 1712 4181 incurrit:
1743 4132 1796 4178 et
1845 4122 1970 4190 dum

389 4235 564 4291 brutis
592 4228 914 4286 animalibus
944 4224 1246 4281 inconsulte
1269 4219 1548 4278 consulere
1571 4218 1792 4279 studuit,
1821 4231 1971 4272 suam

391 4326 574 4396 potius
602 4323 840 4377 animam
865 4319 1020 4375 lzesit.
1058 4317 1192 4372 Nam
1233 4315 1299 4370 ad
1330 4312 1655 4368 vescendum
1687 4325 1850 4365 canes
1880 4308 1973 4362 ad-

391 4415 570 4480 missi,
597 4429 719 4471 cum
751 4414 818 4468 ad
865 4412 1071 4480 primos
1127 4410 1356 4479 impetus
1389 4405 1543 4460 avida
1575 4403 1662 4457 vix
1708 4404 1834 4457 dum
1876 4413 1971 4455 ora

392 4509 666 4573 laxarent,
695 4515 750 4562 et
777 4503 978 4561 ferales
1005 4503 1157 4556 cibos
1195 4500 1425 4555 necdum
1466 4497 1646 4567 lingua
1696 4493 1974 4562 continge-

392 4614 533 4671 rent,
564 4603 738 4672 primo
767 4598 989 4654 naribus
1014 4597 1182 4652 odore
1202 4601 1476 4665 percepto,
1508 4590 1757 4662 protinus
1778 4589 1832 4643 in
1859 4595 1970 4643 ter-

392 4712 507 4752 ram
538 4708 726 4748 omnes
753 4691 951 4747 mortui
983 4695 1325 4745 corruerunt.
1380 4684 1531 4739 Tunc
1561 4682 1846 4753 dupliciter
1882 4679 1971 4734 ille

392 4787 672 4851 confusus,
730 4783 987 4838 nimirum
1037 4789 1090 4836 et
1136 4777 1341 4851 peccati
1401 4791 1549 4840 reus,
1599 4785 1654 4829 et
1700 4773 1973 4828 facultatis

393 4882 608 4937 amissaa
627 4879 828 4933 damno
848 4869 1158 4945 percussus,
1183 4870 1392 4925 Marino
1417 4869 1733 4939 presbytero
1754 4879 1970 4919 omnem

393 4977 469 5030 rei
502 4975 717 5035 seriem,
751 4977 911 5040 prout
941 4982 999 5023 se
1043 4964 1270 5020 habebat
1305 4962 1528 5023 veritas,
1577 4957 1884 5020 innutescit,
1918 4965 1972 5012 et

395 5075 560 5121 tantm
585 5062 847 5125 audacire,
875 5059 1121 5127 tantique
1151 5052 1418 5123 sacrilegii
1447 5049 1562 5105 dari
1586 5048 1686 5103 sibi
1708 5047 1974 5116 poeniten-

395 5160 524 5214 tiam
573 5154 827 5210 flebiliter
875 5150 1088 5221 quzerit.
1141 5147 1387 5214 Abnegat
1431 5140 1670 5196 Marinus
1701 5137 1836 5192 tanti
1869 5136 1977 5191 cri-

395 5250 555 5305 minis
585 5247 801 5302 sibimet
831 5254 1088 5311 arrogare
1109 5236 1390 5306 judicium,
1438 5247 1537 5287 nec
1576 5230 1721 5284 aliud
1765 5240 1979 5295 semper

401 5339 530 5394 illud
560 5345 828 5398 statuere,
854 5330 1184 5403 quibuslibet
1211 5326 1337 5380 hinc
1369 5323 1493 5377 inde
1529 5320 1774 5390 pulsatus
1802 5315 1976 5385 preci-

394 5429 497 5485 bus
551 5425 853 5496 acquievit,
896 5422 1020 5485 nisi,
1063 5429 1120 5475 ut
1175 5418 1219 5474 si
1267 5413 1638 5487 paenitentiam
1704 5408 1977 5462 veraciter

398 5525 687 5592 qumrcret,
739 5519 806 5571 ad
857 5513 1164 5586 apostolicae
1205 5508 1354 5564 sedis
1401 5504 1610 5574 apicem
1664 5498 1976 5555 necessario

399 5619 736 5683 preperaret.
768 5608 865 5664 Cui
906 5606 1122 5661 tandem
1170 5601 1256 5656 ille
1303 5597 1627 5654 necessitate
1669 5591 1980 5662 compulsus

398 5707 604 5778 paruit,
637 5714 800 5775 atque
829 5702 969 5772 apud
983 5699 1288 5754 Romanam
1319 5691 1621 5748 Ecclesium
1648 5684 1980 5758 poenitentiae

396 5799 682 5870 judicium,
712 5793 854 5867 quod
883 5791 1180 5863 flagitabat,
1215 5784 1448 5854 accepit.

474 5892 597 5950 Alio
645 5903 860 5967 quoque
915 5896 1160 5960 tempore
1200 5877 1436 5954 puellam
1480 5872 1772 5950 quamdam
1817 5882 1980 5945 quam

2074 3384 2256 3440 niunis
2284 3383 2526 3454 quidem,
2557 3396 2621 3438 ac
2647 3395 2784 3451 pene
2806 3380 3081 3436 smeularis
3099 3389 3220 3436 erat
3241 3379 3384 3443 vitae,
3410 3379 3504 3434 sed
3529 3388 3653 3433 tau-

2077 3485 2190 3531 tam
2219 3492 2248 3529 a
2289 3475 2517 3529 Domino
2561 3482 2888 3530 consecutus
2911 3480 3028 3532 erat
3055 3471 3312 3543 gratiam,
3359 3479 3418 3527 ut
3456 3471 3499 3527 si
3531 3471 3653 3541 quis

2075 3570 2178 3626 sibi
2220 3569 2562 3624 nuntiaretur
2592 3583 2623 3622 a
2663 3574 2915 3636 serpente
2942 3580 3252 3637 percussus,
3281 3579 3404 3619 mox
3447 3564 3652 3619 sancti-

2075 3661 2292 3716 ﬁcatum
2317 3676 2348 3715 a
2373 3673 2434 3715 se
2452 3673 2646 3729 aquam
2677 3657 2948 3713 nuntianti
2976 3656 3305 3726 porrigebat,
3333 3664 3391 3708 ut
3413 3654 3648 3722 biberet;

2073 3767 2178 3822 qua
2223 3752 2435 3815 hausta,
2478 3758 2628 3804 tanta
2676 3748 2921 3819 protinus
2949 3747 3147 3804 divinat
3170 3747 3384 3801 virtutis
3415 3745 3650 3802 eﬂicacia

2075 3842 2432 3905 clarescebat,
2470 3851 2531 3896 ut
2556 3841 2623 3908 is,
2653 3841 2746 3911 qui
2775 3839 3006 3904 biberat,
3040 3848 3298 3908 tanquam
3327 3839 3373 3893 si
3399 3853 3520 3893 eum
3558 3852 3655 3892 an-

2075 3935 2195 4005 guis
2219 3931 2524 4002 specialiter
2553 3930 2950 3996 momordisset,
2978 3942 3168 3985 omnes
3207 3928 3473 3984 vulnerati
3503 3929 3652 3984 virus

2045 4061 2048 4064 ~
2075 4033 2387 4082 evomeret:
2424 4029 2478 4078 et
2504 4022 2612 4088 ille,
2639 4022 2737 4092 qui
2756 4035 3042 4092 percussus
3073 4019 3270 4084 fuerat,
3298 4017 3537 4074 funditus
3558 4033 3652 4074 ve-

2075 4131 2215 4173 neno
2257 4128 2474 4179 vacuus,
2506 4120 2560 4168 et
2613 4111 2737 4176 totis
2784 4111 3084 4166 visceribus
3126 4110 3356 4164 humore
3396 4107 3652 4180 pestifero

2076 4209 2351 4276 defaecatis
2382 4208 2519 4262 liber
2539 4215 2595 4264 et
2621 4205 2907 4261 incolumis
2930 4211 3215 4259 remearet.

2145 4301 2294 4356 Alius
2320 4313 2534 4370 quoque
2558 4298 2840 4368 presbyter
2855 4305 2973 4350 erat
2995 4294 3192 4350 nullius
3211 4308 3346 4364 pene
3369 4292 3650 4360 momenti,

2074 4393 2150 4449 ita
2180 4401 2238 4450 ut
2267 4388 2539 4446 meularis
2580 4387 2877 4458 prudentia!
2903 4401 2970 4440 ne
3005 4385 3150 4440 tenui
3181 4383 3400 4454 quidem
3430 4382 3654 4439 calleret

2074 4485 2308 4557 ingenio,
2358 4483 2570 4537 litteras
2607 4488 2789 4535 autem
2844 4477 2933 4532 vix
2969 4475 3277 4548 syllabatim
3333 4489 3399 4530 ac
3453 4473 3652 4532 rustice

2073 4577 2406 4640 balbutiret;
2435 4571 2722 4644 aliquando
2758 4585 2888 4627 vero
2912 4569 3164 4639 gallinam
3205 4567 3324 4637 ejus
3378 4567 3512 4624 liora
3555 4579 3649 4624 ve-

2075 4669 2314 4740 spertina
2349 4665 2527 4735 rapuit
2549 4661 2828 4734 accipiter,
2880 4674 3002 4731 quae
3028 4657 3233 4714 scilicet
3263 4658 3461 4729 injuria
3505 4670 3652 4710 ama-

2077 4761 2293 4820 rissimo
2323 4773 2446 4813 eum
2473 4755 2595 4811 felle
2624 4751 2916 4808 iracundia:
2941 4749 3249 4813 commovit,
3280 4758 3333 4804 et
3372 4747 3444 4802 ita
3469 4745 3650 4816 plane,

2049 4862 2136 4909 -ιιι
2165 4853 2461 4907 minaretur
2489 4853 2699 4911 sancto,
2730 4845 2786 4899 in
2827 4841 2979 4912 cujus
3006 4841 3222 4897 nomine
3242 4838 3540 4894 dedicatam
3568 4850 3652 4891 re-

2077 4945 2235 5017 gebat
2268 4941 2574 5003 ecclesiam,
2603 4936 2728 5008 quia
2755 4935 2856 4990 nisi
2881 4933 3096 4990 sibimet
3137 4929 3282 4984 altile
3302 4942 3476 4988 suum,
3505 4926 3650 4996 quod

2078 5035 2406 5106 perdiderat,
2438 5030 2708 5094 redderet,
2735 5038 3072 5095 nequaquam
3101 5020 3202 5078 sibi
3228 5019 3293 5076 de
3318 5026 3516 5074 caetero
3561 5031 3653 5073 ec-

2078 5125 2380 5181 clesiastica
2427 5119 2602 5177 cilicia
2647 5118 2966 5173 celebraret.
3032 5111 3099 5167 Et
3151 5120 3404 5182 tanquam
3455 5108 3652 5180 lingua:

2076 5217 2295 5271 vesania
2326 5228 2432 5268 non
2460 5211 2614 5282 plene
2639 5206 2931 5269 sulllceret,
2961 5201 3210 5258 manibus
3233 5207 3316 5255 est
3344 5213 3508 5254 ausus
3551 5211 3648 5254 ex-

2077 5308 2282 5369 cidere,
2313 5312 2369 5358 et
2412 5302 2586 5372 ipsum
2617 5297 2787 5352 altare
2829 5294 2996 5365 virgis
3039 5291 3325 5347 verberare
3368 5301 3651 5360 aggressus

2079 5407 2179 5454 est.
2219 5395 2358 5464 Quid
2395 5391 2590 5464 plura?
2621 5389 2776 5443 Mane
2805 5387 2892 5441 die
2932 5385 3120 5450 altero,
3144 5383 3339 5454 gallina
3384 5380 3564 5444 rediit,
3597 5386 3653 5434 et

2078 5488 2321 5560 exceptis
2374 5486 2496 5550 alis,
2535 5493 2590 5539 et
2637 5482 2835 5552 capite,
2885 5480 3134 5535 omnibus
3180 5477 3300 5531 aliis
3347 5473 3650 5544 deplnmata

2032 5597 2040 5604 '
2079 5583 2291 5654 pennis,
2341 5579 2547 5653 nullum
2598 5577 2834 5634 laesionis
2879 5575 2934 5630 in
2973 5583 3088 5630 toto
3117 5585 3341 5642 cerpore
3368 5567 3650 5638 vestigium

2082 5673 2398 5744 reportavit,
2450 5679 2506 5725 ut
2549 5669 2757 5741 liquido
2801 5672 3218 5727 monstraretur,
3259 5661 3384 5732 quia
3431 5657 3652 5728 presby-

2085 5765 2187 5822 teri
2233 5763 2360 5824 licet
2397 5762 2576 5820 insani
2625 5775 2784 5820 voces
2830 5758 3009 5814 divina
3065 5756 3237 5826 pietas
3276 5749 3494 5807 omnino
3544 5760 3652 5801 non

2083 5857 2290 5931 respuit
2312 5897 2332 5930 ,
2396 5856 2525 5922 dum
2589 5855 2646 5914 in
2712 5850 2832 5924 eius
2893 5847 3188 5927 perniciem
3261 5837 3540 5907 devolandi
3589 5835 3654 5904 li-
