4106 6310
2029 264 2272 305 ..Ἀ-Ι

449 358 552 416 ίὲῚ
873 362 931 420 S.
973 364 1176 422 PETRI
1217 364 1499 426 DAMIANl
1537 368 1684 426 OPP.
1729 366 1967 424 TOMUS
2006 362 2139 423 SEU
2182 366 2363 425 PARS
2400 368 2486 425 Ill.
2525 398 2595 410 --
2631 365 3004 427 OPUSCULA
3045 365 3279 423 VARIA.
3601 364 3704 421 128

450 478 683 534 centiam
755 479 1015 551 accipiter
1061 496 1168 538 non
1209 484 1439 555 accepit.
1508 483 1576 538 Et
1621 483 1751 554 quid
1818 483 2017 538 mirum
2044 473 2296 542 A‘sancti
2343 479 2915 552 expellunturuUnde
2972 479 3172 550 liquido
3225 477 3570 534 manifestum
3620 486 3706 536 est

421 569 498 640 _si
549 571 731 627 divina
786 571 1115 643 dispensatio
1171 589 1268 646 per
1322 575 1726 646 qualescunque
1768 573 2026 630 sacerdo-
2123 573 2250 644 quia
2279 574 2563 644 episcopus
2593 572 2682 628 ille
2709 572 2837 628 licet
2874 572 3148 644 indignus,
3175 571 3303 628 licet
3335 571 3503 627 fuerit
3530 569 3710 627 Simo-

455 667 538 717 tes
561 699 577 726 ,
642 661 970 719 orthodoxae
1032 671 1213 720 tamen
1244 704 1260 731 ,
1327 664 1710 722 miraculorum
1797 665 2025 722 virtutes
2123 663 2312 719 niacus
2334 704 2349 730 ,
2387 671 2444 721 et
2476 662 2806 719 illecebrosze
2835 662 3062 718 luxuriae
3091 662 3349 734 spurcitia
3383 662 3708 728 maculatus,

454 749 740 818 ostendat,
798 766 922 808 cum
964 767 1062 824 per
1103 754 1252 825 ipsos
1295 769 1510 827 quoque
1551 755 1833 813 haereticos
1882 770 2026 827 saepe
2126 755 2397 812 daamones
2417 763 2599 812 tamen
2623 753 2862 827 effugare
2882 755 3186 813 nullatenus
3212 755 3496 827 potuisset,
3527 755 3572 812 si
3596 755 3710 812 vir-

453 839 610 911 signa
652 856 762 898 suae
802 844 1060 914 potentia:
1117 845 1461 904 manifestet?
1500 847 1665 914 Nam,
1724 855 1785 903 ut
1835 848 1901 904 de
1925 861 2026 903 cas-
2125 855 2296 904 tutam
2335 846 2392 904 in
2437 861 2496 904 se
2542 848 2719 904 sancti
2752 847 2991 918 Spiritus
3015 864 3123 904 non
3162 848 3458 906 habuisset.
3488 847 3622 904 Nam
3656 857 3714 906 et

453 931 584 988 teris
613 929 770 1004 113
803 933 1012 1001 sileam,
1048 937 1190 1006 quod
1223 937 1280 993 in
1311 936 1602 1009 Tripartita
1641 938 1866 996 historia
1897 937 2028 1010 legi-
2128 943 2378 1011 Samson,
2401 943 2494 1015 qui
2513 952 2703 1000 contra
2730 943 2863 1016 legis
2885 943 3081 1000 divinae
3102 951 3372 1015 praecepta
3398 943 3713 1016 alienigena:

455 1029 564 1089 ῑιιτι
588 1037 696 1078 non
725 1023 1018 1080 absurdum
1051 1025 1283 1094 Videtur.
1311 1028 1358 1084 εἰ
1390 1027 1592 1085 εἱδάθω
1617 1028 1798 1084 verbis
1825 1026 2028 1098 Simpli-
2125 1036 2361 1093 nationis
2402 1033 2780 1092 meretricibus
2821 1037 3111 1103 utebatur,
3160 1050 3439 1106 nunquam
3472 1043 3583 1090 tam
3614 1034 3714 1090 du-

455 1109 591 1167 citer
620 1109 922 1169 inferatur:
955 1131 974 1166 ‹
1001 1114 1235 1183 Interea,
1259 1117 1454 1186 inquit,
1484 1116 1788 1174 incendium
1818 1117 1870 1172 in
1898 1115 2029 1172 civi-
2127 1126 2342 1184 rissima
2367 1126 2582 1182 vincula
2617 1127 2849 1182 evadere
2885 1127 3179 1198 potuisset,
3210 1133 3397 1197 totque
3425 1122 3585 1197 ιιι
3617 1124 3716 1180 ho.

410 1269 415 1274 ι
455 1211 566 1259 tate
595 1201 1189 1276 Constantinopolitana
1226 1206 1451 1275 factum,
1491 1207 1748 1278 paulatim
1785 1207 2032 1279 pervenit

2153 1216 2333 1273 uinum
2373 1215 2538 1272 millia
2579 1215 2726 1272 solus
2777 1216 3067 1282 trucidare,
3124 1215 3229 1271 nisi
3277 1228 3398 1270 eum
3454 1213 3716 1270 fortitudo

456 1294 524 1349 ad
555 1293 814 1361 thermas,
841 1309 960 1364 quae
991 1305 1254 1352 vocantur
1276 1297 1550 1365 Achilleas,
1576 1299 1790 1354 demum
1835 1296 1904 1352 ad
1947 1295 2030 1352 lo-

2153 1309 2304 1364 uincti
2332 1307 2568 1379 Spiritus
2596 1308 2912 1365 roborasset
2943 1307 3147 1380 (ludia.
3173 1308 3310 1380 xiv).
3343 1306 3614 1364 Praeterea
3660 1314 3718 1363 et

457 1403 620 1456 cum,
670 1387 762 1458 qui
811 1389 1008 1446 dicitur
1051 1389 1344 1464 Pelargus,
1392 1392 1466 1447 ita
1514 1399 1575 1447 ut
1615 1389 2033 1447 Novatianorum

2153 1400 2422 1472 trophetes
2449 1397 2539 1456 ille
2569 1399 2737 1457 falsus
2767 1401 2884 1457 sine
2910 1401 3225 1472 prophetica
3265 1401 3441 1457 sancti
3479 1398 3716 1471 Spiritus

457 1482 1008 1552 comprehenderem?
1033 1483 1282 1541 GCCIGSia-
1313 1483 1464 1541 Tunc
1487 1483 1662 1540 fertur
1687 1482 1912 1538 Pallium
1941 1495 2036 1540 θο-
2132 1491 2461 1549 revelatione
2496 1507 2602 1549 non
2642 1492 2766 1560 fuit,
2793 1492 2888 1563 qui
2913 1492 3132 1549 fallendi
3177 1491 3374 1549 artifex
3400 1491 3580 1548 virum
3621 1490 3718 1548 Dei

458 1589 578 1628 rum
623 1575 937 1647 episcopum
984 1574 1127 1632 inter
1173 1574 1418 1632 flammas
1465 1574 1729 1632 restitisse
1772 1572 2033 1641 ecclesiae,

2153 1583 2320 1639 iethel
2344 1591 2701 1639 revertentem
2728 1591 2915 1639 contra
2942 1583 3118 1640 divina
3141 1589 3411 1655 praecepta
3434 1582 3720 1638 comedere

457 1666 851 1738 supplicantem
879 1666 1008 1734 Deo,
1048 1682 1116 1724 ne
1156 1666 1387 1724 ecclesia
1426 1665 1632 1738 pariter
1659 1677 2039 1721 concremare-
2111 1686 2235 1742 per
2255 1683 2506 1729 accurata
2533 1673 2812 1729 mendacia
2846 1673 3145 1743 persuasit,
3175 1687 3463 1730 asserens:
3497 1691 3517 1725 ‹
3545 1672 3722 1744 Ange-

461 1765 566 1811 tur.
605 1755 705 1824 Qui
733 1757 882 1813 locus
908 1765 1129 1828 ereptus
1154 1767 1256 1824 est,
1283 1766 1341 1814 et
1372 1755 1639 1814 hactenus
1664 1764 1774 1812 stat
1815 1755 2033 1822 illaesus,
2139 1761 2243 1830 lus,
2272 1763 2466 1834 inquit,
2495 1763 2704 1820 locutus
2730 1772 2812 1820 est
2838 1764 2969 1820 mihi
3011 1763 3064 1819 in
3093 1777 3342 1820 sermone
3377 1762 3610 1829 Domini,
3635 1761 3719 1819 di-

457 1846 511 1900 ill
540 1862 646 1917 quo
670 1845 787 1902 lOCO
813 1847 1042 1918 septima
1069 1847 1274 1904 decima
1413 1847 1616 1902 mensis
1640 1844 1867 1919 Αυειιδῑί
1894 1844 2036 1916 apud
2063 1837 2114 1900 Β
2140 1869 2270 1912 cens
2295 1873 2310 1910 ε
2348 1855 2538 1911 Reduc
2566 1870 2689 1911 eum
2718 1863 2890 1912 [ccum
2921 1855 2974 1911 in
3002 1854 3218 1912 domum
3247 1863 3420 1922 luam,
3446 1862 3508 1909 ιη
3537 1865 3721 1910 come-

425 2001 427 2004 ,
458 1937 783 1996 Novatianos
821 1939 1067 1998 collectio
1092 1939 1416 1997 celebratur.
1454 1939 1610 1997 Hunc
1648 1940 1830 2009 itaque
1855 1938 2034 1995 locum
2138 1946 2230 2002 dat
2256 1960 2470 2016 panem,
2493 1953 2546 2001 et
2567 1945 2719 2001 bibat
2744 1960 2936 2016 aquam
2961 1943 3078 2016 (III
3104 1935 3228 2016 Reg.
3253 1943 3410 2015 xm);
3443 1961 3462 1995 ι
3491 1956 3723 2013 moxque

458 2047 566 2086 non
593 2031 764 2087 solum
797 2030 1115 2098 Christiani,
1141 2032 1236 2090 sed
1267 2038 1323 2086 et
1363 2030 1560 2104 pagani
1583 2045 1652 2086 ex
1681 2038 1928 2101 tempore
1945 2044 2040 2085 νε-
2139 2035 2419 2107 Scriptura
2447 2036 2694 2107 sequitur
2723 2053 2736 2090 :
2778 2054 2798 2089 (
2828 2036 3039 2092 Fet‘ellit
3065 2051 3186 2091 eum
3207 2075 3222 2101 ,
3255 2035 3458 2105 inquit,
3489 2040 3544 2090 et
3571 2033 3726 2089 duxit

458 2130 739 2178 nerantur.
767 2140 787 2174 ο
838 2121 946 2180 Sed
987 2123 1104 2179 haec
1142 2122 1404 2178 virtutum
1446 2121 1630 2193 signa,
1662 2136 1782 2192 quae
1822 2119 1907 2176 vel
1939 2133 2040 2191 per

461 2213 761 2283 haereticos,
802 2215 888 2271 vel
931 2230 1027 2287 per
1069 2215 1314 2287 indignos
1359 2213 1689 2294 rectaeqfidei
1730 2213 2041 2270 sacerdotes

460 2317 716 2376 operatur
743 2308 922 2365 divina
954 2309 1283 2380 dispensatio
1306 2349 1322 2375 ,
1369 2307 1677 2364 sacerdotes
1722 2307 1885 2380 (quia
1931 2320 2040 2361 non

463 2396 750 2466 cujuslibet
785 2413 974 2455 eorum
1020 2399 1235 2467 merito,
1265 2399 1360 2456 sed
1403 2398 1708 2456 ministerio
1742 2397 2043 2455 concedun-

464 2485 572 2557 tur)
623 2503 984 2560 nequaquam.
1009 2503 1143 2558 eos,
1187 2487 1273 2546 vel
1318 2490 1385 2545 ab
1426 2489 1547 2557 his,
1586 2504 1708 2561 quae
1739 2496 2040 2557 merentur,

465 2581 742 2654 suppliciis
763 2581 1014 2650 liberant,
1043 2583 1126 2638 vel
1160 2582 1299 2654 apud
1327 2582 1632 2640 districtum
1653 2583 1897 2640 Judicem
1921 2599 2045 2657 per-

464 2673 664 2744 petrati
692 2680 876 2729 reatus
900 2683 1178 2730 excusant.
1213 2672 1365 2730 Unde
1387 2674 1532 2731 enim
1563 2685 1899 2746 aucupantur
1929 2675 2044 2747 glo-

465 2766 624 2833 riam,
667 2767 718 2821 in
762 2765 1093 2824 confusionis
1135 2767 1388 2824 decidunt
1427 2768 1775 2840 ignominiam
1809 2786 1825 2824 :
1855 2777 1911 2825 ct
1936 2783 2045 2839 quo

467 2861 641 2933 magis
667 2860 996 2917 extolluntur
1032 2861 1306 2918 favoribus
1353 2861 1705 2929 adulantium,
1739 2877 1804 2918 eo
1845 2862 2038 2934 procli-

469 2951 587 3008 vius
615 2951 669 3007 in
691 2951 1052 3009 damnationis
1075 2961 1292 3008 aeternae
1318 2952 1617 3024 praecipitia
1636 2953 2042 3024 demerguntur.

468 3045 536 3101 Et
574 3060 715 3117 saepe
746 3045 878 3102 tales
915 3045 1140 3102 terribili
1182 3056 1358 3103 morte
1393 3046 1672 3118 percussi,
1700 3045 1819 3103 luce
1845 3044 2045 3104 clarius

2137 2126 2563 2198 secum;(lbid.);
2589 2147 2608 2180 ι
2633 2135 2687 2183 et
2704 2126 2864 2197 paulo
2887 2135 3010 2197 post
3038 2143 3053 2182 :
3085 2145 3104 2179 ι
3125 2124 3372 2195 Cumque
3384 2124 3635 2180 sederent
3655 2123 3725 2178 ad

2139 2233 2402 2284 mensam,
2427 2218 2600 2275 factus
2625 2227 2708 2275 est
2735 2233 2914 2275 sermo
2935 2219 3144 2275 Domini
3176 2218 3241 2273 ad
3269 2217 3609 2288 prophetam,
3631 2229 3726 2286 qui

2140 2309 2433 2366 reduxerat
2461 2310 2621 2376 eum,
2641 2317 2696 2365 et
2723 2309 3045 2366 exclamavit
3073 2308 3283 2381 (Ibid.),
3315 2327 3334 2362 ι
3369 2309 3447 2365 rei
3475 2307 3726 2364 videlicet

2139 2401 2404 2469 ordinem,
2430 2416 2538 2472 quo
2564 2402 2910 2474 perimendus
2939 2411 3074 2468 erat,
3099 2403 3354 2474 quoniam
3375 2401 3485 2458 voti
3510 2401 3726 2458 Domini

2140 2491 2456 2549 inobediens
2479 2491 2676 2548 fuerat.
2709 2492 2812 2550 Ubi
2853 2493 3149 2548 notandum
3180 2492 3346 2563 quod,
3376 2506 3534 2562 quem
3571 2490 3727 2546 fefel-

2141 2586 2269 2643 lisse
2299 2585 2524 2642 fratrem
2563 2585 2844 2658 Scriptura
2885 2586 3035 2657 prius
3062 2586 3339 2642 evidenter
3380 2592 3620 2652 accusat,
3659 2585 3728 2640 ad

2141 2681 2388 2736 eumdem
2411 2695 2538 2736 mox
2565 2694 2867 2736 sermonem
2890 2679 3101 2736 Domini
3126 2679 3346 2745 factum,
3366 2693 3431 2735 ac
3447 2678 3728 2735 verissima

2143 2773 2517 2844 prophetasse,
2547 2773 2914 2830 indubitanter
2940 2774 3191 2830 affirmat.
3222 2773 3293 2829 Et
3323 2781 3493 2840 certe,
3524 2772 3570 2828 si
3601 2771 3728 2828 facti

2145 2864 2305 2935 hujus
2333 2865 2467 2921 ordo
2496 2864 2779 2936 diligenter
2803 2875 3093 2936 pensatur,
3123 2867 3376 2935 deceptor
3411 2863 3512 2919 iste
3543 2861 3729 2934 procul

2147 2958 2308 3014 dubio
2334 2957 2437 3014 viri
2481 2957 2786 3016 innocentis
2829 2957 3100 3015 homicida
3148 2955 3314 3042 fuisse
3341 2954 3679 3012 convincitur
3710 2967 3727 3007 :

2147 3047 2200 3104 in
2231 3049 2390 3104 talem
2433 3058 2613 3106 tamen
2657 3047 2889 3120 Spiritus
2916 3056 3136 3105 sanctus
3161 3047 3345 3104 venire
3387 3061 3493 3102 non
3527 3044 3730 3111 renuit,

471 3135 743 3201 indicant,
776 3135 939 3207 quam
982 3150 1171 3192 revera
1203 3135 1418 3207 reprobi
1460 3135 1698 3204 fuerint,
1728 3137 1820 3208 qui
1864 3135 2044 3207 specie
2087 3207 2118 3211 _
2147 3149 2202 3196 et
2240 3141 2295 3196 in
2344 3140 2459 3210 ipso
2488 3139 2743 3211 captiosae
2788 3139 3118 3210 deceptionis
3149 3138 3395 3206 articulo,
3423 3137 3547 3193 dum
3577 3140 3734 3193 curat

471 3235 628 3285 tenus
653 3228 806 3299 quasi
836 3229 1106 3285 mirabiles
1135 3231 1486 3302 apparebant.
1527 3227 1663 3286 Nam
1702 3207 1757 3286 et
1793 3230 1860 3295 is,
1893 3228 2046 3299 cujus
2072 3207 2120 3272 α
2149 3246 2246 3302 per
2273 3207 2610 3286 mendacium
2641 3229 2848 3298 fallere,
2873 3207 3093 3286 coactus
3113 3237 3197 3286 est
3225 3243 3322 3300 per
3347 3227 3596 3284 veritatis
3614 3241 3734 3283 ora-

472 3319 632 3390 paulo
676 3327 800 3374 ante
846 3320 1220 3386 meminimus,
1262 3319 1561 3376 Fesulanus
1597 3319 1880 3391 episcopus
1923 3333 2047 3375 cum
2151 3319 2328 3376 culum
2349 3320 2693 3390 prophetare.
2720 3318 2879 3388 (Vide
2896 3317 3143 3388 scholia.)
3165 3318 3453 3374 Enimvero
3471 3319 3594 3389 quis
3615 3317 3733 3374 Heli

473 3417 635 3464 tantae
673 3409 955 3479 pravitatis
992 3416 1165 3477 esset,
1190 3417 1252 3465 ut
1286 3417 1342 3465 et
1379 3408 1548 3466 laicus
1582 3409 1700 3481 ejus
1743 3408 1914 3466 frater
1953 3410 2052 3466 bo-
2151 3409 2485 3466 sacerdotem
2513 3408 2720 3464 nesciat
2767 3407 3089 3478 reprobum,
3127 3414 3183 3464 et
3227 3416 3338 3463 tam
3366 3421 3466 3478 pro
3513 3407 3736 3464 lenitate

477 3513 648 3582 nestae
690 3516 754 3558 ac
779 3501 1034 3559 modesta:
1071 3503 1197 3558 vitae
1233 3516 1354 3559 cum
1396 3516 1462 3558 eo
1498 3501 1923 3558 familiaritatem
1953 3501 2052 3557 ha-

476 3595 604 3650 bere
634 3594 857 3651 minime
885 3595 1218 3665 dignaretur,
1262 3593 1536 3664 signorum
1565 3602 1745 3650 tamen
1771 3593 1906 3649 adeo
1945 3594 2052 3648 vir-

477 3683 680 3738 tutibus
721 3682 1060 3749 coruscabat,
1091 3690 1150 3737 ut
1181 3683 1233 3738 in
1259 3683 1594 3740 dedicatione
1614 3683 1774 3739 unius
1795 3683 2054 3739 duntaxat

479 3773 719 3829 ecclesia:
756 3773 993 3845 quinque
1036 3787 1218 3830 coram
1264 3773 1409 3828 omni
1449 3772 1646 3843 popqu
1697 3773 2054 3828 daemoniacos

479 3881 698 3922 curasse
730 3873 1043 3923 constanter
1077 3880 1109 3921 a
1150 3863 1560 3936 perhibentibus
1602 3873 1898 3922 asseratur.
1949 3864 2057 3923 Sed

479 3959 605 4029 quia
633 3974 738 4014 non
767 3959 901 4024 suis,
929 3957 1024 4014 sed
1052 3956 1242 4013 alienis
1271 3955 1550 4012 miraculis
1582 3955 1800 4021 claruit,
1841 3957 1908 4012 ad
1935 3956 2054 4014 obi-

481 4059 594 4107 tum
623 4051 862 4118 veniens,
886 4049 1068 4106 ultrici
1091 4059 1217 4106 ante
1236 4050 1414 4120 ignem
1437 4049 1592 4120 igniti
1621 4050 1864 4122 corporis
1885 4050 2059 4106 anim-

481 4143 798 4200 adversione
859 4141 1110 4214 signavit.
1167 4139 1370 4196 Pabula
1426 4141 1691 4213 siquidem
1743 4143 2058 4214 perniciosae

479 4235 722 4294 uredinis
771 4237 823 4292 in
871 4235 1006 4308 pede
1042 4235 1157 4308 ejus
1187 4236 1504 4308 pestilenter
1538 4245 1749 4306 exorta,
1779 4238 1860 4294 sic
1888 4247 2057 4294 totam

480 4328 740 4399 plantam,
772 4328 990 4395 tibiam,
1018 4343 1316 4399 coxamque
1361 4343 1482 4385 cum
1529 4328 1750 4401 inguine
1790 4329 1951 4385 simul
1993 4343 2059 4385 ac

483 4418 804 4488 genitalibus
830 4420 1270 4490 comprehendit;
1303 4429 1363 4474 ut
1407 4433 1577 4490 usque
1619 4420 1687 4474 ad
1730 4419 1912 4474 vitalia
1940 4433 2057 4474 ser-

2151 3518 2268 3570 sua,
2302 3517 2460 3574 quam
2501 3516 2600 3573 pro
2632 3500 2925 3558 liberorum
2973 3501 3232 3558 effrenata
3277 3501 3494 3558 licentia
3538 3501 3736 3559 divinae

2153 3594 2629 3651 animadversionis
2649 3594 2913 3650 sententia
2935 3593 3384 3650 condemnatum?
3403 3593 3532 3664 Ejus
3556 3603 3737 3651 tamen

2153 3683 2529 3740 benedictione
2563 3697 2669 3740 non
2702 3682 2800 3739 fuit
2841 3683 3041 3740 sterilis
3080 3693 3270 3740 uterus
3291 3685 3496 3750 Annae,
3531 3682 3620 3741 cui
3647 3683 3734 3740 ni-

2155 3775 2349 3830 mirum
2381 3773 3106 3845 fecunditatcmimpreeatus
3127 3783 3212 3832 est
3238 3774 3430 3831 vulvae.
3465 3773 3556 3830 Ait
3589 3774 3737 3830 enim

2156 3861 2436 3933 Scriptura
2465 3879 2481 3918 :
2516 3881 2536 3916 ι
2563 3862 2845 3918 Benedixit
2890 3861 3007 3919 Heli
3037 3863 3272 3930 Elcanae,
3303 3871 3359 3919 et
3394 3863 3550 3919 uxori
3594 3863 3735 3935 ejus,

2155 3965 2213 4014 et
2235 3956 2372 4011 dixit
2397 3973 2413 4012 :
2443 3954 2654 4012 Reddat
2681 3956 2776 4012 tibi
2803 3956 3060 4012 Dominus
3085 3969 3269 4012 semen
3293 3956 3360 4011 de
3386 3954 3609 4010 muliere
3634 3955 3739 4011 hac

2155 4061 2255 4119 pro
2297 4045 2505 4103 foenore
2551 4046 2694 4118 quod
2742 4046 3095 4102 commodasti
3144 4045 3405 4112 Domino;
3437 4062 3457 4097 ι
3507 4058 3740 4115 moxque

2157 4138 2432 4211 subjungit
2463 4154 2478 4193 :
2509 4157 2529 4190 ε
2557 4137 2804 4194 Visitavit
2832 4152 2962 4208 ergo
2989 4136 3248 4193 Dominus
3268 4136 3501 4202 Annam,
3531 4143 3588 4191 et
3609 4149 3740 4192 con-

2125 4268 2127 4270 -
2155 4231 2317 4302 cepit,
2356 4237 2412 4286 et
2441 4230 2650 4301 peperit
2679 4239 2789 4284 tres
2817 4228 2958 4284 ﬁlios
2985 4235 3040 4283 et
3063 4227 3200 4282 duas
3225 4225 3362 4282 ﬁlias
3383 4225 3438 4298 (1
3463 4225 3593 4296 Reg.
3618 4225 3736 4296 11).:

2160 4321 2311 4378 Hanc
2354 4321 2536 4391 itaque
2584 4318 3010 4374 benedictionem
3050 4316 3321 4373 efﬁcacem
3369 4315 3600 4373 reddidit
3634 4329 3742 4370 non

2159 4412 2409 4468 meritum
2453 4409 2704 4476 hominis,
2731 4410 2826 4464 sed
2865 4408 3100 4464 oflicium
3145 4407 3443 4465 sacerdotis
3472 4424 3486 4461 :
3518 4413 3572 4461 et
3598 4403 3744 4476 quod

483 4511 658 4578 pendo
688 4510 1021 4579 procederet,
1061 4519 1116 4564 et
1153 4510 1300 4567 velut
1348 4510 1484 4564 aridi
1528 4509 1809 4566 materiam
1861 4509 2060 4580 stipitis
2087 4569 2132 4580 _
2161 4521 2267 4560 non
2311 4504 2542 4562 habebat
2579 4517 2742 4560 causa
2786 4502 3042 4571 ministri,
3081 4502 3253 4558 virtus
3292 4501 3537 4558 exhibuit
3579 4496 3742 4554 mini-

487 4599 691 4654 viscera
721 4597 839 4667 ejus
865 4598 1076 4654 interna
1107 4599 1426 4669 depascens,
1455 4599 1681 4654 occultis
1701 4613 1824 4653 eum
1847 4598 2060 4669 vapori-
2085 4569 2138 4633 D
2162 4594 2336 4651 sterii.

484 4691 586 4748 bus
613 4689 990 4761 conflagraret,
1018 4697 1283 4762 quatenus
1317 4691 1405 4747 hic
1427 4688 1538 4760 jam
1578 4691 1882 4761 primitivus
1919 4692 2030 4763 igni

486 4784 830 4850 accenderet,
859 4799 1020 4855 quem
1048 4783 1263 4839 flamma
1289 4785 1628 4853 postmodum
1669 4799 1942 4854 nunquam
1967 4783 2060 4841 de-

486 4879 673 4936 ficiens
712 4878 1047 4935 absorberet.
1090 4875 1222 4932 Tam
1253 4876 1450 4948 quippe
1487 4875 1859 4943 intolerabilis,
1900 4885 2060 4948 atque

488 4970 861 5027 immanissimi
910 4968 1185 5041 languoris
1227 4967 1504 5024 nimietate
1543 4967 1906 5035 constrictus,
1961 4983 2061 5024 nec

488 5064 706 5133 dignam
749 5061 1094 5134 cognoscitur
1141 5057 1514 5132 paenitentiam
1565 5057 1912 5128 suscepisse,
1963 5072 2064 5113 nec

491 5151 771 5208 mulierum
802 5166 832 5204 a
878 5165 938 5206 se
982 5148 1416 5214 contubernium,
1457 5161 1684 5218 quarum
1731 5147 1894 5202 etiam
1937 5155 2065 5203 tunc

491 5248 833 5320 impudenter
861 5245 936 5301 uti
968 5244 1270 5302 ministerio
1298 5257 1405 5300 non
1432 5243 1743 5310 verebatur,
1775 5241 1941 5299 voluit
1970 5241 2066 5297 ab-

491 5349 728 5397 sentare.

559 5431 729 5486 Porro
757 5437 936 5486 autem
959 5442 1081 5484 cum
1112 5427 1442 5497 Redemptor
1464 5434 1649 5482 noster
1669 5425 1854 5493 dicat,
1893 5443 1912 5478 ι
1941 5425 2068 5497 quia

494 5523 546 5579 iu
578 5523 745 5594 digito
773 5521 863 5576 Dei
893 5519 1111 5589 ejiceret
1139 5519 1254 5591 ipse
1279 5519 1539 5574 daemonia
1569 5518 1720 5591 (Luc.
1749 5518 1849 5590 xi),
1874 5537 1893 5571 ι
1930 5517 2068 5589 ιΙὶεἰέ

495 5626 583 5672 tus
605 5600 782 5672 autem
812 5615 906 5671 Dei
943 5614 1131 5687 procul
1167 5612 1332 5669 dubio
1366 5612 1603 5683 Spiritus
1632 5623 1853 5670 sanctus
1876 5612 2072 5682 accipi-

497 5717 614 5776 tur;
645 5708 922 5764 evidenter
955 5707 1287 5780 agnoscitur,
1324 5707 1450 5777 quia
1486 5721 1759 5778 nunquam
1799 5707 2070 5762 dzrmones

463 5819 529 5859 ‘e
576 5803 890 5876 corporibus
936 5801 1214 5863 hominum
1255 5800 1358 5860 nisi
1404 5815 1503 5874 per
1536 5800 1792 5859 virtutem
1835 5799 2073 5871 Spiritus

2755 4685 2981 4744 CAPUT
3017 4685 3158 4742 XIX.

2200 4780 2353 4849 Quod
2390 4795 2524 4850 sirpe
2551 4781 2766 4838 sinistra
2803 4780 3064 4860 principia
3091 4779 3161 4834 ad
3193 4777 3368 4848 felices
3407 4774 3714 4847 proveniunt

2870 4859 3063 4905 exitus.

2237 4961 2373 5030 Quid
2411 4963 2640 5032 denique
2687 4960 2886 5018 officiat
2935 4960 3296 5026 Simoniacus,
3341 4958 3388 5015 si
3434 4955 3748 5013 ordinandis

2168 5069 2359 5111 manus
2387 5054 2645 5124 imponat,
2673 5068 2795 5108 cum
2839 5066 3013 5122 neque
3039 5053 3090 5108 id
3121 5051 3263 5122 quod
3294 5049 3538 5114 habetur,
3569 5047 3749 5102 aufer-

2170 5161 2249 5212 re,
2278 5160 2450 5214 neque
2471 5143 2612 5215 quod
2633 5143 2890 5200 divinitus
2917 5152 3166 5214 augetur,
3188 5141 3444 5214 praevalet
3470 5138 3751 5195 inhibere?

2167 5236 2301 5292 lllud
2342 5236 2604 5305 siquidem
2634 5233 2870 5292 ccelestis
2899 5234 3084 5306 gratiae
3113 5248 3308 5289 munus
3335 5246 3441 5287 non
3487 5231 3554 5286 de
3598 5244 3750 5283 mar-

2169 5329 2322 5399 supio
2355 5327 2692 5384 extrinsecus
2735 5325 3049 5397 satagentis,
3078 5324 3174 5382 sed
3219 5322 3288 5377 de
3333 5323 3584 5378 thesauro
3625 5334 3752 5390 pro-

2171 5420 2344 5477 fertur
2379 5418 2718 5475 invisibiliter
2742 5417 3107 5489 praesidentis.-
3127 5413 3263 5470 Nam
3298 5414 3399 5471 etsi
3436 5413 3526 5468 fur
3559 5411 3630 5466 sit
3661 5409 3752 5465 ille

2169 5511 2263 5582 qui
2287 5509 2545 5575 seminat;
2580 5517 2724 5564 terra
2750 5493 2950 5574 tamen,
2978 5515 3200 5565 auctore
3229 5505 3363 5573 Deo,
3386 5505 3529 5560 vires
3554 5501 3752 5575 genui-

2171 5605 2363 5663 nandis
2389 5605 2630 5676 frugibus
2672 5603 3033 5660 administrat.
3063 5603 3217 5659 Licet
3259 5601 3473 5658 sordida
3519 5598 3589 5654 sit
3630 5610 3750 5651 mae

2173 5714 2294 5765 nus,
2326 5707 2418 5752 aut
2443 5696 2675 5768 leprosa,
2698 5711 2818 5768 qua:
2844 5695 3080 5768 plantat;
3112 5693 3346 5750 mundus
3371 5699 3518 5748 certe
3539 5686 3750 5742 fruetus

2174 5789 2498 5860 decerpitur,
2528 5803 2651 5856 cum
2679 5789 2747 5849 ad
2774 5787 3102 5864 maturitatis
3127 5783 3514 5860 plenitudinem
3553 5790 3748 5852 perve-
