4106 6310
335 319 444 379 129

1035 318 1280 378 OPUSC.
1323 319 1410 376 Vl.
1447 350 1520 363 —
1555 320 1761 378 LIBER
1799 320 1917 390 QUI
1957 321 2236 382 DICITUR
2273 325 2756 388 GRATISSIMUS.

3509 327 3620 414 ιω,

337 445 506 501 nitur.
543 439 624 497 Ex
664 437 966 497 adulterino
991 453 1133 512 saepe
1161 439 1412 511 coniugio
1441 439 1666 511 pulchra
1707 437 1918 496 soboles
1944 438 2129 509 Ajam
2172 445 2493 502 seminantis
2531 445 2710 519 imago
2753 444 2913 518 digne
2959 445 3272 518 requiratur
3321 443 3374 500 in
3407 426 3620 514 fructu;

338 534 600 600 nascitur,
628 541 684 590 et
712 549 781 590 ex
810 534 1044 590 obscena
1082 532 1359 603 voluptate
1386 541 1669 604 parentum
1704 541 1920 605 specta-
2019 531 2117 587 sed
2146 532 2284 599 sola,
2323 543 2387 590 ut
2427 535 2502 591 ita
2539 535 2792 602 dixerim,
2821 537 3043 593 seminis
3082 534 3386 594 similitudo
3425 551 3614 607 procc-

335 625 459 682 bilis
495 624 672 680 oritur
713 624 927 696 species
975 624 1286 680 liberorum.
1337 624 1486 683 Alios
1523 626 1740 696 quidem
1782 625 1923 682 filios

337 715 503 772 Iacob
527 731 596 771 ex
622 713 876 787 legitimis
900 715 1162 771 uxoribus
1191 716 1376 786 genuit
1394 755 1410 783 ,
1455 715 1589 772 alios
1615 730 1682 772 ex
1725 731 1923 773 concu-

334 808 585 864 binarum
625 806 812 863 servili
848 807 1158 864 conditione
1201 808 1438 879 suscepit
1465 825 1481 866 :
1505 816 1563 864 at
1588 824 1710 866 cum
1739 810 1805 865 ad
1830 825 1924 867 ca-

333 901 654 974 pessendam
689 894 1061 956 hareditatem
1112 901 1327 971 utrique
1358 901 1711 972 perveniunt,
1761 901 1922 973 parili

334 991 480 1053 inter
497 1011 562 1052 se
581 994 1076 1053 distribuendarum
1097 994 1325 1050 sortium
1339 994 1463 1064 jure
1483 997 1746 1052 ceduntur
1762 994 1920 1068 (Gen.

332 1088 496 1159 xxx).
534 1086 741 1144 Phares
770 1089 838 1144 de
875 1087 1190 1143 theristrata
1222 1095 1278 1142 et
1307 1087 1550 1158 exposita
1581 1088 1636 1143 in
1660 1088 1803 1144 bivio
1829 1102 1923 1143 na-

332 1180 530 1248 scitur,
558 1179 654 1237 sed
702 1196 810 1237 non
851 1179 1108 1236 minimus
1149 1179 1291 1236 inter
1347 1178 1709 1236 lsraelitarum
1763 1178 1922 1251 115

333 1272 715 1344 cognationum
745 1271 1016 1342 principes
1052 1271 1323 1328 invenitur
1354 1267 1506 1343 (Gen.
1536 1270 1786 1342 xxxvm).
1823 1271 1923 1327 Sa-

332 1361 515 1419 lomon
547 1377 614 1418 ex
645 1375 745 1429 ea,
777 1377 899 1433 qua:
921 1361 1035 1433 ,fuit
1076 1361 1240 1429 Uriae,
1282 1361 1625 1433 cognoscitur
1667 1361 1923 1419 habuisse

331 1455 777 1528 principium,qui
791 1465 967 1513 tamen
981 1455 1177 1528 regalis
1189 1457 1387 1529 sceptri
1402 1457 1572 1514 tenuit
1585 1457 1924 1527 incompara-

330 1547 518 1604 biliter
529 1548 889 1620 principatum
907 1548 994 1621 (ιι
1018 1548 1143 1621 Reg.
1167 1566 1234 1616 x;
1259 1549 1290 1604 Ι
1312 1549 1444 1605 Par.
1468 1550 1574 1621 ιιι).
1599 1550 1750 1608 Obed
1772 1558 1924 1608 certe

331 1655 401 1697 ex
431 1641 577 1697 Ruth
601 1639 891 1698 Moabitide
917 1643 1067 1698 duxit
1092 1641 1381 1714 originem,
1409 1642 1504 1700 sed
1526 1643 1800 1714 egregium
1831 1658 1919 1700 re-

331 1750 455 1808 gem
483 1736 674 1802 David,
705 1751 961 1807 magnum
990 1736 1244 1794 videlicet
1286 1736 1488 1793 meruit
1524 1736 1727 1794 habere
1753 1752 1920 1808 nepo-

2022 624 2156 680 dat?
2193 626 2342 682 Dixit
2387 629 2550 683 etiam
2597 629 2920 686 animalibus
2965 630 3107 686 Deus
3141 647 3154 684 ξ
3193 648 3211 682 ι
3241 627 3523 694 Crescite,
3559 636 3616 684 et

2021 716 2456 787 multiplicamini
2494 718 2705 791 (Ibid.).
2732 739 2751 773 ι
2781 720 2861 775 Ex
2900 720 3053 790 cujus
3079 719 3338 777 videlicet
3374 719 3615 777 ellicacia

2021 809 2196 876 verbi,
2227 819 2420 866 cuncta
2448 825 2620 881 usque
2657 827 2802 866 nunc
2829 806 3082 868 creantur
3109 811 3415 870 animantia
3455 831 3467 866 :
3506 827 3613 869 non

2022 910 2170 958 certe
2197 902 2568 974 principaliter
2595 918 2754 971 nova,
2786 905 2881 962 sed
2907 920 2976 961 ex
3009 905 3199 964 eodem
3235 903 3493 984 originali
3531 920 3615 962 sc-

2021 995 2168 1050 mine
2195 1010 2291 1066 per
2321 995 2594 1052 traducem
2619 1006 2934 1070 propagata.

2029 1131 2034 1137 .
2094 1085 2228 1141 Cum
2256 1086 2421 1157 igitur
2448 1085 2611 1142 verba
2640 1085 2752 1155 illa,
2776 1102 2896 1156 quze
2921 1087 3177 1146 nimirum
3201 1083 3377 1148 semel
3404 1087 3614 1160 prolata

2022 1188 2171 1246 sunt,
2213 1185 2324 1234 tam
2368 1178 2717 1236 immobiliter
2740 1179 2942 1252 vigent,
2973 1182 3103 1252 quid
3131 1197 3200 1238 ex
3227 1183 3332 1240 illis
3359 1188 3616 1240 sacerdo-

2024 1271 2214 1328 talium
2257 1271 2694 1328 benedictionum
2725 1272 2907 1330 verbis
2951 1281 3036 1328 est
3080 1273 3451 1340 sentiendum,
3494 1289 3616 1345 qua

2023 1376 2180 1420 sacra
2213 1377 2456 1434 prorsus,
2489 1371 2652 1434 atque
2682 1363 2864 1420 divina
2900 1363 3104 1422 idcirco
3143 1380 3358 1437 semper
3386 1367 3444 1423 in
3491 1380 3616 1436 pro-

2023 1455 2307 1512 movendis
2342 1454 2584 1512 exterius
2612 1463 2949 1526 repetuntur,
2982 1465 3041 1512 ut
3066 1457 3386 1530 mysterium
3416 1455 3616 1512 intrin-

2024 1562 2183 1605 secus
2206 1548 2535 1618 opereutur?
2563 1546 2700 1603 Nam
2724 1563 2849 1604 cum
2874 1548 3036 1622 116
3065 1547 3463 1608 inca'ntatorum
3492 1563 3616 1604 ver-

2022 1645 2109 1701 bis
2158 1643 2336 1701 inesse
2380 1651 2528 1698 tanta
2571 1642 2744 1698 virtus
2787 1653 3083 1712 asseratur,
3127 1652 3188 1700 ut
3229 1643 3310 1701 eis
3352 1652 3613 1716 tanquam

2024 1738 2293 1809 lapidibus
2324 1735 2539 1807 injectis
2577 1750 2802 1807 serpens
2844 1752 3098 1807 percussa
3127 1737 3439 1809 frangatur;
3480 1734 3612 1808 quid

333 1839 463 1886 tem.
487 1829 631 1886 Booz
652 1844 869 1900 quoque
892 1828 1082 1885 Rahab
1105 1829 1362 1887 meretrix
1389 1828 1596 1900 genuit,
1618 1829 1711 1902 qui
1741 1837 1923 1886 tamen
1952 1829 1999 1891 Β
2027 1831 2225 1886 mirum
2254 1830 2299 1885 si
2329 1828 2679 1886 sacerdotalis
2698 1829 3004 1886 benedictio
3029 1839 3429 1887 sacramentum
3467 1831 3522 1886 in
3549 1844 3611 1888 se

331 1920 386 1976 in
415 1921 585 1994 regali
627 1921 923 1978 Dominicae
950 1921 1278 1994 genealogiaz
1307 1921 1554 1993 catalogo
1583 1921 1784 1976 meruit
1811 1936 1918 1976 nu-

332 2014 535 2070 merari
549 2013 768 2087 (Matth.
789 2014 854 2086 t).
872 2013 1034 2086 (Vide
1051 2015 1300 2087 schoiia.)
1320 2015 1390 2071 Et
1407 2014 1537 2086 quid
1559 2014 1696 2071 alios
1716 2028 1922 2071 memo-

331 2106 492 2162 rem?
522 2106 974 2177 Quandoquidem
1003 2116 1060 2164 et
1084 2107 1202 2180 ipse
1222 2107 1316 2165 Dei
1340 2108 1628 2174 mediator,
1659 2117 1713 2164 et
1746 2106 1921 2163 homi-

332 2214 487 2267 num,
500 2191 953 2270 depeccatoribus
974 2199 1242 2273 originem
1257 2200 1431 2268 duxit,
1444 2209 1500 2258 et
1511 2201 1579 2258 de
1596 2200 1921 2256 fermentata

329 2305 514 2347 massa
546 2290 881 2348 sinceritatis
927 2307 1174 2365 azymam
1224 2293 1430 2365 absque
1481 2292 1590 2349 ulla
1632 2291 1924 2350 vetustatis

329 2379 624 2438 infectione
668 2382 908 2453 suscepit
943 2397 961 2436 :
1001 2383 1132 2451 imo,
1161 2393 1222 2440 ut
1262 2385 1570 2456 expressius
1609 2383 1810 2451 dicam,
1851 2398 1922 2440 ex

327 2470 448 2543 ipsa
487 2487 652 2530 carne
681 2472 940 2545 virginis,
970 2487 1094 2544 qua:
1134 2472 1203 2530 de
1246 2482 1470 2545 peccato
1511 2484 1774 2546 concepta
1817 2484 1922 2542 est,

329 2579 462 2623 caro
501 2566 620 2624 sine
664 2574 888 2640 peccato
927 2567 1162 2638 prodiit,
1195 2581 1316 2639 quae
1359 2567 1503 2627 ultro
1540 2569 1704 2626 etiam
1740 2568 1924 2627 carnis

327 2669 554 2730 peccata
581 2660 796 2718 delevit.

405 2751 545 2820 Quid
573 2766 703 2824 ergo
731 2753 950 2822 mirum,
977 2754 1026 2812 si
1062 2754 1240 2814 valida
1265 2769 1459 2814 manus
1493 2755 1727 2824 Domini,
1761 2766 1924 2829 atque

329 2842 400 2898 ad
419 2843 777 2915 quodcunque
797 2844 1051 2914 voluerit,
1073 2844 1282 2915 elllcax,
1309 2847 1412 2904 hoc
1432 2847 1597 2904 faciat
1617 2848 1671 2904 in
1693 2847 1924 2918 Spiritu,

329 2935 427 3006 qui
455 2936 715 3006 vivificat,
747 2938 892 3009 quod
926 2953 1090 3012 agere
1129 2939 1391 3011 probatur
1428 2939 1593 2997 etiam
1633 2941 1690 2996 in
1731 2957 1924 3010 carne,

331 3044 455 3101 qua:
485 3046 596 3086 non
629 3031 854 3103 prodest
894 3033 1226 3105 quidquam?
1269 3032 1454 3105 (Joan.
1484 3034 1587 3105 v1.)
1626 3033 1729 3102 Qui
1775 3034 1924 3090 enim

330 3120 504 3189 facit,
548 3132 607 3178 ut
650 3123 874 3180 sinistra
923 3124 1188 3196 principia
1233 3125 1304 3182 ad
1354 3124 1561 3183 faustos
1607 3126 1929 3197 proveniant

2021 1923 2240 1980 virtutis
2270 1921 2464 1979 divinae
2505 1921 2824 1989 contineat,
2861 1921 3002 1977 unde
3047 1921 3136 1978 ille
3176 1923 3469 1990 sacerdos,
3513 1921 3609 1994 qui

2022 2016 2292 2083 admotus,
2317 2020 2404 2070 'est
2432 2012 2567 2069 fiat?
2603 2011 2856 2084 Nunquid
2893 2013 3039 2068 enim
3078 2012 3301 2084 majoris
3346 2022 3474 2068 sunt
3501 2013 3612 2069 vir-

2023 2107 2154 2163 tutis
2201 2105 2563 2163 incantatoria
2593 2103 2756 2160 verba
2782 2145 2799 2172 ,
2839 2117 3000 2174 quam
3037 2102 3128 2158 illa
3171 2102 3408 2182 cﬂicacia
3455 2117 3612 2174 pror-

2023 2215 2152 2268 sus,
2185 2208 2241 2258 et
2267 2198 2494 2272 mystica
2518 2238 2534 2267 ,
2581 2212 2648 2256 ac
2688 2195 2858 2253 divini
2883 2196 3121 2254 nominis
3148 2195 3489 2253 invocatione
3522 2209 3609 2253 sa-

2023 2300 2176 2350 crata
2192 2291 2216 2348 2

2236 2387 2243 2392 ’
2274 2385 2303 2394 ”
2627 2377 2853 2440 CAPUT
2897 2377 3018 2437 XX.

2027 2498 2182 2566 Quod
2205 2513 2298 2569 per
2318 2497 2702 2564 Simoniacum,
2727 2506 2781 2551 ut
2808 2495 3038 2566 Spiritus
3065 2504 3277 2569 sanctus
3299 2495 3428 2569 dari
3445 2495 3612 2568 bapti-

2095 2567 2266 2624 zando
2314 2571 2506 2639 possit,
2545 2569 2900 2624 consecrando
2944 2583 3049 2623 non
3084 2568 3282 2638 possit,
3327 2567 3460 2625 ratio
3507 2567 3614 2624 non

2095 2640 2344 2702 admittit.
2531 2667 2535 2670 -

2096 2752 2232 2810 illud
2279 2767 2411 2810 sane
2456 2752 2786 2821 mirandum,
2819 2768 2919 2810 cur
2947 2760 3098 2810 tanta
3143 2751 3437 2810 stoliditate
3471 2750 3616 2808 desi-

2024 2847 2214 2918 piant,
2253 2845 2348 2916 qui
2398 2844 2735 2902 Simoniacos
2780 2843 3062 2918 baptizare
3104 2843 3394 2902 efﬁcaciter
3433 2856 3613 2915 posse,

2024 2954 2348 2996 consecrare
2369 2946 2548 2996 autem
2570 2939 2876 2996 nullatenus
2897 2954 3078 3012 posse,
3104 2940 3450 3012 impudenter
3474 2935 3616 2993 θωτ-

2027 3032 2219 3088 mant?
2260 3032 2324 3087 Et
2353 3046 2666 3102 quanquam
2694 3032 2762 3090 de
2805 3031 2910 3089 hoc
2948 3031 3064 3102 jam
3095 3031 3344 3102 superius
3374 3029 3446 3086 sit
3489 3029 3614 3085 bre-

2026 3123 2168 3178 viter
2193 3121 2522 3193 disputatum
2549 3161 2564 3187 ,
2613 3135 2720 3177 non
2768 3119 2864 3177 abs
2904 3136 2964 3178 re
3008 3121 3224 3177 videtur
3265 3121 3441 3176 adhuc
3485 3134 3616 3174 enu-

331 3215 545 3282 exitus,
575 3223 632 3273 et
677 3217 780 3274 hoc
820 3217 876 3272 in
921 3218 1085 3276 rebus
1129 3218 1315 3290 utique
1344 3217 1607 3286 terrenis,
1654 3217 1925 3289 quomodo
1951 3222 1997 3288 ο
2027 3213 2254 3271 cleatius
2287 3211 2681 3269 disserendum.
2723 3210 2996 3268 Ponamus
3023 3225 3153 3284 ergo
3179 3211 3234 3267 in
3265 3211 3500 3268 medium
3532 3209 3616 3266 Si-

331 3311 636 3367 credendus
657 3320 743 3368 est
764 3309 996 3382 idipsum
1021 3311 1362 3384 propensiori
1387 3311 1790 3383 dispensatione
1818 3325 1926 3367 non

331 3417 495 3476 agere
543 3404 600 3459 in
649 3402 1020 3474 spiritualibus
1069 3405 1470 3460 sacramentis?
1513 3390 1787 3460 Nimirum.
1833 3403 1926 3476 qui

326 3496 580 3570 praecipit
620 3495 875 3554 arborem
911 3497 1116 3555 sordidi
1145 3497 1466 3570 plantatoris
1489 3497 1702 3556 nescire
1741 3506 1928 3555 conta-

327 3591 504 3663 gium,
532 3606 631 3648 cur
661 3591 827 3648 etiam
869 3601 1098 3665 negetur
1125 3592 1193 3649 ab
1234 3591 1342 3661 his,
1375 3592 1468 3664 qui
1511 3600 1922 3660 consecrantur,

327 3701 550 3742 ciuilem
581 3686 834 3743 scelerati
869 3687 1270 3746 consecratoris
1301 3702 1526 3759 prorsus
1566 3688 1769 3746 habere
1807 3703 1928 3745 rea-

332 3779 484 3833 tum?
509 3779 613 3847 Qui
646 3795 927 3838 manseres
955 3796 1078 3836 cum
1122 3780 1407 3853 legitimis,
1436 3780 1753 3838 ancillarum
1784 3781 1926 3839 ﬁlios

328 3887 457 3928 cum
493 3871 776 3939 herilibus,
802 3873 856 3929 in
885 3875 1218 3931 consortium
1246 3874 1393 3931 velut
1417 3875 1791 3933 nanciscendaz
1815 3876 1927 3933 ha:-

331 3968 584 4027 rcditatis
609 3968 858 4035 adscivit,
891 3984 992 4025 nec
1015 3969 1196 4040 aliqua
1224 3983 1319 4025 eos
1346 3969 1416 4025 ab
1443 3969 1529 4026 his
1557 3969 1927 4040 inaequalitate

331 4058 623 4128 discrevit;
653 4059 780 4130 quid
826 4060 1022 4114 mirutn
1054 4060 1098 4115 si
1129 4068 1185 4115 et
1209 4075 1323 4127 eos,
1357 4061 1449 4132 qui
1477 4076 1508 4116 a
1536 4062 1718 4132 pravis
1746 4075 1928 4118 sacer-

334 4153 555 4209 dotibus
584 4162 713 4210 sunt
751 4153 1028 4225 promoti,
1074 4169 1199 4210 cum
1243 4152 1310 4209 iis
1337 4154 1533 4222 simul,
1571 4155 1664 4226 qui
1695 4171 1727 4210 a
1769 4154 1927 4212 bonis

332 4247 572 4303 ordinati
612 4255 770 4314 sunt,
803 4246 960 4319 parili
985 4246 1149 4302 faciat
1189 4245 1537 4302 sacerdotalis
1558 4245 1718 4302 cilicii
1748 4246 1926 4318 digni-

333 4349 446 4395 tate
474 4339 678 4409 potiri‘!
706 4338 859 4407 Quod
889 4339 1046 4411 plane
1074 4353 1416 4410 nequaquam
1454 4337 1516 4393 fit
1553 4353 1650 4408 per
1672 4338 1927 4393 meritum

333 4435 728 4500 consecrantis,
752 4435 845 4491 sed
871 4450 970 4506 per
993 4433 1214 4490 verbum
1242 4431 1422 4504 potius
1449 4431 1544 4488 Dei
1569 4431 1696 4497 vivi,
1726 4440 1782 4487 et
1806 4446 1928 4501 per-

336 4527 629 4583 manentis.
669 4526 848 4583 Verbo
893 4527 1127 4596 denique
1172 4524 1269 4581 Dei
1319 4523 1495 4580 Patris
1536 4523 1738 4579 dictum
1785 4530 1869 4578 est
1909 4539 1923 4578 :

2027 3308 2332 3365 mouiacum
2362 3306 2731 3378 baptizantcm
2757 3346 2773 3372 ,
2803 3303 3054 3360 eumdem
3101 3317 3316 3375 quoque
3346 3301 3618 3359 nihilomi-

2027 3415 2128 3456 nus
2159 3404 2610 3465 consecrantem,
2656 3405 2714 3454 et
2758 3394 3172 3459 discernamus,
3219 3394 3265 3450 si
3309 3408 3616 3465 possumus,

2026 3509 2150 3549 cum
2186 3490 2487 3562 baptismus
2513 3504 2611 3561 per
2638 3503 2763 3544 cum
2792 3487 3024 3543 traditus
3051 3485 3230 3544 valeat
3254 3503 3269 3554 ;
3306 3502 3405 3542 cur
3428 3502 3619 3544 consc-

2027 3583 2202 3642 cratio
2235 3584 2289 3640 in
2326 3583 2538 3638 irritum
2564 3579 2742 3648 cedat,
2767 3594 2832 3636 ac
2869 3579 3012 3636 sicut
3041 3578 3263 3645 dicitur,
3291 3577 3618 3634 sacramenti

2026 3676 2172 3732 vires
2213 3673 2464 3730 amittat?
2500 3671 2643 3728 Ecce
2686 3671 2765 3739 is,
2811 3670 2905 3741 qui
2953 3669 3233 3741 baptizat,
3277 3677 3400 3741 post
3442 3668 3620 3740 prima

2027 3770 2153 3826 fidei
2185 3769 2521 3835 rudimenta,
2548 3781 2668 3837 quae
2699 3766 3151 3822 catcchumenum
3201 3763 3420 3829 docuit,
3463 3761 3619 3832 juxta

2027 3863 2413 3922 ecclesiastica:
2455 3861 2812 3918 institutionis
2837 3876 3044 3916 morem
3072 3875 3197 3916 mox
3226 3859 3498 3916 orationes
3531 3874 3621 3914 su-

2026 3974 2126 4030 per
2148 3971 2271 4012 eum
2299 3955 2447 4022 dicit,
2477 3969 2598 4024 qua:
2621 3951 2875 4008 videlicet
2917 3952 2972 4006 in
3011 3950 3115 4008 hoc
3156 3951 3331 4021 ipsum
3371 3950 3622 4006 sacerdo-

2031 4049 2122 4105 tali
2148 4056 2276 4105 sunt
2295 4045 2618 4103 auctoritate
2645 4044 2982 4115 composita},
3005 4043 3188 4114 sicque
3210 4058 3308 4115 per
3329 4040 3620 4098 cxorcismi

2028 4142 2260 4215 gratiam
2294 4139 2589 4212 malignum
2615 4138 2862 4205 hostem,
2891 4137 2984 4206 qui
3009 4146 3235 4193 eotenus
3262 4136 3316 4192 in
3342 4151 3407 4192 eo
3437 4144 3622 4208 tyran-

2029 4237 2210 4292 nidem
2239 4234 2563 4301 exercebat,
2596 4232 2854 4305 expellit,
2886 4239 2941 4286 et
2981 4230 3240 4300 Spiritum
3287 4229 3619 4300 paracletum

2029 4325 2329 4382 invocanda
2353 4325 2460 4396 piis
2496 4325 2551 4379 in
2575 4337 2697 4378 eum
2728 4320 2980 4394 precibus
3008 4319 3323 4377 introducit.
3360 4319 3465 4375 Sed
3491 4319 3620 4390 quid

2031 4416 2178 4474 aliud
2205 4415 2370 4472 etiam
2397 4422 2751 4472 consecrator
2776 4411 2924 4485 agit,
2968 4425 3131 4482 quam
3165 4410 3306 4480 quod
3349 4408 3621 4466 orationes

2031 4508 2383 4567 nihilominus
2414 4506 2641 4564 dicendo
2688 4503 2981 4562 canonicas
3004 4543 3019 4569 ,
3058 4500 3306 4558 eumdem
3359 4498 3620 4571 Spiritum

341 4639 361 4677 ι
388 4622 674 4679 Gcrminet
703 4631 844 4677 terra
874 4621 1101 4678 herbam
1124 4619 1412 4686 virentem,
1437 4626 1491 4675 et
1519 4618 1809 4675 facientem
1838 4631 1925 4673 se-

2033 4609 2284 4658 sanctum
2315 4612 2479 4669 super
2505 4612 2652 4664 cum,
2683 4595 2774 4666 qui
2803 4593 3142 4666 provehitur,
3169 4592 3422 4646 invocat:
3460 4599 3622 4662 atque
3685 4609 3707 4645 τ

337 4731 483 4782 men,
525 4723 582 4770 et
621 4713 824 4786 lignum
875 4713 1199 4785 pomiferum
1245 4712 1449 4769 faciens
1494 4711 1729 4766 fructum
1771 4708 1928 4779 juxta

335 4825 506 4882 genus
535 4825 692 4866 suum
717 4807 870 4883 (Gen.
898 4808 962 4882 ι).
994 4827 1013 4861 ›
1039 4807 1108 4864 Ει
1132 4822 1258 4864 ecce
1283 4807 1388 4863 hoc
1414 4806 1637 4862 verbum
1667 4805 1738 4860 ita
1769 4804 1930 4860 hodie

333 4912 619 4973 permanet
639 4901 926 4970 illibatum,
953 4911 1013 4956 ut
1035 4916 1374 4973 nequaquam
1398 4898 1762 4956 diversitatem
1787 4897 1930 4968 agri-

335 4996 581 5052 colarum
642 4995 884 5052 imitetur
929 5005 1222 5066 proventus
1268 4993 1538 5051 fructuum
1567 5034 1582 5061 ,
1633 4992 1729 5049 sed
1771 4991 1925 5061 juxta

335 5089 762 5162 uniuscujusque
814 5105 986 5162 genus
1043 5087 1320 5160 proprium
1370 5102 1552 5144 semen
1603 5085 1656 5141 in
1719 5083 1926 5151 herbis,

336 5181 618 5252 proprium
645 5182 954 5252 reperiatur
983 5181 1036 5236 in
1066 5180 1262 5250 pomis.
1291 5179 1445 5246 Quod
1474 5177 1716 5250 profecto
1744 5191 1927 5233 semen

337 5289 530 5332 rursus
554 5283 714 5333 terra:
742 5274 1118 5341 committitur,
1141 5289 1205 5329 ac
1237 5272 1578 5344 postmodum
1611 5287 1718 5327 non
1751 5269 1932 5326 diver-

335 5379 484 5432 sum,
513 5366 608 5422 sed
649 5366 805 5436 juxta
835 5365 918 5422 sui
949 5364 1163 5438 generis
1205 5366 1441 5436 speciem
1469 5372 1826 5436 praeparatur.
1869 5360 1930 5418 Si

336 5473 469 5529 ergo
497 5474 564 5514 ex
591 5457 738 5514 verbi
768 5457 934 5514 divini
961 5457 1184 5524 virtute,
1217 5467 1394 5523 terra,
1423 5456 1563 5528 quod
1593 5455 1823 5526 accipit,
1860 5452 1928 5509 ad

334 5551 588 5606 eamdem
626 5550 1032 5606 similitudinem
1077 5548 1286 5616 reddit;
1332 5547 1462 5619 quid
1497 5547 1716 5613 mirum,
1752 5546 1798 5602 si
1843 5559 1929 5601 sa-

337 5639 632 5697 cerdotalis
667 5640 758 5696 illa
797 5639 1136 5707 benedictio,
1176 5655 1297 5710 quae
1337 5647 1593 5709 tanquam
1640 5651 1824 5692 semen
1872 5634 1928 5690 in

341 5733 651 5790 accedentis
676 5731 915 5788 animam
933 5731 1158 5803 jacitur,
1185 5730 1544 5788 sacerdotium
1573 5745 1671 5801 per
1691 5728 1926 5784 afllatum

344 5827 579 5902 Spiritus
608 5827 785 5887 sancti
812 5821 1154 5886 invisibiliter
1176 5838 1456 5900 operetur,
1485 5833 1646 5898 atque
1674 5823 1792 5882 idco
1821 5837 1928 5880 non

2031 4706 2091 4754 ut
2139 4697 2194 4752 in
2224 4710 2348 4752 eum
2394 4692 2722 4750 descendere
2769 4691 3044 4762 dignetur,
3073 4694 3298 4752 exorat;
3335 4684 3439 4741 nisi
3478 4684 3622 4755 quod

2032 4788 2209 4859 majtts
2253 4785 2382 4857 quid
2431 4799 2528 4856 per
2568 4781 2933 4852 baptizantem
2979 4779 3172 4850 agitur,
3214 4791 3377 4848 quam
3425 4775 3478 4830 id
3527 4775 3619 4844 sit,

2031 4883 2176 4954 quod
2205 4896 2302 4952 per
2327 4874 2724 4934 consecratoris
2749 4871 2983 4930 cilicium
3012 4867 3334 4926 exhibetur?
3374 4865 3500 4921 Plus
3537 4874 3622 4923 est

2033 4975 2178 5030 enim
2210 4971 2469 5043 Spiritum
2501 4974 2748 5024 sanctum
2785 4965 2836 5020 in
2865 4977 3008 5028 eum,
3035 4962 3089 5015 in
3113 4974 3220 5030 quo
3246 4958 3484 5014 nondum
3507 4956 3623 5014 fue-

2030 5077 2138 5135 rat,
2169 5081 2308 5124 nova
2335 5062 2648 5135 dignatione
2677 5055 3025 5121 descendere,
3052 5067 3214 5122 quam
3236 5065 3391 5119 eum,
3416 5051 3502 5108 cui
3525 5065 3621 5123 per

2032 5161 2192 5216 fidem
2215 5157 2331 5228 jam
2361 5157 2561 5220 inerat,
2587 5151 2653 5207 ad
2681 5147 2974 5220 superioris
3001 5145 3201 5217 gradus
3221 5144 3468 5201 ordinem
3495 5159 3622 5215 pro-

2031 5267 2273 5310 movere.
2311 5249 2415 5307 Per
2436 5243 2826 5304 catechizantis
2856 5255 3110 5312 namque,
3142 5240 3257 5296 sive
3295 5239 3622 5311 baptizantis

2032 5347 2266 5404 officium
2293 5353 2347 5402 et
2373 5342 2600 5415 spiritus
2629 5335 2936 5394 immundus
2972 5332 3280 5404 expellitur,
3311 5340 3367 5388 et
3398 5331 3450 5386 in
3481 5346 3621 5388 novo

2033 5441 2255 5498 homine
2299 5433 2606 5493 advenienti
2658 5430 2772 5486 Deo
2823 5426 3191 5483 habitaculum
3245 5434 3619 5496 praeparatur;

2035 5535 2178 5593 sicut
2223 5527 2472 5586 videlicet
2513 5523 2754 5595 ejusdem
2795 5519 3083 5577 exorcismi
3119 5518 3284 5575 verba
3334 5524 3621 5587 testantur,

2035 5628 2232 5701 quibus
2261 5639 2361 5696 per
2385 5616 2740 5691 adjurationis
2778 5614 3063 5686 imperium
3092 5613 3161 5668 ad
3192 5611 3434 5684 iniquum
3464 5610 3622 5682 spiri-

2038 5732 2150 5777 tum
2182 5718 2378 5774 dicitur
2413 5730 2428 5770 :
2459 5711 2539 5768 Tu
2576 5721 2752 5766 autem
2789 5710 3043 5779 e/fugare,
3077 5705 3302 5771 diabole,
3341 5703 3620 5774 appropinv

2037 5812 2215 5888 quabit
2254 5810 2391 5869 enim
2421 5805 2690 5880 judicium
2729 5802 2848 5861 Dei.
2887 5799 2947 5857 In
2990 5795 3491 5856 consecrationibus
3526 5809 3617 5849 au-
