4080 5346
481 359 581 416 151

906 355 965 414 S.
1003 353 1206 413 PETRI
1245 351 1530 412 DAMIANI
1566 351 1719 410 OPP.
1760 350 1998 409 TOMUS
2037 350 2171 407 SE’U
2207 350 2387 409 PARS
2424 351 2510 409 Ill.
2551 381 2621 396 -
2655 352 3022 413 OPUSCULA
3065 355 3286 413 VARlA.

3625 365 3733 421 132

482 484 588 532 tem
618 489 726 531 non
751 473 947 528 malum
967 515 981 541 ,
1021 474 1163 545 quod
1214 470 1327 542 jam
1356 469 1590 526 deletum
1625 469 1816 526 abesse
1841 468 2060 524 videba-
2084 472 2135 528 Α
2161 469 2516 536 convertitur,
2561 470 2688 541 quia
2717 470 2782 527 ad
2811 458 2915 527 hoc
2943 483 3310 542 promovetur,
3357 467 3731 536 utfltaareticus

479 578 588 636 tur,
617 567 934 640 expellitur;
977 565 1071 622 sed
1111 566 1347 629 bonum,
1392 563 1534 633 quod
1577 561 1828 617 collatum
1859 559 2062 626 fuerat,

475 678 574 735 per
595 661 866 718 cumulum
890 661 1076 732 gratim
1096 657 1354 730 plenioris
1379 665 1624 728 augetur.
1647 653 2060 710 Credendumne

473 760 559 808 est
579 767 728 825 ergo,
761 760 818 805 ut
847 765 987 805 unus
1016 749 1268 820 idemque
1297 749 1482 812 homo,
1513 755 1567 801 et
1591 745 1732 816 quod
1758 746 1930 817 majus
1951 753 2054 811 est,

473 861 633 918 agere
666 863 678 900 :
711 853 765 900 et
800 843 943 914 quod
971 842 1149 897 minus
1193 849 1306 906 est,
1335 855 1442 895 non
1478 838 1652 908 possit
1696 837 1955 908 implere?
1987 837 2059 892 At

471 937 718 993 fortassis
751 950 782 990 e
826 933 1100 991 contrario
1147 931 1401 987 dicitur‘:
1446 928 1582 996 Quia
1627 928 1770 982 nulla
1805 928 2059 982 videntur

471 1031 650 1089 inesse
687 1030 791 1086 illis
821 1028 1097 1084 initiandae
1131 1025 1255 1080 fidei
1299 1023 1649 1091 rudimentis,
1686 1037 1805 1094 qua:
1848 1036 2056 1092 nequa-

469 1141 632 1197 quam
674 1123 1000 1178 adhibentur
1029 1118 1457 1177 consecrationis
1497 1116 1818 1188 peragendae
1855 1126 2057 1187 myste-

469 1216 585 1280 riis,
619 1222 678 1269 ut
705 1213 956 1269 videlicet
999 1211 1118 1280 sal,
1155 1205 1298 1283 quod
1347 1210 1400 1264 in
1447 1208 1749 1281 neophytos
1789 1206 2052 1272 mittitur;

467 1300 628 1376 aqua,
667 1305 753 1361 cui
793 1303 1151 1376 baptizandus
1196 1300 1563 1372 immergitur;
1605 1299 1842 1355 chrisma
1887 1299 2052 1358 etiam

467 1412 575 1469 quo
619 1395 824 1452 linitur.
859 1393 971 1451 Sed
1003 1391 1122 1450 haec
1166 1394 1382 1465 quidem
1436 1407 1536 1462 per
1579 1406 1639 1448 se
1686 1391 2049 1458 considerata,

467 1487 609 1542 nuda
653 1495 779 1543 sunt
821 1486 1118 1553 elementa,
1165 1483 1479 1554 nullumque
1514 1482 1714 1538 habere
1752 1490 2053 1538 noscuntur

465 1582 707 1654 mysticae
747 1579 1025 1653 dignitatis
1070 1593 1365 1644 arcanum;
1409 1577 1476 1632 ad
1519 1576 1820 1631 orationem
1868 1582 2048 1629 autem

465 1671 785 1738 sacerdotis,
829 1669 987 1742 11⁸1
1033 1680 1088 1727 et
1135 1669 1529 1725 invocationem
1574 1667 1744 1723 divini
1791 1666 2046 1732 nominis,

460 1763 681 1820 virtutis
705 1764 906 1819 intimae
935 1756 1248 1833 concipiunt
1273 1770 1691 1818 sacramentum.

533 1877 651 1934 Non
682 1894 811 1952 ergo
857 1878 912 1934 in
961 1877 1121 1934 rebus
1163 1877 1562 1942 materialibus,
1601 1883 1764 1946 atque
1793 1877 2044 1945 terrenis,

461 1971 556 2042 sed
601 1970 657 2028 in
704 1970 958 2041 precibus
993 1970 1356 2034 sacerdotum,
1390 1977 1445 2023 et
1479 1969 1817 2024 invocatione
1846 1968 2044 2024 divini-

465 2062 589 2118 tatis
611 2100 628 2128 ,
671 2061 785 2117 sive
823 2059 1200 2128 consecrandi,
1231 2062 1344 2116 sive
1370 2060 1680 2131 baptizandi
1707 2068 2044 2115 sacramenta

461 2152 763 2208 consistunt
792 2169 805 2205 :
838 2167 1149 2223 quanquam
1175 2160 1229 2207 et
1253 2151 1308 2207 in
1335 2145 1833 2208 conseCrationihus
1857 2168 2041 2208 sacer-

461 2242 648 2296 dotum
696 2241 1093 2297 sanctificatum
1155 2240 1332 2297 oleum
1399 2233 2044 2298 videatur'nihilominus

461 2333 726 2390 adhiberi.
767 2333 902 2390 Cum
933 2349 1064 2405 ergo
1110 2349 1271 2401 unus,
1300 2333 1552 2405 idemque
1580 2333 1833 2390 videlicet
1862 2333 2042 2390 Simo-

460 2426 651 2482 niacus
694 2426 980 2496 utrobique
1024 2425 1408 2482 canonicarum
1453 2425 1763 2480 orationum
1795 2424 2044 2480 ordinem

457 2519 692 2591 expleat,
725 2519 1015 2590 utrobique
1044 2533 1241 2574 nomen
1271 2517 1572 2573 divinitatis
1600 2518 1922 2591 regulariter
1961 2518 2044 2572 in-

457 2619 632 2678 vocet,
666 2610 881 2682 quando
908 2625 1005 2681 per
1027 2625 1151 2666 eum
1181 2610 1235 2664 in
1260 2610 1531 2681 baptismo
1558 2608 1795 2682 Spiritus
1819 2620 2042 2667 sanctus

453 2691 634 2770 datur,
659 2701 927 2773 quomodo
951 2702 1006 2757 in
1026 2700 1346 2758 sacerdotali
1366 2701 1705 2772 promotione
1729 2718 1834 2756 non
1857 2703 2040 2770 detur,

383 2833 388 2838 ς
454 2810 561 2851 non
591 2795 818 2852 rationis
842 2803 1094 2865 penetrat
1121 2809 1311 2850 sensus
1336 2833 1351 2860 ,
1397 2809 1504 2848 non
1535 2793 1805 2848 humanus
1831 2792 2040 2848 discer-

454 2889 536 2944 nit
561 2888 805 2944 intuitus.
840 2885 948 2944 Sed
977 2888 1172 2944 dicitur
1196 2901 1228 2943 e
1254 2894 1441 2943 contra
1474 2903 1487 2940 :
1517 2886 1643 2954 quia
1672 2883 2037 2954 Simoniacus,

453 2980 598 3054 quod
626 2996 733 3037 non
759 2979 942 3047 habet,
971 2978 1100 3035 dare
1131 2994 1236 3035 non
1263 2986 1465 3051 potest.

523 3095 638 3168 Age
665 3110 818 3167 ergo,
847 3095 977 3167 quid
1007 3102 1113 3162 est,
1140 3094 1283 3167 quod
1331 3094 1384 3150 in
1435 3092 1630 3150 faciem
1662 3093 2038 3151 cateehtuneni

451 3187 711 3243 sacerdos
735 3186 989 3254 insumat,
1023 3188 1209 3243 dicens
1240 3204 1254 3242 :
1286 3184 1392 3242 Exi
1423 3187 1487 3241 ab
1521 3203 1601 3253 eo,
1644 3188 1909 3242 immunde
1935 3187 2037 3244 Sa-

455 3286 581 3331 tana
603 3293 622 3343 ;
645 3278 715 3332 da
744 3277 994 3332 honorem
1018 3277 1128 3332 Deo
1155 3278 1266 3333 vivo
1294 3287 1341 3332 et
1371 3293 1512 3343 vero,
1542 3277 1610 3331 da
1635 3278 1882 3333 honorent
1911 3277 2037 3348 Spi-

454 3368 582 3424 ritui
611 3378 814 3424 sancto.
845 3369 1053 3437 Quibus
1087 3369 1277 3440 utique
1305 3367 1487 3424 verbis
1517 3378 1769 3437 patenter
1793 3367 2038 3423 ostendi-

457 3467 567 3526 tur,
595 3460 722 3530 quia
749 3474 847 3531 per
884 3458 1028 3514 illam
1078 3457 1319 3514 hominis
1368 3456 1810 3524 insumationem,
1841 3471 2039 3512 arcano

453 3550 713 3606 nimirum
745 3549 941 3605 divinae
964 3548 1186 3605 virtutis
1211 3559 1404 3621 agente
1433 3549 1716 3621 mysterio,
1741 3557 1793 3604 et
1819 3547 2042 3618 spiritus

449 3642 630 3700 malus
657 3641 967 3713 expellitur,
993 3650 1048 3699 et
1078 3641 1313 3714 Spiritus
1338 3653 1558 3700 sanctus
1595 3641 1823 3697 introire
1850 3641 2041 3714 digna-

458 3742 566 3789 tur.
601 3733 751 3800 Quod
799 3733 1056 3788 nimirum
1104 3743 1272 3788 totum
1304 3732 1350 3788 si
1392 3733 1464 3788 ita
1493 3748 1592 3805 per
1621 3731 2039 3789 insufflationem

453 3823 804 3880 nihilominus
835 3823 1150 3892 Simoniaci,
1179 3825 1323 3880 sicut
1350 3832 1407 3880 et
1448 3840 1546 3897 per
1571 3824 1698 3880 boni
1741 3823 2040 3879 sacerdotis

454 3920 708 3990 impletur
749 3919 1022 3988 ofﬁcium;
1083 3935 1180 3976 cur
1231 3919 1375 3991 quod
1425 3918 1478 3975 in
1531 3933 1637 3973 uno
1697 3927 2040 3974 sacramento

452 4027 611 4085 posse
659 4013 1012 4080 conceditur,
1081 4028 1241 4084 posse
1307 4011 1474 4066 etiam
1539 4017 1937 4082 consequenter
1987 4009 2042 4065 in

455 4104 629 4159 altero
655 4105 986 4176 denegetur?
1022 4101 1156 4157 Nam
1193 4102 1296 4158 etsi
1340 4102 1671 4174 baptismus,
1704 4102 1846 4172 quod
1877 4100 2038 4167 absit,

451 4196 714 4254 venaliter
743 4196 1070 4266 praebeatur,
1105 4195 1314 4250 tametsi
1347 4211 1505 4250 sacro
1553 4197 1747 4251 canoni
1779 4195 1850 4251 sit
1876 4195 2040 4250 vehe-

453 4298 664 4346 menter
683 4289 991 4355 adversum,
1014 4304 1358 4360 nequaquam
1386 4289 1715 4344 credendum
1765 4297 1850 4344 est
1871 4287 2042 4357 plenae

456 4389 621 4450 atque
647 4380 899 4451 perfecta:
947 4379 1371 4450 regenerationis
1418 4395 1524 4434 non
1555 4377 1809 4433 habuisse
1836 4386 2039 4448 myste-

453 4471 595 4526 rium
627 4488 640 4524 :
675 4473 901 4542 ideoque
932 4471 1000 4535 is,
1030 4471 1118 4540 qui
1147 4473 1476 4542 baptismum
1525 4470 1626 4524 sub
1667 4470 1769 4524 hac
1797 4469 2042 4540 pecunia:

452 4561 796 4634 praestatione
821 4561 1081 4629 suscepit,
1131 4575 1228 4615 nec
1254 4560 1413 4630 digne
1441 4557 1858 4628 rebaptizandus
1891 4571 2040 4612 asse-
2065 4591 2123 4657 Β

455 4652 617 4720 ritur,
648 4667 747 4709 nec
773 4666 968 4722 expers
1011 4650 1174 4706 divini
1224 4649 1461 4705 muneris
1482 4647 1775 4719 iudicatur.
1807 4647 1959 4716 Quod
1989 4648 2034 4703 si

453 4745 521 4801 ad
549 4754 710 4802 tantae
727 4743 1048 4816 pervicacia:
1061 4753 1445 4815 prorumpatur
1461 4743 1751 4809 insaniam,
1769 4752 1828 4797 ut
1851 4740 2032 4797 Simo-

453 4837 734 4894 niacorum
754 4837 916 4894 etiam
941 4837 1243 4907 baptismus
1266 4836 1454 4891 irritus
1480 4833 1773 4904 indicetur,
1805 4834 1896 4890 hic
1927 4849 2034 4889 non

453 4939 641 4987 nostra
682 4930 934 5002 fatigetur
977 4931 1256 4996 instantia,
1295 4931 1389 4988 sed
1429 4929 1756 5003 generaliter
1784 4936 2036 4986 occurrat

2159 555 2274 612 flat.
2322 577 2343 612 ι
2392 558 2692 616 Probamus
2713 576 2906 632 nempe
2934 564 3281 630 sententiam,
3327 581 3431 623 nec
3455 569 3523 623 ab
3552 583 3615 624 ea
3646 570 3730 627 fas

2159 649 2403 706 ducimus
2447 652 2754 709 dissentire.
2801 653 2896 712 ille
2934 656 3203 726 siquidem
3255 658 3602 725 maledictus,
3641 663 3734 719 ille

2158 739 2444 797 bareticus
2466 750 2582 809 est;
2613 744 2706 813 qui
2733 742 2892 811 male,
2930 747 3074 815 quod
3099 745 3298 801 bonum
3327 757 3466 815 erat,
3498 755 3730 820 accepit.

2158 830 2312 900 Quod
2336 845 2614 904 acceptum
2642 845 2724 891 est
2751 845 2954 903 autem,
2981 837 3036 892 in
3063 853 3124 894 se
3149 830 3365 908 quidem
3396 841 3598 897 bonum
3625 851 3732 911 est,

2156 923 2252 978 sed
2283 924 2566 994 accipienti
2613 924 2815 981 factum
2854 934 2936 982 est
2961 927 3161 982 malum
3194 946 3208 983 :
3237 945 3358 984 nam
3379 939 3443 986 et
3467 931 3730 998 bnccella,

2156 1014 2246 1070 illa
2268 1016 2518 1073 videlicet
2540 1016 2694 1074 lude
2719 1028 2964 1088 porrecta
2994 1018 3176 1089 (Joan.
3199 1022 3342 1092 xm),
3363 1037 3470 1077 non
3497 1023 3733 1090 debona

2154 1103 2299 1164 facta
2328 1116 2413 1162 est
2436 1108 2578 1162 mala
2609 1121 2625 1162 :
2649 1108 2747 1163 sed
2775 1108 2851 1163 illi
2878 1107 3024 1165 facta
3049 1118 3133 1166 est
3159 1111 3380 1178 malum,
3409 1114 3499 1182 qui
3525 1113 3731 1172 bonum

2155 1215 2265 1256 non
2295 1203 2455 1264 bene,
2482 1202 2610 1272 quia
2637 1202 2857 1272 indigne
2871 1204 3111 1273 suscepit
3138 1223 3151 1258 :
3180 1213 3342 1275 atque
3367 1205 3489 1263 ideo
3513 1208 3560 1262 si
3585 1223 3735 1264 eam-

2154 1290 2274 1345 dom
2306 1290 2603 1346 bueccllam
2623 1290 2789 1347 Judas
2815 1292 2906 1348 alii
2935 1293 3260 1358 tradidisset,
3285 1294 3485 1351 nullam
3511 1312 3729 1354 sacrum

2153 1395 2351 1436 manus
2377 1381 2433 1436 in
2475 1395 2536 1436 se
2578 1380 2846 1437 maculam
2894 1397 2964 1438 ex
2987 1383 3166 1440 dantis
3197 1385 3356 1454 culpa
3381 1387 3728 1454 contrahere,

2151 1470 2357 1527 nullum
2381 1486 2606 1528 necesse
2629 1471 2806 1530 fuerat
2837 1472 2891 1528 in
2923 1474 3276 1544 accipientem
3305 1477 3617 1548 contagium
3637 1493 3734 1536 re-

2151 1565 2413 1622 dundare.
2461 1565 2735 1636 Hodieque
2779 1567 2944 1622 etiam
2992 1569 3034 1624 si
3086 1569 3153 1624 de
3189 1579 3540 1627 sacrosancw
3567 1569 3732 1627 altari

2152 1657 2494 1714 Dominicum
2519 1673 2725 1728 corpus
2761 1659 2986 1729 quilibet
3031 1661 3282 1732 indignus
3324 1663 3576 1733 accipiat,
3607 1664 3730 1720 alii-

2150 1765 2256 1822 que
2281 1754 2584 1817 contradat,
2611 1753 2772 1824 118
2791 1753 3048 1810 mundum
3067 1763 3158 1813 est
3184 1755 3372 1825 procul
3395 1755 3561 1813 dubio
3583 1757 3729 1826 quod

2072 1848 2124 1910 Β
2151 1844 2440 1915 accipitur,
2467 1861 2572 1902 nec
2601 1846 2796 1902 divina:
2830 1847 3018 1918 gratia
3059 1864 3253 1904 munus
3279 1849 3550 1906 sordentis
3574 1851 3733 1906 mini-

2147 1935 2248 1990 stri
2279 1935 2402 1991 labe
2431 1934 2689 1992 laedatur.
2716 1937 2785 1993 Et
2809 1937 2936 1994 licet
2976 1953 3176 2009 pravus
3199 1941 3430 2010 quisque
3455 1941 3555 1998 sibi
3577 1941 3729 2012 judi—

2147 2029 2292 2084 cium
2338 2031 2666 2097 manducet,
2713 2030 2950 2090 et-bibat
2980 2030 3030 2102 (I
3051 2030 3174 2086 Cor.
3200 2030 3278 2102 ιι)
3300 2073 3317 2099 ,
3363 2033 3493 2090 illud
3525 2043 3729 2099 tamen,

2147 2121 2292 2190 quod
2319 2123 2679 2178 manducatur
2707 2131 2764 2179 et
2790 2122 3014 2188 bibitur,
3041 2123 3218 2194 gratia
3258 2122 3351 2178 Dei
3385 2134 3488 2179 est.
3535 2122 3726 2180 Gratia

2145 2211 2292 2267 enim
2345 2212 2442 2267 Dei
2493 2213 2733 2282 gustavit
2799 2222 3072 2279 mortem,
3121 2228 3243 2283 quae
3286 2223 3372 2272 est
3422 2214 3730 2272 humanitas

2146 2301 2369 2360 Christi.
2392 2303 2590 2360 Omnia
2617 2303 2880 2373 siquidem
2911 2305 3106 2362 munda
3132 2305 3365 2370 mundis.
3391 2305 3735 2362 contamina-

2145 2395 2219 2452 tis
2251 2404 2434 2450 autem
2465 2405 2522 2450 et
2543 2395 2836 2452 immundis
2864 2394 2997 2450 nihil
3038 2403 3123 2452 est
3149 2395 3406 2452 mundum
3439 2392 3566 2465 (Tit.
3589 2393 3654 2465 ι).

2221 2487 2280 2544 Si
2323 2503 2454 2559 ergo
2501 2486 2644 2557 quod
2675 2487 2935 2542 mundum
2962 2486 3324 2556 est,-idipsum
3353 2495 3435 2544 est
3459 2483 3730 2542 contami-

2147 2578 2292 2632 natis
2322 2577 2680 2643 immundum,
2715 2576 2990 2632 fatendum
3022 2586 3134 2643 est,
3175 2579 3302 2647 quia
3345 2575 3726 2642 sacerdotium,

2145 2671 2292 2738 quod
2325 2667 2469 2724 bono
2503 2668 2712 2726 scilicet
2747 2683 2913 2726 causa
2958 2669 3260 2739 spiritualis
3295 2678 3382 2724 est
3427 2667 3725 2740 dignitatis,

2146 2760 2458 2818 Simoniaco
2499 2762 2700 2818 factum
2758 2763 2986 2821 materia
3033 2762 3402 2820 damnationis
3444 2779 3458 2817 :
3497 2769 3558 2816 ut
3598 2759 3728 2816 inde

2143 2853 2216 2911 sit
2240 2854 2345 2912 iste
2373 2855 2628 2914 sacerdos
2661 2865 2809 2912 certe
2837 2856 3160 2923 catholicus,
3191 2857 3315 2912 inde
3344 2855 3433 2910 ille
3458 2853 3729 2910 veraciter

2142 2954 2419 3002 asseratur
2440 2946 2742 3002 hereticus.
2776 2944 2888 3002 Nec
2915 2945 3112 3001 mirum
3147 2946 3327 3002 hocin
3355 2941 3726 3014 spiritualibus

2141 3037 2287 3106 fieri,
2315 3055 2438 3098 cum
2469 3048 2524 3096 et
2558 3040 2614 3097 in
2651 3040 2814 3098 rebus
2843 3040 3118 3113 corporeis
3148 3039 3308 3098 facile
3335 3038 3504 3113 possit
3535 3038 3727 3095 eadem

2135 3129 2436 3188 diversitas
2466 3131 2721 3188 inveniri.
2757 3130 2915 3203 Sazpe
2947 3131 3092 3188 enim
3131 3131 3287 3187 cibus
3309 3169 3327 3197 ,
3373 3129 3464 3201 qui
3493 3129 3728 3184 alterum

2061 3198 2114 3295 Ic
2143 3231 2377 3293 vegetat,
2415 3221 2644 3278 alterum
2693 3198 2900 3293 gravat,
2933 3232 2992 3278 et
3016 3238 3083 3277 ex
3110 3221 3302 3277 eodem
3330 3198 3473 3275 cura:
3505 3216 3731 3272 medici-

2141 3311 2283 3366 nalis
2307 3312 2572 3375 antidnto,
2603 3312 2742 3367 alius
2768 3312 2977 3378 interit,
3005 3311 3145 3366 alius
3169 3309 3522 3366 convalescit.
3553 3307 3728 3364 Porro

2143 3417 2281 3456 unus
2309 3411 2393 3458 est
2419 3402 2581 3473 ignis,
2611 3417 2717 3472 quo
2745 3401 2906 3457 simul
2935 3411 2991 3457 et
3034 3415 3159 3457 cera
3194 3399 3464 3469 liquescit,
3493 3408 3547 3452 et
3580 3407 3729 3455 terra

2146 3493 2406 3560 siccatur,
2427 3501 2484 3549 et
2508 3494 2697 3550 eadem
2723 3492 2970 3558 candela,
2993 3507 3111 3561 qua:
3133 3492 3257 3563 igne
3284 3489 3644 3556 consumitur,
3670 3497 3733 3545 et

2141 3599 2247 3655 qua
2259 3585 2582 3642 accedentes
2598 3583 3165 3648 utiliterillustrantur,
3187 3581 3472 3653 lumenque
3501 3581 3645 3653 quod
3662 3577 3728 3637 ad

2143 3694 2299 3734 suum
2333 3679 2536 3750 prabet
2558 3678 2864 3746 interitum,
2890 3678 3031 3734 inter
3059 3678 3304 3733 tenebras
3330 3675 3541 3731 videndi
3569 3674 3728 3731 nobis

2143 3768 2347 3825 factum
2378 3778 2462 3825 est
2507 3769 2960 3834 instrumentum;
3009 3767 3138 3839 quid
3172 3781 3300 3839 ergo
3329 3780 3446 3821 mea
3475 3764 3726 3830 interest,

2150 3861 2299 3930 quod
2341 3859 2567 3916 candela
2596 3860 2650 3916 in
2678 3859 2888 3916 cineres
2920 3860 3173 3924 vertitur,
3203 3855 3490 3913 dummodo
3519 3854 3725 3921 lumen,

2141 3955 2288 4024 quod
2325 3955 2395 4010 ab
2425 3970 2489 4010 ea
2519 3961 2794 4009 mutuatus
2823 3969 2942 4009 sum
2973 3993 2988 4019 ,
3035 3952 3165 4007 mihi
3198 3950 3511 4007 indeficiens
3540 3961 3729 4020 perse-

2142 4041 2333 4098 veret?
2375 4042 2595 4107 Ardeat,
2626 4041 2814 4096 ardeat
2844 4039 3211 4105 Simoniacus,
3257 4037 3400 4092 unde
3425 4032 3727 4090 catholicus

2147 4131 2450 4188 illustratur
2481 4149 2494 4186 :
2524 4143 2579 4187 et
2618 4132 2807 4186 eodem
2853 4129 3054 4185 lumine
3079 4171 3096 4197 ,
3143 4144 3249 4199 quo
3279 4127 3401 4182 aliis
3429 4124 3724 4190 ministrat,

2147 4223 2264 4294 ipse
2290 4223 2358 4278 ad
2391 4221 2638 4278 defectus
2662 4223 2746 4277 sui
2779 4223 3028 4278 tenebras
3061 4221 3268 4285 tendat,
3292 4228 3560 4291 quatenus
3581 4215 3728 4287 quod

2146 4317 2325 4382 ardet,
2365 4316 2637 4381 intereat;
2690 4325 2743 4370 et
2789 4316 2932 4384 quod
2977 4315 3334 4370 illuminatum
3385 4319 3512 4377 est,
3556 4309 3726 4364 vivat.

2144 4408 2500 4465 Sacerdotum
2531 4409 2728 4479 quippe
2769 4408 2948 4462 lumen
2993 4409 3366 4478 quaerentibus
3395 4408 3575 4462 lumen
3601 4414 3722 4466 est:

2143 4509 2277 4556 testu
2330 4514 2459 4553 vero
2505 4499 2816 4554 ambitionis
2862 4499 3219 4568 ardentibus,
3267 4502 3570 4556 incendium
3616 4506 3721 4557 est.

2146 4593 2297 4662 Quod
2327 4609 2459 4664 ergo
2487 4592 2623 4649 alter
2647 4592 2883 4664 possidet
2909 4593 2975 4647 ad
3018 4595 3251 4664 propria:
3295 4594 3614 4650 defectionis
3643 4594 3725 4649 in-

2145 4687 2390 4752 teritum,
2417 4685 2553 4742 alter
2581 4687 2775 4757 accipit
2807 4687 2870 4741 ad
2903 4687 3091 4742 salutis
3112 4689 3363 4760 augendae
3386 4697 3720 4760 provectum.

2143 4779 2373 4835 Samson
2415 4795 2608 4850 nempe
2635 4780 2700 4834 de
2729 4795 2822 4835 ore
2866 4782 3063 4836 mortui
3108 4781 3278 4838 leonis
3325 4783 3505 4837 favum
3545 4783 3724 4840 mellis

2142 4871 2350 4934 eduxit,
2384 4881 2440 4925 et
2468 4888 2536 4926 ex
2563 4872 2736 4927 arenti
2765 4872 3074 4927 mandibula
3123 4873 3282 4939 asini,
3315 4874 3481 4943 aquis
3507 4887 3565 4929 se
3596 4889 3724 4944 pro-

2143 4965 2436 5004 ﬂnamlihnc
2481 4963 2698 5004 calinvil
2749 4964 2943 5004 (Jurlr'n
2978 4963 3123 5004 ἴυγξι
3173 4963 3264 5004 cmi
3317 4981 3414 5004 nan
3464 4965 3611 5004 genui
3667 4965 3718 5004 in
