4080 5346
376 337 483 398 153

914 459 923 466 ”
951 453 1177 510 CAPUT
1208 455 1374 512 XXII.

373 550 530 617 Quod
539 535 961 621 _nec.‘Novetiani
984 550 1086 621 sint
1108 549 1434 621 deponendi;
1456 565 1547 604 nec
1567 549 1752 602 Ariani
1775 548 1944 603 denuo

1005 619 1325 688 baptizandi.

446 735 554 792 Sed
596 733 707 805 iam
756 749 943 791 sacros
979 749 1248 800 canones,
1289 750 1397 806 quo
1421 744 1580 792 vacat
1604 735 1944 806 compendio,

371 837 780 897 perscrutemur
811 844 827 881 :
853 838 911 884 et
935 827 1062 883 licet
1081 827 1368 888 manifesta
1393 831 1684 900 propositae
1701 830 1948 900 quaestio-

369 920 461 975 nis
487 920 681 976 crebro
710 933 814 976 non
842 918 1145 989 reperiatur
1167 919 1348 976 inesse
1379 922 1670 986 sententia,
1702 921 1830 990 quid
1861 931 1944 975 te-

371 1011 610 1067 nendum
639 1011 729 1071 sit.
762 1010 1082 1080 quibusdam
1126 1025 1309 1066 rerum
1339 1011 1717 1068 collationibus
1751 1029 1946 1083 appro-

369 1098 578 1156 bemus.
611 1099 870 1155 Novimus
895 1115 1126 1170 namque
1143 1101 1360 1157 Nicteno
1388 1112 1648 1159 statutum
1673 1119 1797 1160 esse
1819 1121 1945 1160 con-

371 1191 522 1257 cilio,
553 1201 612 1246 ut
629 1191 797 1248 Catba
808 1192 999 1263 ri,iqui
1027 1193 1095 1248 ad
1121 1193 1456 1252 Catholicam
1481 1204 1827 1252 revertuntur
1851 1199 1946 1253 Ec-

367 1283 608 1351 clesiam,
644 1285 1044 1355 impositionem
1085 1287 1419 1346 solummodo
1460 1306 1653 1346 manus
1679 1291 1944 1362 accipien-
1991 1351 1993 1354 ,

367 1380 471 1436 tes,
501 1373 556 1427 in
583 1374 696 1429 suis
725 1374 1056 1445 recipiantur
1077 1377 1381 1433 ordinibus.
1410 1379 1523 1435 Cur
1545 1381 1671 1447 hoc,
1691 1381 1792 1436 nisi
1815 1382 1942 1450 quia

367 1463 496 1520 illud
535 1466 913 1522 haereticorum
958 1483 1129 1539 genus
1153 1470 1209 1524 in
1241 1471 1526 1528 catholicae
1553 1475 1676 1530 fidei
1721 1475 1944 1544 integri-

369 1563 478 1608 tate
501 1557 832 1626 persisteret.
861 1558 990 1613 licet
1019 1559 1072 1613 in
1105 1561 1422 1631 quibusdam
1452 1565 1573 1620 aliis
1602 1569 1943 1636 superstitio-

365 1645 522 1702 nibus
546 1647 897 1703 oberrarent?
941 1649 1138 1707 Notum
1187 1670 1423 1726 namque
1476 1658 1636 1728 119
1661 1669 1764 1722 est,
1797 1660 1940 1730 quod

363 1735 624 1804 Novatus,
663 1740 816 1809 cujus
846 1740 884 1794 ii
916 1745 1279 1812 sequebantur
1301 1761 1565 1814 errorem,
1602 1750 1938 1823 dogmatiza-

1153 341 1396 400 OPUSC.
1431 342 1518 398 Vl.
1549 371 1620 382 —
1649 339 1852 396 LIBER
1889 339 2006 408 QUI
2043 341 2319 398 DlClTUll
2354 341 2829 400 CBATISSIMUS.

3511 348 3614 404 151

1971 463 2022 523 Α
2049 457 2351 527 reliquerit,
2374 462 2473 514 boc
2497 462 2660 515 etiam
2687 463 2788 516 sub
2811 461 3048 531 ejusdem
3070 463 3262 518 litteris
3291 463 3613 520 inseramus.

2047 547 2300 615 Arianos,
2333 551 2525 620 inquit,
2557 560 2887 620 ceterasque
2927 553 3226 620 bujusmodi
3258 558 3436 623 pestes
3461 557 3617 612 dete-

2046 646 2256 694 stamur
2286 657 2300 692 :
2332 643 2458 712 quia
2487 657 2671 696 eorum
2715 643 2884 698 laicos
2908 659 3199 701 conversos
3229 646 3296 700 ad
3330 646 3617 704 Dominum

2047 733 2148 788 sub
2173 733 2411 804 imagine
2455 735 2805 806 ptnnitentiaa,
2831 750 2898 791 ac
2921 737 3094 792 sancti
3119 738 3353 808 Spiritus
3377 740 3619 796 sanctifi-

2043 823 2260 880 catione
2300 839 2398 894 per
2427 839 2618 882 manus
2660 825 3063 896 impositionem
3105 829 3430 898 suscipimus
3463 847 3478 884 :
3508 847 3615 886 non

2043 913 2256 970 videtur
2280 914 2504 971 clericos
2523 931 2710 974 eorum
2737 933 2864 973 cum
2885 919 3193 978 sacerdotio
3217 919 3497 976 ministerii
3525 937 3619 976 cu-

2040 1004 2272 1075 juspiam
2294 1007 2568 1077 suscipere
2587 1009 2926 1080 dignitatem.
2945 1009 3211 1077 Quoniam
3232 1011 3427 1081 quibus
3445 1013 3619 1069 solum

2044 1095 2372 1168 baptismum
2423 1110 2596 1154 ratum
2641 1115 2764 1157 esse
2807 1101 3190 1170 permittimus,
3219 1103 3310 1172 qui
3349 1104 3532 1174 utique
3563 1105 3619 1160 in

2047 1193 2267 1250 nomine
2295 1191 2496 1258 Patris,
2528 1203 2582 1248 et
2605 1193 2750 1259 Filii,
2777 1203 2833 1250 et
2858 1192 3089 1264 Spiritus
3115 1195 3288 1250 sancti
3318 1195 3615 1265 perficitur,

2043 1300 2144 1342 nec
2167 1294 2414 1341 sanctum
2442 1285 2704 1356 Spiritum
2734 1302 2828 1342 eos
2858 1285 3056 1341 habere
3093 1301 3159 1340 ex
3191 1285 3280 1340 illo
3308 1301 3497 1342 eorum
3524 1285 3620 1340 ba-

2041 1377 2330 1448 ptismate,
2378 1377 2591 1446 illisque
2637 1377 2908 1449 mysteriis
2953 1377 3318 1434 arbitramur?
3361 1377 3620 1448 quoniam

2041 1484 2165 1525 cum
2193 1484 2222 1522 a
2267 1468 2533 1524 catholica
2582 1469 2689 1525 fide
2735 1483 2926 1524 eorum
2971 1479 3220 1526 auctores
3257 1469 3618 1536 discederent,

2043 1562 2432 1633 perfectionem
2459 1562 2712 1631 Spiritus,
2738 1575 2899 1631 quam
2929 1574 3270 1631 acceperant,
3291 1564 3615 1628 amiserunt,

2041 1667 2142 1710 nec
2169 1653 2299 1708 dare
2327 1653 2444 1720 ejus
2472 1653 2856 1723 plenitudinem
2886 1663 3131 1723 possunt,
3159 1669 3280 1724 quae
3308 1655 3542 1710 maxime
3563 1653 3618 1708 in

2041 1745 2477 1800 ordinationibus
2527 1754 2824 1815 operatur;
2881 1746 3137 1813 quoniam
3185 1762 3282 1816 per
3330 1745 3624 1814 impietatis

364 1839 533 1894 verat,
566 1845 740 1900 neque
775 1831 1004 1904 bigamis
1029 1839 1451 1906 communicare,
1483 1857 1658 1912 neque
1678 1817 1732 1897 in
1758 1859 1942 1914 perat»
1968 1817 2016 1876 Β
2043 1852 2153 1892 9'18
2198 1837 2477 1907 Perﬁdiam
2525 1837 2701 1906 ratius
2753 1837 2911 1907 120
2956 1852 3115 1906 quam
3163 1837 3321 1892 ﬁdem
3368 1837 3621 1903 αἰωνίων

360 1919 580 1975 cutione
604 1921 788 1991 lapsis,
817 1925 980 1980 etiam
1001 1936 1123 1996 post
1149 1929 1546 1998 pmuitcntiam,
1572 1935 1782 1990 veniam
1809 1937 1939 1992 dare

357 2021 624 2078 oportere.
671 2012 728 2067 Si
769 2030 899 2086 ergo
926 2025 982 2070 et
1008 2016 1086 2083 hi,
1117 2019 1209 2089 qui
1236 2017 1349 2087 jam
1391 2023 1458 2078 ab
1487 2023 1574 2079 his
1613 2037 1740 2081 sunt
1767 2027 1938 2083 barre-

360 2101 480 2157 ticis
509 2105 766 2174 ordinati,
788 2123 1126 2180 nequaquam
1151 2129 1249 2170 suo
1279 2125 1407 2172 sunt
1434 2118 1934 2191 honoretprivandi,

361 2195 430 2248 ob
460 2195 510 2249 id
540 2197 766 2263 scilicet,
799 2202 925 2270 quia
953 2217 1143 2259 eorum
1168 2217 1579 2266 consecratores
1608 2213 1660 2266 in
1693 2213 1798 2270 fide
1826 2230 1936 2271 non

357 2283 608 2351 titubant,
639 2289 766 2358 quid
793 2289 858 2344 de
889 2289 1324 2350 Simoniacorum
1355 2300 1787 2359 ordinationibus
1813 2320 1936 2358 scn-

357 2375 618 2444 tiendum,
651 2379 742 2450 qui
789 2390 843 2436 et
879 2385 1061 2438 omnia
1109 2384 1223 2442 fere
1270 2388 1629 2448 institutionis
1681 2395 1937 2451 ecclesia-

356 2469 507 2523 sticze
532 2467 658 2538 jura
684 2478 1050 2532 conservant?

424 2563 496 2616 At
545 2562 793 2622 fortassis
829 2571 1083 2640 objicitur
1110 2575 1237 2646 quia
1271 2577 1565 2637 Simoniaci
1596 2597 1936 2654 nequaquam

356 2662 480 2707 sunt
513 2655 564 2709 in
593 2656 696 2713 fide
725 2659 967 2730 perfecti,
997 2665 1250 2724 nimirum
1273 2683 1564 2742 peccantes
1593 2675 1646 2730 in
1677 2676 1936 2747 Spiritum

357 2753 626 2835 sanctum,
679 2768 837 2821 quem
885 2757 1222 2816 arbitrantur
1263 2768 1511 2835 pecuniis
1559 2771 1934 2826 coemendum.

352 2834 435 2890 Ad
460 2840 602 2908 quod
636 2840 792 2897 facile
838 2850 1248 2921 respondemus,
1271 2834 1413 2925 quia
1443 2858 1488 2913 si
1535 2860 1653 2916 hare
1681 2861 1938 2919 districtac

353 2940 597 2983 censura:
643 2931 914 2990 subtilitas
964 2946 1242 3009 teneatur,
1295 2945 1458 3002 etiam
1518 2949 1571 3004 in
1625 2949 1938 3007 Novatianis

352 3028 541 3114 contra
574 3020 832 3092 Spiritum
878 3041 1124 3087 sanctum
1152 3035 1561 3104 quodammodo
1595 3042 1749 3114 culpa
1779 3045 1938 3114 petii-

352 3106 454 3163 dia:
485 3114 775 3180 reperitur.
809 3116 943 3174 Nam
973 3137 1094 3177 cum
1123 3140 1220 3195 per
1251 3126 1515 3199 Spiritum
1551 3106 1818 3198 sanctum,
1845 3135 1933 3204 qui

349 3211 433 3257 est
472 3206 724 3263 remissio
754 3222 1115 3282 peccatorum,
1146 3220 1302 3274 venia
1335 3224 1723 3291 paenitentibus
1749 3243 1936 3281 conce-

350 3291 542 3362 datur,
589 3307 803 3354 constat
829 3304 1013 3372 procul
1061 3306 1224 3364 dubio
1287 3312 1412 3381 quia
1452 3322 1636 3369 contra
1678 3315 1937 3386 Spiritum

347 3397 599 3442 sanctum
652 3404 882 3462 pugnat,
928 3398 1017 3467 qui
1067 3399 1234 3471 lapsis
1283 3419 1380 3473 per
1418 3407 1790 3476 pmniteutiam
1829 3427 1935 3466 non

348 3482 739 3537 communicat.
771 3483 874 3539 Sed
908 3489 1052 3542 aliud
1082 3501 1166 3545 est
1192 3493 1244 3546 in
1286 3493 1389 3549 fide
1417 3512 1661 3566 peccare,
1689 3499 1832 3554 aliud
1855 3510 1937 3556 est

348 3581 377 3619 a
414 3568 520 3624 fide
553 3573 824 3629 recedere.
859 3577 1033 3633 Aliter
1063 3598 1257 3652 nempe
1289 3587 1692 3658 redarguendus
1719 3603 1801 3646 est
1830 3593 1933 3647 mi-

341 3658 446 3726 les,
478 3663 571 3730 qui
613 3666 666 3718 in
697 3666 820 3722 belli
854 3671 1192 3730 conﬂictibus
1232 3681 1505 3735 enerviter
1529 3684 1746 3749 cecidit,
1779 3686 1938 3741 aliter

349 3751 439 3805 ille
466 3753 802 3824 plectendas,
831 3764 918 3832 qui
951 3763 1212 3833 abjuratis
1239 3771 1443 3826 militia:
1471 3777 1843 3840 sacramentis,
1867 3777 1934 3830 ad

284 3858 286 3862 '
348 3846 588 3902 hostium
605 3862 780 3907 castra
801 3856 1075 3912 dcdititius
1100 3862 1407 3934 transfugit.
1427 3865 1544 3920 Non
1568 3867 1754 3924 eadem
1777 3883 1935 3924 servo

344 3953 507 4007 poena
543 3942 786 4011 debetur,
814 3948 902 4020 qui
954 3949 1004 4002 in
1055 3951 1364 4009 domesticis
1411 3955 1572 4011 rebus
1599 3959 1696 4013 sul)
1728 3959 1934 4016 domini

345 4032 427 4085 sui
465 4032 691 4102 imperio
728 4049 930 4107 peccat,
961 4053 1014 4097 et
1054 4041 1148 4108 illi,
1185 4047 1273 4114 qui
1306 4045 1494 4117 jugum
1530 4051 1804 4106 servitutis
1834 4068 1931 4107 ex-

345 4123 541 4186 cussit,
577 4140 639 4180 ac
679 4125 767 4196 jus
817 4142 1095 4190 extranea:
1125 4135 1506 4193 dominationis
1557 4140 1737 4210 elegit.
1783 4142 1934 4199 Licet

345 4214 495 4268 enim
527 4217 615 4271 isti
667 4219 717 4273 in
768 4225 950 4295 regula
984 4225 1108 4281 fidei
1139 4244 1202 4294 ex
1235 4229 1419 4300 aliquo
1462 4230 1744 4286 videantur
1771 4233 1934 4290 offen-

347 4305 501 4371 dere,
535 4324 639 4363 non
667 4319 847 4369 tamen
875 4326 1118 4386 eatenus,
1167 4329 1224 4374 ut
1267 4320 1528 4392 Spiritum
1573 4334 1820 4379 sanctum
1850 4342 1933 4380 ar-

347 4401 546 4468 guendi
594 4403 700 4458 sint
744 4407 994 4465 lueretica
1037 4413 1306 4482 pravitate
1348 4431 1566 4486 negare.
1606 4415 1784 4486 Atque
1811 4419 1932 4474 ideo

2041 1929 2425 1998 perdiderunt;
2463 1943 2559 1983 nec
2587 1927 2706 1983 ﬁeri
2729 1936 2929 1997 potest,
2955 1937 3015 1983 ut
3038 1943 3223 1982 eorum
3255 1926 3511 1996 profanos
3537 1943 3624 1982 sa-

2039 2022 2290 2078 cerdotes
2319 2021 2513 2091 dignos
2539 2020 2743 2076 Christi
2785 2020 3081 2074 honoribus
3111 2019 3459 2082 arbitremur,
3489 2033 3623 2087 quo-

2040 2127 2160 2166 rum
2193 2111 2361 2166 laicos
2392 2109 2768 2179 imperfectos,
2817 2119 2880 2165 ut
2923 2108 3058 2174 dixi,
3087 2109 3152 2163 ad
3181 2109 3355 2164 sancti
3387 2106 3622 2177 Spiritus

2037 2201 2442 2273 percipiendam
2479 2202 2710 2271 gratiam
2754 2217 2876 2256 cum
2904 2198 3236 2272 paenitentia:
3268 2199 3499 2270 imagine
3533 2215 3617 2253 re-

2037 2293 2324 2363 cipiamus.
2373 2293 2431 2348 ln
2481 2293 2678 2363 quibus
2725 2292 2982 2346 nimirum
3029 2289 3392 2344 decretalibus
3439 2289 3624 2345 verbis

2036 2386 2324 2442 manifeste
2351 2387 2510 2441 datur
2531 2385 2780 2456 intelligi,
2812 2385 2937 2454 quia
2965 2383 3020 2438 in
3055 2382 3481 2454 promotionibus
3511 2381 3623 2438 ele-

2039 2478 2296 2542 rieorum,
2329 2495 2435 2533 non
2470 2478 2741 2533 immerito
2785 2475 2920 2531 fides
2957 2473 3260 2530 ordinanlis
3303 2473 3624 2540 attenditur,

2037 2584 2104 2624 ex
2134 2585 2237 2640 qua
2271 2569 2520 2625 videlicet
2563 2571 2780 2639 pendet,
2820 2577 2880 2623 ut
2905 2566 3177 2622 ordinatio
3203 2565 3315 2635 ipsa
3343 2566 3456 2620 sive
3482 2575 3624 2632 rata,

2045 2662 2160 2717 sive
2190 2662 2341 2716 irrita
2364 2662 2657 2732 judicetur.
2708 2662 2860 2730 Quod
2906 2662 3052 2715 enim
3081 2666 3229 2715 tenet
3259 2659 3541 2714 ordinator
3569 2660 3623 2715 in

2041 2751 2166 2816 fide,
2192 2751 2386 2822 accipit
2410 2753 2692 2808 ordinatus
2719 2753 2773 2807 in
2805 2766 3052 2807 munere.
3078 2750 3367 2805 Enimvero
3391 2749 3435 2804 si
3461 2750 3622 2804 Aria-

2040 2845 2124 2900 nis
2143 2855 2287 2900 recta
2318 2845 2450 2899 fides
2479 2845 2700 2909 inesset,
2725 2845 2937 2900 etiamsi
2966 2859 3058 2899 eos
3087 2843 3372 2910 cujuslibet
3397 2843 3625 2900 diversa:

2037 2938 2320 3007 pravitatis
2345 2954 2498 2992 error
2526 2937 2833 2999 involverit.
2863 2935 3004 2990 facta
3035 2935 3176 3004 apud
3216 2952 3308 2991 eos
3335 2951 3622 2991 consecra-

2041 3030 2114 3083 tio
2143 3045 2246 3084 non
2276 3030 2495 3099 periret.
2530 3027 2690 3100 (Vide
2712 3027 2900 3098 schol.)
2937 3027 3034 3082 Ubi
3077 3029 3392 3092 notandum,
3420 3037 3625 3096 quanta

2042 3123 2362 3177 invocationi
2392 3123 2558 3177 divini
2592 3123 2825 3178 nominis
2853 3121 3158 3177 reverentia
3185 3121 3465 3190 debeatur,
3495 3139 3620 3179 cum

2041 3223 2096 3269 et
2118 3215 2184 3268 ab
2211 3216 2288 3269 eis
2318 3213 2594 3284 baptizati,
2625 3229 2761 3283 quos
2790 3223 2898 3268 tam
2926 3213 3154 3284 perfida,
3182 3223 3242 3268 ut
3269 3213 3341 3268 ita
3368 3213 3621 3282 dixerim,

2041 3303 2177 3358 fides
2207 3304 2465 3368 damnat,
2509 3303 2833 3373 rebaptizari
2882 3311 3064 3358 tamen
3107 3302 3328 3358 omnino
3367 3319 3472 3358 non
3523 3319 3622 3359 au-

2039 3394 2219 3448 deant.
2263 3393 2394 3448 Nam
2423 3394 2548 3463 quia
2580 3402 2830 3449 auctores
2860 3408 3074 3457 eorum,
3117 3401 3178 3449 ut
3206 3392 3426 3461 dicitur,
3458 3394 3618 3449 fidem

2040 3497 2246 3542 rectam
2274 3501 2379 3540 non
2407 3485 2714 3541 habuerunt
2756 3486 2824 3540 ad
2871 3485 3272 3555 percipiendam
3297 3485 3469 3540 sancti
3498 3486 3622 3556 Spi-

2040 3579 2176 3632 ritus
2205 3577 2463 3647 gratiam,
2493 3593 2686 3632 manus
2715 3577 2819 3632 illis
2849 3577 3177 3645 imponitur;
3229 3577 3356 3646 quia
3402 3592 3534 3632 vero
3563 3577 3620 3632 in

2041 3690 2236 3744 aquam
2283 3681 2412 3729 sunt
2455 3675 2555 3729 sub
2602 3673 2942 3728 invocatione
2971 3681 3173 3726 sanctae
3198 3671 3480 3727 Trinitatis
3513 3672 3617 3726 im-

2038 3765 2220 3826 mersi,
2253 3781 2356 3819 non
2386 3774 2513 3820 sunt
2555 3765 2729 3822 denuo
2771 3763 3103 3834 baptizandi.
3135 3762 3268 3818 Cum
3297 3759 3478 3832 itaque
3506 3762 3634 3818 sola

2039 3859 2156 3913 sine
2185 3859 2287 3914 fide
2316 3859 2479 3914 verba
2527 3860 2626 3914 sub
2674 3858 2932 3912 haeretica
2982 3857 3306 3910 Arianorum
3358 3857 3624 3927 superati-

2038 3950 2182 4005 tione
2209 3951 2438 4021 prolata,
2471 3966 2577 4006 non
2606 3951 2837 4005 audeant
2867 3951 3020 4004 irrita
3042 3947 3298 4017 judicari,
3325 3965 3432 4018 quo
3455 3959 3616 4020 pacto

2037 4043 2470 4100 Simoniacorum
2494 4045 2832 4101 consecratio
2860 4047 3026 4099 robur
3051 4059 3158 4099 non
3185 4043 3398 4110 habeat,
3430 4044 3482 4098 in
3510 4060 3618 4116 qua

2036 4153 2160 4192 cum
2194 4138 2328 4202 fide,
2374 4147 2428 4192 et
2474 4146 2667 4193 caetera
2712 4137 3074 4192 observantia:
3123 4135 3387 4207 regularis
3436 4151 3617 4192 sacra-

2035 4237 2215 4284 menta
2244 4229 2610 4283 concordant?

2599 4314 2826 4372 CAPUT
2865 4314 3053 4373 XXIII.

2037 4411 2192 4480 Quod
2221 4410 2624 4465 consecrationis
2649 4410 2861 4480 e/Iectus
2888 4410 3012 4480 ﬁdei
3043 4407 3227 4463 nititur
3249 4406 3611 4479 fundamento.

348 4505 473 4591 cum
512 4505 873 4566 revertuntur,
899 4503 1153 4571 quoniam
1193 4516 1572 4573 peccaverunt,
1611 4525 1801 4565 manus
1825 4510 1929 4566 illis
1958 4537 2006 4596 υ
2107 4503 2183 4558 De
2209 4501 2503 4557 Donatistis
2533 4515 2747 4571 quoque
2775 4501 3024 4556 novimus
3051 4501 3205 4571 (Anc.
3233 4508 3414 4552 contra
3437 4496 3615 4553 Cresc.

345 4578 727 4652 imponuntur;
779 4591 904 4659 quia
954 4607 1082 4648 vero
1120 4596 1339 4649 minimc.
1369 4608 1720 4668 negaverunt,
1752 4616 1930 4657 sacer-

346 4671 544 4729 dotalis
567 4679 762 4746 gradus
783 4681 961 4738 ofﬁcio
984 4700 1088 4739 non
1112 4686 1409 4754 privantur.
1428 4690 1496 4740 At
1517 4698 1704 4743 contra
1721 4691 1927 4757 Ariani,

348 4765 441 4833 qui
477 4767 739 4825 adversus
772 4770 1008 4841 Spiritus
1055 4777 1228 4832 sancti
1273 4779 1606 4835 divinitatem
1641 4782 1927 4839 manifesta

344 4870 574 4925 prorsus
623 4859 900 4930 impietate
948 4868 1266 4939 confligunt,
1317 4872 1382 4924 ad
1413 4870 1732 4927 catholicam
1765 4873 1924 4929 fidem

341 4950 658 5015 redeuntes,
694 4953 747 5006 in
780 4955 901 5010 mali
938 4959 1144 5030 accepti
1186 4962 1390 5019 ordinis
1437 4962 1733 5033 persistere
1760 4966 1928 5034 digni-

344 5045 455 5094 tate
481 5056 590 5095 non
622 5055 863 5110 possunt.
891 5047 1126 5107 Credunt
1163 5053 1326 5118 enim,
1368 5053 1503 5109 sicut
1544 5068 1736 5111 eorum
1767 5057 1928 5112 sacri-

343 5126 464 5196 lega
501 5126 770 5197 professio
808 5133 1137 5202 manifestat,
1166 5139 1307 5206 quod
1350 5138 1514 5195 Pater
1563 5149 1782 5196 creator
1831 5141 1926 5208 sit,

337 5216 511 5274 Filius
543 5229 814 5283 creatura,
857 5220 1110 5292 Spiritum
1152 5244 1280 5284 vero
1325 5242 1577 5297 sanctum
1619 5241 1925 5286 creaturam

334 5323 609 5346 npnnlnrm
639 5312 1007 5346 ,Ιοὶηὶιυιιιῖιῖιη-
1036 5339 1118 5346 η..-

1129 5337 1276 5346 Anon—an
1289 5342 1314 5346 .-
1327 5333 1340 5346 Ι

2032 4611 2202 4665 grant.
2231 4635 2244 4661 ,
2289 4592 2382 4648 lib.
2410 4609 2470 4658 ll,
2499 4609 2550 4648 c.
2585 4591 2664 4662 9.)
2722 4590 3136 4662 Carthaginiensi
3181 4589 3406 4643 concilio
3452 4589 3620 4645 fuisse

2033 4699 2375 4749 concessum,
2417 4691 2477 4737 ut
2503 4698 2626 4738 eum
2667 4683 2733 4736 ad
2759 4681 3019 4736 tmitatem
3047 4678 3369 4735 catholicam
3396 4678 3622 4748 quilibet

2033 4791 2219 4830 eorum
2264 4773 2442 4829 redire
2487 4776 2833 4844 disponeret,
2885 4771 2929 4826 si
2979 4771 3082 4826 hoc
3132 4768 3250 4838 paci
3300 4767 3620 4824 Christiana:

2031 4867 2288 4935 prodesse
2329 4865 2642 4926 videretur,
2695 4876 2818 4916 cum
2864 4875 2964 4916 suo
3013 4858 3348 4927 reciperetur
3391 4860 3616 4916 honore.

2036 4957 2187 5014 Sicut
2214 4964 2395 5013 autem
2429 4959 2482 5011 in
2507 4952 2744 5029 generali
2789 4951 3069 5007 haereseon
3101 4953 3506 5008 enumeratione
3535 4950 3621 5005 di-

2033 5050 2286 5113 dicimus,
2319 5046 2612 5103 Donatista:
2639 5058 2743 5098 non
2775 5040 3066 5096 admodum
3115 5049 3244 5094 sunt
3286 5040 3412 5098 ﬁdei
3440 5053 3628 5099 errore

2036 5139 2296 5197 traducti.
2331 5138 2426 5192 sed
2472 5137 2592 5193 irati
2639 5133 2841 5203 potius,
2879 5133 3007 5203 quia
3052 5129 3378 5189 Caecilianus
3405 5131 3629 5205 quidam

2035 5244 2224 5288 contra
2254 5238 2449 5283 eorum
2477 5239 2658 5283 votum
2684 5223 2740 5279 iu
2765 5220 3183 5295 Cartbaginensi
3227 5223 3629 5279 intbronizatns

2170 5341 2187 5346 -
2215 5324 2263 5346 τι.
2317 5319 2553 5346 ηηιιζηιυιΑ
2592 5317 2834 5346 [Ann-nan!
2895 5326 2946 5346 nl
2983 5318 3051 5346 nl"
3081 5313 3448 5346 Ληηιοοῖοιαιὲηη
3481 5325 3630 5346 ΛΑΜ-
