4106 6310
502 440 608 499 155

926 435 987 493 S.
1027 435 1232 492 PETRI
1266 431 1547 490 DAMIANI
1591 431 1742 489 OPP.
1786 428 2022 488 TOMUS
2059 424 2192 483 SEU
2235 424 2414 482 PARS
2454 423 2542 480 Ill.
2571 411 2639 464 ζ
2670 423 3033 482 OPUSCULA
3072 422 3300 479 VARIA.

3649 422 3750 482 156

499 557 802 623 Μιηιίεῑιι,
823 553 916 626 qui
935 551 1124 625 procul
1145 550 1311 608 dubio
1332 547 1710 606 schismaticns
1729 554 1834 612 est,
1856 554 1910 601 et
1933 545 2072 600 dono
2098 547 2146 607 Α
2176 538 2403 596 inveniri
2453 554 2560 594 non
2603 546 2798 609 potest.
2829 537 2969 606 Quid
3015 551 3145 608 ergo
3188 551 3366 594 causae
3394 545 3498 604 est,
3529 547 3588 593 ut
3627 555 3751 596 cum

501 652 672 713 sancti
704 649 938 721 Spiritus
965 647 1228 718 probatur
1249 644 1478 710 alienus,
1504 643 1558 698 in
1587 639 1828 711 percepti
1853 637 2072 694 honoris

499 745 691 802 ordine
736 740 917 797 valeat
969 738 1260 808 aliquoties
1296 749 1658 807 permanere,
1705 733 1824 788 lucc
1875 730 2074 787 clarius

500 843 734 900 constat,
765 833 895 904 quia
933 828 1272 887 consecratio
1310 843 1418 884 non
1451 825 1708 892 ordinati,
1738 823 1825 878 vel
1857 822 2076 879 ordina-

500 930 636 989 toris
663 937 749 986 est
791 925 1045 984 meritum
1073 965 1088 992 ,
1134 921 1228 980 sed
1259 921 1326 977 ad
1369 921 1653 990 utriusque
1689 917 1870 988 potius
1915 915 2076 972 ﬁdem

433 1009 464 1076 ’ἔ
503 1032 677 1080 totum
723 1019 949 1091 respicit
993 1024 1416 1075 sacramentum.
1453 1013 1603 1068 Alias
1642 1012 1757 1068 sive
1796 1009 2076 1068 Donatista

501 1115 872 1186 Donatistam,
919 1111 1034 1168 sive
1067 1109 1397 1166 Novatianus
1438 1105 1795 1162 Novatianum
1825 1104 1893 1160 ad
1919 1102 2080 1160 cleri-

501 1217 657 1264 catus
693 1207 818 1278 jura
853 1212 1188 1277 promoveat,
1215 1215 1334 1272 qua:
1371 1207 1455 1255 est
1485 1199 1537 1254 in
1563 1196 1818 1253 utrolibet
1846 1194 2080 1264 dignitas

500 1301 840 1365 meritorum,
863 1306 923 1353 ut
942 1297 1135 1353 divina:
1155 1293 1340 1366 gratiae
1358 1291 1675 1363 mysterium
1697 1288 1779 1345 vel
1804 1288 1908 1344 iste
1928 1288 2078 1354 dare,

499 1392 584 1448 vel
607 1391 708 1446 iste
725 1389 895 1461 possit
918 1386 1198 1459 accipere?
1234 1384 1340 1440 Sed
1362 1383 1501 1438 inter
1529 1381 1752 1446 malum.
1777 1389 1832 1436 et
1855 1379 2081 1446 malum,

503 1485 721 1538 dantem
745 1481 1015 1546 videlicet,
1043 1487 1096 1535 et
1121 1475 1498 1548 accipientem,
1523 1473 1726 1530 bonum
1753 1479 1999 1528 versatur
2026 1470 2082 1525 in

502 1570 698 1636 medio,
713 1568 856 1640 quod
873 1567 1115 1624 neutrius
1137 1565 1270 1620 vitio
1282 1579 1314 1619 a
1339 1579 1437 1620 sua
1454 1563 1605 1618 novit
1617 1560 1981 1634 generositate
1994 1559 2086 1615 de-

501 1663 716 1719 terreri.
747 1661 1034 1726 Nimirum,
1057 1659 1103 1714 si
1125 1659 1370 1730 leprosus
1400 1657 1612 1728 leproso
1635 1656 1839 1726 praebet
1866 1669 2081 1721 aurum,
2129 1685 2132 1688 ~

499 1754 642 1823 quod
669 1751 912 1822 profecto
952 1749 1158 1816 rutilat,
1205 1747 1350 1803 nulla
1399 1747 1778 1803 scabrosarum
1824 1757 2084 1800 manuum

500 1853 581 1901 cst
607 1843 868 1898 varietate
889 1840 1186 1912 perfusum.
1211 1839 1269 1894 Si
1291 1853 1466 1894 caecus
1490 1852 1632 1894 caeco
1655 1836 1934 1892 lucernam
1959 1850 2084 1906 por-

2174 631 2389 686 illorum
2425 630 2697 686 ordinatio
2721 637 2840 686 rata
2867 643 2988 684 esse
3011 627 3344 695 decernitur,
3389 628 3620 684 istorum
3651 629 3750 686 fri-

2173 723 2294 779 vola
2315 720 2614 792 judicetur,
2640 721 2940 793 praesertim
2973 735 3095 777 cum
3127 735 3228 776 nos
3255 735 3359 776 non
3388 720 3752 789 elaboremus,

2173 832 2234 878 ut
2260 821 2553 878 Simoniaci
2581 820 2634 876 in
2658 833 2748 887 eo,
2771 833 2934 891 quem
2964 816 3103 874 male
3129 817 3354 873 mercati
3379 825 3528 884 sunt,
3550 817 3755 875 honore

2173 923 2529 986 permaneant
2559 932 2573 969 ε
2602 913 2696 970 sed
2726 911 2781 968 id
2801 910 2983 984 petitis
3009 925 3078 966 ne
3100 909 3172 974 bi,
3199 909 3290 980 qui
3319 910 3387 966 ab
3413 910 3494 965 eis
3523 905 3757 980 gratuito

2175 1007 2410 1063 ordinati
2437 1014 2584 1073 sunt,
2613 1005 2793 1060 locum
2819 1002 2904 1060 sui
2953 1002 3154 1074 gradus
3196 1001 3490 1056 amittant?
3532 1001 3629 1059 Ubi
3663 1018 3760 1059 no-

2179 1101 2422 1166 tandum,
2450 1105 2652 1170 quanta
2679 1098 2750 1154 sit
2799 1097 2853 1154 in
2879 1107 3090 1162 eurum,
3123 1095 3190 1152 de
3219 1095 3419 1164 quibus
3465 1095 3758 1165 loquimur.

2179 1190 2488 1247 conditione
2511 1189 2802 1255 distantia;
2835 1187 3090 1243 nimirum
3113 1203 3238 1243 cum
3264 1187 3558 1243 Donatista:
3583 1188 3760 1242 Dona-

2181 1282 2359 1347 tistas,
2382 1279 2668 1336 Novatiani
2692 1277 3022 1334 Novatianos
3047 1277 3254 1334 eisdem
3277 1278 3529 1334 videlicet
3559 1279 3763 1335 errori-

2181 1375 2282 1430 bus
2305 1372 2544 1429 irretitos
2563 1412 2578 1438 ,
2612 1370 2680 1427 ad
2701 1369 3056 1428 ecclesiastici
3095 1371 3295 1443 gradus
3321 1381 3608 1444 augmenta
3639 1387 3764 1442 pro-

2183 1473 2455 1531 moveant,
2488 1463 2784 1520 Simoniaci
2815 1471 2996 1520 autem
3022 1477 3131 1518 non
3164 1462 3527 1531 Simoniaeos,
3557 1464 3651 1520 sed
3683 1463 3763 1519 in-

2184 1564 2445 1615 nocentes
2471 1555 2650 1628 potius
2677 1556 2930 1612 ordinent
2957 1564 3011 1611 et
3041 1555 3360 1614 catholicos.
3388 1556 3496 1612 lllis
3533 1557 3766 1628 denique

2187 1664 2298 1705 non
2323 1650 2429 1705 hoc
2461 1648 2634 1704 solum
2669 1647 2849 1704 valeat
2876 1647 3098 1718 opponi,
3129 1647 3271 1718 quod
3294 1647 3498 1704 fuerint
3540 1649 3608 1703 ab
3658 1649 3768 1703 luc-

2188 1743 2372 1799 reticis
2395 1742 2649 1808 ordinati,
2677 1755 2866 1797 verum
2894 1740 2996 1797 hoc
3019 1740 3241 1811 insuper
3259 1738 3401 1809 quod
3431 1749 3484 1795 et
3511 1739 3610 1810 ipsi
3636 1737 3759 1794 fuis«

2187 1841 2308 1888 sent
2334 1830 2705 1889 indifferenter
2735 1828 3014 1888 haeretici:
3065 1831 3153 1887 isti
3196 1840 3378 1887 autem
3425 1846 3767 1902 nequaquam

502 1934 663 2007 rigat,
701 1936 853 2005 121
890 1933 981 1988 lux
1021 1932 1320 1989 caecitatem
1352 1931 1621 1996 nesciens,
1663 1944 1730 1984 ex
1775 1927 2081 1998 baiulorum
2109 1915 2158 1977 Β
2184 1932 2313 1980 sunt
2339 1923 2662 1980 Simoniacae
2682 1923 2877 1981 haeresi
2901 1923 3146 1990 obnoxii,
3167 1923 3332 1978 etiam
3361 1923 3408 1979 si
3438 1938 3468 1978 a
3495 1922 3768 1979 Simonia-

501 2027 752 2084 manibus
783 2027 1036 2082 tenebras
1065 2040 1171 2080 non
1195 2024 1448 2079 admittit.
1482 2023 1822 2092 Quapropter
1857 2020 1902 2076 si
1933 2028 2084 2076 recta

502 2118 636 2174 ﬁdes
665 2117 828 2183 adsit,
855 2115 1106 2172 videlicet
1133 2122 1192 2168 ut
1219 2114 1272 2168 in
1300 2112 1537 2179 Patrem,
1562 2121 1618 2167 et
1641 2111 1861 2178 Filium,
1880 2119 1935 2167 et
1961 2109 2084 2181 Spi-

502 2209 666 2264 ritum
697 2217 941 2263 sanctum
970 2214 1120 2262 recte
1148 2205 1424 2271 credatur,
1455 2204 1658 2274 indigni
1705 2203 1868 2258 etiam
1899 2203 2082 2271 cujus-

503 2299 636 2355 libet
664 2297 961 2355 sacerdotis
989 2295 1331 2352 consecratio
1360 2292 1731 2350 indifferenter
1771 2291 2026 2362 impletur
2066 2312 2081 2348 :

502 2407 603 2449 nec
629 2400 851 2464 propter
877 2390 1154 2462 indignum
1201 2387 1562 2444 ministrantis
1605 2386 1861 2441 meritum
1891 2385 2087 2441 divinae

505 2483 692 2554 gratiae
717 2497 913 2539 munus
943 2481 1293 2552 perfectionis
1318 2495 1430 2537 sure
1454 2479 1656 2550 patitur
1678 2477 2082 2534 detrimentum.

577 2582 1036 2665 Unde'przcdictns
1061 2609 1197 2667 papa
1225 2593 1596 2660 Innocentius,
1619 2607 1742 2649 cum
1777 2591 1844 2647 de
1881 2590 2088 2646 duabus

503 2687 825 2756 hacresibus,
846 2686 1190 2743 Paulianistis
1216 2686 1490 2751 videlicet,
1517 2694 1572 2742 et
1601 2681 1916 2739 Novatianis
1938 2695 2088 2738 com-

504 2778 740 2834 muniter
791 2777 1130 2849 disputaret,
1181 2793 1277 2832 cur
1326 2793 1357 2832 a
1411 2775 1763 2832 Paulianistis
1810 2773 2090 2830 venientes

502 2867 856 2940 baptizandos
910 2883 1030 2924 esse
1076 2867 1418 2936 decerneret,
1467 2883 1498 2923 a
1543 2866 1858 2924 Novatianis
1904 2875 2088 2922 autem

503 2962 750 3018 funditus
784 2961 1118 3032 prohiberet,
1159 2975 1376 3017 causam
1404 2961 1492 3016 his
1523 2959 1760 3016 reddidit
1783 2959 1983 3024 verbis,
2008 2957 2092 3014 di-

504 3070 633 3110 cens
659 3073 672 3109 :
707 3073 727 3107 ι
763 3053 899 3123 Quia
927 3053 1296 3122 Paulianistzr,
1328 3054 1525 3125 inquit,
1559 3053 1613 3108 in
1640 3053 1860 3109 nomine
1885 3051 2090 3118 Patris,

501 3155 558 3202 et
582 3146 725 3214 Filii,
772 3157 829 3203 et
873 3146 1108 3220 Spiritus
1153 3147 1324 3204 sancti
1374 3147 1597 3203 minime
1641 3145 1939 3218 baptizant,
1990 3159 2092 3200 nec

2185 2019 2264 2075 cis
2303 2019 2460 2090 122
2493 2018 2644 2074 omni
2665 2018 2976 2074 venalitatis
2999 2025 3209 2073 remoto
3230 2016 3581 2083 commercio,
3611 2032 3771 2087 regn-

2185 2112 2374 2168 lariter
2403 2111 2513 2168 sint
2559 2111 2794 2182 promoti
2834 2119 2999 2182 atque
3040 2111 3094 2166 in
3126 2111 3332 2168 eisdem
3362 2109 3625 2166 Ecclesiis
3655 2125 3774 2166 sor-

2186 2203 2268 2259 titi
2291 2212 2422 2259 sunt
2451 2202 2940 2260 administrationis
2968 2200 3222 2270 oﬁieium,
3253 2201 3346 2259 ubi
3382 2210 3437 2258 et
3483 2201 3625 2258 sacri
3671 2202 3773 2258 ba-

2185 2297 2458 2368 ptismatis
2481 2311 2773 2369 percepere
2795 2295 3136 2368 mysterium.
3153 2368 3184 2382 η

2258 2408 2450 2466 Utrum
2478 2422 2608 2464 vero
2635 2406 2770 2463 tales
2799 2406 2996 2463 merito
3020 2421 3051 2463 a
3080 2405 3194 2462 suis
3234 2413 3527 2462 arceantur
3555 2403 3776 2460 honori-

2145 2515 2148 2517 λ
2185 2500 2401 2567 lins,'ex
2427 2499 2488 2554 Β.
2527 2497 2725 2555 Leonis
2755 2497 2914 2572 facile
2945 2512 3236 2569 possumus
3284 2497 3607 2554 auctoritate
3653 2510 3778 2566 per-

2189 2591 2448 2662 pcnderc,
2477 2591 2522 2647 si
2556 2591 2884 2648 decretalem
2913 2591 3030 2663 ejus
3058 2589 3382 2645 sententiam
3409 2589 3522 2645 suis
3547 2587 3637 2644 hic
3657 2602 3779 2643 vcr-

2186 2686 2272 2741 bis
2301 2701 2405 2741 non
2431 2685 2610 2756 pigeat
2638 2693 2924 2739 annotare.
2949 2684 3041 2739 Ait
3062 2683 3205 2740 enim
3231 2683 3381 2756 (dist.
3411 2682 3501 2750 62,
3528 2698 3576 2739 c.
3608 2680 3780 2737 Nulla

2189 2779 2348 2850 ratio)
2375 2797 2388 2835 :
2416 2796 2435 2830 ‹
2457 2777 2611 2833 Nulla
2633 2777 2774 2833 ratio
2789 2776 2938 2844 sinit,
2963 2785 3024 2832 ut
3051 2775 3195 2832 inter
3231 2776 3513 2847 episcopos
3540 2776 3783 2831 habean-

2191 2878 2300 2935 tur,
2324 2869 2418 2938 qui
2439 2882 2541 2925 nec
2566 2884 2597 2923 a
2624 2861 2839 2924 clericis
2871 2875 2997 2924 sunt
3021 2867 3202 2935 electi,
3229 2883 3332 2924 nec
3361 2882 3392 2922 a
3410 2865 3656 2938 plebibus
3681 2881 3783 2921 cx-

2189 2961 2364 3034 petiti,
2394 2977 2495 3018 nec
2523 2975 2552 3015 a
2577 2959 3000 3032 provincialibus
3027 2959 3297 3032 episcopis
3337 2974 3460 3015 cum
3503 2965 3778 3028 metropo-

2190 3052 2344 3108 litani
2371 3050 2577 3123 judicio
2605 3051 2930 3108 consecrati.
2983 3050 3138 3108 Unde
3195 3065 3319 3106 cum
3361 3065 3508 3121 saepe
3555 3047 3783 3118 quaestio

2193 3146 2260 3202 de
2289 3145 2429 3202 male
2457 3154 2682 3216 accepto
2713 3146 2918 3202 honore
2947 3154 3224 3212 nascatur,
3259 3143 3382 3216 quis
3411 3143 3648 3215 ambigat
3690 3157 3784 3198 nc-

505 3239 646 3308 apud
678 3239 808 3295 istos
835 3238 1110 3310 (videlicet
1140 3237 1490 3308 Novatianos)
1537 3239 1603 3294 de
1640 3237 1851 3292 unitate
1886 3234 2088 3302 Patris,
2117 3282 2162 3344 Ο
2193 3255 2465 3310 quaquam
2493 3241 2560 3294 ab
2588 3239 2708 3296 istis
2728 3255 2848 3295 esse
2877 3237 3246 3305 tribuendum,
3287 3236 3432 3308 quod
3456 3251 3557 3293 nec
3587 3235 3784 3292 docea-

505 3336 563 3383 et
589 3327 730 3394 Filii,
757 3336 812 3383 et
841 3326 1074 3397 Spiritus
1117 3327 1290 3384 sancti
1338 3327 1566 3398 quiestio
1615 3327 1902 3397 aliquando
1943 3336 2091 3381 mota

505 3428 609 3474 est.
646 3436 664 3470 ›
698 3417 766 3472 Et
791 3417 914 3474 ideo
945 3417 1012 3474 de
1036 3417 1287 3474 omnibus
1309 3416 1606 3489 segregatis
1633 3417 1749 3472 haec
1777 3417 1889 3472 sola
1920 3415 2092 3472 electa

506 3520 611 3578 cst,
642 3512 730 3568 cui
760 3511 903 3568 istud
935 3511 1224 3568 crederent
1249 3509 1654 3567 concedendum
1681 3527 1695 3565 :
1723 3525 1848 3580 quia
1878 3509 2014 3564 nihil
2037 3509 2094 3565 in

507 3603 707 3672 Patris;
742 3612 796 3660 et
820 3602 965 3671 Filii,
996 3609 1052 3659 et
1081 3600 1316 3674 Spiritus
1339 3601 1517 3659 sancti
1543 3596 1882 3658 sacramento
1906 3615 2096 3671 pecca-

512 3707 653 3753 rent.

584 3808 710 3866 Haec
731 3795 916 3880 itaque
944 3792 1269 3867 venerabilis
1293 3801 1592 3867 lnnOcentii
1619 3808 1786 3866 verba
1840 3806 1916 3863 ita
1957 3804 2095 3862 deﬁ-

509 3902 678 3958 nitiva
704 3902 851 3971 sunt,
879 3911 1040 3975 atque
1067 3903 1373 3976 perspicua,
1397 3912 1458 3960 ut
1477 3919 1692 3960 omnem
1717 3900 1919 3958 nostris
1945 3915 2097 3956 men-

511 3992 657 4050 tibus
727 3993 1038 4065 scrupulum
1108 3994 1378 4061 auferant,
1432 3993 1744 4064 nodumque
1809 3989 2098 4062 propositae

512 4084 826 4153 quaestionis
849 4085 1216 4141 indubitanter
1235 4086 1536 4142 absolvant.
1563 4086 1620 4141 Si
1642 4092 1820 4141 autem
1844 4099 1943 4156 per
1963 4083 2098 4140 Pau-

510 4175 756 4232 lianistas
784 4185 1185 4233 sacramentum
1213 4178 1415 4234 idcirco
1459 4179 1576 4234 dari
1608 4194 1715 4234 non
1744 4186 1940 4249 potest,
1970 4177 2098 4248 quia

513 4272 673 4328 ﬁdem
711 4282 915 4328 sancta:
945 4273 1231 4330 Trinitatis
1253 4289 1358 4330 non
1388 4275 1623 4341 habent;
1653 4289 1749 4346 per
1769 4272 2097 4328 Novatianos

514 4373 692 4421 autem
722 4365 843 4420 ideo
869 4373 1066 4436 potest,
1097 4366 1224 4436 quia
1254 4366 1381 4422 licet
1403 4367 1668 4424 aliotenus
1693 4365 1934 4422 hmretici
1963 4366 2094 4431 sint,

512 4457 828 4513 orthodoxa:
854 4467 1030 4513 tamen
1059 4457 1182 4513 ﬁdei
1209 4458 1602 4528 plenitudinem
1633 4467 1855 4515 tenent:
1885 4465 2099 4514 constat

514 4549 760 4620 profecto
787 4549 911 4619 quia
952 4549 997 4604 si
1031 4549 1163 4605 ﬁdes
1193 4560 1323 4615 stat,
1356 4551 1692 4607 consecratio
1745 4552 1912 4606 robur
1959 4549 2100 4605 obti-

512 4647 677 4697 neat:
711 4656 811 4696 nec
837 4640 1069 4697 actionis
1094 4640 1454 4698 labefactatur
1481 4643 1636 4710 vitio,
1667 4657 1789 4713 qua:
1817 4641 1943 4698 ﬁdei
1972 4641 2098 4698 niti-
2123 4652 2176 4714 1)

517 4745 605 4791 tur
632 4733 1004 4792 fundamento.

1079 4852 1308 4911 CAPUT
1343 4852 1533 4911 XXIV.

515 4964 670 5033 Quod
699 4965 837 5036 ntale
862 4964 1096 5036 ordinati
1146 4965 1370 5036 episcopi
1421 4965 1830 5020 consecrationis
1865 4957 2103 5036 'gratiam

786 5035 910 5090 aliis
933 5034 1178 5102 habeant,
1205 5036 1295 5091 sed
1319 5034 1420 5091 sibi
1444 5053 1548 5092 non
1573 5037 1818 5092 habeant.

583 5145 715 5206 Esto
765 5145 949 5218 igitur.
979 5148 1359 5217 concedamus,
1411 5148 1496 5205 vel
1546 5149 1726 5222 potius
1769 5164 2099 5217 asseramus,

513 5245 573 5293 ut
602 5236 944 5293 Simoniacus
973 5238 1044 5293 sit
1075 5238 1385 5305 haereticus,
1416 5241 1512 5297 sed
1547 5249 1603 5297 et
1633 5238 1964 5296 Novatianns
1991 5240 2105 5296 ha:-

513 5328 820 5410 reticus,’et
845 5327 1130 5384 Donatista
1159 5329 1318 5385 simul
1350 5331 1638 5387 haereticus
1664 5348 1678 5385 :
1709 5332 1803 5386 sed
1834 5326 2104 5386 Simonia-

514 5437 614 5478 cus
639 5419 692 5474 in
726 5419 990 5492 Spiritum
1039 5430 1286 5477 sanctum
1335 5433 1547 5494 peccat,
1580 5423 1710 5494 quia
1760 5423 1960 5478 donum
2007 5421 2105 5477 Dei

513 5521 816 5583 comparat,
844 5522 901 5569 et
924 5513 1256 5571 Novatianns
1286 5523 1435 5571 certe
1480 5515 1534 5571 in
1560 5518 1807 5571 eumdem
1839 5514 2101 5584 Spiritum

515 5610 764 5659 sanctum
787 5611 1002 5674 peccat,
1029 5603 1155 5674 quia
1176 5603 1358 5673 lapsus
1384 5603 1550 5659 etiam
1572 5613 1696 5675 post
1723 5603 2098 5675 paenitentiam

515 5693 583 5748 de
612 5691 726 5760 ejus
752 5692 1072 5748 remissione
1101 5692 1388 5761 desperat;
1421 5692 1772 5750 nihilominus
1798 5693 1962 5749 etiam
1995 5694 2100 5749 Do-

515 5783 715 5838 natista
745 5790 935 5851 peccat
959 5783 1013 5837 in
1045 5782 1306 5851 Spiritum
1333 5791 1601 5851 sanctum,
1622 5785 1714 5854 qui
1745 5800 1804 5840 se
1826 5786 1894 5842 ab
1916 5785 2101 5841 Eccle-

519 5872 599 5928 sia
628 5880 897 5945 segregat,
930 5879 1087 5930 extra
1119 5888 1283 5944 quam
1309 5873 1563 5934 videlicet
1604 5876 1842 5949 Spiritus
1878 5888 2098 5938 sanctus

2196 3343 2284 3389 tur
2322 3333 2489 3389 fuisse
2534 3332 2826 3388 collatum?
2875 3330 2935 3387 Si
2978 3331 3073 3401 qui
3114 3339 3298 3386 tamen
3326 3329 3510 3387 clerici
3555 3330 3622 3386 ab
3663 3328 3784 3384 istis

2194 3423 2664 3497 pseudoepiscopis
2707 3423 2761 3478 in
2812 3437 2998 3478 eorum
3049 3420 3307 3478 Ecclesiis
3353 3420 3590 3475 ordinati
3637 3427 3783 3485 sunt,

2194 3533 2313 3588 qua:
2343 3517 2406 3571 ad
2437 3515 2687 3587 proprios
2720 3513 3004 3586 episcopos
3031 3511 3399 3582 pertinebant,
3427 3518 3482 3565 et
3511 3510 3785 3567 ordinatio

2195 3623 2382 3664 eorum
2407 3622 2530 3662 cum
2559 3619 2824 3662 consensu
2853 3614 2910 3660 et
2933 3603 3137 3673 judicio
3184 3601 3589 3674 praesidentium
3639 3603 3785 3659 facta

2203 3709 2308 3767 cst,
2338 3707 2518 3770 potest
2544 3707 2660 3754 rata
2685 3697 2897 3765 haberi,
2927 3696 3001 3752 ita
3030 3706 3090 3754 ut
3115 3696 3170 3753 in
3200 3697 3331 3768 ipsis
3368 3695 3628 3753 Ecclesiis
3658 3710 3784 3768 per-

2197 3798 2466 3858 severent,
2497 3789 2656 3846 aliter
2687 3804 2823 3844 vana
2847 3788 3104 3846 habenda
3133 3799 3220 3846 est
3269 3788 3390 3844 talis
3429 3787 3720 3844 ordinatio.
3759 3807 3780 3841 ι

2198 3883 2342 3940 Ecce
2372 3882 2686 3939 authentico
2717 3881 2918 3938 Leonis
2949 3896 3101 3952 papa:
3144 3881 3368 3954 judicio,
3418 3894 3555 3951 quos
3607 3893 3788 3950 neque

2197 3975 2352 4042 cieri,
2382 3990 2557 4045 neque
2589 3973 2760 4044 plebis
2791 3988 3086 4030 consensus
3113 3973 3296 4045 elegit,
3349 3986 3451 4028 nec
3495 3987 3619 4028 cum
3675 3986 3788 4027 me-

2209 4068 2520 4141 tropolitani
2558 4067 2764 4138 judicio
2789 4067 3199 4140 provincialium
3243 4067 3621 4140 episcoporum
3651 4081 3784 4122 con-

2198 4163 2381 4220 cordia
2407 4162 2770 4230 consecravit,
2793 4161 2934 4218 inter
2953 4161 3235 4234 episcopos
3259 4159 3365 4218 non
3391 4161 3698 4216 habentur:
3727 4167 3790 4216 et

2201 4263 2382 4310 tamen
2414 4255 2493 4321 hi,
2525 4255 2618 4325 qui
2647 4254 2715 4310 ab
2741 4255 2823 4311 eis
2856 4264 2984 4311 sunt
3012 4255 3066 4310 in
3092 4255 3328 4327 propriis
3355 4254 3613 4311 Ecclesiis
3635 4252 3785 4323 judi-

2200 4349 2284 4407 cio
2315 4349 2720 4420 praesidentium
2748 4349 3004 4415 ordinati,
3038 4363 3384 4421 nequaquam
3407 4356 3536 4403 sunt
3558 4345 3784 4418 injuncti

2201 4445 2398 4513 gradus
2427 4445 2632 4500 honore
2657 4443 2938 4514 privandi;
2976 4443 3230 4498 videlicet
3255 4452 3314 4498 ut
3357 4443 3426 4509 is,
3455 4441 3548 4514 qui
3579 4441 3648 4494 ad
3671 4438 3789 4508 epic

2200 4545 2454 4606 scopatus
2499 4535 2735 4591 oﬁicium
2767 4549 2891 4590 cum
2923 4543 3073 4589 tanta
3119 4533 3470 4605 usurpatione
3518 4530 3788 4602 prorupit,

2202 4635 2263 4682 ut
2294 4627 2557 4683 adversus
2582 4643 2708 4683 cum
2735 4626 2980 4684 omnium
3021 4626 3138 4684 fere
3181 4636 3304 4683 vota
3355 4633 3705 4691 concurrant,
3737 4632 3796 4680 et

2208 4718 2332 4786 sibi,
2361 4718 2504 4790 quod
2529 4717 2761 4789 accepit,
2793 4717 3050 4788 prodesse
3093 4716 3169 4773 nil
3218 4717 3415 4785 valeat,
3457 4725 3645 4789 utpote
3692 4714 3790 4787 qui

2207 4811 2348 4868 inter
2389 4811 2673 4883 episcopos
2699 4825 2806 4866 non
2845 4807 3098 4876 habetur,
3129 4818 3184 4866 et
3225 4809 3346 4866 aliis
3374 4809 3572 4881 prosit,
3603 4814 3794 4877 quate-

2205 4918 2307 4958 nus
2329 4903 2420 4973 qui
2467 4901 2534 4958 ab
2559 4917 2625 4958 co
2663 4901 2897 4972 promoti
2927 4910 3072 4966 sunt,
3107 4917 3138 4956 a
3187 4901 3300 4958 suis
3328 4915 3673 4971 nequaquam
3701 4913 3795 4954 ar-

2206 5002 2431 5050 ceantur
2487 4992 2804 5049 honoribus.
2857 4991 2967 5048 Sed
3018 4991 3139 5062 quis
3184 5000 3346 5064 neget
3397 4991 3638 5064 potuisse
3683 4989 3797 5044 illic

2205 5084 2370 5140 etiam
2399 5083 2706 5140 venalitatis
2755 5083 3084 5141 intervenire
3130 5082 3538 5147 commercium,
3585 5080 3676 5135 ubi
3725 5078 3796 5135 ad

2209 5175 2434 5231 honoris
2459 5174 2670 5231 culmen
2694 5182 2803 5228 tam
2833 5174 3132 5241 obstinata,
3155 5183 3271 5229 tam
3295 5172 3653 5244 inopportuna
3675 5170 3794 5225 fuc-
3866 5225 3874 5240 ,

2210 5266 2282 5321 rit
2329 5265 2626 5322 ambitione
2666 5265 3016 5337 subreptum?
3061 5264 3161 5333 Qui
3216 5275 3394 5321 tamen
3443 5264 3564 5321 aliis
3609 5261 3793 5328 habet,
3865 5245 3872 5258 ’

2209 5359 2354 5429 quod
2385 5359 2490 5415 sibi
2525 5375 2632 5416 non
2661 5360 2863 5415 habet:
2889 5359 3016 5431 quia
3035 5359 3291 5416 videlicet
3315 5359 3449 5418 alios
3473 5371 3798 5417 consecrare

2210 5451 2567 5522 permittitur,
2594 5467 2718 5506 cum
2747 5459 2804 5508 et
2834 5451 2948 5522 ipse
2983 5451 3128 5508 inter
3149 5453 3434 5523 episcopos
3457 5468 3565 5510 non
3597 5449 3799 5506 habea-

2210 5553 2318 5601 tur.
2351 5533 2506 5616 Szepe
2534 5545 2707 5601 sterili
2739 5553 2933 5600 trunco
2961 5545 3233 5602 secundus
3283 5560 3466 5601 ramus
3509 5543 3792 5608 inseritur,

2208 5635 2299 5708 qui
2331 5636 2590 5691 nimirum
2617 5635 2674 5691 in
2705 5650 2792 5704 eo,
2822 5635 2966 5708 quod
2996 5635 3289 5708 germinat,
3321 5651 3428 5694 non
3462 5634 3662 5703 trunci,
3699 5630 3798 5692 sed

2204 5735 2434 5807 propriae
2461 5744 2670 5794 naturae
2691 5733 2818 5807 jura
2842 5742 3153 5794 conservat.

3171 5898 3179 5903 _
3219 5893 3229 5907 ‘
3489 5867 3525 5891 ε·
3567 5886 3570 5889 .
3653 5864 3755 5890 ’κιαι

3197 5917 3226 5943 “<
