4080 5346
313 368 412 423 πη

891 476 1116 534 CAPUT
1157 479 1324 533 XXV.

319 567 474 636 Quod
504 569 569 622 ab
600 568 778 639 impiis
809 586 942 637 savpe
970 571 1228 624 Ittrrctiris
1277 571 1530 635 ordinati,
1579 588 1610 623 α
1639 570 1748 624 suis
1795 587 1894 624 non

807 652 1168 695 removeantur
1196 643 1397 711 officiis.

383 746 521 813 Quid
550 748 752 810 dicam,
785 750 926 818 quod
949 763 1014 803 ex
1045 749 1152 814 his,
1182 749 1273 818 qui
1303 751 1368 802 ab
1397 749 1732 819 impiissimis
1763 760 1890 805 sunt

313 835 586 893 hareticis
630 838 864 892 ordinati
907 837 1274 894 ecclesiastica
1321 839 1566 893 videatur
1609 840 1896 895 subvenire

311 912 631 994 auctoritas,
660 938 716 982 et
745 929 799 984 in
841 929 1245 1000 promulgandis
1281 945 1445 999 super
1474 931 1576 985 hac
1619 932 1895 1001 discepta-

313 1016 458 1072 tione
470 1016 712 1086 judiciis,
741 1035 847 1074 non
873 1029 980 1074 tam
1006 1030 1242 1075 veterem
1267 1019 1548 1090 perﬁdiam
1572 1036 1893 1090 promoven-

313 1105 466 1171 tium,
491 1122 652 1176 quam
677 1124 871 1162 novam
903 1109 1083 1174 ﬁdem,
1110 1120 1162 1164 et
1189 1110 1616 1180 resipiscentiam
1646 1113 1895 1168 conside-

310 1208 395 1253 ret
419 1201 836 1268 promotorum?
865 1201 968 1269 Qui
997 1202 1141 1256 enim
1170 1202 1406 1257 decretis
1451 1204 1765 1272 pontificum
1798 1220 1891 1259 so-

308 1288 478 1346 lerter
502 1291 792 1358 incumbit,
826 1310 932 1349 non
964 1294 1176 1364 ignorat
1203 1296 1476 1362 eumdem,
1522 1296 1675 1364 cujus
1727 1313 1890 1368 supra

307 1383 470 1452 paulo
496 1394 622 1440 ante
647 1386 1015 1450 meminimus.
1065 1387 1436 1443 Innocentium
1480 1405 1677 1462 papam
1726 1391 1892 1446 licen-

311 1473 441 1530 tiam
474 1478 810 1546 permisisse,
849 1486 909 1532 ut
949 1494 1158 1544 omnes,
1191 1481 1282 1551 qui
1329 1489 1455 1536 ante
1483 1482 1888 1539 damnationem

307 1569 509 1624 Bonosi
538 1569 776 1624 luerctici
807 1571 874 1624 ab
899 1585 964 1624 eo
995 1570 1207 1626 fuerant
1233 1571 1492 1639 ordinati,
1527 1573 1570 1628 si
1602 1575 1791 1629 relicto
1815 1584 1891 1629 at-

307 1669 413 1725 que
456 1655 713 1711 damnato
757 1655 874 1724 ejus
912 1672 1118 1722 errore,
1169 1659 1546 1715 ecclesiastiem
1591 1663 1782 1717 unitati
1829 1679 1888 1718 se

307 1747 517 1804 sociare
545 1750 914 1820 disponerent,
948 1751 1000 1805 in
1026 1753 1136 1807 suis
1160 1753 1452 1809 honoribus
1479 1766 1880 1824 permanerent.

1112 369 1350 424 OPUSC.
1384 367 1468 424 τι.
1497 400 1565 410 -—-
1593 369 1794 424 LIBER
1834 368 1948 435 QL'I
1992 367 2263 425 DlClTUR
2294 370 2771 429 CllATlSSlMUS.

3470 381 3573 441 158

1927 484 1970 540 Α
1999 478 2321 535 detrimenta
2357 495 2662 549 senserunt,
2693 485 2998 543 deelarante
3019 488 3121 545 hoc
3147 492 3318 562 ipsum
3347 493 3574 551 Domino

2000 571 2439 627 manifestissima
2471 590 2601 630 voce
2635 591 2650 629 :
2685 595 2702 626 ι
2742 578 3028 645 Sederunt,
3065 581 3260 653 inquit,
3295 583 3498 642 Scriba:
3521 596 3578 644 et

1997 659 2253 717 Pharisaei
2286 680 2449 734 super
2473 657 2785 722 cathedram
2819 671 3016 741 Moysi;
3046 689 3164 744 quae
3190 676 3373 733 dicunt
3394 681 3574 745 vobis,

1999 749 2190 816 facite;
2239 767 2358 821 qua:
2408 767 2585 809 autem
2635 757 2860 822 faciunt,
2908 762 3072 816 nolite
3119 763 3338 821 facere:
3387 768 3575 824 dicunt

1997 842 2162 906 enim,
2195 852 2250 896 et
2277 859 2381 898 non
2410 844 2616 900 faciunt
2642 846 2858 918 (Matth.
2889 851 3063 920 χχιιι).
3102 871 3120 905 ι

2067 934 2337 1003 Quidquid
2365 950 2494 1006 ergo
2519 939 2585 992 ad
2615 939 2893 995 hominum
2923 953 3236 1011 provectum
3262 949 3488 1018 quilibet
3516 951 3570 1005 in

1996 1020 2234 1077 Ecclesia
2269 1024 2516 1079 minister
2540 1042 2637 1095 pro
2660 1028 2838 1084 ofﬁcio
2858 1046 2956 1086 suo
2978 1034 3188 1088 videtur
3207 1039 3442 1105 operari,
3469 1041 3572 1096 hoc

1998 1119 2167 1166 totum
2197 1117 2463 1172 contineri
2496 1119 2768 1188 implendo
2791 1122 3091 1182 divinitatis
3118 1125 3326 1189 effectu,
3364 1129 3434 1184 ita
3458 1133 3566 1196 ille,

1993 1219 2091 1273 per
2116 1219 2275 1276 quem
2305 1208 2553 1264 Christus
2585 1212 2842 1282 loquitur,
2870 1215 3066 1272 Paulus
3093 1217 3328 1275 affirmat
3354 1241 3368 1275 :
3397 1241 3415 1272 ι
3454 1223 3568 1292 Ego

1992 1296 2231 1366 plantavi
2259 1312 2274 1352 :
2307 1300 2493 1369 Apollo
2520 1303 2730 1374 rigavit,
2758 1308 2851 1360 sed
2885 1307 3024 1362 Deus
3051 1309 3443 1367 incrementum
3474 1317 3569 1370 dc-

1994 1385 2072 1439 dit
2098 1386 2149 1457 (I
2179 1387 2300 1441 Cor.
2340 1389 2447 1459 ιιι),
2494 1410 2514 1444 ι
2546 1400 2602 1446 et
2646 1395 2805 1463 paulo
2846 1407 2967 1466 post
3017 1398 3160 1454 idem
3206 1401 3568 1460 Anastasius:

1997 1495 2018 1530 ι
2056 1477 2182 1534 ideo
2203 1494 2332 1550 ergo
2361 1491 2416 1537 et
2441 1483 2552 1550 hic,
2586 1484 2740 1554 cujus
2772 1502 2968 1544 nomen
3015 1491 3244 1548 dicimus
3272 1508 3393 1550 esse
3436 1497 3574 1550 reti-

1989 1570 2218 1624 cendum
2243 1589 2259 1624 :
2280 1572 2420 1627 male
2443 1575 2582 1628 bona
2606 1577 2982 1646 ministrando,
3008 1580 3108 1636 sibi
3135 1591 3338 1638 tantum
3366 1587 3570 1640 nocuit.

1989 1657 2124 1714 Nam
2156 1663 2462 1720 inviolabile
2497 1679 2929 1735 sacramentum,
2969 1675 3112 1742 quod
3156 1689 3256 1744 per
3286 1676 3436 1731 illum
3472 1679 3573 1732 da-

1990 1759 2102 1806 tum
2129 1763 2231 1818 est,
2257 1755 2310 1810 in
2336 1757 2458 1812 aliis
2478 1759 2864 1829 perfectionem
2888 1779 2998 1818 suae
3019 1766 3236 1822 virtutis
3256 1769 3511 1823 obtinuit.
3548 1789 3566 1820 ι

307 1841 373 1896 Et
409 1843 627 1914 quidem
653 1844 920 1912 Bonosus,
949 1853 1106 1914 prout
1133 1846 1185 1900 in
1208 1845 1449 1914 ejusdem
1473 1847 1708 1904 decretis
1741 1849 1885 1902 inve-
1918 1829 1960 1888 Β
1991 1842 2132 1900 Ecce
2162 1847 2246 1900 vir
2273 1850 2599 1917 apostolicus
2631 1861 2884 1921 tanquam
2909 1870 3007 1924 pro
3037 1857 3192 1912 nobis
3227 1867 3418 1923 staret,
3469 1874 3571 1914 no-

305 1933 474 2000 nitur,
530 1933 888 1989 Photinianus
951 1935 1118 1991 fuisse
1171 1937 1527 2007 dignoscitur.
1575 1938 1883 1993 Photiniani

304 2035 484 2080 autem
518 2027 673 2097 123
716 2037 914 2095 negant
940 2028 1216 2083 Christum
1247 2028 1415 2083 Deum
1443 2039 1568 2083 ante
1592 2031 1787 2085 sazcula
1815 2047 1884 2086 ex

302 2119 484 2175 Patris
509 2122 808 2176 substantia
832 2122 1070 2192 genitum
1095 2121 1358 2177 extitisse.
1384 2122 1422 2176 li
1446 2122 1722 2186 nimirum,
1759 2123 1882 2192 quia

302 2226 427 2266 cum
453 2211 652 2266 Iudaeis
681 2212 772 2267 Dei
821 2213 1012 2267 Filium
1064 2228 1264 2284 negare
1305 2229 1412 2268 non
1446 2223 1713 2280 metuunt,
1761 2230 1882 2270 cum

300 2302 509 2356 eisdem
532 2317 744 2372 quoque
771 2302 1109 2374 participium
1139 2318 1244 2359 non
1266 2304 1493 2360 diversa:
1518 2305 1884 2362 damnationis

300 2391 606 2448 incurrunt.

373 2486 508 2540 Cum
541 2501 670 2558 ergo
696 2488 754 2551 ii,
787 2488 876 2558 qui
908 2505 1010 2543 non
1037 2489 1196 2543 modo
1224 2504 1252 2543 a
1285 2498 1390 2544 tam
1419 2489 1726 2558 pernicioso
1755 2504 1885 2544 con-

299 2579 499 2634 secrati
530 2580 837 2634 referuntur
860 2581 1134 2644 hzeretieo,
1160 2581 1253 2635 sed
1281 2579 1396 2647 ejus
1419 2582 1639 2650 insuper
1659 2582 1883 2638 involuti

299 2671 602 2736 erroribus,
634 2671 687 2726 in
716 2674 952 2741 acceptis
1003 2688 1322 2743 permanere
1369 2674 1625 2742 gradibus
1656 2675 1881 2744 permit-

301 2769 522 2826 tttulur;
553 2761 712 2817 facile
737 2763 1176 2832 deprehenditur,
1205 2763 1334 2832 quid
1379 2764 1444 2817 de
1493 2764 1580 2827 iis,
1613 2765 1702 2831 qui
1734 2780 1762 2817 a
1798 2764 1884 2818 Si-

299 2853 564 2908 moniacis
593 2869 698 2906 non
747 2854 1044 2909 simoniace
1091 2862 1215 2909 sunt
1255 2855 1536 2923 provecti,
1581 2855 1884 2926 meritoque

292 2939 594 3009 iudicetur.
625 2944 722 2998 Cui
769 2960 876 3000 non
925 2945 1186 3000 dissimile
1229 2945 1392 3000 etiam
1428 2946 1553 2999 illud
1602 2954 1706 3012 est,
1739 2947 1882 3016 quod

297 3031 622 3088 Anastasius
651 3051 782 3106 papa
811 3039 875 3090 de
905 3037 1156 3091 hmretico
1200 3035 1397 3090 Acacio
1427 3037 1682 3099 decrevit,
1729 3036 1880 3104 cujus

296 3125 556 3179 nimirum
589 3127 886 3182 decretales
933 3129 1211 3184 sententiae
1256 3137 1364 3182 tam
1415 3129 1630 3183 climate
1659 3130 1878 3200 digesta:

296 3224 448 3280 sunt,
477 3217 784 3286 nostrisque
813 3219 1220 3288 allegationibus
1246 3234 1342 3288 per
1369 3219 1548 3272 omnia
1573 3235 1876 3290 congruen-

296 3315 399 3370 tes,
428 3310 724 3364 utetiamsi
751 3327 870 3382 quae
900 3328 930 3366 a
973 3313 1130 3367 nobis
1156 3313 1419 3382 prolixius
1465 3322 1685 3368 exarata
1729 3323 1875 3382 sunt,

291 3409 491 3454 cuncta
529 3399 802 3467 deessent,
851 3401 916 3456 ad
948 3403 1406 3472 comprobandum
1451 3405 1594 3473 quod
1645 3405 1695 3458 in
1743 3422 1878 3477 prae-

291 3491 434 3544 senti
466 3489 831 3559 disputatione
861 3509 1162 3557 versamur,
1210 3493 1364 3563 plene
1411 3493 1702 3549 sufﬁciant.
1734 3495 1878 3563 Qua-

289 3592 520 3652 propter
547 3598 646 3638 nec
670 3600 766 3639 nos
796 3586 974 3657 pigeat
1001 3587 1068 3642 de
1098 3586 1236 3657 stle
1285 3585 1402 3654 ejus
1450 3587 1538 3641 hic
1586 3589 1875 3659 aliquando

290 3673 612 3742 productius
643 3689 941 3743 recensere,
971 3685 1027 3731 ut
1057 3677 1199 3746 quod
1223 3677 1514 3745 loquimur,
1537 3695 1641 3733 non
1665 3695 1728 3734 ex
1752 3697 1876 3750 pro-

290 3763 428 3833 priis
454 3765 946 3832 adimentionilms,
973 3769 1068 3823 sed
1107 3784 1169 3822 ex
1202 3767 1422 3822 Patrum
1463 3769 1660 3838 regulis
1692 3771 1876 3825 videa-

289 3873 416 3910 mur
447 3873 758 3927 excerpere.
787 3861 874 3913 Ait
907 3875 1144 3930 namque
1193 3859 1333 3913 inter
1368 3869 1563 3915 rmtera
1591 3861 1752 3931 (υἱεῖ.
1785 3863 1872 3927 19,

287 3964 338 4001 c.
378 3948 428 4017 l)
458 3948 750 4004 Anastasio
776 3949 1122 4020 imperatori:
1162 3969 1180 4001 ‹
1237 3949 1545 4004 Secundum
1596 3951 1869 4019 Ecclesiae,

290 4037 494 4107 inquit,
535 4038 807 4093 catholica:-
836 4036 1303 4104 c‘ousuetudinem,
1338 4039 1762 4095 sacratissimum
1789 4055 1875 4096 se-

291 4129 544 4183 renitatis
574 4138 676 4184 tua:
706 4139 890 4200 pectus
915 4140 1192 4200 agnoscat,
1222 4131 1364 4200 quod
1415 4131 1616 4184 nullum
1672 4132 1737 4186 de
1766 4133 1871 4200 his,

285 4217 376 4272 vel
407 4235 544 4287 quos
573 4219 865 4288 baptizavit
912 4220 1167 4285 Aeacius,
1220 4218 1300 4274 vel
1354 4235 1489 4289 quos
1536 4221 1869 4287 sacerdotes,

284 4309 405 4364 sive
439 4310 662 4376 levitas,
695 4312 988 4367 secundum
1035 4325 1270 4366 canones
1313 4311 1602 4376 ordinavit,
1651 4312 1754 4365 ulla
1805 4328 1873 4367 ex

285 4401 512 4455 nomine
541 4401 722 4457 Aeaeii
752 4403 927 4472 portio
955 4401 1188 4456 lzesionis
1225 4402 1473 4472 attingat,
1506 4417 1612 4472 quo
1642 4401 1868 4458 forsitan

283 4504 387 4558 per
416 4490 656 4561 iniquum
685 4493 878 4546 tradita
930 4491 1255 4548 sacramenti
1285 4494 1459 4562 gratia
1506 4493 1685 4546 minus
1713 4493 1868 4548 ﬁrma
1901 4522 1948 4582 ι)

288 4582 556 4636 videatur.
597 4583 727 4636 Nam
753 4592 810 4638 et
830 4583 1115 4654 baptisma,
1144 4584 1286 4654 quod
1313 4582 1495 4652 procul
1529 4583 1598 4636 sit
1645 4584 1712 4636 ab
1760 4584 1864 4638 Ec-

285 4673 475 4738 clesia,
503 4675 618 4728 sive
645 4675 711 4730 ab
741 4674 1002 4738 adultero,
1058 4675 1172 4730 sive
1206 4690 1237 4730 a
1285 4673 1402 4730 fure
1448 4675 1608 4730 fuerit
1655 4675 1863 4744 datum,

283 4764 352 4816 ad
381 4764 764 4833 percipientem
791 4764 966 4819 minus
997 4764 1245 4834 pervenit
1283 4763 1570 4829 illibatum,
1602 4763 1727 4833 quia
1759 4780 1864 4818 vox

282 4854 398 4919 illa,
422 4870 540 4924 quae
562 4855 743 4910 sonuit
769 4870 864 4924 per
884 4855 1208 4920 columbam,
1235 4869 1448 4911 omnem
1477 4853 1740 4909 maculam
1768 4853 1871 4908 hu-

283 4961 460 5000 manae
504 4945 815 5016 pollutionis
847 4947 1115 5012 excludit;
1151 4965 1170 4999 ι
1219 4946 1362 5017 quod
1411 4945 1721 5001 declaratur
1743 4961 1864 4999 eum

283 5034 522 5090 dicitur:
561 5053 581 5086 ι
614 5034 712 5090 llic
739 5044 846 5099 est,
871 5037 963 5106 qui
998 5035 1238 5106 baptizat
1263 5037 1316 5090 in
1351 5034 1557 5104 Spiritu
1586 5043 1774 5087 sancto
1811 5043 1869 5088 et

439 5123 632 5146 111--.”.
688 5125 840 5146 __---\
948 5126 1078 5148 ιτ---
1113 5124 1154 5148 -2
1185 5125 1408 5150 -.:-:L:I:..
1437 5125 1565 5150 “at-
1597 5123 1749 5152 ἕλκησε
1780 5139 1835 5152 ...ι

948 5126 1018 5148 ‘1-
1033 5143 1078 5148 ..-

1989 1942 2157 1989 stram
2197 1937 2249 1990 in
2285 1951 2344 1990 se
2373 1953 2593 1994 causam
2624 1943 2926 2010 suscepisse
2971 1947 3338 2014 perpenditur,
3390 1948 3465 2002 ita
3509 1957 3571 2003 ut

1987 2039 2124 2094 pene
2153 2025 2286 2079 nihil
2330 2029 2488 2083 nobis
2514 2029 2798 2084 dicendum
2837 2047 3002 2101 super
3049 2035 3207 2104 hujus
3253 2036 3570 2104 qutestiouis

1987 2117 2213 2172 materia
2264 2119 2515 2174 videatur
2557 2121 2860 2190 reliquisse.
2917 2123 3088 2177 Eatur
3137 2140 3266 2196 ergo
3309 2133 3365 2180 et
3399 2135 3565 2181 tanta:

1987 2206 2294 2260 auctoritati
2326 2208 2568 2276 improbe
2593 2211 2898 2276 resistatur,
2923 2227 3023 2266 nec
3063 2212 3295 2268 sufﬁciet
3319 2217 3566 2271 censori-

1985 2295 2087 2350 bus
2112 2297 2282 2361 novis,
2335 2300 2476 2369 quod
2519 2302 2853 2370 principibus
2905 2303 3063 2375 124
3113 2306 3393 2361 videbatur
3421 2310 3566 2363 anti-

1985 2391 2137 2458 quis;
2172 2400 2227 2443 ut
2277 2391 2403 2446 dum
2436 2391 2693 2448 discretio
2750 2411 2857 2449 non
2904 2405 3136 2459 tenetur,
3183 2398 3348 2452 etiam
3395 2401 3567 2468 pietas

1986 2481 2287 2536 amittatur.
2317 2482 2546 2549 Quidam
2595 2501 2828 2554 namque
2871 2485 2998 2540 dum
3038 2488 3235 2553 sancti,
3277 2489 3566 2560 plusquam

1986 2581 2131 2635 sunt,
2160 2572 2328 2626 videri
2358 2583 2636 2642 appetunt,
2665 2575 2742 2630 sic
2770 2587 3022 2646 corrupta
3050 2587 3314 2633 conantur
3351 2581 3566 2636 abscin-

1984 2663 2135 2729 dere,
2164 2673 2222 2716 ut
2247 2666 2631 2735 aggrediantur
2659 2667 2841 2733 etiam,
2872 2683 2992 2737 qua:
3021 2670 3230 2726 sincera
3262 2681 3391 2727 sunt
3419 2672 3567 2729 lace-

1985 2770 2106 2808 rare
2132 2774 2143 2808 :
2184 2764 2348 2826 utque
2380 2758 2448 2812 ad
2480 2757 2699 2826 plausus
2731 2759 3007 2814 hominum
3037 2761 3321 2816 videantur
3348 2765 3402 2818 in
3432 2780 3563 2819 cen-

1984 2860 2108 2900 sura
2130 2845 2355 2915 justitiae
2380 2849 2625 2904 districte
2649 2852 2958 2919 persistere,
2988 2868 3093 2907 non
3119 2862 3374 2910 verentur
3397 2871 3426 2909 a
3447 2856 3561 2926 pie-

1985 2941 2112 2995 tatis
2146 2942 2364 2999 tramite
2391 2942 2683 2999 crudeliter
2711 2946 2985 3000 aberrare.

2540 3053 2765 3111 CAPUT
2803 3053 2993 3112 XXVI.

1986 3144 2138 3208 Quod
2167 3145 2204 3196 ii
2233 3146 2407 3204 etiam.
2437 3161 2569 3214 quos
2593 3159 2702 3214 post
2731 3147 3119 3202 damnationem
3145 3166 3297 3204 suam
3341 3151 3558 3206 ordiua-
3637 3180 3643 3187 -

2228 3217 2294 3268 vit
2328 3217 2569 3277 Aeacius,
2599 3217 2882 3270 honoribus
2915 3235 3017 3271 non
3039 3221 3324 3288 priventur.

2050 3303 2185 3372 Quid
2244 3305 2329 3359 isti
2373 3305 2566 3360 dicturi
2614 3314 2758 3372 sunt,
2807 3306 3028 3361 audiant
3073 3308 3138 3362 de
3184 3310 3269 3364 his
3315 3326 3551 3383 quoque,

1977 3411 2112 3468 quos
2136 3404 2256 3466 post
2275 3397 2671 3453 danmationem
2693 3398 2923 3452 Aeacius
2947 3398 3236 3462 ordinavit,
3265 3403 3393 3470 quid
3416 3404 3557 3458 idem

1976 3502 2112 3557 papa
2147 3488 2480 3541 decreverit:
2516 3503 2618 3540 non
2657 3488 2798 3541 enim
2829 3502 2922 3542 eos
2947 3489 3180 3543 arbitror
3205 3489 3304 3544 ista
3339 3490 3556 3562 legisse,

1976 3579 2121 3650 quod
2150 3588 2362 3634 constat
2389 3581 2456 3634 ab
2484 3580 2548 3633 iis
2581 3581 2866 3636 temerario
2889 3581 3169 3636 dissonare
3192 3583 3414 3653 judicio.
3447 3586 3558 3638 Att-

1975 3671 2125 3726 diant
2154 3671 2316 3742 igitur
2352 3671 2604 3740 pietatem
2637 3672 2942 3742 apostoliete
2971 3675 3135 3739 sedis,
3189 3683 3243 3728 et
3283 3689 3314 3729 a
3358 3676 3558 3730 duritia

1973 3763 2176 3834 proprii
2231 3764 2572 3818 emolliantur
2618 3765 2906 3820 examinis.
2952 3765 3082 3821 Post
3129 3766 3216 3821 illa
3267 3767 3555 3838 siquidem,

1975 3871 2095 3925 qua:
2128 3856 2490 3927 prazmisimus
2517 3865 2570 3911 et
2605 3857 2708 3912 ista
2741 3857 3015 3929 subjungit
3046 3878 3059 3912 :
3090 3859 3242 3926 Quod
3270 3861 3315 3914 si
3341 3860 3554 3930 aliquo-

1975 3963 2118 4012 rum,
2149 3947 2342 4018 inquit,
2369 3948 2420 4000 in
2453 3955 2658 4002 tantum
2685 3963 2744 4003 se
2769 3950 3238 4004 extenditcuriosa
3260 3952 3555 4021 suspectio,

1974 4046 2034 4091 ut
2065 4039 2426 4108 imaginentur
2453 4038 2662 4109 prolato
2692 4054 2720 4093 a
2751 4056 2884 4110 papa
2917 4039 3332 4109 Felicejudicio,
3367 4054 3555 4111 postea

1975 4128 2330 4184 ineflieaciter
2362 4131 2414 4183 in
2445 4131 2825 4196 sacramentis,
2855 4146 2973 4199 qua:
3006 4131 3234 4185 Aeacius
3255 4133 3554 4201 usurpavit,

1975 4221 2187 4290 egisse:
2229 4234 2291 4274 ac
2319 4221 2541 4289 proinde
2569 4230 2780 4290 oportet
2800 4237 2893 4276 eos
2940 4229 3199 4286 metuere,
3231 4223 3322 4291 qui
3368 4224 3450 4279 vel
3501 4227 3556 4279 iu

1975 4309 2491 4372 consecrationibus,
2519 4310 2603 4364 vel
2630 4310 2681 4362 in
2707 4310 3032 4378 baptismate
3060 4311 3313 4380 mysteria
3359 4313 3556 4365 tradita

1974 4409 2347 4470 susceperunt,
2382 4415 2450 4454 ne
2479 4401 2632 4455 irrita
2680 4400 2946 4456 beneﬁcia
2995 4400 3173 4455 divina
3222 4401 3508 4458 videantur
3549 4423 3560 4458 :

1974 4490 2319 4545 meminerint
2360 4489 2414 4544 iu
2452 4489 2591 4544 hanc
2639 4504 2855 4559 quoque
2893 4499 3102 4562 partem
3135 4491 3398 4548 similiter
3439 4501 3554 4548 tra-

1973 4591 2178 4636 ctatum
2203 4581 2496 4652 praevalere
2521 4581 2876 4650 superiorem,
2907 4584 3031 4652 quia
3057 4598 3160 4637 non
3183 4585 3299 4639 sine
3320 4599 3556 4655 usurpa-

1977 4674 2122 4728 tione
2159 4674 2441 4729 sacerdotii
2471 4671 2761 4739 adjudicati
2790 4674 2892 4729 hoc
2920 4675 3050 4745 egit,
3079 4675 3130 4728 in
3161 4689 3268 4745 quo
3295 4675 3548 4730 virtutem

1974 4783 2127 4822 suam
2165 4767 2535 4822 obtinentibus
2583 4766 2858 4836 mysteriis
2907 4767 2959 4820 in
3011 4768 3114 4821 hoc
3162 4780 3378 4836 quoque
3431 4767 3556 4820 aliis

1974 4876 2064 4914 rea
2095 4859 2193 4914 sibi
2225 4874 2455 4927 persona
2482 4871 2589 4912 non
2617 4857 2818 4911 nocuit.
2848 4857 2982 4912 Nam
3013 4857 3080 4911 ad
3107 4855 3253 4908 illum
3277 4856 3555 4924 pertinuit.

1973 4953 2115 5023 quod
2139 4951 2262 5006 tuba
2284 4951 2536 5007 Davidica
2563 4950 2636 5004 ita
2662 4949 2912 5004 canitur:
2940 4967 2959 5001 ι
2993 4947 3375 5002 Verumtamen
3415 4947 3562 5004 Deus

1972 5040 2354 5109 conquassabit
2405 5042 2582 5112 capita
2630 5039 2973 5094 inimicorum
3005 5051 3222 5091 suorum
3249 5078 3264 5100 ,
3292 5039 3560 5095 verticem

1973 5129 2662 5154 --.,2112..--.ι...ι.--1-..ι2η..α
2691 5127 2744 5154 2η
2777 5127 2984 5154 (haud-
3010 5125 3120 5154 ιιι-2ο
3152 5123 3304 5154 ID...’
3352 5130 3486 5154 .....\
3529 5147 3544 5154 ι
