4106 6310
522 360 627 418 139

951 355 1009 410 S.
1046 351 1249 409 PETRI
1283 346 1561 405 DMIIANI
1593 346 1743 403 OPP.
1774 324 2014 402 \TOMUS
2051 341 2179 397 SEU
2220 340 2398 397 PARS
2442 341 2527 397 III.
2565 372 2635 384 --
2674 340 3038 405 OPUSCULA
3083 329 3319 395 VARIA.

3677 343 3779 401 «ιο

518 471 653 542 quia
683 483 786 524 non
812 464 1058 536 populus,
1090 463 1181 534 qui
1230 462 1282 516 in
1314 459 1631 516 m'nisteriis
1676 459 1875 512 donum
1926 456 2098 525 ipsius
2128 464 2169 519 Α
2205 452 2395 506 tissimi
2436 454 2574 523 regis
2617 446 2925 523 imperium,
2970 452 3424 523 prtesulatumque
3476 456 3787 510 reverenda:

522 563 764 623 sitiebat,
794 557 1045 613 exclusus
1075 563 1187 620 est;
1223 553 1316 608 sed
1345 552 1524 609 anima
1552 551 1664 615 illa,
1692 566 1811 620 quae
1836 561 2097 618 peccave-

524 660 630 716 rat,
656 648 804 719 justo
827 646 1033 714 judicio
1064 644 1280 715 proprie
1301 650 1417 697 erat
1445 641 1698 705 obnoxia,
1733 640 1878 709 quod
1905 638 2102 708 ubique

524 756 810 801 numerosa
841 738 1244 809 Scripturarum
1279 742 1513 791 testatur
1540 733 1845 803 instructio.

597 833 737 901 Quid
759 831 872 901 jam
897 829 1106 885 dicetur
1141 827 1209 882 ad
1240 826 1383 886 ista?
1417 825 1547 891 Quae
1571 822 1832 883 adversus
1865 822 1981 876 haec
2001 835 2103 890 po-

515 922 903 981 -terit.callere
950 917 1211 983 versutia,
1256 932 1378 987 quae
1418 915 1631 971 veritati
1680 912 2105 984 repugnantibus

523 1020 811 1085 suppetere
848 1017 1101 1080 poterunt
1143 1004 1508 1078 argumenta?
1558 1004 1697 1058 Ecce
1743 1002 1812 1057 de
1861 1017 1970 1057 una
2016 1001 2106 1057 hic

522 1120 757 1176 persona
779 1100 1089 1172 specialiter
1130 1099 1327 1170 agitur,
1357 1096 1450 1153 sed
1496 1094 1819 1150 universalis
1841 1103 1923 1148 est
1943 1109 2104 1149 causa

523 1212 645 1268 quae
692 1193 1023 1267 generaliter
1070 1192 1324 1253 deﬁnitur
1366 1208 1381 1244 :
1430 1205 1537 1244 non
1584 1197 1763 1245 tamen
1816 1203 1918 1243 nos
1980 1196 2101 1241 tan-

526 1303 689 1357 quam
722 1301 819 1356 pro
846 1282 1121 1340 haereticis
1147 1291 1376 1348 stantes,
1410 1281 1478 1336 ad
1514 1280 1615 1334 hoc
1646 1280 1757 1348 ipsa
1806 1278 2107 1346 praescribi-

518 1393 666 1442 mus,
696 1386 754 1433 ut
781 1376 1018 1445 reliquas
1046 1381 1357 1431 sanctorum
1384 1371 1605 1427 Patrum
1631 1371 1956 1434 sententias,
1987 1384 2107 1439 quae

524 1472 580 1526 in
606 1485 721 1533 eos,
769 1480 1068 1537 eorumque
1103 1463 1468 1520 ministerium
1518 1463 1762 1521 severius
1808 1462 2140 1526 vindicant,

524 1564 877 1617 destruamus
906 1578 921 1614 :
949 1560 1042 1615 sed
1068 1560 1188 1614 ideo
1212 1557 1391 1628 plane,
1419 1564 1477 1611 ut
1504 1556 1654 1621 dum,
1676 1570 1797 1625 quae
1833 1554 1888 1609 in
1915 1556 2109 1625 priori-

526 1655 627 1707 bus
652 1651 856 1707 sanctis
880 1649 1062 1712 fuerit,
1089 1648 1389 1705 moderatio
1428 1646 1770 1702 discretionis
1790 1646 2105 1710 attenditur,

525 1748 596 1802 ab
646 1745 731 1800 his
786 1757 1024 1814 quoque,
1076 1741 1168 1811 qui
1222 1755 1367 1795 nunc
1408 1747 1566 1801 sunt,
1612 1753 1956 1807 nequaquam
2009 1753 2106 1807 per

2203 543 2475 598 memoria:
2498 542 2791 599 Clementis
2817 559 2986 613 νίψω,
3024 543 3290 612 istiusque
3316 543 3619 598 beatissimi
3649 543 3787 599 Leo-

2203 634 2289 689 nis
2314 634 2616 705 apostolici,
2647 649 2755 702 quo
2784 649 2927 688 nunc
2963 628 3208 689 videlicet
3237 633 3485 702 praesule,
3517 643 3704 688 sancta
3728 648 3789 690 se

2203 724 2491 797 gubernari
2523 724 3097 795 gratulaturEcclcsia,
3124 741 3220 795 per
3240 726 3593 781 occidentalia
3623 740 3788 796 regna

2203 812 2354 868 virus
2382 810 2706 867 Simoniaca:
2735 813 3007 867 haereseos
3031 811 3301 867 Ietbaliter
3321 810 3594 875 ebuiIisse,
3624 812 3697 866 ita
3729 823 3790 883 ut

2205 904 2345 973 quod
2362 904 2564 973 passim
2594 903 2758 960 ﬁebat
2781 904 3004 959 licenter
3029 904 3343 969 admissum,
3370 903 3579 959 ultorite
3609 908 3786 959 auina-
3821 958 3829 974 ,

2204 995 2513 1051 adversioni
2571 994 2911 1066 nequaquam
2980 996 3269 1051 duceretur
3337 997 3672 1063 obnoxium,
3730 1005 3788 1052 et

2208 1088 2351 1158 quod
2394 1096 2516 1142 erat
2555 1086 2669 1143 fere
2693 1088 2946 1144 omnibus
2972 1096 3416 1155 consentaneum,
3467 1104 3565 1158 pro
3608 1090 3789 1160 regula

2211 1179 2514 1245 tenebatur,
2541 1190 2791 1249 tanquam
2815 1180 2973 1251 legali
2999 1181 3279 1236 sanctione
3307 1180 3623 1236 decretum?
3648 1181 3788 1247 Quid

2206 1286 2336 1339 ergo
2366 1271 2717 1336 commeruit,
2757 1271 2884 1340 quid
2920 1272 3196 1340 peccavit,
3238 1272 3329 1339 qui
3365 1281 3593 1326 matrem
3633 1287 3787 1326 suam

2206 1361 2525 1424 Ecclesium,
2556 1360 2608 1414 in
2631 1364 2735 1430 qu'a
2761 1360 3016 1414 nimirum
3049 1377 3112 1414 ex
3140 1375 3281 1429 aqua
3301 1359 3573 1429 etSpiritu
3602 1366 3790 1415 sancto

2210 1464 2430 1506 renatus
2455 1461 2559 1517 est,
2588 1450 2905 1519 simpliciter
2927 1451 3077 1516 adiit,
3108 1460 3269 1520 atque
3308 1450 3398 1506 ubi
3438 1450 3787 1520 baptismum,

2208 1543 2318 1598 illic
2353 1544 2518 1597 etiam
2571 1542 2801 1613 gratiam
2855 1544 3278 1597 consecrationis
3315 1541 3557 1610 accepit?
3620 1540 3790 1596 Suum

2208 1636 2410 1704 quippe
2445 1651 2551 1688 non
2583 1644 2724 1700 erat,
2754 1643 2813 1688 ut
2840 1635 2906 1688 de
2933 1635 3305 1689 cuusecraturi
3327 1650 3386 1689 se
3418 1648 3646 1702 persona
3674 1632 3788 1687 dis—

2209 1735 2403 1796 putare
2456 1727 2726 1793 debuerit,
2781 1737 3066 1795 pr0pterea
3101 1741 3262 1797 quem
3313 1726 3453 1795 apud
3492 1724 3791 1780 Ecclesiam

524 1835 941 1892 immoderatam
984 1832 1252 1900 justitiam
1305 1831 1463 1886 limes
1509 1830 1643 1885 recti
1694 1830 1961 1884 examinis
2007 1845 2098 1883 ex-

2217 1833 2364 1871 suam
2396 1816 2689 1887 praesidere
2713 1815 2765 1870 in
2788 1816 3078 1886 episcopali
3097 1817 3354 1872 cathedra
3384 1816 3607 1886 reperit,
3633 1816 3700 1870 ab
3727 1830 3793 1870 eo

524 1929 750 1986 cedatur
797 1944 810 1981 :
861 1941 928 1981 ne
976 1926 1044 1981 iis
1090 1924 1257 1980 etiam
1308 1922 1439 1978 illud
1488 1936 1790 1992 congruere
1841 1921 2105 1985 videatur,

523 2029 669 2096 quod
725 2025 792 2080 de
840 2021 1165 2092 quibusdam
1234 2033 1425 2075 eorum
1488 2017 1757 2071 similibus
1815 2032 1913 2085 per
1968 2015 2112 2084 Apo-

520 2115 724 2170 stolum
747 2113 943 2169 dicitur
966 2128 980 2165 :
1011 2129 1031 2162 ι
1060 2109 1198 2177 Quia
1224 2108 1398 2163 zelum
1425 2106 1515 2161 Dei
1540 2105 1763 2171 habent,
1788 2106 1880 2160 sed
1902 2119 2007 2160 non
2029 2120 2113 2159 se-

516 2203 766 2259 cundum
783 2202 1067 2257 scientiam
1090 2198 1263 2271 (Rom.
1286 2198 1364 2268 x).
1394 2217 1411 2249 ι
1441 2195 1542 2262 Qui
1562 2197 1722 2267 igitur
1744 2197 1813 2250 ab
1836 2197 2111 2262 haeretica,

534 2291 693 2363 125
737 2290 1038 2360 eodemque
1088 2287 1236 2343 sedis
1280 2285 1587 2357 apostolicae
1643 2285 1964 2340 auctoritate
2019 2287 2113 2339 da-

529 2395 740 2449 innato,
786 2382 1022 2453 promoti
1060 2390 1207 2446 sunt,
1254 2396 1284 2434 a
1318 2380 1398 2435 sui
1426 2378 1627 2450 gradus
1647 2378 2113 2433 administratione

526 2491 636 2531 non
680 2482 982 2531 corruunt:
1027 2483 1081 2527 et
1106 2472 1197 2542 qui
1238 2486 1267 2525 a
1299 2470 1630 2525 Simoniacis
1671 2484 1776 2524 non
1818 2468 2112 2524 Simoniaci

524 2566 832 2623 consecrati
872 2573 1016 2627 sunt,
1056 2563 1277 2618 honoris
1308 2562 1511 2630 accepti
1554 2561 1849 2631 periculum
1880 2561 2113 2616 sustine-

529 2657 702 2713 bunt?
756 2657 901 2711 Dura
933 2664 1080 2711 certe
1111 2653 1401 2717 sententia,
1436 2661 1491 2707 et
1535 2652 1815 2706 indiscreti
1845 2651 2112 2705 examinis

526 2762 751 2819 prorsus
779 2747 1076 2802 inhumana
1097 2759 1360 2800 censura:
1393 2752 1608 2812 utquos
1636 2739 1965 2797 censi-ientia
1993 2739 2113 2793 red-

527 2840 611 2894 dit
633 2839 896 2893 innocuos
937 2836 1085 2891 illata
1115 2836 1406 2905 redarguat
1432 2847 1586 2905 pwua
1616 2831 1944 2902 plectendos,
1974 2841 2030 2885 et
2058 2829 2112 2885 in

527 2945 625 2985 eos
644 2929 905 2983 severitas
937 2925 1209 2996 judicialis
1228 2923 1577 2988 extendatur,
1622 2937 1760 2992 quos
1797 2919 2111 2992 praesumpti

528 3019 730 3092 piaculi
763 3017 1038 3074 temeritas
1070 3031 1173 3071 non
1201 3023 1442 3071 accusat.
1478 3011 1582 3068 Ubi
1605 3013 1749 3068 enim
1774 3028 1881 3067 non
1913 3020 1995 3067 est
2018 3013 2113 3065 ad-

528 3110 755 3166 missum
781 3107 1012 3171 crimen,
1060 3121 1158 3160 cur
1184 3103 1449 3160 inferatur
1496 3103 1710 3173 pt‘enale
1751 3102 2114 3173 supplicium?

2211 1909 2278 1962 ad
2312 1909 2555 1962 ordinem
2591 1908 2897 1975 promoveri
2946 1908 3214 1976 integrum
3246 1907 3417 1961 duxit.
3466 1907 3604 1974 Quid
3646 1906 3791 1961 enim

2213 1996 2437 2058 faceret,
2470 1996 2556 2050 cui
2595 2006 2650 2049 et
2675 2011 2871 2051 nomen
2896 1996 3027 2052 dare
3054 1998 3105 2050 in
3130 1995 3466 2065 professione
3495 2010 3664 2051 sacra:
3694 1997 3794 2050 mi-

2210 2086 2338 2143 litia:
2366 2086 2525 2157 126
2553 2086 2850 2142 necessitas
2873 2086 3210 2152 imminebat,
3252 2096 3307 2141 et
3350 2086 3584 2155 migrare
3615 2094 3791 2141 tamen

2212 2178 2280 2232 ad
2305 2177 2494 2232 aliena:
2520 2177 2772 2232 dioecesis
2811 2178 3119 2249 episcopum
3152 2194 3258 2233 non
3291 2176 3521 2233 licebat?
3547 2175 3658 2231 Cur
3686 2192 3794 2233 non

2213 2270 2432 2339 antiqua
2461 2277 2773 2324 sanctorum
2802 2270 3024 2325 Patrum
3047 2280 3219 2341 gesta,
3246 2271 3360 2325 sive
3379 2280 3644 2340 praecepta
3666 2270 3797 2325 sub-

2215 2361 2363 2415 tilius
2401 2369 2839 2431 pertractantur:
2888 2371 2946 2415 ut
2972 2362 3096 2417 dum
3123 2360 3311 2431 judicii
3342 2376 3566 2416 censura
3600 2361 3796 2431 depro-

2214 2452 2399 2517 mitur,
2427 2453 2614 2508 eadem
2648 2467 2861 2523 semper
2888 2452 3106 2507 discreti
3135 2451 3518 2507 moderaminis
3546 2450 3688 2505 linea
3713 2460 3793 2506 te-

2216 2543 2444 2598 nentur?
2469 2542 2604 2598 Nam
2628 2554 2680 2598 et
2711 2543 2759 2598 is
2784 2544 2873 2613 qui
2899 2559 3085 2614 supra,
3109 2543 3427 2615 magniﬁcus
3448 2541 3576 2607 Leo,
3605 2558 3797 2599 omnes

2215 2635 2442 2690 clericos
2468 2636 2536 2691 ab
2564 2636 2835 2691 luereticis
2864 2638 3166 2702 venientes,
3216 2637 3270 2690 in
3304 2638 3368 2691 iis
3394 2636 3634 2706 quidem,
3659 2651 3797 2707 quos

2208 2728 2321 2797 jam
2350 2727 2529 2798 adepti
2557 2735 2702 2792 sunt,
2726 2730 2982 2800 prtecepit
3011 2730 3291 2784 ordinibus
3318 2730 3504 2799 recipi,
3537 2729 3605 2784 ad
3637 2729 3793 2783 altio-

2215 2837 2303 2876 res
2353 2829 2534 2875 autem
2566 2821 2764 2890 gradus
2800 2821 3051 2890 prohibet
3104 2823 3432 2892 promoveri.
3489 2821 3654 2892 Cujus
3703 2821 3799 2875 de-

2214 2909 2349 2964 creti
2373 2924 2472 2965 nos
2508 2909 2719 2964 titulum
2752 2911 2991 2965 contenti
3028 2926 3216 2968 sumus
3246 2911 3335 2967 hic
3366 2911 3605 2966 breviter
3643 2910 3799 2966 adhi-

2213 3002 2365 3067 bere,
2391 3002 2458 3054 ad
2486 3009 2756 3056 texturam
2779 3011 2963 3056 autem
2992 3003 3275 3068 mittimus,
3300 3006 3497 3074 quibus
3518 3013 3677 3059 vacat
3700 3002 3799 3059 ἀπ.

2218 3094 2392 3150 fusius
2424 3094 2531 3148 illic
2553 3104 2776 3149 exarata
2821 3095 3132 3166 perlegere:
3172 3115 3189 3148 ι
3220 3096 3370 3163 Quod
3393 3098 3589 3159 omnis,
3624 3095 3800 3165 inquit

531 3201 634 3256 Ubi
669 3216 773 3254 non
802 3207 886 3254 est
908 3206 1111 3261 reatus,
1144 3210 1242 3250 cur
1258 3196 1516 3251 innocens
1536 3192 1862 3249 exhibentur
1877 3199 1933 3247 ut
1953 3191 2113 3246 reus?
2140 3177 2184 3240 C
2217 3187 2278 3256 (ι,
2294 3185 2419 3256 q.I,
2436 3202 2483 3241 c.
2506 3185 2688 3253 Siquis
2703 3186 3005 3257 Ιιαενειὶειυ),
3021 3187 3307 3257 cujuslibet
3326 3187 3530 3243 ordinis
3545 3186 3798 3248 clericus,

534 3292 688 3358 Quod
711 3287 1074 3359 prtejudiciale
1089 3294 1403 3341 censeretur
1415 3283 1577 3339 etiam
1594 3283 1647 3338 in
1661 3282 2016 3338 tribunalibus
2029 3280 2119 3351 ju-

531 3382 736 3445 dicunt,
790 3394 888 3434 cur
931 3386 1143 3433 rectum
1183 3376 1434 3430 videatur
1462 3374 1516 3428 in
1546 3383 1854 3429 sanctorum
1886 3372 2116 3429 concilio

528 3468 914 3528 sacerdotum?
940 3465 1129 3523 Solent
1157 3473 1305 3521 certe
1325 3463 1699 3534 piipontiﬁces
1723 3463 1790 3517 ad
1821 3461 2117 3532 depositio-

531 3578 656 3619 nem
683 3562 842 3617 unius
862 3559 1151 3631 cujuslibet
1170 3557 1467 3614 sacerdotis
1486 3572 1554 3612 ex
1585 3555 1793 3612 intimis
1816 3555 2118 3611 visceribus

532 3652 826 3723 suspirium
856 3649 1101 3711 reddere,
1149 3648 1404 3705 uberibus
1445 3647 1806 3718 lacrymarum
1858 3647 1989 3701 rivis
2017 3647 2115 3701 tri-

538 3744 641 3798 stia
670 3757 764 3797 ora
794 3739 1138 3811 perfundere,
1165 3738 1453 3808 cunctique
1475 3745 1715 3793 astantes
1741 3736 1843 3805 piae
1872 3750 2119 3809 compas-

528 3835 704 3891 sionis
732 3841 1001 3904 coguntur
1024 3830 1205 3886 studio
1233 3828 1544 3884 condolere.

606 3927 745 3982 Ecce
777 3940 923 3978 nunc
976 3930 1084 3977 tota
1133 3936 1270 3989 pene
1317 3920 1516 3976 Christi
1565 3919 1804 3974 Ecclesia
1854 3918 1920 3973 ad
1961 3916 2119 3972 unius

532 4017 817 4074 sententia:
863 4012 1130 4069 calculum
1174 4012 1557 4068 sacerdotibus
1597 4010 1926 4073 destituitur,
1978 4017 2028 4062 et
2061 4017 2118 4061 ut

535 4107 818 4166 tolerabile
842 4106 1110 4169 videatur,
1142 4102 1481 4160 sacerdotum
1506 4100 1733 4171 populus
1758 4101 1810 4154 in
1834 4113 2120 4154 commune

534 4199 843 4269 deponitur,
895 4204 952 4252 et
980 4196 1124 4251 risus
1155 4194 1407 4250 habetur.
1451 4192 1562 4248 Cur
1591 4207 1698 4247 non
1747 4190 1876 4245 illud
1924 4189 2117 4245 saltem

532 4288 812 4344 reducitur
832 4286 900 4343 ad
920 4286 1259 4349 memoriam,
1287 4282 1430 4353 quod
1458 4296 1558 4353 per
1572 4280 1910 4336 Ezecltielem
1941 4281 2120 4335 divina

536 4395 639 4435 vox
666 4379 889 4444 clamat,
917 4377 1105 4433 dicens
1131 4391 1146 4429 :
1201 4394 1220 4427 ι
1249 4375 1467 4439 Anima,
1498 4388 1619 4442 qua:
1648 4370 1978 4442 peccaverit,
2005 4371 2120 4440 ipsa

533 4470 847 4524 morietur:
914 4475 1071 4537 pater
1123 4480 1229 4520 non
1304 4464 1544 4534 portabit
1612 4462 1952 4531 iniquitatem
2002 4462 2119 4524 lilii.

532 4559 703 4613 tilius.
737 4572 845 4612 non
924 4556 1164 4625 portabit
1225 4554 1565 4624 iniquitatem
1627 4554 1853 4622 patris:

530 4647 666 4718 justi
718 4661 882 4715 super
936 4660 1059 4699 eum
1109 4644 1235 4709 crit,
1288 4651 1344 4697 et
1392 4641 1643 4711 impietas
1697 4642 1847 4711 impii
1895 4642 1999 4697 erit
2030 4659 2119 4697 su-

537 4754 635 4809 per
648 4753 771 4793 eum
786 4737 809 4790 ?
826 4756 845 4788 ι
865 4735 1080 4807 (Ezech.
1096 4732 1376 4805 xvui.)lsti
1391 4740 1573 4787 autem
1585 4732 1837 4787 fraterna:
1849 4732 2119 4788 calamita-

500 4828 514 4903 ῥ
540 4831 610 4886 tis
638 4828 787 4883 avari
814 4828 920 4885 hoc
949 4832 1223 4896 satagunt,
1256 4824 1324 4878 ad
1356 4824 1461 4879 hoc
1483 4823 1785 4888 enituntur,
1816 4833 1875 4877 ut
1915 4825 2118 4889 anima,

538 4936 659 4991 qua
687 4936 793 4975 non
822 4918 1147 4990 peccaverit,
1175 4916 1431 4971 intereat:
1467 4923 1521 4969 et
1568 4914 1731 4969 alieni
1754 4914 2014 4970 facinoris
2042 4916 2121 4971 iu-

538 5024 764 5074 noeens,
792 5021 986 5077 prunas
1000 5005 1265 5062 exsolvat.
1294 5004 1566 5060 Anhelant
1587 5005 1752 5073 enim,
1781 5014 1842 5059 ut
1860 5004 1952 5061 lilii
1976 5004 2126 5062 addi-

539 5112 735 5158 cantur
776 5101 1152 5171 iniquitatibus
1182 5109 1419 5172 patrum,
1450 5108 1504 5155 et
1543 5098 1675 5168 justi
1718 5101 2127 5171 proscribantur

540 5191 862 5249 criminibus
902 5190 1215 5261 impiorum,
1239 5199 1402 5262 atque
1432 5199 1493 5246 ut
1515 5189 1856 5247 manifestius
1875 5191 2124 5262 eloquar,

538 5297 654 5348 eos,
698 5282 793 5352 qui
825 5280 1120 5336 Simoniaci
1153 5297 1256 5337 non
1293 5289 1442 5347 sunt,
1484 5280 1917 5337 Simoniacorum
1948 5281 2125 5351 pceuis

541 5372 872 5444 adjudicant,
917 5380 971 5425 et
996 5387 1095 5442 pro
1122 5371 1334 5427 illorum
1359 5372 1727 5443 negotiatione
1760 5373 2124 5429 condemnant

541 5466 635 5537 qui
656 5463 1010 5525 exsecrabilis
1036 5464 1239 5535 negotii
1268 5466 1473 5520 crimen
1503 5480 1727 5535 prorsus
1761 5465 2032 5534 ignorant.

1086 5554 1317 5612 CAPUT
1359 5554 1572 5611 XXVII.

530 5643 699 5710 .Quod
731 5661 889 5717 usque
915 5646 986 5701 ad
1015 5645 1112 5701 hac
1135 5657 1338 5716 tempus
1376 5643 1685 5700 Simoniaca
1710 5645 1922 5701 haeresis
1945 5645 2126 5717 viguit.

528 5768 539 5813 ;
614 5737 746 5804 Quis
774 5739 914 5793 cnim
946 5737 1155 5796 nesciat
1179 5752 1350 5808 usque
1378 5736 1444 5793 ad
1465 5736 1625 5807 hujus
1655 5736 1873 5794 IIcnrici
1896 5737 2129 5796 clemen-

960 5852 995 5907 ιζ

2218 3280 2309 3349 qui
2354 3278 2676 3334 catholicam
2726 3280 3013 3342 deserens,
3092 3281 3360 3336 hmretica:
3429 3278 3800 3337 communioni

2218 3373 2497 3429 miscuerit
2523 3388 2603 3436 se,
2639 3372 2683 3426 si
2713 3376 2779 3425 ad
2823 3372 3118 3427 Ecclesium
3151 3387 3399 3427 reversus
3430 3372 3610 3440 fuerit,
3643 3373 3697 3432 in
3733 3387 3801 3427 eo

2218 3465 2409 3535 gradu,
2441 3478 2548 3534 quo
2584 3474 2722 3529 erat,
2746 3464 2861 3518 sine
2903 3463 3240 3532 promotione
3266 3472 3603 3532 permaneat.
3642 3457 3665 3516 ἱ
3699 3461 3801 3518 Po—

2226 3572 2416 3610 namus
2436 3555 2634 3624 itaque,
2666 3566 2725 3609 ut
2747 3554 3047 3611 Simoniaci
3079 3555 3132 3609 in
3156 3554 3305 3609 nullo
3333 3569 3363 3608 a
3392 3555 3605 3610 caeteris
3629 3554 3802 3609 haere-

2218 3649 2343 3702 ticis
2389 3648 2659 3712 diil'erant,
2724 3655 2885 3716 atque
2910 3663 3006 3717 per
3050 3647 3449 3702 schismaticam
3478 3654 3678 3702 sectam
3729 3648 3804 3703 si-

2219 3737 2441 3800 militer,
2481 3751 2602 3790 cum
2633 3736 2715 3789 eis
2748 3737 2817 3790 ab
2841 3736 3211 3791 ecclesiastica
3253 3736 3631 3791 communione
3672 3752 3802 3806 pro-

2219 3828 2306 3882 cul
2338 3828 2619 3891 recedant;
2665 3826 2716 3880 in
2739 3826 3041 3881 sacerdotio
3070 3835 3266 3888 tamen,
3311 3825 3398 3881 vel
3426 3827 3637 3882 caeteris
3665 3842 3800 3903 gra-

2220 3918 2377 3973 dibus
2407 3917 2718 3985 quicunque
2747 3914 2858 3984 jam
2891 3917 2958 3970 ab
2983 3917 3062 3971 eis
3088 3916 3320 3986 promoti
3348 3926 3498 3983 sunt,
3528 3915 3803 3971 Leoniano

2221 4007 2586 4061 decernuntur
2616 4020 2935 4075 permanere
2962 4006 3190 4076 judicio.

2678 4140 2685 4147 '
2741 4117 2969 4176 CAPUT
3009 4119 3241 4176 XXVIII.

2223 4211 2326 4266 llic
2355 4209 2631 4281 manifeste
2662 4213 2930 4282 probatur,
2960 4214 3209 4287 quiaiper
3233 4215 3549 4277 simoniacos
3575 4213 3805 4287 Spiritus

2752 4288 2968 4337 sanctus
2992 4285 3271 4353 accbitum

2298 4370 2406 4429 Sed
2427 4364 2626 4428 dicitur
2653 4388 2685 4428 e
2722 4372 2959 4439 diverso,
2989 4386 3117 4429 ecce
3139 4373 3201 4429 Β.
3220 4389 3356 4446 papa
3382 4374 3676 4446 Gregorius
3702 4375 3809 4432 cla-

2230 4474 2372 4520 mat:
2401 4485 2418 4516 ι
2449 4465 2506 4520 Si
2531 4467 2672 4535 quis,
2706 4465 2979 4537 inquit(u,
3000 4475 3191 4535 quaest.
3220 4468 3274 4533 I,
3309 4467 3602 4540 Quisquis),
3632 4468 3699 4523 ad
3722 4468 3812 4524 Si-

1907 4553 2116 4623 justitia
2154 4532 2199 4590 D
2231 4557 2489 4611 tuoniacm
2535 4558 2821 4621 haereseos,
2854 4556 2940 4611 vel
2972 4559 3359 4630 neopbytorum
3389 4532 3598 4615 facinus
3623 4573 3812 4617 emen-

2227 4645 2463 4701 dandum
2495 4646 2653 4701 ollicii
2696 4647 2779 4701 sui
2830 4648 3267 4704 consideratione
3306 4651 3658 4707 vehementer
3700 4669 3812 4710 non

2226 4735 2513 4799 exarserit,
2538 4750 2660 4789 cum
2690 4735 2780 4790 ilio
2811 4751 2869 4792 se
2897 4751 3002 4791 non
3026 4737 3235 4793 dubitet
3255 4738 3457 4795 habere
3484 4741 3807 4811 portionem.

2228 4837 2257 4876 a
2282 4838 2387 4891 quo
2430 4824 2532 4878 hoc
2560 4825 2839 4894 piaculare
2886 4824 3150 4899 tlagitium
3177 4829 3411 4899 sumpsit
3438 4831 3745 4888 exordium.
3785 4853 3807 4888 ι

2229 4913 2611 4983 Cuncedimus,
2657 4918 2900 4989 inquam,
2934 4932 2988 4975 et
3016 4935 3047 4976 a
3075 4930 3267 4978 sancto
3307 4922 3445 4988 viro,
3477 4924 3619 4994 quod
3644 4923 3813 4993 absit,

2230 5021 2337 5062 non
2366 5008 2580 5065 diversa
2609 5011 2893 5075 sentimus,
2926 5011 3209 5080 nimirum,
3247 5022 3307 5069 ut
3346 5015 3721 5085 unusquisque
3749 5013 3819 5071 ﬁ-

2228 5098 2428 5154 delium
2458 5100 2525 5154 ad
2555 5100 2955 5158 emendandum
3002 5104 3172 5173 pestis
3220 5105 3504 5176 utriusque
3545 5104 3817 5175 ﬂagitium

2230 5205 2329 5259 pro
2357 5191 2560 5247 viribus
2588 5200 2811 5263 satagat,
2842 5203 3005 5265 atque
3026 5204 3085 5251 ut
3107 5195 3401 5254 Simoniaci
3423 5214 3547 5253 cum
3571 5199 3815 5269 neophy-

2233 5287 2302 5340 tis
2324 5285 2528 5357 pariter
2556 5285 2927 5357 deponantur,
2973 5290 3106 5344 recti
3148 5290 3416 5345 examinis
3453 5290 3569 5346 zelo
3601 5290 3817 5345 inarde-

2233 5388 2370 5434 scat.
2405 5376 2515 5433 Nos
2544 5379 2728 5449 itaque
2760 5395 2867 5435 non
2898 5395 2997 5449 pro
3028 5381 3355 5438 Simoniacis
3390 5392 3619 5449 stamus,
3676 5397 3817 5456 quos

2232 5471 2489 5526 nimirum
2519 5470 2855 5527 damnandos
2882 5486 3005 5529 esse
3030 5473 3210 5530 omnis
3233 5474 3379 5531 sacri
3415 5475 3619 5548 eloquii
3647 5484 3816 5532 testa-

2234 5570 2322 5618 tur
2350 5563 2652 5619 auctoritas
2676 5579 2693 5620 :
2718 5563 2811 5619 sed
2835 5562 2977 5619 sicut
2999 5579 3067 5620 ex
3096 5573 3409 5623 sanctorum
3430 5566 3651 5622 Patrum
3677 5565 3817 5621 mul-

2233 5652 2435 5708 timoda
2481 5652 2763 5708 sanctione
2809 5652 3135 5725 colligimus,
3186 5656 3358 5728 gratis
3406 5672 3438 5711 a
3487 5654 3815 5711 Simoniacis

2232 5742 2531 5811 ordinatos,
2558 5744 2679 5814 jure
2709 5744 2764 5799 iu
2793 5744 2904 5801 suis
2933 5745 3215 5811 ordinibus
3250 5746 3562 5823 retinendos
3598 5762 3719 5804 esse
3746 5743 3813 5800 li-
