4106 6310
356 409 457 464 ιιι

1159 407 1398 464 ΟῘἪΞΟ.
1442 409 1526 463 γι.
1565 438 1638 452 ιο·-
1675 410 1872 466 LIBER
1912 411 2027 478 QUI
2076 407 2352 466 DICITUR
2393 410 2872 466 CRATISSL‘JL'S.

3513 411 3616 466 ΗΞ

356 503 496 573 here
527 517 863 587 profitemur.
913 517 1098 587 Itaque
1125 520 1212 587 qui
1237 518 1553 590 Gregorium
1589 521 1654 574 ad
1681 536 1793 574 sure
1817 537 1939 590 pro—
1969 541 2012 596 Α
2041 531 2243 582 vectos,
2277 530 2332 576 et
2354 536 2522 590 usque
2545 522 2609 574 ad
2631 521 2834 575 obitum
2867 523 3115 578 novimus
3142 522 3431 578 oﬂ'erendis
3460 524 3614 578 inde-

353 609 590 664 bationis
620 610 876 665 indicium
926 611 1150 665 devocat
1177 611 1364 678 (Cat-:6.
1399 613 1556 668 IIom.
1591 611 1642 668 in
1681 613 1928 686 Erang.),

352 698 745 770 Gregorianum
800 715 1013 770 quoque
1067 703 1430 756 testimonium
1463 705 1747 758 admittere
1799 707 1932 760 rcci-

335 783 514 861 proca
564 793 937 847 vicissitudine
987 809 1091 848 non
1137 805 1474 858 contemnat,
1505 804 1560 851 et
1599 813 1703 851 non
1745 799 1931 867 quale-

335 884 586 962 ,cunque,
624 888 720 941 sed
765 903 862 958 pro
896 889 1008 957 ipsa
1039 903 1116 952 re,
1161 898 1220 943 ut
1251 891 1464 957 dicitur,
1497 891 1562 945 ad
1588 891 1767 944 vivum
1809 903 1931 944 tan-

334 967 461 1048 ‘gat,
495 993 559 1032 ac
581 977 822 1046 litigandi
847 980 1134 1032 terminum
1169 981 1236 1034 de
1257 990 1453 1036 caetero
1480 984 1722 1037 verbosis
1757 983 1927 1052 impo-

349 1077 463 1122 nat.
519 1069 762 1140 Denique
789 1070 914 1124 dum
942 1071 994 1124 in
1027 1073 1244 1127 homilia
1273 1075 1504 1142 quadam
1533 1075 1596 1128 de
1611 1073 1933 1130 Simoniacis

347 1157 680 1227 loqueretur,
739 1159 973 1228 adjecit:
1013 1181 1029 1212 τ
1065 1163 1166 1230 Qui
1197 1178 1428 1232 namque
1476 1171 1603 1219 sunt
1649 1163 1701 1216 in
1732 1164 1932 1233 templo

347 1249 442 1304 Dei
473 1251 653 1316 hodie,
683 1252 772 1321 qui
816 1251 1090 1307 columbas
1117 1255 1374 1320 vendunt,
1406 1255 1508 1310 nisi
1532 1256 1621 1324 qui
1654 1255 1706 1309 in
1741 1256 1928 1311 Eccle-

348 1340 429 1394 sia
485 1342 720 1411 pretium
769 1343 836 1398 de
882 1345 1222 1414 impositione
1266 1362 1457 1402 manus
1494 1348 1784 1416 accipiunt,
1834 1365 1930 1416 per

345 1447 511 1500 quam
538 1431 787 1487 videlicet
805 1433 1199 1503 impositionem
1217 1434 1452 1505 Spiritus
1469 1447 1685 1491 sanctus
1715 1438 1929 1494 coalitus

350 1523 547 1578 datur?
580 1543 596 1576 ι
619 1525 755 1580 Ecce
771 1526 815 1580 si
831 1528 1002 1582 sancti
1019 1527 1177 1596 hujus
1193 1529 1288 1582 viri
1307 1530 1611 1584 auctoritati
1633 1529 1762 1584 fides
1777 1529 1929 1584 adhi-

341 1617 516 1671 benda
534 1616 860 1684 decernitur,
880 1634 982 1673 non
1001 1628 1077 1673 est
1094 1636 1192 1674 cur
1208 1620 1928 1689 disceptationiscontrover-

343 1708 423 1761 sia
455 1707 684 1762 ulterius
732 1710 1098 1778 protrahatur.
1141 1710 1278 1777 Quid
1309 1712 1453 1764 enim
1498 1711 1770 1780 liquidius,
1797 1711 1923 1780 quid

351 1799 610 1866 apertius,
638 1814 798 1868 quam
815 1800 956 1869 quod
975 1799 1194 1864 dicitur,
1209 1801 1333 1871 quia
1352 1801 1598 1856 videlicet
1617 1817 1808 1854 manus
1831 1801 1926 1854 im-

337 1889 622 1957 positione,
639 1889 728 1959 qui
745 1890 994 1944 venditur
1011 1891 1242 1961 Spiritus
1257 1901 1493 1954 sanctus,
1511 1893 1722 1946 caelitus
1736 1891 1924 1945 datur?
1954 1909 1997 1966 η

409 1980 602 2050 Atque,
638 1991 699 2034 ut
729 1981 959 2050 idipsum
992 1983 1166 2036 adhuc
1209 1985 1412 2038 arctius
1440 1983 1753 2050 inculcaret,
1809 1992 1921 2038 tar-

338 2070 655 2140 dioremque
683 2086 900 2126 sensum
948 2073 1162 2143 plenius
1205 2089 1291 2140 co,
1326 2077 1469 2146 quod
1497 2076 1796 2143 dicebatur,
1841 2077 1922 2130 in-

338 2169 611 2225 strueret,
676 2161 816 2231 quod
870 2162 1156 2218 manifeste
1224 2167 1598 2234 prmmiserat.
1663 2168 1922 2237 replicare

345 2251 504 2321 127
538 2266 643 2306 non
693 2252 886 2323 piguit,
917 2252 1133 2309 dicens:
1195 2275 1214 2306 ι
1250 2256 1509 2312 Columba
1550 2259 1712 2329 igitur
1739 2260 1920 2314 vendi-

337 2353 446 2411 tur,
477 2345 603 2415 quia
646 2361 837 2399 manus
887 2346 1158 2417 impositio
1193 2363 1291 2418 per
1330 2365 1494 2419 quam
1525 2350 1763 2422 Spiritus
1797 2368 1920 2406 san-

335 2445 423 2491 tus
453 2438 737 2507 accipitur,
779 2440 844 2491 ad
875 2440 1106 2509 pretium
1135 2442 1426 2510 praebetur.
1466 2462 1483 2493 ›
1542 2441 1596 2497 Si
1649 2459 1778 2514 ergo
1824 2459 1920 2512 per

334 2528 479 2582 illam
514 2544 705 2583 manus
737 2528 1150 2600 impositionem,
1185 2547 1304 2601 quae
1345 2533 1410 2587 ad
1443 2534 1673 2602 pretium
1713 2536 1920 2604 prame-

333 2626 444 2684 tur,
486 2617 722 2688 Spiritus
753 2629 974 2676 sanctus
1013 2621 1307 2691 accipitur;
1349 2624 1475 2692 quid
1513 2625 1690 2677 minus
1738 2641 1918 2678 saera-

331 2711 500 2764 menti
527 2711 580 2764 in
614 2710 962 2777 Simoniacis,
989 2726 1149 2781 quam
1181 2713 1236 2767 in
1266 2716 1502 2780 gratuito
1536 2717 1797 2784 promotis
1829 2733 1920 2771 sa-

330 2802 644 2856 cerdotibus
671 2802 961 2867 invenitur,
993 2805 1094 2858 nisi
1139 2806 1263 2874 quia
1293 2806 1456 2871 fonte,
1493 2823 1650 2878 quem
1683 2809 1800 2863 aliis
1831 2826 1914 2862 sa-

331 2891 562 2946 lubriter
595 2891 846 2957 influunt,
875 2895 972 2963 ipsi
1002 2897 1380 2951 damnabiliter
1403 2897 1726 2968 irrigantur:
1757 2908 1810 2954 et
1839 2899 1915 2952 vi-

330 3001 584 3054 perarum
621 3002 789 3052 more,
837 2987 962 3041 dum
993 2988 1129 3044 ﬁlios
1176 2991 1414 3058 pariunt,
1446 2991 1544 3060 ipsi
1569 2991 1916 3045 moriuntur?

331 3076 470 3142 Quid
497 3076 639 3131 enim
673 3078 894 3142 mirum,
940 3078 983 3132 si
1020 3077 1071 3133 in
1103 3080 1418 3136 ministeriis
1447 3081 1818 3151 spiritualibus
1847 3098 1913 3136 ex

330 3167 490 3221 malis
528 3169 928 3224 ordinatoribus
970 3170 1091 3224 boni
1138 3171 1370 3226 ministri
1407 3173 1556 3236 fiant,
1587 3187 1710 3226 cum
1758 3181 1812 3226 et
1861 3173 1912 3227 in

330 3249 684 3330 generatione
710 3260 915 3315 carnali
949 3275 1052 3314 non
1081 3261 1338 3335 dissimile
1382 3262 1510 3332 quid
1533 3277 1675 3330 saepe
1699 3263 1913 3317 contin-
1939 3275 1985 3338 ε

328 3349 458 3420 gat?
493 3349 711 3406 Certum
737 3365 968 3420 namque
991 3361 1093 3418 est,
1119 3352 1258 3420 quod
1283 3352 1526 3407 videntes
1552 3352 1641 3406 lilii
1665 3368 1729 3408 ex
1754 3352 1910 3406 crucis

327 3439 669 3510 genitoribus
700 3441 982 3510 prodeant,
1038 3451 1094 3496 et
1125 3443 1420 3514 gibberosis
1449 3454 1610 3514 atque
1645 3444 1911 3499 debilibus

329 3528 538 3598 integra
575 3529 834 3584 membris
869 3531 1082 3586 soboles
1108 3543 1162 3588 et
1188 3549 1411 3604 procera
1437 3535 1714 3590 succedat.
1746 3534 1910 3590 Plane

329 3632 430 3672 nec
453 3617 624 3673 virtus
653 3619 1020 3675 ordinantium
1048 3623 1128 3677 eis
1155 3634 1442 3693 augmento
1463 3634 1565 3690 est,
1589 3627 1681 3694 qui
1711 3641 1806 3696 per
1839 3625 1911 3680 si-

330 3710 500 3764 nistra
542 3712 692 3782 gradi
733 3729 838 3767 non
882 3723 1158 3769 metuunt:
1212 3732 1312 3771 nec
1351 3733 1539 3772 rursus
1577 3733 1762 3772 eorum
1795 3734 1912 3788 pra-

329 3800 470 3855 vitas
499 3801 604 3856 illis
620 3802 802 3868 ofﬁcit,
835 3805 924 3873 qui
953 3820 1052 3875 per
1079 3805 1274 3861 lineam
1297 3815 1456 3861 rectae
1483 3807 1911 3863 conversationis

330 3893 606 3949 incedunt.
638 3896 773 3963 Quid
800 3899 941 3952 enim
972 3899 1210 3954 Samueli
1241 3899 1619 3968 przrjudicasse
1637 3901 1915 3971 cognosci.

333 3996 442 4053 tur,
489 3990 613 4058 quia
659 3989 774 4044 lleli
826 3991 1122 4062 discipulus
1170 3993 1304 4048 fuit?
1335 3993 1390 4065 (1
1419 3992 1541 4064 Reg.
1577 3993 1746 4063 11,3.)
1798 3993 1906 4047 Aut

329 4081 456 4148 quid
512 4081 715 4150 profuit
747 4081 987 4149 Nicolao,
1026 4083 1150 4154 quia
1205 4085 1496 4154 apostolica
1555 4100 1676 4140 eum
1717 4083 1911 4138 electio

331 4173 384 4227 in
425 4175 651 4244 gradum
681 4173 908 4231 leviticze
952 4177 1436 4232 administrationis
1465 4177 1792 4248 assumpsit?
1824 4177 1913 4232 Ille

329 4265 594 4335 siquidem
625 4282 746 4322 cum
780 4268 1056 4339 Stephano
1085 4271 1243 4325 simul
1273 4271 1668 4342 impositionem
1697 4283 1913 4344 aposto-

328 4353 444 4410 lica:
471 4371 665 4413 manus
711 4359 917 4430 accepit
942 4369 996 4415 et
1025 4361 1187 4430 periit
1218 4360 1357 4431 (Act.
1393 4362 1498 4432 vt);
1528 4363 1628 4418 iste
1657 4363 1708 4416 in
1735 4362 1910 4433 Ophni

328 4454 382 4500 et
408 4445 640 4502 Phinees
663 4449 935 4516 pravitate
960 4450 1234 4504 convixit:
1269 4458 1324 4506 et
1349 4452 1476 4522 quia
1501 4454 1761 4522 propheta
1805 4453 1913 4507 Deo

331 4534 502 4590 fidelis
529 4546 688 4604 esset,
721 4539 930 4595 cunctis
956 4540 1208 4597 innotuit.
1239 4541 1394 4598 L'nde
1418 4559 1518 4614 par
1544 4543 1738 4608 fuerat,
1771 4554 1830 4599 ut
1852 4545 1910 4610 ii,

2036 613 2279 667 sinenter
2299 613 2580 667 sacrificiis
2605 613 2893 678 institisse;
2917 623 2967 668 et
2993 630 3135 668 nunc
3162 617 3443 684 perspicue
3465 613 3616 668 vide-

2037 718 2159 756 mus
2203 704 2501 773 insignibus
2534 704 2915 758 miraculorum
2958 705 3247 758 virtutibus
3280 720 3567 759 coruscare
3588 703 3614 757 ἳ

2035 793 2231 848 Nostra
2264 797 2460 865 quippe
2489 804 2648 849 relate
2677 795 2822 850 beati
2846 795 2967 854 viri.
3001 795 3270 862 videlicet,
3299 795 3613 849 Rondaldus

2032 885 2452 951 Camarinensis,
2484 886 2694 940 Amitus
2719 885 3154 951 Ramibonensis,
3181 885 3355 941 Guido
3380 886 3613 956 Pompo-

2035 976 2248 1041 sianus,
2293 977 2578 1031 Firmanus
2633 976 2962 1040 Firmensis,
3016 984 3071 1031 et
3125 976 3468 1046 quamplures
3523 975 3612 1030 alii

2033 1075 2234 1120 sancttn
2257 1067 2684 1122 conversationis
2711 1067 2891 1121 studio
2925 1065 3242 1121 ﬂoruerunt.
3274 1065 3448 1135 Super
3479 1081 3613 1136 quo-

2036 1173 2157 1211 rum
2205 1157 2456 1211 videlicet
2504 1158 2807 1210 veneranda
2860 1159 3123 1210 cadavera
3154 1171 3218 1210 ex
3261 1156 3613 1212 sacerdotalis

2032 1248 2356 1301 auctoritate
2381 1247 2590 1300 concilii
2615 1262 2767 1301 sacra
2801 1247 2990 1300 altaria
3021 1256 3146 1301 sunt
3172 1255 3374 1312 erecta,
3409 1247 3500 1300 ubi
3529 1247 3613 1302 ni-

2031 1336 2228 1391 mirum
2253 1337 2430 1390 divina
2457 1339 2709 1408 mysteria
2735 1337 3009 1391 miraculis
3029 1337 3368 1408 exigentibus
3386 1335 3616 1395 offerun-

2031 1435 2139 1480 tur.
2174 1427 2408 1482 Evidens
2439 1444 2568 1496 ergo
2595 1428 2847 1482 clarescit
2885 1427 3140 1481 indicium
3169 1442 3234 1481 ex
3266 1442 3454 1481 eorum
3501 1443 3613 1482 ma-

2029 1517 2189 1571 nibus
2239 1518 2560 1572 sacrificium
2595 1518 2778 1572 divino
2807 1519 3121 1587 conspectui
3167 1535 3328 1588 quam
3375 1513 3615 1575 suaviter

2027 1607 2118 1669 sit,
2150 1616 2205 1662 et
2249 1617 2552 1678 acceptum,
2608 1618 2769 1678 atque
2797 1623 2893 1678 per
2925 1625 3018 1663 eos
3064 1611 3245 1664 divina
3273 1610 3608 1680 dispensatio

2027 1694 2146 1750 luce
2169 1697 2367 1751 clarius
2395 1699 2718 1763 innotescit;
2758 1699 2880 1762 quia
2915 1701 3182 1753 neminem
3224 1699 3396 1770 caligo
3422 1699 3612 1754 aliena:

2026 1789 2402 1855 perversitatis
2431 1789 2726 1852 olmubilat,
2753 1805 2912 1857 quem
2945 1789 3119 1860 fulgor
3140 1791 3372 1858 propria:
3395 1791 3612 1861 religio-

2027 1875 2113 1928 nis
2139 1884 2193 1929 et
2219 1877 2512 1930 honestatis
2541 1878 2775 1932 illustrat
2800 1896 2814 1932 :
2858 1895 2956 1932 nec
2984 1889 3165 1933 reatus
3193 1881 3373 1934 obruit
3399 1896 3609 1950 promo-

2024 1969 2262 2023 ventium
2299 1970 2388 2024 ubi
2423 1981 2528 2025 stat
2564 1974 2770 2042 puritas
2801 1985 2856 2027 et
2882 1976 3182 2030 innocentia
3212 1988 3604 2047 promotorum.

2095 2057 2205 2117 Sed
2263 2060 2388 2116 dum
2441 2061 2554 2116 haec
2607 2063 2896 2133 aliquando
2963 2082 3086 2121 cum
3156 2067 3418 2138 religiosis
3482 2067 3606 2138 qui-

2020 2147 2248 2203 busdam
2285 2151 2445 2220 128
2470 2152 2738 2222 episcopis
2776 2169 3020 2224 agerem,
3059 2170 3186 2211 ecce
3226 2173 3369 2210 nunc
3413 2157 3463 2210 in
3493 2171 3602 2210 me-

2021 2243 2250 2298 moriam
2296 2245 2437 2299 redit
2477 2246 2618 2313 quod
2666 2245 2897 2302 chrtus
2923 2247 3286 2302 Ariminensis
3312 2291 3325 2313 ,
3355 2263 3606 2304 reveren-

2020 2333 2278 2390 dissimus
2313 2335 2564 2390 videlicet
2588 2345 2644 2390 et
2676 2338 3090 2394 honestissimus
3115 2340 3344 2408 przesul.
3377 2340 3559 2394 attulit
3588 2357 3601 2393 :

2026 2442 2045 2475 ‹
2066 2423 2415 2494 Ᾰέᾳυίνοευε,
2447 2427 2640 2496 inquit,
2673 2428 3036 2496 pra'decessor
3059 2445 3210 2484 meus
3235 2429 3464 2486 Ubertus
3487 2431 3605 2500 θρῖα

2019 2532 2216 2587 scopus
2241 2519 2292 2573 in
2325 2534 2493 2574 sacra:
2525 2521 2668 2575 sedis
2700 2521 3046 2590 acquirendae
3073 2524 3418 2586 commercio,
3472 2533 3608 2576 teste

2019 2608 2318 2676 provincia,
2349 2619 2646 2680 nongentas
2670 2610 2948 2680 Papiensis
2976 2621 3203 2666 mcnetm
3222 2611 3386 2667 libras
3408 2627 3608 2681 appen-

2021 2699 2118 2761 dit,
2147 2699 2239 2768 qui
2278 2711 2455 2755 tamen
2485 2698 2824 2770 postmodum
2875 2702 2934 2757 Β.
2963 2703 3286 2767 Arduinum,
3313 2720 3409 2774 per
3444 2721 3606 2774 quem

2018 2794 2360 2862 omnipotens
2392 2803 2469 2847 tot
2507 2795 2646 2848 Deus
2674 2795 2895 2848 exhibet
2937 2797 3200 2864 stupenda
3234 2797 3516 2861 miracula,
3551 2798 3604 2850 in

2015 2885 2388 2954 presbyterum
2417 2888 2780 2952 consecravit,
2809 2904 2968 2956 quem
3001 2907 3122 2944 eum
3160 2892 3544 2961 perquisissem
3576 2907 3608 2944 e

2017 2976 2269 3045 vestigio,
2297 2985 2478 3031 utrum
2523 2979 2696 3032 beatze
2739 2981 3016 3034 memoria:
3044 2982 3124 3034 vir
3151 2983 3218 3036 ab
3243 2982 3520 3038 offerendo
3552 2983 3606 3038 in

2017 3079 2114 3119 sua
2143 3065 2513 3122 incolumitate
2542 3071 2872 3138 perstiterit,
2914 3087 3083 3140 usque
3112 3074 3178 3126 ad
3211 3075 3410 3128 ultima:
3439 3075 3604 3128 decu-

2015 3156 2250 3212 hationis
2297 3158 2582 3212 articulum
2611 3158 2886 3216 offerendo
2918 3163 3244 3218 salutaribus
3290 3165 3484 3219 hostiis
3519 3180 3606 3220 se-

2017 3248 2199 3303 dulum
2232 3250 2511 3306 insudasse
2540 3253 2835 3321 respondit.
2875 3272 2892 3305 )
2921 3254 3054 3310 Cum
3086 3257 3248 3327 igitur
3275 3271 3464 3312 onmes
3515 3258 3606 3313 isti

2015 3355 2246 3409 quorum
2293 3357 2453 3411 supra
2503 3344 2886 3411 meminimus,
2929 3354 2983 3400 et
3015 3349 3320 3403 consecrati
3369 3365 3397 3403 a
3427 3349 3605 3404 Simo-

2013 3435 2185 3489 niacis
2213 3445 2548 3502 asserantur,
2585 3446 2636 3492 ct
2671 3445 2848 3492 tamen
2877 3441 3115 3509 acceptis
3146 3456 3318 3510 usque
3346 3443 3411 3495 ad
3445 3441 3604 3495 finem

2012 3525 2337 3581 vitazolliciis
2351 3536 2748 3596 permanentes,
2778 3529 2848 3582 ita
2869 3531 3048 3585 divino
3061 3532 3293 3586 examini
3309 3532 3607 3602 placuerint

2013 3625 2072 3670 ut
2107 3617 2439 3673 admirandis
2465 3634 2650 3672 eormn
2679 3621 2888 3676 meritis
2912 3622 3155 3676 miranda
3189 3624 3491 3678 testimonia
3531 3625 3604 3678 si-

2015 3725 2179 3781 gnum
2209 3711 2523 3780 perbibeanl
2555 3721 2799 3766 :constat
2821 3713 3006 3781 procul
3030 3714 3212 3780 dubio,
3240 3715 3367 3784 quia
3390 3730 3607 3786 promo-

2013 3800 2202 3855 vendis
2218 3802 2486 3872 coemptio
2503 3817 2604 3856 non
2628 3802 2960 3873 przejudicat,
2981 3804 3073 3860 ubi
3095 3817 3371 3875 promotus
3387 3815 3604 3861 contra-

2015 3899 2136 3946 ctus
2151 3891 2460 3946 venalitatis
2483 3893 2728 3964 ignorat:
2756 3910 2854 3949 nec
2872 3895 3212 3951 distractoris
3229 3898 3281 3951 in
3299 3912 3423 3952 eum
3445 3897 3602 3968 culpa

2015 3983 2426 4046 transfunditur,
2461 3986 2550 4055 qui
2575 3986 2940 4043 distraetionis
2973 3989 3200 4044 crimine
3229 4006 3332 4044 non
3360 3999 3593 4044 tenetur.

2086 4073 2152 4126 Et
2182 4073 2396 4142 quidem
2422 4075 2701 4130 tolerabile
2725 4076 2968 4133 fortassis
3005 4088 3278 4148 utcunque
3304 4079 3601 4146 videretur,

2015 4165 2061 4219 si
2087 4165 2341 4221 falsitatis
2370 4168 2600 4222 assertio
2635 4170 2878 4224 ordinem
2917 4173 3288 4226 tantummodo
3321 4174 3605 4241 praesentis

2014 4259 2138 4312 vitae
2175 4257 2574 4324 confunderet,
2611 4260 2710 4312 nisi
2755 4271 2810 4313 et
2855 4261 3128 4330 prmterito
3160 4261 3357 4318 saeculo
3387 4278 3604 4317 omnem

2013 4346 2260 4402 funditus
2289 4362 2440 4417 spem
2484 4356 2648 4417 atque
2694 4351 2979 4404 materiam
3019 4350 3344 4406 Christiana:
3382 4353 3601 4422 pietatis

2014 4439 2274 4495 auferret.
2311 4439 2510 4495 Dicunt
2542 4440 2722 4507 enim,
2772 4443 2949 4511 quod,
2993 4459 3114 4512 quae
3146 4447 3276 4500 tu’nc
3315 4445 3604 4502 videbatur

2017 4529 2280 4596 Ecclesia,
2313 4531 2504 4586 domus
2535 4540 2652 4588 erat
2698 4533 2960 4603 simplex:
2992 4536 3136 4604 quod
3164 4536 3490 4592 credebatur
3519 4537 3605 4592 al-

327 4627 419 4698 qui
450 4643 641 4684 omnes
667 4638 901 4686 :estuant
931 4633 984 4687 in
1018 4648 1305 4689 commune
1331 4635 1623 4704 deponere,
1658 4635 1787 4690 illud
1809 4636 1914 4690 sal-

2021 4630 2168 4689 tare,
2211 4639 2381 4693 purus
2417 4624 2553 4695 lapis
2582 4635 2731 4692 erat;
2788 4628 3127 4690 sacerdotes.
3168 4637 3222 4684 et
3247 4631 3341 4700 qui
3379 4630 3606 4701 reliquis

331 4731 436 4776 tem
459 4721 754 4778 Innocentii
793 4726 1042 4794 superius
1066 4727 1373 4788 memorati.
1413 4728 1631 4798 praelata
1661 4729 1910 4783 modera-

328 4814 490 4868 minis
511 4813 910 4884 dispensatione
940 4829 1238 4874 servarent.
1267 4820 1402 4874 Nam
1436 4839 1555 4876 cum
1583 4822 1650 4877 de
1687 4823 1791 4888 his,
1819 4823 1913 4893 qui

327 4906 399 4960 ab
424 4907 694 4963 luereticis
739 4909 972 4965 ordinati
1021 4921 1166 4976 sunt,
1208 4913 1530 4982 disputaret,
1579 4923 1701 4984 post
1744 4915 1911 4968 multa

328 4998 628 5066 subjunxit,
665 5000 885 5057 dicens:
933 5019 951 5054 ι
987 5004 1228 5071 Quoties,
1276 5005 1472 5076 inquit,
1507 5023 1534 5060 a
1559 5007 1787 5078 populis,
1821 5017 1914 5062 aut

327 5105 357 5142 a
389 5087 539 5144 turba
573 5101 846 5160 peccatur,
873 5095 996 5164 quia
1029 5094 1082 5148 in
1109 5111 1298 5150 omnes
1351 5107 1571 5167 propter
1620 5097 1915 5152 multitudi-

327 5195 452 5235 nem
489 5198 595 5238 non
632 5193 812 5254 potest
852 5185 1140 5250 vindicari,
1190 5187 1414 5243 inultum
1441 5188 1578 5243 solet
1613 5189 1852 5244 transiri.
1888 5208 1908 5241 »

895 5295 1122 5352 CAPUT
1158 5296 1348 5352 XXIX.

328 5381 486 5448 Quod
529 5385 618 5454 qui
662 5390 886 5454 promoti
937 5389 1144 5443 fuerant
1176 5408 1208 5444 α
1250 5390 1587 5458 Simoniacis,
1640 5391 1912 5447 miraculis

977 5471 1273 5514 εοηιιεαηι.

400 5543 532 5600 lllud
551 5562 788 5618 quoque,
817 5551 959 5620 quod
983 5552 1915 5610 crebriusiterarimultisreferenti-

325 5636 432 5692 bus
479 5639 662 5704 audio.
719 5642 880 5697 tacite
931 5644 1362 5712 prtetereundum
1410 5660 1514 5698 non
1563 5646 1718 5699 duco.
1776 5645 1915 5710 Quid

327 5731 474 5784 enim
512 5732 654 5801 quod
686 5735 974 5790 nonnullos
1003 5737 1344 5793 venerabiles
1387 5739 1554 5802 viros,
1603 5754 1738 5808 quos
1784 5755 1916 5794 con-

326 5830 438 5873 stat
463 5823 814 5892 proculdubio
852 5841 882 5881 a
915 5825 1238 5886 Simoniacis
1283 5830 1350 5886 ad
1383 5828 1741 5888 sacerdotium
1781 5847 1908 5901 pro-

2015 4716 2382 4770 cernebantur
2400 4716 2685 4771 ordinibus
2705 4717 3008 4784 constituti,
3033 4735 3256 4789 prorsus
3277 4720 3398 4776 laici
3423 4732 3602 4787 erant,

2015 4807 2336 4876 cunctisque
2386 4807 2683 4878 spiritualis
2739 4811 3064 4866 sacramenti
3131 4811 3332 4866 viribus
3395 4811 3598 4876 alieni;
3669 4862 3671 4864 .

2015 4900 2158 4969 quod
2184 4915 2382 4971 corpus
2410 4910 2464 4954 et
2510 4902 2730 4970 sanguis
2767 4903 2977 4957 Domini
3021 4904 3363 4970 credebatur,
3389 4905 3602 4976 simpli.

2016 4995 2154 5049 citer
2181 4995 2335 5064 panis
2365 5004 2483 5050 erat
2527 5005 2580 5050 et
2610 4995 2827 5062 vinum;
2866 5006 3076 5052 terrena
3126 4998 3431 5053 substantia
3469 4999 3602 5055 nulli

2021 5089 2191 5144 sancti
2223 5089 2456 5158 Spiritus
2478 5091 2677 5146 virtute
2706 5089 2928 5145 suffusa.
2959 5089 3164 5145 Cuncta
3208 5105 3338 5161 ergo
3360 5090 3494 5146 falsa
3522 5092 3602 5147 fc-

2018 5179 2312 5246 rebantur,
2361 5189 2414 5234 et
2443 5180 2630 5236 frivola
2652 5222 2666 5244 ,
2713 5189 2769 5236 et
2795 5197 2823 5234 a
2859 5181 3183 5238 Christianae
3211 5182 3603 5253 redemptionis

2019 5273 2248 5326 veritate
2261 5273 2478 5342 penitus
2508 5281 2734 5327 remota.
2759 5271 2912 5328 Unde
2940 5275 3308 5343 consequitur,
3337 5282 3393 5326 ut
3417 5284 3603 5343 patres

2020 5363 2214 5427 nostri,
2253 5365 2367 5418 sive
2400 5365 2515 5419 lucc
2545 5363 2675 5417 falsa
2707 5363 2874 5418 fuisse
2902 5373 3289 5432 cognoverunt,
3319 5366 3433 5420 sive
3463 5365 3602 5420 veri-

2023 5462 2189 5511 tatem
2209 5455 2397 5519 fuisse,
2419 5456 2756 5511 mendacium
2781 5458 3205 5522 :estimaverunt,
3231 5457 3605 5512 indifferenter

2019 5563 2208 5604 omnes
2254 5549 2552 5605 inevitabili
2585 5550 2912 5605 necessitate
2950 5550 3231 5620 perierint.
3279 5549 3419 5618 Quid
3453 5549 3597 5605 enim

2017 5643 2236 5712 prodest
2274 5641 2568 5712 periculum
2628 5657 2787 5697 nosse
2823 5643 2964 5712 quod
3003 5659 3111 5697 non
3141 5644 3300 5698 datur
3327 5641 3598 5697 evadere?

2019 5734 2127 5786 Aut
2151 5733 2419 5803 quomodo
2450 5733 2628 5788 valeat
2663 5735 2786 5805 quis
2813 5736 2880 5790 ad
2907 5735 3110 5789 fontem
3155 5735 3402 5789 veritatis
3437 5731 3600 5786 attin-

2018 5841 2146 5898 gere
2167 5867 2182 5893 ,
2225 5825 2270 5883 si
2311 5841 2408 5899 per
2433 5827 2618 5884 devios
2642 5827 2919 5884 anfractus
2952 5829 3174 5898 gestiat,
3208 5827 3333 5882 licet
3359 5824 3596 5889 nescius.
