4106 6310
526 344 630 401 H5

958 344 1015 399 S.
1053 342 1255 398 PETRI
1296 310 1574 398 DAMlANl
1614 341 1765 398 OPP.
1807 341 2041 399 TOMUS
2073 341 2203 398 SEU
2241 343 2418 400 PARS
2458 343 2541 399 Ill.
2585 376 2652 385 —-
2682 344 3041 402 OPUSClZLA
3082 347 3310 402 VARIA.

3688 350 3790 407 ut

523 462 824 521 aberrare?
873 460 1031 518 Solus
1074 475 1204 530 ergo
1244 458 1428 514 Simon
1461 460 1635 528 potuit
1675 458 1870 513 ﬂiienta
1901 458 2099 514 restin-
2131 465 2174 520 Α
2206 457 2248 513 si
2272 472 2367 526 per
2389 459 2909 513 reconseerationcm
2935 459 3195 531 Spiritum
3218 468 3584 516 sanctumnou
3604 472 3794 521 timeat

522 570 717 627 gnere,
748 564 1002 624 tauquam
1037 553 1174 610 obex
1202 553 1409 607 medius
1436 553 1577 606 inter
1606 552 1773 608 Deum
1793 593 1808 617 ,
1841 562 1891 608 et
1922 554 2102 609 homi-

521 661 652 708 nes.
695 646 990 700 humanum
1022 658 1192 715 genus
1233 659 1262 696 a
1292 641 1567 697 Creatoris
1609 642 1691 695 sui
1721 643 1993 698 consortio
2021 658 2108 699 se-

516 737 748 808 perare?
774 736 953 798 Absit,
982 735 1153 798 absit,
1184 743 1242 788 ut
1282 734 1447 788 falsus
1476 734 1637 789 homo
1667 735 1939 789 rescindat
1961 737 2104 804 quod

519 842 682 883 verus
713 826 855 882 Deus
893 834 947 881 et
976 825 1140 880 homo
1186 823 1540 879 confoederat.
1587 823 1776 887 Absit,
1825 835 1883 879 ut
1916 840 2104 882 omnes

515 918 766 974 homines
793 918 1059 981 obruere,
1102 925 1155 971 et
1179 916 1356 971 divina
1389 914 1652 972 beneﬁcia
1685 915 1858 971 valeat
1886 932 2104 986 perver-

512 1013 656 1067 sitas
682 1012 918 1066 hmnana
952 1010 1152 1064 delere.

591 1101 697 1157 Sed
722 1101 870 1171 quid,
903 1116 1106 1169 quaeso,
1133 1100 1374 1155 dicemus
1397 1101 1462 1155 de
1493 1100 1600 1166 his,
1629 1117 1765 1172 quos
1794 1110 1913 1172 post
1942 1117 2105 1171 nego-

514 1193 763 1249 tiationis
809 1192 1054 1247 nefanda
1102 1193 1521 1256 commercium,
1558 1209 1654 1264 per
1700 1195 2098 1264 quadragenos,

518 1285 606 1341 vel
653 1286 1061 1356 quinquagenos
1116 1299 1288 1338 annos
1356 1299 1524 1354 usque
1584 1285 1743 1340 hodie
1813 1286 2103 1356 aspicimus

510 1376 858 1447 pontificales
906 1374 1105 1431 infulas
1147 1374 1435 1430 obsidere?
1475 1373 1605 1429 Nam
1635 1415 1652 1438 ,
1698 1383 1756 1428 ut
1805 1377 1870 1431 de
1914 1391 2101 1429 eorum

515 1468 1005 1540 praedecessoribus
1039 1477 1313 1522 taceamus
1352 1466 1465 1520 sive
1493 1465 1756 1535 proximis
1779 1507 1793 1529 ,
1828 1466 1942 1520 sive
1988 1465 2103 1520 lon-

513 1561 756 1634 ginquis,
784 1576 921 1631 quos
949 1559 1092 1615 idem
1137 1557 1358 1612 aliunde
1394 1558 1542 1611 fures
1581 1556 1870 1623 exhibuit,
1914 1570 2103 1611 omnes

515 1651 608 1720 qui
636 1650 754 1705 istis
780 1647 1166 1720 obrepentibus
1194 1656 1320 1715 time
1347 1646 1564 1701 luerunt
1587 1645 1817 1700 ordinati
1844 1685 1859 1711 ,
1890 1644 2099 1713 veljam

426 1796 436 1808 ,
510 1750 645 1796 sunt
688 1756 754 1796 es
804 1739 908 1794 hac
953 1740 1075 1794 luce
1120 1736 1384 1793 subtracti
1411 1777 1426 1801 ,
1473 1735 1555 1790 vel
1589 1736 1898 1805 caliginosae
1940 1750 2101 1791 senc-

2207 548 2409 618 abnega
2420 564 2496 603 re.

2277 640 2383 696 Sed
2421 642 2464 696 si
2495 657 2561 697 ex
2596 642 2816 697 decreto
2844 641 3040 698 Felicis
3067 658 3250 713 papae,
3285 644 3372 699 ubi
3420 645 3675 700 nimirum
3724 648 3793 704 de

2204 733 2556 802 rebaptizatis
2583 733 2844 803 loquitur,
2870 735 3036 789 breve
3066 735 3193 804 quid
3222 750 3494 806 apponere
3531 754 3635 792 non
3668 755 3796 809 gra-

2206 839 2421 889 vemur,
2454 823 2562 879 illic
2608 823 2893 879 manifeste
2935 840 3219 895 possumus
3263 826 3518 896 colligere
3541 828 3669 897 quid
3700 829 3792 881 de-

2205 913 2428 970 beamus
2457 914 2621 970 etiam
2654 915 2718 969 de
2747 916 3216 970 reconseeratione
3243 918 3468 971 sentire.
3503 918 3646 972 Inter
3685 919 3795 973 alia

2204 1004 2473 1074 siquidem
2504 1004 2578 1058 ita
2615 1005 2966 1074 prosequitur
3010 1005 3109 1074 (De
3149 1021 3379 1060 romecr.
3412 1007 3537 1061 dist.
3564 1007 3630 1072 4,
3669 1023 3790 1077 cap.

2206 1094 2312 1148 ιίοε
2343 1094 2534 1165 quos):
2573 1112 2591 1145 ι
2631 1094 2756 1159 Eos,
2789 1095 2981 1164 inquit,
3007 1111 3144 1165 quos
3166 1097 3471 1167 episcopos,
3517 1101 3794 1170 presbyte-

2203 1201 2294 1241 ros
2314 1227 2328 1248 ,
2358 1186 2438 1240 vel
2465 1186 2722 1241 diaconos
2744 1183 2913 1241 fuisse
2935 1188 3239 1242 constiterit
3265 1227 3281 1253 ,
3312 1197 3368 1245 et
3407 1204 3501 1245 seu
3545 1201 3794 1262 optantes

2204 1278 2432 1335 forsitan
2464 1295 2555 1335 seu
2585 1291 2803 1336 coactos
2833 1279 3033 1335 lavacri
3073 1282 3217 1336 illius
3244 1283 3386 1337 unici
3419 1284 3680 1340 claruerit
3708 1285 3791 1339 fe-

2204 1371 2343 1425 cisse
2362 1371 2653 1439 jarturam,
2694 1381 2749 1426 ct
2784 1372 3079 1437 Christum,
3111 1390 3269 1442 quem
3304 1390 3407 1429 non
3450 1375 3620 1430 solum
3651 1377 3806 1431 dono

2204 1462 2651 1531 regenerationis,
2684 1477 2869 1517 verum
2899 1465 3060 1517 etiam
3092 1464 3263 1533 gratia
3298 1466 3534 1536 percepti
3573 1468 3795 1523 honoris

2204 1551 2512 1618 induerant,
2534 1553 2769 1617 exuisse,
2801 1570 2923 1607 cum
2953 1564 3171 1608 constet
3192 1555 3463 1609 neminem
3496 1557 3563 1611 ad
3594 1572 3794 1613 secun-

2204 1645 2326 1699 dam
2366 1646 2680 1700 tinctiuncm
2709 1644 2894 1700 venire
2921 1646 3179 1715 potuisse,
3212 1646 3313 1702 nisi
3341 1661 3401 1701 se
3432 1646 3609 1716 palam
3635 1648 3797 1705 Chri-

2203 1737 2437 1791 stianam
2464 1737 2759 1807 negaverit,
2788 1748 2843 1792 et
2863 1737 3142 1807 professus
3167 1737 3334 1792 fuerit
3355 1752 3475 1792 esse
3500 1752 3793 1809 paganum,

509 1834 679 1889 ctutis
715 1831 1000 1888 obstaculo
1030 1830 1110 1887 ab
1138 1829 1461 1886 exercendis
1486 1828 1676 1884 ofﬁciis
1704 1839 1829 1884 sunt
1874 1828 2099 1894 remoti;
2134 1823 2177 1882 Β
2206 1827 2348 1896 quod
2377 1843 2499 1881 cum
2533 1828 2857 1897 generaliter
2887 1830 2956 1883 sit
2985 1828 3040 1883 in
3081 1828 3334 1884 omnibus
3375 1831 3793 1896 exsecrandum,

515 1929 660 1983 unde
706 1941 929 1982 necesse
971 1932 1096 1989 est,
1137 1932 1197 1979 ut
1238 1923 1290 1977 in
1319 1938 1508 1977 eorum
1552 1921 1878 1977 dioecesibus
1919 1920 2102 1974 abhis

514 2027 695 2071 tamen
721 2015 937 2071 clericis
980 2028 1146 2079 sacra,
1186 2013 1444 2083 mysteria
1496 2020 1857 2081 peragantnr,
1891 2012 1981 2082 qui
2032 2011 2100 2065 ab

513 2108 605 2173 iis,
635 2107 726 2178 qui
755 2108 932 2162 adhuc
967 2107 1189 2171 vivunt,
1222 2105 1545 2159 Simoniacis
1566 2106 1812 2159 ordinem
1844 2120 2100 2175 suscepe-

514 2209 662 2255 runt.
695 2199 834 2268 Quid
875 2215 1006 2271 ergo
1029 2198 1096 2253 de
1125 2199 1190 2254 iis
1230 2199 1570 2254 sentiendum
1596 2199 1719 2272 est?
1749 2198 1886 2266 Quid
1926 2200 2104 2253 faten-

515 2290 871 2360 dum?129
907 2288 1282 2359 Nunquiduam
1327 2287 1427 2341 sub
1473 2288 1553 2341 eis
1601 2297 1678 2341 tot
1712 2288 1879 2342 millia
1927 2288 2103 2342 homi-

516 2395 647 2435 num
680 2380 867 2449 perire
897 2378 1163 2451 credenda
1212 2385 1372 2442 sunt,
1422 2377 1515 2446 qni
1548 2378 1616 2432 ab
1665 2378 1867 2433 eisdem
1918 2391 2101 2433 sacra-

513 2470 684 2524 menti
730 2469 958 2540 gratiam
1026 2484 1133 2523 nou
1188 2468 1536 2533 habentibus,
1573 2484 1708 2522 vana
1773 2469 2100 2524 sacramenti

516 2559 701 2629 specie
742 2558 1110 2615 deluduntur?
1151 2557 1519 2612 Dicendumnc
1550 2566 1632 2612 est
1674 2558 1900 2628 populo.
1930 2568 1989 2613 ut
2021 2558 2104 2613 vel

519 2651 748 2705 aliarum
795 2650 1105 2705 dimcesium
1160 2649 1470 2703 sacerdotes
1512 2649 1819 2718 acquirant,
1873 2649 1957 2703 vel
2003 2650 2102 2718 ipsi

516 2743 975 2813 transmigrantes
999 2743 1067 2797 ab
1096 2742 1183 2805 iis,
1207 2741 1296 2809 qui
1328 2755 1431 2793 non
1464 2755 1494 2793 a
1520 2738 1845 2795 Simouiacis
1867 2740 2104 2794 ordinati

516 2841 664 2897 sunt,
690 2840 1031 2887 sacramenta
1055 2830 1388 2900 percipiant?
1413 2828 1519 2884 Sed
1546 2844 1673 2883 ecce
1702 2829 1842 2883 sacri
1871 2844 2105 2885 canones

516 2926 871 2980 vehementer
896 2924 1183 2988 obsistunt,
1213 2934 1266 2978 et
1294 2924 1410 2977 sine
1436 2920 1607 2976 forma
1644 2921 1912 2993 pontiﬁcis
1945 2937 2104 2993 paro-

514 3016 762 3069 chiarnm
786 3014 1011 3069 limitem
1037 3013 1496 3079 trausceudentes,
1536 3029 1568 3068 a
1605 3015 1983 3069 communione
2022 3028 2108 3068 re-

502 3105 866 3176 pellunt..llis
896 3105 1061 3176 igitur
1089 3106 1410 3174 quandoque
1435 3105 1706 3172 consulti,
1749 3106 1891 3175 quod
1921 3104 2103 3160 consi-

514 3204 649 3256 lium
700 3201 982 3256 dabiutus?
1023 3201 1229 3268 Quibus
1278 3199 1534 3254 nimirum
1561 3198 1717 3268 juxta
1760 3199 2102 3269 dispensato-
2129 3171 2173 3234 Ο

513 3296 612 3349 rizn
633 3293 949 3347 assertionis
978 3292 1225 3346 inertiam
1258 3307 1354 3346 nec
1391 3291 1651 3359 indigena:
1675 3291 1883 3361 possint
1905 3299 2104 3361 myste-

514 3388 598 3441 ria
630 3385 1064 3446 sacratradere,
1102 3398 1201 3438 nec
1245 3383 1310 3435 ad
1355 3390 1640 3436 extraneos
1683 3381 1945 3436 canonica
1975 3396 2100 3451 per—

508 3479 765 3534 mittatur
803 3476 1130 3532 auctoritate
1178 3474 1430 3528 transire.
1474 3472 1558 3526 Ad
1603 3469 1925 3541 largissima:
1972 3486 2101 3542 ergo

515 3570 712 3625 divinaa
737 3568 955 3640 pietatis
979 3565 1230 3636 injuri-am
1266 3561 1589 3618 inevitabilis
1619 3561 1876 3632 pereundi
1907 3576 2100 3616 neces—

513 3660 652 3715 sitas
680 3659 787 3717 illis
817 3657 1114 3728 imponitur
1138 3695 1152 3721 ,
1197 3653 1394 3723 quibus
1423 3652 1676 3707 videlicet
1718 3651 1956 3720 undique
1996 3649 2103 3705 cir-

505 3750 806 3806 cutnclusis
829 3748 974 3804 nullo
996 3746 1253 3802 salutaris
1278 3743 1517 3804 confugii
1564 3742 1806 3800 remedio
1847 3742 2103 3797 subveni-

506 3855 623 3900 .tur.
660 3842 856 3898 Verum
902 3856 1002 3897 nos
1049 3839 1259 3894 diutius.
1278 3837 1526 3907 persequi
1575 3837 1675 3891 ista
1708 3835 2098 3905 postponimus,

514 3944 574 3989 ut
603 3950 723 4006 qua:
757 3933 958 3988 auditui
1013 3914 1206 3986 saltem
1249 3930 1491 4000 pavenda
1545 3939 1710 3993 sunt,
1759 3927 2101 3998 intelligenda

515 4024 716 4096 potius,
749 4039 912 4094 quam
948 4021 1173 4092 legenda
1204 4034 1350 4074 sanae
1392 4019 1586 4072 mentis
1606 4018 1812 4089 judicio
1844 4017 2104 4088 relinqui-

516 4131 669 4180 mus;
713 4124 773 4169 ut
794 4113 976 4185 paucis
990 4112 1204 4168 sobrius
1224 4109 1395 4165 lector
1414 4118 1693 4180 agnoscat,
1717 4109 1981 4180 dogmatis
2003 4110 2103 4163 hu-

509 4210 600 4280 jus
637 4216 887 4263 auctores
922 4216 1138 4276 quantze
1173 4202 1622 4274 impossibilitatis
1666 4219 1818 4259 onor
1844 4202 2098 4261 involvat.

1089 4297 1316 4356 CAPUT
1355 4297 1525 4353 XXX.

560 4399 721 4465 Quod
749 4396 1109 4466 rebaptizatio,
1132 4403 1181 4448 et
1210 4393 1585 4447 reconsecrulio
1606 4405 1704 4460 par
1725 4391 1919 4446 crimen
1945 4397 2039 4444 est.

584 4489 721 4556 Quia
750 4488 936 4558 igitur,
971 4495 1030 4540 ut
1060 4483 1711 4540 dereconsecrationibus
1734 4481 2101 4551 loqueremur,

506 4588 881 4652 congruenter
909 4577 1186 4640 occurrit,
1232 4584 1396 4644 atque
1426 4574 1480 4631 id
1511 4573 1684 4627 solum
1731 4574 1858 4632 huic
1900 4584 2102 4629 nostrae

511 4668 999 4728 lucubratiuncula:
1050 4668 1267 4722 demum
1324 4672 1532 4728 restat,
1583 4678 1745 4733 super
1790 4665 1895 4723 hoc
1937 4665 2101 4723 etiam

506 4769 798 4829 themate,
847 4761 932 4818 vel
980 4759 1256 4815 succincte
1308 4772 1408 4812 nos
1461 4764 1695 4811 tractare
1744 4771 1849 4811 non
1899 4757 2098 4828 pigeat.

516 4858 699 4914 Plane.
726 4855 817 4926 qui
867 4850 1012 4909 sacri
1061 4849 1259 4918 eloquii
1306 4847 1472 4903 limen
1515 4847 1800 4903 consuevit
1839 4856 2100 4911 atterere,

510 4946 1000 5018 rebaptizatinncm
1049 4951 1105 4996 et
1150 4938 1672 4995 reconseerationem
1720 4937 1821 4993 sub
1861 4936 2102 5005 ejusdem

513 5038 780 5095 examinis
817 5022 1006 5091 didicit
1045 5033 1199 5089 lance
1224 5044 1477 5103 pensare.
1513 5027 1664 5085 Sicut
1691 5029 1838 5084 enim
1868 5027 2101 5100 rebapti-

514 5138 673 5185 zatus
692 5126 990 5192 Cbristmn,
1012 5138 1172 5194 quem
1199 5120 1468 5184 induerat,
1487 5119 1703 5176 exuisse
1724 5118 2097 5184 convincitur;

513 5224 593 5278 ita
624 5220 921 5283 nimirum,
961 5225 1019 5274 et
1062 5222 1477 5271 reconseeratus
1520 5212 1781 5283 Spiritum
1827 5220 2099 5277 sanctum,

514 5330 678 5387 quem
709 5320 1027 5384 acceperat,
1077 5310 1357 5366 evidenter
1408 5309 1672 5380 probatur
1726 5305 2015 5361 amisisse:
2046 5312 2103 5361 et

512 5424 641 5464 cum
682 5404 879 5463 summi
912 5403 1076 5460 Verbi
1125 5412 1287 5473 atque
1339 5402 1602 5457 Paracleti
1661 5416 1770 5458 una
1823 5399 2100 5465 divinitas,

515 5499 705 5557 eadem
730 5494 1082 5568 proculdubio
1104 5494 1360 5551 credatur
1378 5493 1633 5556 essentia,
1657 5492 1749 5562 qui
1780 5505 1946 5546 unum
1979 5505 2103 5562 per-

517 5593 599 5649 dit
627 5590 857 5647 alterum
883 5603 992 5645 non
1022 5586 1278 5652 habebit;
1315 5594 1480 5655 atque
1512 5585 1633 5642 ideo
1663 5584 1807 5640 sicut
1833 5581 2102 5639 nefarium

516 5694 622 5748 est,
655 5684 701 5739 si
727 5683 850 5754 quis
878 5696 975 5753 per
1012 5680 1356 5738 iterationem
1395 5678 1648 5750 baptismi
1682 5677 1956 5750 Christum
1983 5692 2013 5731 a
2043 5689 2103 5732 se

486 5785 812 5851 ,pzmsumat
844 5772 1153 5845 expellere:
1184 5772 1256 5827 ita
1303 5770 1651 5829 nihilominus
1689 5769 2100 5837 exsecrandum,

2206 1919 2373 1973 multo
2409 1919 2581 1989 magis
2608 1920 2661 1974 in
2693 1921 2982 1991 episcopis,
3012 1922 3346 1993 presbyteris
3380 1931 3436 1976 et
3473 1922 3795 1979 diaconibns

2203 2008 2386 2062 auditu
2448 2010 2638 2065 saltem
2687 2012 2940 2082 dictuque
2987 2013 3247 2082 probatur
3288 2014 3641 2068 horrendum.
3686 2016 3794 2071 Sed

2205 2102 2328 2171 quia
2359 2101 2500 2156 idem
2533 2102 2792 2157 Dominus
2824 2113 2987 2174 atque
3019 2103 3269 2159 Salvator
3314 2104 3792 2173 clementissimus,

2204 2202 2259 2247 et
2305 2192 2573 2248 nemiuem
2621 2193 2735 2248 vult
2774 2195 2982 2262 perire,
3017 2210 3188 2265 usque
3218 2194 3285 2249 ad
3314 2196 3494 2251 exitus
3523 2197 3681 2268 13o
3709 2198 3794 2252 sui

2205 2284 2368 2349 diem,
2402 2284 2453 2338 in
2487 2284 2827 2354 pmnitentia,
2881 2287 2926 2341 si
2976 2287 3336 2357 resipiscnnt,
3374 2288 3561 2359 jacere
3594 2305 3795 2344 conve-

2205 2376 2336 2430 niat.
2368 2374 2479 2431 Nec
2505 2376 2735 2431 orationi
2764 2393 2870 2432 non
2902 2379 3063 2433 modo
3098 2377 3369 2445 ﬁdelium,
3403 2381 3497 2435 se-l
3524 2395 3621 2435 nec
3648 2391 3797 2434 cate-

2205 2469 2596 2525 chumenorum
2627 2471 2845 2539 quidem
2876 2470 3202 2526 omnimodis
3242 2472 3507 2527 interesse
3530 2513 3544 2535 ,
3596 2473 3795 2543 quibus

2206 2562 2515 2615 communio
2540 2559 2673 2614 laica
2700 2562 2752 2613 in
2777 2571 2948 2616 morte
2966 2561 3296 2616 redhibcnda
3329 2571 3429 2616 est.
3465 2582 3484 2614 ι
3517 2561 3572 2616 lu
3597 2564 3795 2633 quibus

2204 2650 2449 2720 profecto
2474 2653 2656 2706 verbis
2681 2654 2811 2709 illud
2840 2662 2921 2708 est
2944 2653 3199 2708 solertins
3228 2652 3565 2719 intuendum,
3597 2656 3720 2724 quia
3746 2655 3795 2709 si

2207 2744 2574 2814 rebaptizatus
2598 2745 2799 2801 idcirco
2831 2747 3105 2801 Christum
3131 2762 3358 2817 negasse
3395 2749 3655 2803 dicendus
3684 2756 3791 2815 est,

2206 2836 2331 2907 quia
2372 2846 2494 2907 post
2536 2847 2817 2909 acceptum
2862 2837 3192 2909 baptismum
3235 2854 3293 2893 se
3330 2840 3606 2910 negaverit
3638 2839 3795 2894 Chri-

2205 2927 2471 2993 stianum;
2508 2927 2553 2982 is
2574 2929 2758 2990 etiam,
2791 2929 2881 2998 qui
2911 2930 3370 2984 reconseerandus
3398 2930 3638 2991 accedit,
3668 2930 3794 2984 ideo

2207 3016 2467 3088 Spiritum
2499 3028 2744 3075 sanctum
2790 3035 3015 3089 negasse
3064 3021 3437 3085 convincitur,
3493 3021 3617 3088 quia
3669 3034 3794 3074 cum

2206 3116 2328 3177 post
2352 3109 2820 3164 consecrationem
2853 3110 3113 3180 Spiritum
3145 3120 3389 3165 sanctum
3421 3126 3480 3164 se
3508 3127 3614 3164 non
3638 3125 3796 3167 acce-

2202 3199 2349 3269 pisse
2379 3206 2630 3253 testatur.

2273 3290 2706 3344 lieconsecratus
2735 3305 2864 3360 ergo
2908 3304 2935 3341 a
2969 3290 3306 3361 rebaptizato
3337 3307 3674 3363 nequaquam
3709 3292 3794 3347 di-

2202 3396 2357 3437 versa
2387 3381 2735 3436 damnatione
2761 3381 3040 3445 dividitur,
3086 3398 3208 3436 cum
3255 3384 3511 3437 nimirum
3545 3385 3661 3454 pari
3697 3387 3795 3438 im-

2203 3472 2423 3544 pietatis
2458 3473 2670 3544 piaculo
2696 3472 2957 3537 sociatur,
2983 3471 3084 3526 nisi
3108 3471 3351 3528 fortassis
3377 3483 3433 3527 ct
3461 3475 3604 3529 hunc
3632 3474 3798 3529 scele-

2202 3568 2375 3623 ratius
2395 3584 2621 3638 peccare
2643 3568 2766 3638 quis
2787 3576 2996 3622 asserat
3020 3578 3241 3638 propter
3266 3570 3390 3635 hoc,
3414 3571 3556 3640 quod
3584 3569 3796 3628 Veritas

2202 3661 2332 3716 dicit
2361 3679 2371 3714 :
2405 3680 2421 3711 σ
2457 3660 2591 3727 Quia
2618 3660 2708 3730 qui
2734 3667 2920 3730 peccat
2945 3659 2996 3713 in
3023 3660 3259 3726 Patrem,
3280 3671 3335 3716 et
3362 3661 3579 3730 Filium,
3609 3664 3797 3718 remit-

2203 3752 2336 3805 titur
2369 3752 2453 3815 ei;
2502 3751 2593 3820 qui
2642 3760 2822 3804 autem
2874 3760 3065 3821 peccat
3109 3750 3162 3804 iu
3222 3752 3482 3822 Spiritum
3520 3764 3792 3819 sanctum,

2202 3858 2378 3911 neque
2420 3843 2508 3915 hic
2554 3842 2880 3907 remittitur,
2918 3858 3093 3912 neque
3124 3843 3176 3896 in
3221 3843 3401 3898 futuro
3433 3844 3647 3915 (Matth.
3683 3860 3791 3909 tu;

2202 3933 2333 3989 an.
2363 3911 2541 4001 χιι).ἰ
2589 3935 2653 3987 Et
2682 3950 2871 3989 revera
2910 3935 2952 3988 si
2986 3934 3376 3990 catholicorum
3410 3936 3586 3990 edicta
3617 3935 3798 4006 ponti-

2203 4027 2364 4081 ﬁcum
2413 4027 2748 4097 prepensiori
2794 4027 3093 4082 subtilitate
3120 4027 3456 4093 discutimus,
3490 4028 3797 4086 invenimus

2205 4118 2440 4188 aliquam
2507 4119 2779 4174 licentiam
2842 4119 2898 4173 in
2962 4118 3393 4188 rebaptizatione
3444 4120 3795 4189 permissam,

2203 4225 2365 4280 quam
2397 4219 2545 4265 certe
2571 4210 2812 4265 videmus
2840 4209 3296 4264 recousccrationi
3344 4208 3589 4265 funditus
3634 4211 3801 4266 dene-

2205 4309 2383 4370 gatam
2412 4298 2473 4370 (I,
2507 4308 2698 4368 quiest.
2733 4299 2795 4364 l,
2829 4296 2982 4363 Quod
3008 4298 3260 4369 quidam;
3307 4314 3346 4362 ι,
3378 4312 3435 4368 q.
3470 4298 3532 4363 Ι,
3572 4296 3797 4371 Siqui).

2206 4390 2341 4444 Nam
2371 4389 2413 4443 si
2445 4406 2565 4459 qua:
2594 4388 2844 4458 superius
2870 4388 3011 4443 dicta
3042 4397 3167 4442 sunt
3201 4388 3462 4443 memoria
3490 4403 3596 4441 non
3625 4389 3800 4457 patia-

2208 4498 2330 4537 mur
2344 4483 2610 4545 excidere,
2629 4481 3109 4536 animadvertimus
3124 4498 3151 4535 a
3171 4481 3541 4547 Paulianistis,
3569 4480 3798 4550 aliisque

2208 4575 2479 4630 hmreticis
2507 4573 2769 4644 Spiritum
2797 4583 3043 4627 sanctum
3077 4588 3183 4628 non
3216 4573 3574 4635 habentibus,
3617 4572 3796 4642 bapti-

2205 4674 2358 4721 zatos
2404 4664 2729 4735 rebaptizari
2781 4664 3104 4736 regulariter
3147 4672 3419 4734 oportere.
3462 4662 3565 4718 Ubi
3616 4671 3798 4717 tamen

2204 4757 2509 4829 baptisntus
2540 4757 2724 4811 iterari
2753 4771 2858 4809 non
2888 4755 3109 4819 dicitur,
3140 4755 3266 4823 quia
3296 4754 3601 4824 baptismus
3633 4752 3801 4807 fuisse

2206 4849 2483 4905 immunda
2533 4849 2682 4919 prior
2729 4846 2936 4901 ablutio
2981 4861 3087 4901 non
3139 4845 3372 4899 videtur.
3407 4844 3800 4899 Reconsccrari

2208 4952 2391 4997 autem
2440 4956 2471 4996 a
2517 4955 2845 5015 quocunque
2888 4938 3267 4996 haereticorum
3310 4950 3510 5006 genere
3554 4935 3799 5001 veniant,

2206 5049 2429 5104 prorsus
2469 5040 2777 5102 nequeunt;
2814 5031 2940 5103 quia
2971 5031 3075 5086 hoc
3111 5029 3252 5085 sacri
3292 5042 3528 5084 canones
3573 5026 3801 5081 omnino

2206 5124 2498 5195 refugiunt.
2532 5122 2878 5194 Quapropter
2903 5122 3035 5177 satis
3065 5120 3347 5184 miramur,
3395 5133 3493 5173 cur
3537 5126 3645 5170 tam
3675 5129 3823 5186 pro»

2207 5214 2414 5287 digiosa
2443 5217 2659 5286 quidam
2691 5217 2936 5271 caecitate
2960 5213 3278 5275 vesaniant,
3315 5220 3376 5265 ut
3409 5225 3438 5264 a
3467 5208 3799 5264 Simouiacis

2210 5311 2514 5375 ordinatos,
2549 5310 2725 5364 denuo
2760 5308 3158 5364 consecrandos
3184 5320 3305 5360 esse
3334 5305 3635 5359 decerteut.
3662 5301 3801 5355 Illud

2209 5399 2476 5468 siquidem
2507 5399 2850 5470 promulgant
2890 5411 3053 5467 super
3101 5394 3535 5449 Simoniacorum
3576 5391 3802 5445 ordina-

2206 5494 2355 5550 tione
2382 5494 2679 5557 decretum,
2730 5492 2875 5564 quod
2914 5492 3018 5547 illis
3051 5490 3211 5545 etiam
3242 5488 3504 5546 absonum
3536 5487 3802 5559 probatur

2209 5586 2498 5654 haereticis,
2516 5587 2607 5659 qui
2633 5586 2947 5643 orthodoxa:
2968 5583 3089 5639 ﬁdei
3115 5599 3183 5638 ne
3205 5584 3554 5654 perexiguum
3579 5582 3797 5651 andem

2208 5677 2460 5734 videntur
2485 5677 2687 5734 habere
2716 5676 3023 5748 vestigium.
3059 5673 3447 5730 llaereticorum
3476 5687 3669 5743 nempe
3706 5669 3798 5724 alii

2208 5777 2371 5826 recta:
2418 5769 2540 5826 ﬁdei
2586 5779 2731 5840 sunt,
2763 5778 2819 5825 et
2857 5769 2909 5826 in
2943 5768 3055 5825 suis
3077 5767 3332 5841 gradibus
3354 5763 3645 5836 recipiendi
3665 5804 3679 5829 ,
3706 5759 3798 5816 alii
