4080 5346
317 359 422 416 N5

316 567 536 623 debent.

387 659 455 713 Et
480 662 737 730 quoniam
765 680 795 718 a
825 663 1152 723 Simoniacis
1180 669 1449 727 haarcseos
1472 683 1655 727 notam
1687 674 1896 743 propul-

317 763 442 804 sare
471 765 575 804 non
607 766 924 821 possumus,
955 755 1078 824 jure
1109 761 1305 829 quibus
1331 764 1592 831 assignari
1617 765 1904 819 videantur

317 838 585 896 hcreticis
620 846 905 913 perspicue
947 849 1336 906 discernamus.
1383 852 1491 907 Aut
1526 855 1668 909 enim
1699 867 1900 911 rectam

315 936 478 992 ﬁdem
512 939 713 996 habere
737 942 948 998 dicendi
979 955 1126 1011 sunt,
1159 947 1296 1001 sicut
1325 947 1637 1016 Novatiani;
1667 961 1756 1004 aut
1782 966 1905 1021 per-

316 1027 457 1082 ﬁdiae
503 1031 784 1086 erroribus
829 1032 1181 1099 detinentur,
1227 1037 1368 1091 sicut
1413 1037 1786 1106 Panlianistae,
1817 1040 1902 1096 vel

313 1118 522 1175 Ariani.
557 1122 664 1177 Sed
688 1125 734 1179 si
767 1134 928 1180 rectze
956 1126 1076 1182 ﬁdei
1104 1145 1227 1184 cum
1251 1128 1564 1187 Novatiauis
1591 1144 1736 1200 sunt,
1765 1135 1904 1190 sicut

313 1224 345 1262 a
383 1207 700 1267 Novatianis
746 1216 1022 1273 venientes
1047 1218 1099 1272 in
1127 1220 1240 1274 suis
1275 1223 1659 1291 praecipiuntur
1685 1225 1902 1280 honori-

311 1300 414 1355 bus
442 1303 640 1372 recipi,
677 1305 753 1360 ita
783 1307 948 1361 etiam
981 1310 1049 1364 ab
1080 1311 1164 1364 his
1191 1313 1432 1368 ordinari
1471 1330 1575 1369 non
1609 1315 1804 1370 debent
1834 1317 1901 1371 ab

312 1385 534 1458 injuitcti
555 1388 758 1464 g'radus
774 1397 949 1454 olIicio
973 1403 1259 1457 removeri.
1280 1403 1433 1471 Quod
1455 1406 1499 1460 si
1523 1422 1646 1461 cum
1661 1407 1900 1475 Arianis,

308 1481 426 1537 sive
452 1482 805 1542 Pauliauistis
829 1490 1067 1559 perﬁdiae
1092 1493 1438 1548 involvuntur
1459 1498 1736 1553 erroribus
1763 1485 1904 1555 sicut

309 1573 508 1630 abillis
532 1578 738 1646 egressi
765 1584 1136 1638 reconsecrari
1168 1584 1475 1642 nullatenus
1491 1589 1899 1658 permittuntur,

305 1664 451 1731 quod
495 1666 754 1723 nimirum
805 1671 1120 1729 Innocentio
1165 1690 1304 1746 papa
1347 1679 1672 1735 onmimodis
1717 1682 1904 1752 prohi-

305 1753 502 1820 bente,
532 1759 694 1826 paulo
731 1770 859 1816 ante
887 1764 1207 1833 didicimus;
1253 1768 1333 1824 sic
1367 1770 1530 1824 etiam
1563 1771 1676 1839 isti,
1725 1773 1817 1843 qui
1869 1790 1899 1828 a

1140 369 1380 428 OPUSC.
1409 372 1490 429 Vl.
1532 407 1599 415 —
1633 375 1834 432 LIBER
1873 375 1987 445 QUI
2028 376 2303 436 DlClTUR
2339 381 2818 441 GltATISSlllUS.

316 487 468 532 recta
509 477 614 532 ﬁde
653 489 856 545 carent,
899 491 952 538 et
990 483 1043 538 iu
1083 501 1180 541 suo
1218 489 1509 557 persistere
1557 485 1759 547 honore
1797 505 1902 546 non
1933 492 1982 551 A

3490 387 3589 443 146

2078 490 2174 546 His
2204 493 2387 562 itaque
2421 493 2599 548 verbis
2623 492 2904 550 evidenter
2931 494 3253 561 ostenditur,
3293 495 3418 566 quia
3448 498 3588 554 sicut

2005 583 2058 638 in
2085 584 2514 654 rcbaptizatione
2540 585 2789 640 Christus
2819 589 3035 642 exuitur
3057 628 3071 652 ,
3120 587 3190 642 ita
3221 595 3276 642 et
3309 589 3359 642 in
3401 605 3590 645 recon-

2005 675 2308 730 secratioue
2344 673 2579 745 Spiritus
2605 676 2776 731 sancti
2809 677 2977 746 gratia
3004 678 3095 748 qui
3133 677 3274 731 male
3302 691 3589 747 provectus

2002 778 2108 834 est,
2143 777 2459 823 evacuatur.
2494 769 2633 836 Quid
2663 770 2804 824 enim
2845 770 3104 842 sacrilega
3134 771 3219 826 illa
3251 775 3590 828 consecratio

2003 861 2106 915 nisi
2139 861 2331 932 duplex
2359 870 2442 916 est
2471 862 2776 931 depositio?
2820 862 2936 930 Qua
2968 864 3221 918 nimirum
3246 905 3258 927 ,
3293 867 3417 921 dum
3449 875 3589 922 unus

2001 951 2411 1006 exsecrabiliter
2436 962 2810 1017 consecratur,
2860 961 3088 1022 uterque
3122 953 3248 1024 jure
3279 955 3586 1025 deponitur.

2005 1043 2156 1100 Unde
2188 1059 2294 1098 non
2325 1044 2600 1099 immerito
2633 1045 2684 1098 in
2713 1045 3013 1100 canonibus
3047 1046 3412 1114 apostolorum
3458 1048 3588 1117 legi-

2006 1141 2092 1187 tur
2124 1133 2340 1204 (Distin.
2377 1135 2466 1198 68,
2493 1151 2613 1207 cap.
2647 1134 2796 1190 Sicut
2831 1136 3010 1205 semel)
3039 1153 3051 1188 :
3084 1154 3104 1186 ‹
3139 1135 3196 1189 Si
3235 1135 3354 1204 quis
3383 1137 3594 1204 episco-

2001 1242 2120 1298 pus,
2152 1236 2241 1281 aut
2274 1229 2557 1299 presbyter
2581 1269 2593 1291 ,
2643 1236 2734 1281 aut
2778 1228 3040 1282 diaconus
3077 1229 3367 1282 secundum
3400 1243 3591 1282 manus

2003 1317 2403 1390 impositionem
2427 1321 2692 1388 acceperit
2724 1319 2792 1375 ab
2817 1320 3022 1390 aliquo,
3046 1321 3348 1390 deponatur
3374 1328 3427 1372 et
3452 1319 3588 1386 ipse,

2001 1416 2056 1462 et
2081 1408 2171 1476 qui
2202 1423 2322 1462 eum
2348 1410 2600 1464 ordinare
2630 1411 2936 1464 tentaverit.
2969 1409 3100 1463 Nam
3125 1425 3242 1473 eos,
3273 1409 3459 1479 qui'ah
3486 1410 3590 1462 hue-

1996 1499 2230 1571 jusmodi
2257 1502 2512 1570 baptizati
2541 1501 2763 1566 fuerint,
2787 1502 2871 1556 vel
2892 1502 3148 1566 ordinati,
3179 1516 3351 1570 neque
3381 1499 3587 1560 ﬁdeles.

2002 1608 2177 1664 neque
2199 1593 2428 1648 clericos
2458 1609 2579 1648 esse
2604 1595 2857 1664 possibile
2881 1602 2985 1648 cst.
3019 1614 3036 1645 ι
3057 1591 3208 1660 Quod
3234 1593 3278 1649 si
3301 1593 3594 1663 quisquam

2000 1683 2294 1752 objecerit,
2351 1696 2470 1754 post
2519 1686 2906 1754 depositioncm
2970 1684 3379 1739 reconciliatum
3423 1683 3592 1736 fuisse

2001 1777 2618 1840 Formosum,Romaute
2636 1777 2883 1831 videlicet
2900 1778 3043 1830 sedis
3069 1777 3400 1845 episcopum,
3427 1791 3589 1828 nove-

303 1846 636 1906 Simoniacis
658 1864 785 1908 sunt
803 1856 1060 1925 promoti,
1084 1860 1225 1914 nulla
1249 1873 1468 1930 possunt
1490 1865 1700 1921 ratione
1719 1867 1896 1923 denuo
1927 1868 1972 1928 Β
2002 1870 2071 1924 rit
2093 1869 2356 1940 plurimos
2381 1870 2722 1922 sacerdotum
2757 1867 3131 1921 reconciliatos
3161 1867 3377 1936 quidem
3402 1864 3588 1925 fuisse.

303 1944 639 1998 consecrari.
665 1945 856 2002 Restat
888 1950 1072 2020 igitur,
1104 1962 1163 2006 ut
1190 1954 1304 2010 sive
1333 1967 1478 2012 recte
1506 1959 1752 2025 credant,
1783 1961 1897 2016 sive

300 2039 452 2084 recte
501 2047 610 2088 non
658 2037 902 2104 credant,
940 2041 1117 2096 denuo
1141 2046 1450 2102 consecrari
1491 2063 1597 2102 non
1643 2049 1894 2104 debeant.

299 2115 540 2177 Necesse
564 2133 650 2180 est
677 2126 859 2200 itaque
887 2133 1181 2188 secundum
1209 2151 1270 2190 ea
1294 2152 1414 2206 quae
1435 2137 1576 2193 dicta
1603 2150 1749 2205 sunt,
1783 2151 1840 2196 ut
1865 2157 1896 2198 a

303 2209 636 2272 Simoniacis
661 2219 916 2287 ordinati,
946 2233 1039 2278 aut
1067 2227 1335 2284 eatholice
1363 2230 1613 2285 dicantur
1650 2235 1894 2299 credere,

301 2310 356 2354 et
381 2301 434 2356 in
466 2305 581 2360 suis
615 2308 845 2366 debeant
883 2312 1072 2370 oﬁiciis
1115 2332 1465 2386 permanere;
1511 2331 1606 2375 aut
1650 2323 1892 2391 perﬁdia:

301 2393 700 2452 convincuntur
751 2402 1005 2471 obnoxii,
1059 2416 1114 2461 et
1170 2409 1250 2462 sic
1297 2410 1438 2479 quod
1484 2424 1766 2483 acceptum
1814 2424 1898 2471 est

301 2490 556 2554 perdant.
589 2493 786 2548 Verum
824 2499 945 2567 quis
983 2501 1208 2566 nesciat.
1251 2517 1344 2558 eos
1387 2521 1490 2558 non
1526 2507 1695 2560 solum
1731 2507 1782 2561 in
1809 2523 1896 2562 or-

303 2576 555 2633 t’hodoste
581 2580 704 2638 ﬁdei
729 2587 996 2645 soliditate
1025 2593 1333 2661 persistere,
1365 2597 1458 2651 sed
1489 2597 1770 2670 plerosque
1805 2615 1898 2655 eo-

301 2684 427 2724 rum
459 2673 700 2746 insuper,
738 2678 890 2749 131
925 2693 984 2736 ut
1012 2700 1196 2738 revera
1229 2687 1525 2745 catholicos
1569 2705 1668 2766 per
1714 2693 1896 2748 omnia

299 2777 451 2819 viros
500 2779 705 2825 sanetre
748 2778 1175 2834 conversationis
1224 2781 1422 2848 studio,
1471 2793 1897 2855 cunctarumque

301 2855 564 2912 virtutum
602 2861 881 2920 honestate
906 2866 1135 2923 ﬂorere?
1161 2872 1522 2944 Consequitur
1546 2873 1728 2945 igitur,
1756 2887 1813 2929 ut
1842 2877 1894 2929 in

301 2949 543 3044 acceptis
575 2949 868 3008 honoribus
892 2957 1014 3025 jure
1057 2973 1442 3031 permaneant,
1485 2965 1538 3019 in
1574 2965 1768 3034 quibus
1817 2967 1897 3019 ui-

302 3042 502 3090 mirum
547 3054 670 3094 cum
713 3042 1022 3114 integritate
1062 3050 1183 3106 ﬁdei
1236 3061 1290 3106 et
1335 3048 1676 3112 conversatio
1706 3067 1894 3114 sancta

233 3181 247 3194 _
300 3131 616 3184 concordat.
673 3132 972 3205 Abjiciatur
1026 3157 1156 3211 ergo
1207 3144 1518 3215 blasphema
1578 3149 1893 3216 temeritas,

1997 1961 2091 2032 qui
2123 1969 2301 2015 tamen
2333 1975 2598 2030 nusquam
2632 1959 2883 2030 leguntur
2917 1959 2966 2011 in
3006 1958 3234 2028 idipsum
3263 1957 3436 2010 denuo
3461 1971 3593 2010 eou-

1996 2053 2214 2107 secrati.
2260 2051 2421 2105 Aliud
2463 2062 2547 2105 est
2594 2051 2740 2103 enim
2786 2049 3082 2118 quemlibet
3134 2062 3228 2116 per
3276 2045 3588 2117 synodalcm

1997 2143 2322 2198 sententiam
2351 2142 2402 2196 in
2437 2142 2624 2197 amissi
2658 2141 2862 2196 ordinis
2887 2142 3009 2212 jura
3038 2139 3284 2205 restitui;
3320 2139 3462 2192 aliud
3495 2153 3592 2205 per

1997 2235 2425 2292 consecrationis
2467 2236 2784 2306 mysterium
2812 2276 2825 2296 ,
2865 2235 3005 2303 quod
3038 2232 3222 2286 iterari
3253 2246 3358 2284 non
3389 2237 3590 2297 potest,

1999 2329 2232 2397 Spiritus
2258 2327 2433 2382 sancti
2457 2328 2684 2398 gratiam
2712 2325 3038 2398 promereri:
3059 2322 3357 2394 praesertim
3389 2335 3508 2374 cum
3539 2320 3593 2371 in

1996 2434 2098 2485 eo,
2151 2418 2242 2490 qui
2298 2418 2620 2489 deponitur,
2675 2431 2980 2488 quanquam
3041 2413 3319 2484 dignitatis
3379 2409 3594 2468 utenda:

1997 2517 2187 2584 perdat
2221 2517 2586 2572 exstrinsecus
2632 2514 2992 2585 privilegium,
3049 2520 3232 2566 manet
3288 2519 3466 2564 tamen
3507 2507 3590 2562 ni-

1995 2608 2289 2663 hilominus
2321 2608 2489 2663 semel
2526 2608 2706 2678 adepti
2737 2607 2946 2663 ordinis
2977 2612 3410 2666 sacramentum;
3447 2601 3592 2655 sicut

1997 2702 2162 2757 etiam
2183 2711 2436 2757 manente
2458 2702 2512 2756 iu
2536 2717 2594 2757 se
2615 2710 2955 2756 sacramento
2973 2700 3128 2771 132
3145 2694 3589 2769 regenerationis,

1998 2790 3211 2863 excommunicaturreuscujnslibetcriminis,
3234 2797 3592 2844 [tecettt'ctco-

1997 2885 2118 2941 dem
2143 2896 2506 2953 sacramento,
2521 2887 2742 2941 etiamsi
2765 2901 3034 2955 nunquam
3055 2881 3448 2955 reconcilietur
3455 2881 3584 2959 lico:

2549 2976 2777 3032 CAPUT
2819 2973 3032 3029 XXXII.

2001 3068 2154 3135 Quod
2184 3068 2376 3139 falsum
2398 3067 2485 3133 sit,
2515 3077 2569 3120 ut
2595 3064 3201 3139 quilibct_a__S_i_mouiaco
3229 3072 3588 3126 consecratus,

2476 3156 2507 3192 α
2538 3136 2671 3192 laico
2705 3136 2835 3189 nihil
2863 3136 3095 3204 diferal.

301 3236 467 3277 ausus
497 3224 715 3283 illicitus
743 3232 1068 3301 reprimatur
1090 3276 1104 3300 ,
1150 3245 1206 3290 et
1239 3239 1329 3308 qui
1360 3249 1588 3312 arguunt
1618 3240 1893 3300 Christum
1923 3223 1967 3284 Ο
2071 3230 2175 3286 δρα
2205 3231 2270 3286 de
2293 3229 2778 3286 Γθοοηεεενθῑίοηῖε
2808 3228 3114 3296 ίιηρῖοίίιιθν
3159 3224 3281 3279 "Cet
3308 3238 3403 3278 “05
3432 3223 3586 3293 ill"ra
3622 3297 3628 3304 ,

302 3314 670 3383 rebaptizatos
695 3335 914 3389 CXUCI‘C,
933 3337 1286 3382 CXSCCI‘BIlllII'
1308 3331 1468 3385 etiam
1487 3343 1892 3387 l'CCOllSGCl‘IllOS

296 3403 417 3471 pari
452 3404 713 3476 Spiritum
741 3422 985 3469 sanctum
1018 3417 1292 3488 impietate
1322 3435 1538 3492 negare.

866 3525 1094 3584 CAPUT
1132 3529 1322 3586 XXXI.

298 3611 458 3680 Quod
483 3617 620 3672 sicut
646 3621 976 3692 rebaptizari,
1005 3626 1080 3680 ita
1099 3636 1146 3680 et
1172 3627 1342 3683 denuo
1363 3633 1658 3687 consecrari
1679 3620 1893 3704 quisque

939 3712 1043 3750 non
1069 3706 1252 3766 potest.

367 3779 486 3851 Age
521 3779 703 3853 igitur,
737 3786 827 3855 qui
853 3797 1100 3843 astruunt
1123 3791 1521 3858 quomodolibet
1546 3806 1892 3852 consecratos

294 3871 600 3926 secundam
627 3890 817 3931 manus
848 3877 1244 3948 impositionem
1276 3897 1435 3951 posse
1461 3885 1759 3955 suscipere,
1786 3903 1892 3943 non

295 3974 396 4013 sua
429 3965 694 4032 contenti,
727 3969 1000 4024 canonica:
1021 3970 1362 4026 auctoritatis
1389 3973 1440 4026 id
1469 3976 1718 4030 studeant
1744 3977 1894 4032 testi-

293 4052 500 4108 moniis
529 4055 842 4125 approbare.
882 4047 1073 4115 Dieant
1105 4061 1288 4132 itaque
1317 4063 1408 4134 qui
1441 4076 1754 4120 sanctorum
1784 4067 1890 4122 Pa-

294 4151 447 4198 trum
489 4145 590 4200 ista
645 4153 1123 4222 prmsumpserint,
1181 4155 1271 4224 qui
1303 4155 1492 4210 saltem
1518 4160 1889 4227 przcsumen-tla

295 4234 668 4292 dictaverint?
698 4239 764 4294 Et
792 4257 913 4297 cum
936 4243 1003 4297 ad
1026 4246 1361 4315 probationis
1383 4247 1641 4304 indicium
1668 4253 1890 4306 authen-

293 4324 389 4378 tici
407 4336 650 4383 veterum
672 4331 968 4389 defecerint
989 4337 1194 4406 apices,
1211 4340 1548 4396 necessarios
1569 4342 1888 4412 semetipsos

291 4417 423 4471 novi
466 4418 732 4488 dogmatis
786 4422 1060 4481 fateantur
1109 4439 1377 4486 auctores.
1427 4430 1580 4498 Quod
1633 4433 1888 4488 nimirum

291 4522 423 4562 cum
463 4513 742 4570 sanctione
783 4517 1068 4574 doctorum
1111 4537 1375 4592 nusquam
1422 4525 1726 4594 reperiatur
1767 4541 1887 4582 esse

291 4607 647 4670 praeceptum,
692 4605 966 4663 invenitur
990 4611 1152 4666 etiam
1184 4606 1323 4669 ultro
1365 4615 1710 4685 prohibitum.
1748 4617 1878 4672 Nam

290 4691 642 4792 beatissimus
664 4715 802 4769 papa
834 4701 1128 4772 Gregorius
1151 4705 1343 4762 Joanni
1382 4708 1634 4778 episcopo
1670 4711 1882 4792 Balven-

293 4785 440 4840 natis
462 4785 733 4855 Ecclesiae,
763 4792 904 4847 sicut
932 4796 1200 4851 neminem
1227 4798 1550 4868 rebaptizari
1571 4839 1585 4865 ,
1617 4800 1688 4854 ita
1713 4785 1879 4855 etiam

293 4889 395 4929 nec
422 4875 595 4946 ipsum
625 4881 805 4936 denuo
828 4887 1135 4942 consecrari
1163 4902 1353 4956 posse,
1386 4890 1470 4944 his
1503 4893 1737 4946 asseruit
1764 4908 1880 4948 ver—

292 4965 376 5055 bis
406 4967 626 5041 (Regisl.
676 4974 775 5029 lib.
823 4993 858 5029 tt
908 4980 1066 5050 epist.
1112 4997 1234 5051 cap.
1277 4984 1366 5054 52)
1401 5002 1413 5038 :
1452 5005 1469 5036 ι
1509 4984 1639 5040 Illud
1672 4996 1878 5055 autem,

295 5054 485 5128 inquit,
512 5064 655 5132 quod
681 5063 885 5130 dicitis,
932 5078 988 5123 ut
1029 5071 1075 5127 is
1117 5072 1208 5141 qui
1254 5075 1533 5130 ordinatus
1569 5084 1653 5130 est
1681 5054 1876 5132 iterum

291 5151 590 5219 ordinetur,
621 5155 785 5210 valde
814 5158 1093 5219 ridiculum
1139 5174 1220 5220 est
1240 5205 1256 5232 ,
1301 5175 1356 5222 et
1386 5166 1454 5221 ab
1483 5168 1680 5236 ingenii
1712 5170 1879 5225 vestri

285 5245 724 5346 consideratione
770 5248 978 5309 videtur
1007 5267 1362 5324 extraneum,
1398 5259 1500 5314 nisi
1547 5257 1688 5314 forte
1735 5262 1878 5330 quod

1912 4574 1965 4634 D

1994 3327 2326 3392 dixerimus,
2369 3341 2434 3380 ne
2479 3335 2657 3380 tamen
2706 3341 2791 3378 res
2821 3323 2872 3377 in
2919 3322 3137 3378 dubium
3175 3321 3426 3390 pendeat.
3456 3320 3498 3372 si
3531 3328 3588 3372 et

1995 3431 2271 3491 gestorum
2295 3434 2510 3488 quoque
2534 3417 2826 3472 auctoritas
2874 3429 2980 3469 non
3025 3413 3275 3474 accedat,
3310 3412 3375 3464 de
3406 3411 3593 3466 eccle-

1993 3512 2216 3567 siastica
2243 3510 2475 3566 historia
2508 3509 2728 3580 (Eusen.
2760 3507 2852 3561 lib.
2902 3521 2959 3571 x,
3010 3519 3063 3559 c.
3115 3503 3196 3574 l5)
3247 3501 3583 3571 praebeamus

1994 3603 2317 3674 exemplum,
2346 3611 2407 3656 ut
2435 3600 2679 3656 nonnihil
2711 3600 2974 3665 videatur,
3000 3606 3057 3652 ut
3087 3596 3302 3660 dicitur,
3327 3609 3584 3662 quorum-

1995 3696 2124 3752 libet
2161 3693 2498 3752 consecralio
2547 3690 2914 3746 sacerdotum.
2971 3687 3106 3743 Nam
3163 3694 3222 3740 ut
3272 3685 3460 3739 eadem
3495 3685 3586 3738 hic

1993 3788 2158 3841 verba
2191 3793 2462 3858 ponantur
2509 3802 2522 3837 :
2576 3781 2842 3851 Tempore
2888 3795 2994 3851 quo
3025 3777 3164 3847 apud
3195 3775 3583 3831 Alexandriam

1995 3879 2137 3935 Petri
2189 3876 2446 3948 martyris
2484 3875 2626 3930 diem
2674 3871 2978 3927 Alexander
3031 3871 3319 3938 episcopus
3362 3864 3583 3935 agebat.

1993 3989 2115 4027 cum
2139 3980 2257 4042 post
2278 3969 2486 4040 expleta
2510 3967 2772 4022 solemnia
2795 3972 3157 4020 conventuros
3178 3960 3243 4014 ad
3271 3957 3580 4014 convivium

1992 4080 2148 4120 suum
2181 4062 2410 4118 clericos
2439 4065 2814 4130 exspectaret,
2843 4056 2895 4109 iu
2922 4054 3042 4109 loco
3069 4052 3204 4107 mari
3234 4051 3410 4105 vicino
3435 4048 3583 4102 videt

1991 4155 2203 4209 eminus
2234 4168 2524 4224 puerorum
2566 4159 2765 4206 emtum
2795 4161 2959 4218 super
3000 4159 3152 4200 oram
3186 4141 3350 4197 maris
3391 4139 3578 4194 ludum

1992 4248 2343 4312 imitantimn,
2375 4255 2436 4301 ut
2467 4245 2580 4299 ﬁeri
2612 4244 2769 4308 solet,
2821 4243 3130 4312 episcopum
3163 4248 3325 4308 atque
3351 4251 3414 4290 ea
3457 4251 3579 4304 qua:

1992 4340 2045 4394 in
2088 4337 2343 4392 Ecclesiis
2369 4335 2481 4406 geri
2526 4349 2644 4389 mos
2673 4343 2774 4387 est.
2810 4331 2914 4388 Sed
2955 4345 3077 4384 eum
3130 4329 3336 4380 intentu
3367 4324 3576 4378 diutino

1990 4446 2186 4505 pueros
2209 4430 2562 4500 inspectaret,
2607 4425 2750 4480 videt
2778 4425 2845 4476 ab
2878 4423 2960 4477 his
2989 4419 3099 4491 geri
3132 4418 3376 4487 quaedam
3405 4415 3573 4470 etiam

1992 4522 2285 4578 secretiora
2321 4528 2376 4575 et
2413 4519 2662 4590 mystica.
2706 4514 3062 4570 Perturbatus
3103 4511 3247 4564 illico
3287 4506 3467 4563 vocari
3505 4508 3576 4560 ad

1989 4631 2048 4669 se
2071 4613 2302 4668 clericos
2333 4609 2509 4678 jubet,
2538 4616 2699 4677 atque
2725 4605 2804 4661 eis
2828 4604 2954 4674 quid
2983 4603 3192 4656 eminus
3220 4600 3333 4669 ipse
3364 4599 3573 4652 videret

1987 4701 2243 4760 ostendit.
2290 4700 2426 4754 Tum
2478 4698 2630 4754 abire
2673 4711 2786 4759 eos,
2837 4705 2894 4750 et
2945 4692 3366 4760 comprehensos
3418 4689 3484 4742 ad
3515 4703 3574 4742 se

1987 4795 2282 4866 perducere
2310 4807 2501 4846 omnes
2530 4803 2726 4860 pueros
2757 4786 3002 4856 imperat.
3031 4783 3271 4850 Cumque
3292 4779 3570 4841 adessent,

1987 4885 2110 4956 quis
2139 4885 2218 4938 eis
2245 4883 2434 4948 ludus,
2480 4891 2536 4936 et
2581 4880 2708 4950 quid
2753 4879 3012 4948 egissent,
3044 4873 3127 4926 vel
3152 4872 3422 4940 quomodo
3447 4886 3572 4942 per-

1990 4985 2298 5033 cunctatur.
2341 4975 2459 5040 llli,
2510 4985 2567 5030 ut
2611 4973 2748 5028 tales
2792 4972 2958 5028 habet
2986 4978 3136 5030 retas,
3168 4965 3345 5035 pavidi
3375 4979 3575 5036 negare

1985 5069 2184 5140 primo,
2214 5067 2337 5122 dein
2369 5080 2481 5121 rem
2511 5075 2718 5137 gestam
2767 5079 2866 5132 per
2916 5059 3161 5114 ordinem
3209 5061 3473 5128 pandunt,
3521 5065 3576 5109 ct

1986 5163 2292 5232 baptizatos
2321 5175 2350 5213 a
2389 5175 2446 5216 se
2476 5172 2593 5214 esse
2633 5156 2897 5225 quosdam
2943 5152 3368 5208 catechumenos
3405 5149 3574 5206 conli-

1990 5262 2171 5309 tcntur
2192 5267 2289 5321 per
2307 5249 2688 5312 Athanasium,
2725 5249 2820 5317 qui
2861 5245 2970 5302 ludi
3003 5244 3143 5298 illius
3175 5245 3436 5313 puerulus
3461 5243 3575 5311 cpi-
