4106 6310
518 353 619 413 N7

515 467 689 541 tegris
726 466 1244 536 interrogationibus
1268 507 1285 534 ,
1333 476 1405 543 et.
1431 468 1905 540 responsionibus,
1951 483 2088 540 aqua
2118 470 2172 528 Α

517 556 695 615 fuerat
720 557 931 623 infusa,
965 557 1151 613 iterari
1196 559 1517 628 baptismum
1566 576 1671 616 non
1717 559 1952 626 debere,
1999 561 2096 616 sed

520 645 799 715 adimpleri
830 661 892 701 ea
927 661 1048 717 quae
1090 662 1123 702 a
1155 649 1527 704 sacerdotibus
1562 664 1680 704 mos
1713 659 1826 715 est;
1851 650 2095 705 Athana-

522 737 661 793 sium
682 750 811 791 vero
839 745 1001 806 atque
1029 750 1144 803 eos,
1175 752 1310 808 quos
1346 738 1501 795 ludus
1537 739 1626 794 ille
1645 738 1727 793 vel
1757 739 2096 809 presbyteros

434 824 442 831 ’
518 824 720 882 habere
743 825 892 880 visus
921 826 1112 889 fuerat,
1142 827 1223 881 vel
1245 828 1540 892 ministros,
1569 830 1879 886 convocatis
1906 842 2098 899 paren-

516 914 684 982 tibus,
707 914 806 970 sub
831 914 923 970 Dei
946 917 1306 972 obtestatione
1333 919 1554 973 tradidit
1572 918 1826 974 Ecclesia:
1850 921 2096 975 nutrien-

518 999 638 1074 dos,
665 1018 720 1066 et
743 1009 968 1081 reliqua,
994 1012 1190 1082 quibus
1217 1011 1466 1069 videlicet
1487 1025 1739 1069 narratur
1765 1010 2097 1067 Athanasius

517 1115 710 1156 revera
736 1101 1018 1171 episcopus
1045 1101 1219 1157 factus
1243 1142 1258 1166 ,
1305 1103 1446 1158 sicut
1477 1118 1507 1157 a
1535 1119 1701 1174 puero
1731 1103 1905 1158 fuerat
1930 1103 2097 1159 sitnu-

458 1208 465 1220 ι
516 1189 678 1244 latus.
701 1187 853 1255 Quod
877 1189 1130 1245 nimirum
1154 1190 1491 1261 antiquitatis
1506 1192 1811 1263 exemplum
1838 1192 2097 1249 adversus

518 1295 614 1336 eos
641 1279 902 1336 adhibere
936 1281 1278 1346 curavimus,
1315 1283 1406 1351 qui
1437 1282 1899 1339 consecrationem
1941 1300 1970 1337 a
2018 1283 2099 1338 Si-

518 1370 784 1426 moniaeis
825 1369 1022 1427 factam
1065 1371 1204 1427 nihil
1240 1387 1359 1428 esse
1398 1374 1612 1443 penitus
1636 1382 1905 1441 asserunt,
1933 1383 2097 1444 atque

518 1463 587 1519 ab
616 1462 721 1518 illis
748 1464 1058 1530 ordinatos,
1085 1460 1221 1519 nihil
1261 1480 1293 1520 a
1335 1464 1489 1520 laicis
1516 1465 1716 1521 distare
1745 1466 2095 1522 contendunt.

522 1551 581 1607 Si
608 1553 752 1608 enim
781 1553 1083 1625 proludium
1108 1554 1258 1623 illud,
1296 1572 1402 1626 quo
1425 1555 1675 1612 videlicet
1697 1557 1848 1628 pueri
1880 1556 2099 1629 presby-

500 1642 667 1713 ‘teros
696 1659 755 1700 se
781 1646 1187 1713 simulaverant,
1224 1647 1307 1702 vel
1334 1648 1612 1703 ministros
1637 1689 1652 1712 ,
1701 1648 1835 1703 tanti
1884 1656 1967 1703 est
1996 1650 2095 1704 ha-

512 1733 710 1811 bitum,
738 1744 799 1791 ut
826 1751 920 1791 eos
950 1736 1236 1808 episcopus
1260 1738 1361 1792 sub
1394 1738 1489 1793 Dei
1518 1738 1880 1793 obtestatione
1903 1753 2100 1808 paren-

982 356 1039 411 S.
1071 355 1276 411 PETRI
1299 354 1581 439 DAMlANl
1616 354 1766 411 OPP.
1809 352 2043 410 TOMUS
2073 352 2100 409 ε

2201 353 2205 393 r
2244 353 2422 407 rans
2459 353 2542 408 ut.
2579 384 2649 397 —-
2674 354 3038 413 OPUSCULA
3075 294 3344 410 variis}

3670 354 3776 411 με

2717 468 2945 525 CAPUT
2997 468 3230 524 XXXIII.

2306 561 2444 626 Quid
2472 560 2809 615 Innocentius
2852 560 2916 614 de
2951 561 3395 614 recomeeratione
3439 573 3669 615 censeat.

2265 652 2557 706 Videamus
2611 652 2773 715 etiam
2813 652 2939 721 quid
2979 651 3093 719 jam
3141 662 3469 706 memoratus
3512 652 3774 708 inuocem

2200 742 2305 794 tius
2331 756 2465 810 papa
2486 780 2500 806 ,
2529 741 2654 796 licet
2682 742 2734 794 in
2764 741 2993 795 transitu
3016 782 3030 805 ,
3083 743 3288 797 sentire
3317 742 3383 796 de
3422 757 3771 799 recouseera-

2199 833 2342 886 tione
2385 831 2699 902 signaverit.
2726 832 2817 886 Ait
2845 832 2987 887 enim
3019 832 3072 886 in
3123 833 3372 897 decreto,
3409 836 3554 904 quod
3604 834 3771 891 Nabi-

2196 923 2372 976 sitano
2420 922 2607 977 scribit
2655 924 2908 993 episcopo
2940 942 2954 976 :
2988 922 3267 993 Superiori
3300 933 3576 994 tempore,
3609 926 3655 981 si
3686 935 3771 981 ta‘

2198 1028 2321 1067 men
2373 1022 2519 1067 recte
2570 1014 2847 1078 recordor,
2892 1015 3117 1069 memini
3168 1023 3277 1069 tam
3306 1015 3374 1070 ad
3420 1016 3770 1073 dilectionem

2199 1112 2341 1158 tuam
2369 1142 2384 1168 ,
2435 1117 2599 1173 quam
2648 1104 2715 1157 ad
2763 1100 2961 1158 fratres
3017 1111 3074 1161 et
3122 1106 3470 1177 coepiseOpos
3521 1115 3765 1169 nostros.

2196 1188 2394 1248 Rut’um
2423 1204 2480 1249 et
2528 1203 2787 1261 caeteros,
2835 1194 3143 1264 hujusmodi
3194 1196 3405 1251 litteras
3429 1196 3496 1259 de
3556 1197 3779 1254 clericis

2197 1284 2585 1341 Nahiseasihus
2630 1286 3034 1353 transmisisse,
3083 1287 3171 1342 his
3220 1287 3511 1352 videlicet,
3557 1287 3650 1357 qui
3710 1302 3772 1343 se

2197 1384 2323 1430 ante
2354 1376 2752 1431 damnationem
2783 1376 2981 1431 Bouosi
3000 1417 3016 1443 ,
3064 1372 3318 1432 asserunt
3344 1376 3412 1431 ab
3437 1376 3625 1432 eodem
3657 1386 3769 1433 tam

2197 1469 2542 1536 presbyteros
2560 1506 2574 1530 ,
2600 1480 2761 1534 quam
2787 1465 3042 1521 diaconos
3064 1466 3344 1522 ordinatos
3362 1507 3377 1529 ,
3403 1476 3460 1521 ut
3487 1467 3533 1522 si
3580 1467 3772 1523 relicto

2197 1569 2360 1627 atque
2380 1557 2635 1612 damnato
2656 1553 2773 1624 ejus
2795 1571 3004 1621 errore,
3022 1555 3487 1612 vellentEcclcsite
3503 1557 3771 1628 copulari,

2197 1646 2427 1703 libenter
2452 1648 2840 1717 reciperentur,
2879 1662 2947 1702 ne
2978 1647 3115 1702 forte
3162 1647 3253 1716 qui
3288 1655 3472 1701 essent
3500 1646 3647 1715 digni
3681 1660 3772 1701 re-

2199 1738 2518 1808 cuperandze
2570 1737 2759 1792 salutis
2801 1736 2855 1791 in
2881 1738 3074 1792 eodem
3095 1752 3283 1793 errore
3307 1738 3632 1807 deperirent.
3663 1736 3775 1794 Ve-

520 1826 668 1881 tibus
684 1826 797 1882 suis
819 1825 1322 1882 traderetEcclesire
1343 1827 1680 1893 nutriendos,
1707 1842 1806 1883 nec
1827 1828 2095 1899 integrum
2127 1811 2172 1870 Β
2201 1845 2320 1884 rum
2350 1846 2491 1883 nunc
2508 1829 2559 1882 in
2576 1827 2880 1884 Ravennati
2906 1830 3038 1884 urbe
3060 1829 3187 1883 mihi
3213 1831 3528 1895 constituto,
3552 1839 3777 1900 propter

512 1909 822 1972 arbitratus
851 1916 919 1971 sit
953 1931 1048 1972 eos
1075 1916 1238 1972 etiam
1281 1917 1336 1972 in
1369 1917 1614 1973 saeculari
1659 1917 1848 1973 ordine
1885 1933 2098 1989 perma-

517 2025 669 2075 nere,
719 2009 811 2079 qui
859 2024 918 2065 se
962 2024 1061 2080 per
1104 2008 1435 2064 adumbratae
1464 2010 1823 2065 simulationis
1864 2011 2098 2081 speciem

508 2102 857 2165 ,confixerant
897 2099 1125 2156 clericos
1180 2100 1487 2168 exstitisse;
1534 2109 1594 2154 ut
1638 2100 1712 2155 illi
1747 2101 2101 2170 perhibentur

518 2207 549 2246 a
593 2190 747 2246 laicis
795 2205 900 2244 non
955 2190 1197 2256 distare,
1241 2205 1376 2260 quos
1422 2198 1637 2245 constat
1689 2205 1720 2244 a
1769 2190 2099 2259 quibuscun-

515 2295 622 2350 que
655 2278 1079 2336 consecrationis
1123 2279 1453 2352 mysterium
1481 2281 1635 2350 juxta
1675 2294 1885 2335 morem
1927 2280 2100 2336 eccle-

517 2372 793 2427 siasticum
822 2371 1165 2445 percepisse?
1194 2370 1301 2426 Sed
1330 2370 1449 2426 illos
1483 2386 1513 2426 a
1540 2372 1693 2426 laicis
1734 2372 1849 2427 sola
1877 2372 2099 2427 simula-

510 2452 592 2516 ne
612 2471 877 2534 segregat,
900 2478 1007 2534 quo
1026 2471 1215 2534 pactos
1237 2465 1390 2527 istos,
1412 2465 1504 2534 qui
1527 2478 1715 2519 revera
1738 2465 1917 2519 omnia
1940 2480 2062 2534 regu
2080 2495 2097 2505 -

507 2540 707 2609 lariter
746 2563 1091 2624 acceperunt,
1119 2555 1186 2610 ab
1219 2555 1299 2610 eis
1330 2554 1465 2610 nihil
1486 2553 1722 2620 differre,
1753 2555 1887 2609 falsa
1923 2554 2096 2610 homi-

507 2641 647 2699 num
706 2645 861 2717 133
910 2646 1124 2701 vanitas
1155 2644 1364 2714 iactat?
1395 2667 1413 2700 ι
1450 2649 1794 2718 Quaecunque
1833 2647 2010 2711 enim,
2038 2654 2096 2700 ut

509 2735 597 2790 ’ait
620 2735 908 2806 Apostolus
931 2777 947 2803 ,
976 2737 1177 2806 scripta
1226 2747 1350 2793 sunt
1371 2779 1387 2802 ,
1427 2740 1494 2794 ad
1525 2748 1764 2795 nostram
1796 2739 2095 2793 doctrinam

506 2818 718 2897 scripta
748 2838 875 2883 sunt
903 2827 1084 2900 (Rom.
1112 2829 1226 2899 xv).
1266 2849 1285 2883 ι
1322 2829 1456 2884 Nam
1483 2839 1534 2885 et
1569 2830 1622 2885 in
1646 2828 1939 2884 Moralibus
1958 2829 2091 2893 suis,

514 2921 563 2975 “si
595 2929 744 2976 recte
784 2930 970 2985 teneo,
1017 2921 1212 2977 beatus
1239 2924 1508 2992 reperitur
1538 2922 1739 2979 dixisse
1767 2921 2090 2993 Gregorius,

516 3012 659 3065 inter
685 3011 791 3065 duo
820 3010 1059 3080 pericula
1089 3011 1458 3068 Simoniaeum
1488 3014 1841 3067 constitutum
1867 3051 1883 3077 ,
1929 3019 1992 3063 ur
2014 3011 2094 3065 vi-

517 3102 748 3167 delicet,
778 3100 893 3155 sive
937 3115 1156 3172 gregem
1193 3101 1544 3155 commissum
1587 3101 1834 3165 deserat,
1880 3096 1993 3154 sive
2039 3098 2093 3153 in

519 3191 664 3246 male
706 3198 930 3260 accepto
975 3182 1181 3245 honore
1228 3199 1572 3260 permaneat,
1618 3190 1824 3261 peccati
1874 3189 2096 3260 laqueos

520 3282 718 3338 evadat
744 3301 755 3336 :
782 3296 883 3336 nec
910 3281 1224 3337 utramlibet
1253 3296 1365 3336 rem
1394 3295 1650 3351 expresse
1674 3280 1953 3343 deﬁniens,
1982 3288 2101 3333 tan-

518 3373 803 3426 tummodo
833 3372 923 3427 uhi
954 3371 1171 3426 videtur
1223 3371 1437 3426 facilior
1465 3386 1628 3427 casus
1648 3412 1661 3435 ,
1690 3372 1886 3425 asserit
1927 3384 2100 3440 quan-

526 3463 705 3517 tocius
734 3460 1117 3517 enarrandum.

599 3554 655 3608 Si
689 3554 869 3624 itaque
900 3554 1275 3620 Simoniacus,
1318 3561 1377 3607 ut
1419 3553 1635 3619 dicitur,
1682 3552 1852 3608 laicus
1882 3542 1999 3618 eat,
2046 3552 2101 3605 in

509 3659 650 3715 quo,
683 3662 887 3716 quaeso,
936 3645 1130 3717 inquit,
1179 3645 1475 3714 delinquit,
1529 3645 1574 3699 si
1622 3644 1973 3699 sacerdotalis
2023 3643 2103 3699 di-

525 3738 749 3809 gnitatis
781 3737 1010 3794 ollicium
1052 3738 1290 3794 deserit?
1354 3736 1410 3792 Si
1461 3737 1746 3792 sacerdotii
1791 3750 2101 3791 sacramen-

525 3837 642 3882 tum
697 3837 971 3897 utcunque
1043 3842 1151 3882 non
1218 3828 1414 3891 habet,
1480 3835 1540 3881 ut
1593 3826 1722 3897 quid
1768 3841 1797 3880 a
1844 3824 2102 3896 pastorali

518 3920 836 3983 ministerio
867 3935 987 3975 eum
1019 3920 1173 3990 culpa
1205 3900 1484 3985 dividitur,
1512 3920 1599 3973 cui
1645 3920 1856 3975 debitor
1883 3934 1981 3987 per
2011 3934 2101 3974 sa-

522 4009 788 4064 cramenti
827 4008 1101 4063 vinculum
1134 4024 1240 4063 non
1292 4007 1544 4063 tenetur?
1590 4007 1699 4062 Sed
1731 4007 1896 4062 dicite
1937 4008 2101 4074 mihi,

523 4098 752 4164 fratres,
785 4114 906 4154 cum
931 4113 1063 4170 pace
1092 4106 1272 4153 vestra
1303 4098 1495 4169 loquar
1529 4114 1544 4151 :
1578 4098 1624 4152 si
1656 4096 1975 4163 Simoniaci,
2018 4096 2105 4153 vel

514 4192 596 4267 ab
626 4191 705 4245 eis
732 4189 1001 4256 ordinati,
1036 4205 1066 4243 a
1095 4189 1282 4255 laicis,
1332 4198 1393 4244 ut
1441 4189 1687 4245 asseritis
1711 4229 1726 4254 ,
1772 4187 1906 4244 nihil
1955 4188 2104 4244 diffe-

524 4291 692 4349 runt,
722 4282 852 4357 quid
878 4293 996 4348 est,
1026 4283 1167 4354 quod
1215 4283 1356 4338 sacri
1400 4297 1639 4339 canones
1674 4281 2018 4337 Simoniacos
2050 4281 2105 4337 in

527 4376 772 4447 synodali
801 4375 1035 4431 concilio
1062 4377 1407 4445 deponendos
1433 4391 1554 4431 esse
1597 4375 1933 4430 decernunt?
1959 4374 2107 4430 Nun-

2199 1923 2426 1977 Romani
2451 1922 2631 1993 populi
2662 1923 3018 1978 necessitates
3047 1921 3424 1984 creberrimas,
3451 1921 3777 1978 Germanius

2197 1997 2377 2083 quise
2407 2027 2527 2067 esse
2572 2012 2770 2067 asserit
2812 2012 3226 2082 presbyterum,
3266 2022 3427 2082 atque
3475 2013 3783 2083 Lupensius.

2198 2100 2287 2171 qui
2332 2117 2391 2155 se
2419 2102 2703 2155 diaconum
2750 2100 2916 2167 dicit,
2951 2101 3242 2156 multorum
3291 2100 3479 2155 talium
3510 2102 3666 2171 quasi
3695 2102 3776 2156 le-

2196 2192 2467 2263 gationem
2494 2201 2802 2261 susceptam
2832 2207 2993 2262 prece
3018 2190 3138 2247 fusa
3163 2192 3378 2248 dolores
3407 2194 3655 2263 proprios
3675 2209 3774 2248 ex-

2196 2285 2432 2354 primere
2457 2284 2793 2353 gestiverunt
2811 2323 2827 2347 ,
2861 2292 3168 2357 asserentes
3188 2298 3247 2338 se
3265 2283 3483 2352 quidem
3506 2283 3777 2340 Ecclesias

2197 2375 2250 2428 in
2299 2374 2607 2428 dilectionis
2653 2382 2758 2429 tute
2810 2373 3133 2429 constitutas
3176 2374 3461 2444 parochias
3510 2376 3779 2442 retinere;

2197 2466 2288 2524 Sed
2338 2475 2482 2519 luant
2527 2466 2962 2522 communionem
3009 2482 3114 2521 non
3161 2467 3403 2536 potuisse
3447 2467 3678 2532 mereri,
3708 2482 3777 2523 ea

2194 2556 2445 2611 videlicet
2493 2558 2732 2621 ratione,
2777 2556 2907 2627 quia
2956 2555 3212 2611 Rusticus
3256 2557 3473 2626 quidam
3523 2557 3775 2623 nomine,

2196 2641 2393 2703 iterata
2426 2646 2769 2701 ordinatione
2805 2644 2965 2721 134,
2989 2647 3387 2718 presbyterium
3411 2645 3772 2716 suscepisset,

2194 2747 2249 2792 et
2277 2753 2385 2791 non
2412 2736 2514 2790 levi
2548 2736 2936 2806 impedimento
2961 2736 3052 2797 sit,
3077 2734 3203 2790 dum
3231 2744 3325 2788 aut
3355 2735 3430 2789 illi
3460 2734 3643 2789 dolent
3672 2736 3774 2789 ltu—

2188 2815 2427 2894 jusmodi
2460 2825 2734 2881 hominem
2782 2825 2834 2878 in
2874 2824 3117 2879 Ecclesia
3149 2825 3408 2891 retineri,
3460 2835 3554 2881 aut
3584 2825 3671 2879 ille
3694 2825 3779 2880 sio

2194 2932 2424 2988 peccare
2466 2917 2666 2972 debere
2695 2916 2750 2970 in
2798 2915 2935 2970 alios
2969 2916 3286 2983 arbitratur,
3317 2915 3777 2984 quemadmodum

2193 3007 2248 3063 in
2280 3024 2339 3062 se
2361 3007 2606 3077 agnoscit
2632 3021 2752 3062 esse
2773 3016 3077 3076 peccatum.

2268 3099 2408 3154 Ecce
2431 3099 2519 3153 hic
2540 3096 2825 3152 manifeste
2845 3098 3155 3167 agnoscitur
3175 3137 3191 3162 ,
3208 3112 3381 3167 quam
3411 3096 3664 3152 habuerit
3685 3094 3778 3149 1ης

2200 3189 2482 3243 nocentius
2514 3188 2580 3242 de
2608 3187 3080 3242 reconsecrationc
3117 3188 3439 3243 sententiam
3461 3227 3475 3250 ,
3502 3200 3626 3240 cum
3656 3184 3777 3239 illos
3840 3200 3851 3211 ί

2200 3286 2469 3351 satageret
2511 3279 2565 3334 in
2615 3279 2698 3334 sui
2747 3278 2988 3351 episcopi
3042 3279 3478 3334 communienem
3528 3277 3776 3341 restitui,

2201 3374 2292 3444 qui
2320 3374 2437 3428 zelo
2460 3372 2695 3440 justitize
2725 3372 2977 3427 dolebant
3014 3378 3452 3425 recouseeratum
3500 3368 3777 3423 hominem

2201 3464 2256 3518 in
2286 3463 2525 3518 Ecclesia
2564 3463 2787 3517 retineri
2816 3476 2851 3531 ;_
2867 3460 3013 3515 illum
3046 3460 3293 3530 perhibet
3328 3459 3613 3522 arbitrari,
3646 3459 3776 3529 quia

2201 3554 2341 3607 sicut
2370 3552 2655 3622 episcopus
2695 3566 2922 3621 peccare
2968 3550 3188 3605 deberet
3230 3549 3285 3603 in
3318 3549 3484 3614 alios,
3517 3549 3779 3617 quemad-

2199 3643 2422 3698 modum
2452 3652 2506 3716 et
2538 3645 2590 3700 in
2620 3659 2678 3697 se
2702 3649 3053 3713 peccaverat,
3085 3641 3177 3711 qui
3210 3655 3334 3695 eum
3379 3640 3557 3696 denuo
3586 3654 3779 3696 conse-

2201 3745 2400 3799 erarat,
2429 3733 2683 3789 familiari
2711 3734 2908 3803 quippe
2929 3734 3280 3802 reprohorum
3305 3731 3505 3796 studio,
3530 3729 3776 3803 ejusdem

2203 3827 2567 3883 damnationis
2613 3826 2837 3895 laqueo,
2862 3832 2918 3880 et
2945 3825 3082 3878 alios
3112 3823 3414 3880 conabatur
3459 3822 3775 3885 innectere,

2203 3932 2310 3988 quo
2330 3918 2681 3986 semetipsum
2710 3916 2918 3986 primus
2938 3931 3045 3968 non
3071 3915 3326 3968 timuerat
3356 3912 3594 3967 irretire.
3622 3909 3778 3967 Unde

2200 4005 2412 4061 illi-non
2440 4004 2712 4059 immerito
2757 4003 3162 4058 arbitrabantur
3186 4002 3494 4072 hujusmodi
3522 4009 3780 4069 tanquam

2204 4098 2563 4153 damnabilem
2611 4112 2833 4167 prorsus
2877 4096 3189 4151 htereticum
3224 4095 3290 4150 de
3329 4092 3569 4149 Ecclesia
3597 4089 3778 4161 repel-

2202 4190 2450 4255 lendum,
2481 4189 2571 4259 qui
2591 4230 2606 4255 ,
2636 4198 2691 4245 et
2715 4189 2818 4244 sibi
2846 4203 2952 4243 non
2981 4196 3267 4258 parceret,
3312 4196 3367 4241 et
3414 4185 3536 4239 aliis
3564 4183 3797 4254 pericur

2204 4281 2312 4337 lum
2344 4282 2670 4352 provideret.

2275 4373 2354 4428 Ne
2398 4373 2519 4442 quis
2568 4380 2748 4425 autem
2797 4384 2896 4425 nos
2945 4368 3170 4424 involuti
3217 4366 3506 4422 voluminis
3554 4371 3779 4436 arguat,

448 4533 453 4537 ρ
528 4467 660 4534 quid
686 4466 732 4521 si
756 4467 928 4521 laicus
953 4465 1290 4521 sacerdotale
1312 4465 1405 4535 jus
1428 4480 1716 4536 usurpasse
1741 4466 2099 4531 convincitur,
2126 4491 2180 4549 ι)
2206 4463 2331 4518 dttm
2382 4460 2669 4515 admisceri
2719 4460 2804 4514 his
2851 4459 3145 4528 prolixiora
3200 4473 3467 4512 canonum
3532 4455 3783 4509 fortassis

514 4549 775 4633 synodali
804 4565 929 4626 eget
955 4572 1117 4610 causa
1148 4565 1413 4611 conventu
1433 4597 1448 4621 ,
1478 4565 1539 4610 ut
1571 4556 1658 4610 ille
1679 4556 1994 4612 solemniter
2015 4559 2104 4612 de-

440 4647 444 4650 ‘
476 4688 479 4691 λ
516 4638 801 4725 ξιιοηιιιιιιῖ
831 4645 1078 4716 Nunquid
1108 4663 1213 4701 non
1245 4648 1379 4701 satis
1406 4647 1533 4710 erit,
1561 4647 1606 4701 si
1630 4649 1838 4716 privata
1862 4648 2103 4718 qualibet

528 4738 869 4794 districtione
920 4738 1233 4807 corripitur,
1265 4746 1326 4793 ut
1370 4739 1454 4793 vel
1492 4739 1829 4809 simplicibus
1862 4741 2044 4796 verbis
2071 4756 2102 4796 a

527 4834 858 4902 prafs'ttmpta
894 4829 1204 4884 temeritate
1231 4827 1543 4899 frangatur?
1572 4827 1821 4897 Nunquid
1849 4840 1969 4898 post
2010 4831 2105 4885 de-

520 4906 857 4992 ipo‘sit'ionem
908 4918 1252 4975 Simoniacus
1310 4918 1606 4973 remedium
1634 4919 1975 4988 pteniteutire
2005 4934 2105 4990 per

518 4990 731 5066 ’manus
748 4994 1155 5081 ‘impositionem
1180 5011 1457 5080 suscipere
1474 5050 1489 5074 ,
1513 5010 1827 5066 saecularem
1853 5010 2100 5065 militiam

537 5092 815 5167 bajulare,
843 5099 1121 5171 coniugem
1151 5102 1368 5164 ducere,
1403 5100 1739 5169 negotiorum
1764 5101 2104 5156 commerciis

534 5201 651 5247 tuto
685 5192 889 5262 poterit
914 5193 1211 5248 inservire?
1239 5192 1373 5246 Nam
1404 5192 1452 5246 si
1489 5192 1807 5247 exercitium
1837 5193 2100 5261 perdunt,

522 5282 938 5338 sacramentum
959 5291 1134 5336 tamen
1152 5282 1508 5339 ordinationis
1530 5282 1776 5337 amittere
1805 5290 2099 5360 nequeunt.

518 5371 722 5443 'ltaque
749 5389 870 5427 cum
914 5372 1031 5428 haec
1060 5374 1239 5427 omnia
1285 5375 1593 5429 necessario
1623 5374 1885 5428 censeatis
1925 5371 2103 5431 Simon

520 5462 710 5520 'niacis
737 5478 845 5519 non
874 5480 1031 5535 posse
1055 5480 1380 5532 congruere.
1413 5480 1531 5534 qua:
1551 5474 1728 5520 tamen
1754 5479 1867 5520 non
1893 5464 2103 5536 negatis

536 5553 868 5624 quibuslibet
887 5553 1039 5609 laicis
1065 5554 1383 5618 convenire;
1417 5552 1698 5609 fateamini
1740 5568 1962 5609 necesse
1987 5560 2102 5620 est,

539 5642 798 5695 alterutra
847 5656 876 5696 ιι
935 5642 1240 5711 semetipsis
1288 5641 1553 5697 varietate
1602 5643 1853 5713 dilTerre,
1909 5643 2105 5715 quibus

536 5733 818 5805 perspicue
843 5733 1035 5791 videtis
1058 5734 1270 5791 diversa
1286 5740 1608 5805 competere.

2204 4553 2449 4622 exempla
2501 4551 2870 4619 conqueritur,
2933 4550 3073 4605 hanc
3122 4549 3334 4603 noverit
3379 4546 3565 4617 procul
3615 4544 3784 4600 dubio

2207 4660 2461 4708 causam;
2496 4643 2620 4711 quia
2651 4641 2905 4696 nimirum
2940 4640 3040 4695 hos
3066 4655 3187 4694 cum
3216 4639 3412 4707 quibus
3437 4636 3681 4706 agimus,
3710 4633 3780 4687 ad

2207 4735 2571 4805 inspiciendos
2615 4748 2798 4789 sacros
2841 4747 3080 4786 canones
3124 4729 3421 4803 saepissime
3469 4727 3779 4793 suadendo,

2207 4825 2293 4879 vel
2322 4826 2659 4880 exhortando
2682 4823 3010 4892 compellere
3041 4835 3147 4875 non
3195 4820 3468 4886 valemus;
3504 4831 3665 4888 atque
3695 4819 3782 4872 id-

2209 4915 2356 4971 circo
2380 4916 2469 4969 hic
2497 4914 2841 4983 apponendas
2883 4920 3193 4966 sanctorum
3226 4910 3447 4965 Patrum
3476 4908 3784 4963 sententias

2209 5008 2426 5077 dignum
2453 5004 2724 5069 ducimus,
2752 5012 2810 5057 ut
2846 5003 2929 5057 vel
2954 5010 3239 5071 excerptas
3268 5000 3512 5055 delicatis
3540 5013 3604 5053 ac
3630 5005 3782 5051 tene-

2210 5099 2286 5153 ris
2314 5113 2501 5153 eorum
2531 5096 2703 5151 oculis
2751 5108 3113 5164 opponamus;
3146 5101 3415 5163 quatenus
3462 5094 3608 5149 dum.
3637 5088 3783 5159 quod

2210 5188 2472 5243 sentimus
2504 5188 2556 5240 in
2588 5186 2703 5245 his,
2733 5200 2853 5254 qua:
2887 5199 2916 5236 a
2964 5184 3121 5236 nobis
3165 5190 3291 5236 sunt
3327 5181 3570 5249 prolata,
3603 5178 3786 5232 censi-

2211 5280 2422 5341 (lerant,
2441 5276 2751 5330 auctoritati
2781 5276 2969 5337 etiam,
2994 5274 3077 5327 cui
3105 5272 3404 5335 innitimur,
3434 5269 3648 5325 cedant.
3673 5267 3783 5322 Sed

2207 5376 2269 5422 ut
2296 5367 2473 5421 omnia
2505 5366 2611 5420 illis
2637 5372 2848 5419 constet
2876 5362 3165 5431 provenire
3194 5358 3415 5415 confusa
3439 5400 3454 5425 ,
3487 5360 3592 5413 hoc
3616 5357 3784 5411 etiam

2209 5458 2472 5513 adversus
2499 5470 2735 5510 canones
2756 5461 2953 5523 agunt,
2987 5452 3113 5520 quia
3144 5458 3369 5503 cunctos
3395 5448 3558 5503 simul
3582 5446 3789 5517 gradus

2211 5548 2267 5604 in
2302 5548 2769 5603 reconsecratione
2797 5542 3117 5613 suscipiunt.
3142 5540 3297 5595 Unde
3316 5557 3440 5595 cum
3462 5542 3528 5595 de
3547 5540 3787 5610 quodam

2212 5638 2347 5692 mihi
2395 5648 2558 5703 noto,
2606 5637 2696 5706 qui
2745 5648 2916 5703 nuper
2940 5641 3290 5687 consecratus
3318 5631 3526 5696 fuerat,
3564 5643 3786 5695 compco

2216 5731 2440 5798 rissem,
2472 5730 2663 5795 fateor,
2695 5727 2952 5783 exhorrui
2989 5726 3219 5781 facinus.
3261 5725 3398 5793 Quid
3428 5722 3618 5795 plura?
3643 5719 3789 5777 Tan.
