4106 6310
295 350 399 429 iis

1087 361 1330 420 OPUSC.
1375 360 1460 416 Vl.
1501 389 1571 400 —-
1607 355 1820 428 LIBER:
1849 353 1965 423 QUI
2003 351 2283 408 DlClTUR
2323 348 2802 410 CRATISSIMUS.
3458 349 3573 403 150”

289 492 420 545 dem
446 482 676 542 conveni
701 479 1000 538 hominem.
1032 477 1307 549 Nunquid,
1335 478 1579 548 inquam,
1603 476 1714 546 jam
1750 476 1801 530 in
1829 484 1880 529 te
1909 477 1956 538 Α
1986 487 2115 526 nere
2133 510 2148 537 ,
2179 480 2237 524 ut
2263 484 2383 524 cum
2409 469 2488 526 eis
2515 467 2676 522 simul
2703 467 2867 522 etiam
2893 466 3064 521 bonos
3092 482 3198 523 non
3226 467 3446 538 adjiciat
3474 485 3562 522 re--

290 586 413 634 erat
438 573 645 645 aliquid
671 587 740 627 ex
773 571 858 626 his
877 569 1153 640 gradibus.
1183 585 1320 638 quos
1344 584 1516 637 nuper
1535 570 1602 622 ab
1621 568 1874 637 episcolio

292 665 629 738 suscepisti?
657 663 802 719 Nihil
831 662 1228 733 prorsus,.ait;
1260 671 1317 714 ut
1342 661 1470 728 quid
1498 661 1641 714 enim
1666 661 1876 729 accipe-

295 777 412 816 rem
433 801 450 824 ,
504 759 550 812 si
597 772 685 812 me
732 755 936 810 habere
986 753 1303 808 constaret?
1335 752 1401 806 Et
1430 751 1600 819 adieci
1633 770 1645 805 :
1676 752 1817 822 Ergo
1845 765 1877 805 a

294 852 436 905 laico
468 847 606 904 nihil
637 847 902 908 distabas,
928 845 1038 900 imo
1062 844 1234 899 laicus
1257 859 1482 914 prorsus
1503 858 1643 898 eras.
1673 843 1875 906 Etiam,

294 940 507 1010 inquit,
539 953 708 1008 purus
736 935 979 1006 profecto
1011 935 1184 991 laECus
1204 975 1217 1000 ,
1257 945 1315 990 ut
1355 945 1515 1004 puta,
1544 934 1636 1004 qui
1664 933 1730 989 de
1772 933 1881 990 cle-

295 1033 412 1086 rico
455 1029 591 1084 nihil
638 1027 944 1086 habuerim.
993 1025 1101 1081 Sed
1153 1027 1197 1080 si
1243 1026 1444 1092 laicus,
1477 1025 1732 1096 inquam,
1762 1025 1880 1096 ipso

293 1120 384 1175 die
412 1135 523 1188 quo
548 1118 719 1174 laicus
743 1129 848 1184 est,
874 1117 942 1173 ad
969 1117 1259 1172 sacerdotii
1281 1117 1404 1187 jura
1434 1118 1761 1188 proruperit,
1788 1126 1881 1174 tuo

297 1227 517 1280 quoque
537 1210 747 1281 judicio
776 1209 839 1263 fit
866 1209 1194 1282 neophytua,
1223 1224 1286 1262 ac
1318 1209 1543 1278 perinde
1572 1209 1757 1277 procul
1783 1210 1884 1263 du-

294 1304 388 1359 hic
415 1302 784 1372 deponendus.
813 1302 895 1356 Ad
944 1303 1058 1356 haec
1098 1299 1187 1355 ille
1234 1300 1492 1355 confusus
1536 1300 1784 1364 erubuit,
1828 1309 1884 1356 et

300 1393 666 1448 conclusionis
715 1390 1132 1455 necessitatem,
1204 1391 1332 1460 quia
1393 1389 1722 1444 labefactare
1776 1405 1883 1444 non

297 1483 508 1552 potuit,
554 1480 783 1537 tacendo
827 1479 1082 1534 firmavit.
1111 1479 1244 1534 lllud
1271 1495 1485 1550 quoque
1531 1495 1638 1534 non
1668 1479 1885 1534 levioris

298 1573 515 1628 videtur
561 1587 687 1628 esse
731 1572 1000 1635 vesaniae,
1049 1571 1179 1640 quia
1239 1581 1708 1626 reconsecratores
1762 1570 1886 1626 novi

300 1665 521 1735 przefixa
551 1661 851 1718 cauonibus
887 1661 1085 1731 iejunia
1108 1671 1326 1725 curant,
1352 1678 1459 1716 non
1491 1661 1728 1717 Sabbata
1757 1677 1890 1716 con-

301 1758 542 1813 ferendis
562 1756 738 1811 Sacris
757 1753 958 1818 officiis
979 1754 1229 1809 dedicata
1257 1765 1615 1818 conservant;
1637 1755 1732 1808 sed
1753 1769 1887 1824 quo-

1977 564 2227 634 probare.
2260 563 2415 618 Dicat
2441 576 2569 632 ergo
2598 561 2906 616 hominibus
2935 561 3260 626 indiscretis,
3293 563 3436 632 quod
3471 579 3568 632 pa-

1978 653 2294 710 terfamilias
2320 653 2518 708 dixisse
2543 651 2740 723 legitur
2761 652 2966 706 servis:
2997 670 3014 702 ‹
3052 650 3129 706 Ne
3154 653 3311 713 forte.
3347 653 3548 722 inquit,

1979 746 2292 816 colligentes
2321 743 2564 808 zizania,
2593 742 2885 796 eradicetis
2918 741 3077 795 simul
3110 758 3230 797 cum
3277 743 3357 798 eis
3389 753 3443 799 et
3472 746 3566 798 tri-

1981 837 2146 891 ticum
2179 835 2392 906 (lbid.).
2429 855 2450 888 ι
2484 832 2749 888 Nimirum
2779 840 2836 886 ut
2864 832 2944 885 sic
2987 834 3326 901 postmodum
3354 835 3563 890 zizania

1979 929 2048 984 ad
2067 929 2493 984 comburendum
2514 927 2565 980 in
2593 924 2909 1004 fasciculum
2926 925 3272 996 colligantur,
3296 937 3570 997 quatenus

1986 1020 2224 1076 triticqu
2249 1019 2301 1074 in
2327 1019 2583 1074 horreum
2608 1026 2986 1088 congregetur.
3008 1017 3259 1088 Nunquid
3276 1021 3418 1074 enim
3443 1021 3572 1076 bea-

1984 1117 2071 1165 tus
2104 1108 2379 1180 apostolus
2420 1125 2542 1164 cum
2575 1108 2843 1163 Auaniam
2887 1117 2942 1164 et
2989 1109 3314 1178 Sapphiram
3345 1111 3483 1182 (Act.
3515 1116 3574 1180 ν)

1983 1197 2158 1268 dignae
2204 1197 2694 1254 animadversionis
2741 1199 3009 1253 sententia
3056 1199 3315 1268 perculit,
3351 1200 3403 1254 in
3437 1201 3575 1256 filios

1985 1304 2231 1360 quoque,
2262 1291 2342 1344 vel
2373 1290 2710 1346 necessarios
2743 1289 3110 1347 ulciscendum
3141 1308 3264 1347 esse
3294 1293 3574 1348 decrevit?

1984 1381 2040 1437 In
2069 1381 2243 1453 ipsqu
2274 1397 2488 1452 quoque
2509 1381 2787 1437 Simonem
2809 1383 3017 1436 vibrata
3048 1384 3313 1439 sententia
3333 1424 3349 1443 .
3376 1401 3484 1439 non
3509 1385 3565 1440 in

1984 1486 2078 1526 eos
2110 1485 2280 1540 usque
2306 1470 2634 1540 pertransiit.
2660 1471 2750 1540 qui
2779 1471 2982 1541 aliquid
3014 1475 3260 1529 veritatis
3288 1475 3448 1532 abeo
3477 1491 3572 1546 po.

1989 1573 2205 1618 tuerunt
2228 1563 2476 1619 fortassis
2498 1562 2846 1633 exsculpere;
2874 1580 2996 1619 nam
3021 1581 3143 1620 cum
3175 1567 3403 1622 dicitur:
3429 1586 3446 1618 ι
3473 1567 3573 1622 Pe—

1989 1656 2144 1710 cunia
2175 1664 2261 1709 tua
2293 1667 2469 1712 tecum
2500 1656 2569 1711 sit
2602 1655 2654 1710 in
2681 1656 3038 1725 perditionem
3071 1658 3212 1726 (Act.
3244 1659 3318 1725 ι).
3355 1678 3373 1712 ι
3411 1674 3579 1730 pecu-

1993 1748 2076 1800 nia
2101 1763 2222 1800 cum
2257 1747 2595 1818 negotiatore
2622 1748 2926 1816 percutitur
2962 1770 2973 1802 ;
3004 1758 3058 1802 at
3095 1749 3182 1804 ubi
3216 1751 3367 1805 deest
3411 1767 3577 1820 pecu-

301 1864 516 1918 cunque
548 1862 766 1910 mense,
799 1846 885 1902 vel
912 1846 1045 1901 feria
1077 1862 1274 1901 munus
1312 1847 1635 1902 inordinata;
1664 1847 1886 1900 omina-
1919 1832 1962 1892 Β
1992 1842 2078 1893 nia
2101 1879 2114 1900 ,
2142 1839 2420 1908 percussio
2446 1855 2548 1892 non
2581 1838 2821 1892 timetur.
2857 1839 2921 1892 Et
2966 1855 3062 1894 vos
3107 1839 3318 1909 itaque,
3354 1857 3579 1896 venero-

300 1939 464 1993 tionis
501 1937 873 1993 indifferenter
897 1945 1181 2006 usurpant,
1213 1945 1468 2006 tauquam
1493 1937 1664 2006 prima
1696 1951 1888 1990 conse-

299 2034 478 2089 cratio
509 2035 650 2088 hanc
679 2033 932 2088 secundae
963 2033 1397 2088 consecrationis
1446 2031 1720 2087 licentiam
1754 2046 1889 2101 pra:-

298 2124 462 2189 beat;
516 2133 575 2178 ut
620 2125 866 2179 confusis
909 2124 1239 2189 ordinibus,
1277 2133 1464 2194 utpote
1513 2124 1672 2178 simul
1716 2125 1890 2188 datis,

268 2231 274 2234 ·
299 2216 466 2269 etiam
493 2226 795 2286 temporum
826 2225 1028 2272 statuta
1061 2216 1358 2273 confundat
1386 2235 1398 2270 :
1423 2227 1479 2271 et
1507 2212 1683 2271 thin
1707 2230 1891 2272 recon-

300 2306 606 2361 sceratione
648 2307 708 2361 fit
752 2307 992 2374 licitum,
1044 2308 1187 2377 quod
1231 2308 1330 2377 ipsi
1375 2307 1538 2362 etiam
1593 2307 1648 2362 in
1698 2321 1890 2362 conse-

300 2398 546 2452 cratione
575 2399 904 2454 omnimodis
937 2410 1212 2456 testantur
1247 2399 1564 2454 absurdum.

733 2490 891 2561 135
941 2489 1170 2546 CAPUT
1221 2487 1461 2545 xxxw.

302 2576 593 2648 Episcopos
617 2578 931 2650 alloquitur,
960 2589 1016 2635 ut
1048 2596 1140 2651 per
1159 2596 1245 2635 eos
1267 2595 1486 2634 summa
1511 2580 1620 2634 sedi
1648 2580 1890 2634 discretio

923 2661 1256 2704 suaaeratur.

923 2668 1256 2722 suggeratur.

379 2739 564 2807 Unde,
593 2756 779 2811 quaaso
807 2757 904 2797 vos
924 2783 939 2808 ,
971 2757 1004 2798 ο
1031 2742 1106 2812 pii
1151 2743 1467 2812 pontifices,
1500 2743 1763 2798 adversus
1791 2744 1889 2797 im-

306 2830 451 2902 pium
476 2832 669 2902 dogma
697 2833 879 2889 divino
902 2834 1074 2888 sancti
1102 2834 1200 2888 zeli
1233 2834 1446 2890 fervore
1471 2835 1805 2897 concurrite,
1835 2843 1890 2888 et

305 2927 604 2994 emergenti
653 2941 795 2981 nunc
840 2927 1074 2996 primum
1125 2943 1275 2981 novae
1317 2926 1514 2983 haeresi
1565 2927 1892 2980 unanimiter

308 3017 547 3072 obviate.
585 3037 604 3071 ι
637 3018 966 3076 Obstruatur
1017 3035 1078 3075 os
1126 3021 1308 3089 iniqua
1361 3021 1725 3090 loquentium,
1767 3041 1784 3071 ι
1836 3032 1891 3074 et

308 3118 662 3176 peccatorum
690 3125 884 3166 manus
912 3111 1218 3181 apostolica:
1243 3113 1364 3168 fidei
1394 3127 1499 3166 non
1535 3113 1743 3182 quatiat
1771 3112 1891 3165 fun-

1994 1931 2127 1985 biles
2153 1930 2346 1984 Patres
2366 1970 2382 1994 ,
2413 1944 2536 1984 cum
2568 1927 2886 1982 beatissimo
2922 1943 3134 1984 summo
3179 1930 3435 2000 pontifice
3455 1973 3470 1997 ,
3497 1932 3580 1988 sic

1991 2031 2184 2076 cuncta
2213 2021 2314 2075 sub
2341 2018 2562 2074 discreti
2590 2017 2856 2072 examinis
2901 2017 3157 2088 aequitate
3192 2019 3489 2088 disponite,
3520 2031 3580 2076 ut

1993 2113 2245 2168 traditam
2293 2111 2425 2166 tanti
2475 2109 2714 2166 doctoris
2759 2109 2997 2180 regulam
3046 2109 3100 2164 in
3151 2119 3331 2166 vestra
3362 2126 3580 2182 quoque

1991 2204 2281 2260 videamini
2331 2217 2560 2258 censura
2607 2217 2861 2264 servare,
2911 2212 3181 2273 quatenus
3228 2203 3282 2258 in
3329 2203 3584 2258 Ecclesia:

1991 2311 2217 2365 corpore
2243 2296 2322 2351 sic
2351 2295 2590 2358 ferrum,
2638 2310 2758 2362 quze
2785 2304 3057 2364 corrupta
3087 2304 3244 2361 sunt,
3297 2297 3537 2352 sentiant
3565 2315 3581 2350 :

1993 2397 2050 2441 ut
2080 2398 2257 2442 tamen
2303 2387 2355 2441 in
2399 2386 2601 2457 proprii
2632 2387 2834 2456 vigoris
2867 2385 3064 2442 robore
3091 2387 3304 2442 sincera
3355 2403 3586 2465 quaeque

1990 2488 2379 2549 permaneant;
2409 2478 2488 2534 sic
2517 2477 2822 2548 plectibiles
2849 2479 3149 2547 puniantur
3196 2491 3455 2540 excessus
3476 2520 3490 2544 ,
3523 2488 3586 2533 ut

1991 2570 2117 2622 dum
2151 2579 2357 2624 reatum
2397 2569 2558 2640 136
2584 2569 2848 2623 severitas
2872 2569 3058 2640 legalis
3087 2571 3454 2642 persequitur,
3485 2586 3587 2625 sua

1992 2661 2318 2716 innocentia:
2349 2660 2663 2715 immunitas
2710 2671 3047 2727 reservetur;
3083 2661 3160 2719 sic
3203 2661 3367 2717 arbor
3396 2661 3588 2716 vitiata

1992 2753 2272 2814 securibus
2293 2753 2363 2809 sit
2385 2753 2638 2818 obnoxia,
2670 2763 2728 2806 ut
2760 2753 2954 2822 plttttltc
2977 2755 3044 2807 ab
3073 2753 3162 2807 illa
3195 2755 3582 2823 transpositze,

1993 2845 2046 2900 in
2080 2845 2161 2898 sui
2193 2843 2388 2898 viroris
2417 2843 2588 2912 gratia
2623 2843 2880 2900 radicitus
2901 2843 3230 2899 coalescant.

2542 2954 2768 3010 CAPUT
2813 2955 3027 3009 XXXV.

1995 3049 2134 3113 Quid
2161 3049 2224 3101 de
2254 3048 2335 3101 his
2358 3089 2371 3108 ,
2401 3048 2490 3114 qui
2536 3048 2696 3114 gratis
2729 3063 2757 3097 τι
2791 3044 3105 3098 Simonideis
3153 3056 3272 3099 sunt
3317 3049 3540 3114 promoti
3567 3086 3584 3110 ,

2387 3116 2595 3170 tandem
2627 3115 2724 3170 Leo
2766 3133 2902 3184 papa
2933 3117 3192 3171 statuerit.

311 3203 646 3258 damentum.
691 3205 955 3259 Servetur
999 3205 1368 3261 ecclesiastica
1412 3207 1464 3261 in
1512 3221 1610 3260 sua
1655 3205 1893 3276 puritate
1921 3183 1968 3246 (ἶ
2071 3208 2451 3261 Verumtamen
2480 3209 2662 3262 ethoc
2687 3205 2922 3258 otiosum
2955 3221 3076 3260 esse
3112 3221 3218 3259 non
3266 3205 3541 3259 credimus
3571 3247 3587 3266 .

312 3294 591 3361 doctrina,
660 3311 760 3352 nec
824 3313 945 3354 eam
1011 3312 1211 3352 vexare
1274 3298 1622 3368 permittatur
1678 3308 1896 3352 terrena

311 3389 638 3458 sapientium
687 3390 997 3445 turbulenta
1064 3391 1325 3446 versutia.
1391 3391 1576 3460 Surgit
1646 3389 1897 3445 inimicus

305 3489 475 3534 noctu
556 3495 654 3549 per
718 3496 909 3551 agrum
978 3479 1182 3536 Christi
1239 3481 1446 3536 zizania
1491 3495 1888 3550 conspergere;

308 3583 412 3623 vos
460 3569 512 3624 in
560 3571 677 3634 die,
706 3587 814 3641 quo
861 3571 1180 3636 ambulatis,
1220 3587 1366 3626 suum
1396 3571 1656 3626 doctrinae
1684 3571 1897 3627 sarculo

311 3661 457 3716 male
501 3671 617 3716 sata
656 3663 916 3717 radicitus
945 3664 1244 3732 exstirpate
1292 3663 1507 3733 (Matth.
1532 3664 1673 3733 xui).
1726 3662 1898 3716 Noctu

310 3751 582 3823 Allophyli
634 3763 826 3823 puteos
875 3754 1159 3809 ruderibus
1210 3753 1460 3824 implent;
1517 3755 1569 3807 in
1615 3753 1701 3806 die
1749 3752 1900 3807 Isaac

312 3860 580 3902 evacuare
635 3847 854 3903 festinet
903 3847 1055 3917 (Gen.
1108 3847 1276 3917 μιν).
1335 3846 1645 3902 Saciarium
1697 3846 1900 3901 Christi

313 3947 615 3993 nocturnus
639 3937 722 3992 far
753 3948 925 3993 tentat
954 3940 1287 4008 irrumpere;
1314 3939 1581 3994 excitetur
1605 3937 1782 4006 lingua
1811 3951 1899 3991 ca-

316 4043 446 4081 num
475 4028 592 4098 ejus
623 4031 913 4084 salubriter
936 4031 1229 4085 oblatrare.
1253 4031 1405 4097 Quod
1435 4030 1480 4085 si
1509 4047 1573 4084 ex
1597 4041 1776 4084 vestro
1800 4029 1901 4083 for-

316 4119 478 4173 tassis
524 4121 715 4174 ordine
765 4121 1046 4190 quisquam
1096 4120 1348 4190 prodeat,
1400 4120 1490 4188 qui
1536 4119 1903 4188 dogmatizare

316 4217 428 4262 tam
467 4208 698 4264 nefanda
732 4220 1050 4280 priesumat;
1088 4221 1239 4265 tanto
1285 4210 1431 4263 illum
1464 4211 1650 4265 durius
1696 4211 1903 4264 debetis

318 4312 548 4368 arguere
568 4340 582 4363 ,
614 4310 816 4368 quanto
844 4309 899 4355 et
929 4301 1008 4368 is,
1041 4301 1134 4370 qui
1172 4300 1428 4356 Ecclesia:
1480 4309 1624 4356 tutor
1650 4315 1772 4356 esse
1805 4301 1901 4355 de-

316 4386 538 4454 buerat,
567 4403 687 4442 eam
715 4391 905 4444 nititur
931 4405 1264 4461 oppugnare.

389 4479 675 4550 Suggerite
701 4481 863 4550 igitur
897 4483 1112 4536 domino
1146 4493 1332 4538 nostro
1362 4498 1512 4552 papm
1554 4482 1904 4546 beatissimo,

321 4579 594 4635 quatenus
639 4570 719 4623 sic
772 4571 824 4623 in
878 4585 1004 4624 reos
1051 4571 1287 4640 vigorem
1319 4572 1705 4626 ecclesiasticae
1749 4586 1902 4625 seve-

320 4657 499 4711 ritatis
539 4661 826 4724 extendat,
873 4669 933 4714 ut
968 4658 1123 4728 juxta
1172 4663 1586 4717 indiscretorum
1625 4663 1902 4716 hominum

319 4759 480 4815 vota,
521 4751 840 4809 innocentes
877 4769 1118 4824 quosque
1149 4755 1336 4808 eadem
1368 4755 1634 4810 sententia
1676 4772 1779 4809 non
1825 4757 1906 4809 in-

320 4843 526 4899 volvat.
555 4843 779 4898 Videtur
801 4846 943 4900 enim
967 4847 1241 4900 luxuriare
1260 4845 1557 4914 judicium;
1587 4847 1727 4916 quod
1759 4848 1810 4901 iu
1843 4847 1905 4900 fi-

319 4933 520 4988 liorum
553 4950 738 4990 necem
768 4951 864 5004 pro
892 4946 1118 5006 paterno
1151 4937 1309 4992 fuerit
1339 4938 1569 4992 crimine
1592 4938 1902 5008 promulga-

325 5035 472 5089 tum,
500 5035 556 5080 et
591 5025 930 5081 Sitnoniacos
961 5028 1206 5097 quidem,
1242 5038 1296 5082 ut
1318 5027 1430 5097 jatn
1455 5041 1730 5099 cmperat,
1768 5031 1904 5084 divi-

322 5115 412 5169 nis
442 5117 715 5172 animatus
742 5119 979 5184 viribus,
1010 5122 1279 5181 destruat;
1311 5122 1404 5176 sed
1438 5137 1540 5177 non
1571 5131 1815 5187 cotenus,
1849 5135 1906 5178 ut

323 5221 513 5260 eorum
536 5209 932 5265 ordinationem
955 5211 1307 5266 immoderato
1328 5215 1683 5281 quorumdam
1701 5212 1906 5280 judicio

324 5299 610 5363 subjacere
636 5301 933 5369 permittat.
964 5302 1076 5356 lmo
1100 5303 1191 5372 qui
1222 5303 1338 5359 vice
1377 5305 1520 5358 Petri
1551 5303 1730 5359 claves
1758 5315 1904 5359 tenet

325 5390 587 5447 Ecclesia:
631 5391 848 5464 (Matth.
901 5395 1051 5467 XIII),
1103 5396 1216 5466 ipse
1266 5396 1606 5466 potissimum
1643 5399 1904 5452 adversus

327 5497 527 5538 navum
550 5482 745 5556 dogma
773 5495 1082 5557 consurgat,
1109 5495 1165 5541 et
1200 5487 1602 5544 introductores
1625 5490 1907 5559 pravitatis

328 5574 506 5646 digna:
540 5578 822 5648 sententiae
845 5577 1105 5648 jaculatio
1129 5579 1404 5636 confodiat
1435 5597 1448 5636 :
1479 5589 1532 5636 et
1573 5581 1664 5652 qui
1694 5581 1906 5637 clavum

328 5680 544 5738 sagena:
573 5669 730 5739 regit,
754 5685 874 5739 qme
898 5669 1259 5740 piscatoribus
1282 5680 1364 5726 est
1392 5674 1706 5740 commissa,
1737 5673 1909 5728 malos

328 5759 508 5829 pisces
545 5777 575 5816 a
608 5761 764 5818 bouis
794 5763 1010 5819 studeat
1043 5763 1142 5821 sub
1171 5765 1273 5821 hac
1299 5765 1701 5837 dispensatione
1724 5781 1904 5823 secer-

1999 3301 2041 3355 si
2075 3300 2202 3369 quid
2229 3313 2390 3367 super
2417 3298 2522 3353 hoc
2547 3297 2765 3367 negotio
2789 3297 2929 3351 idem
2957 3296 3284 3350 venerabilis
3315 3296 3422 3350 Leo
3449 3312 3586 3366 papa

1997 3390 2280 3456 statuerit,
2312 3404 2666 3458 exponamus.
2702 3386 2837 3442 Nam
2865 3403 2988 3443 cum
3023 3402 3214 3442 omnes
3253 3387 3588 3443 Simoniaco-

1999 3500 2117 3537 rum
2147 3480 2512 3554 ordinationes
2555 3479 2827 3551 synodalis
2856 3480 3059 3550 vigoris
3106 3481 3431 3535 auctoritate
3461 3497 3584 3536 cas-

1999 3583 2202 3637 sasset,
2242 3571 2486 3642 protinus
2529 3586 2558 3624 a
2606 3571 2970 3625 Romanorum
3018 3570 3364 3626 multitudine
3397 3587 3580 3627 sacer-

2000 3665 2186 3720 dotum
2217 3678 2423 3735 magna:
2451 3663 2731 3717 seditionis
2781 3661 3042 3716 tumultus
3073 3672 3297 3716 exortus
3345 3671 3460 3728 est,
3511 3663 3585 3714 ita

2001 3768 2057 3813 ut
2089 3773 2196 3810 non
2240 3755 2410 3810 solum
2455 3756 2522 3808 ab
2571 3754 2734 3823 ipsis,
2781 3754 2874 3808 sed
2925 3770 2953 3806 a
3007 3753 3275 3822 plerisque
3315 3752 3590 3807 diceretur

2001 3849 2299 3919 episcopis,
2327 3861 2518 3900 omnes
2568 3862 2705 3915 pcnc
2736 3845 2990 3900 basilicas
3021 3845 3447 3898 sacerdotalibus
3470 3841 3589 3897 otii-

2002 3941 2102 3994 ciis
2131 3939 2416 3993 destitutas
2437 3979 2451 4000 ,
2499 3946 2552 3992 et
2595 3937 2864 4006 ιιιδδειτίριιθ
2913 3937 3196 3990 missarum
3229 3935 3487 3991 solemnia
3521 3937 3589 3990 ad

2002 4033 2406 4086 sahversioucni
2431 4029 2754 4084 Christiance
2778 4029 3053 4097 religionis
3079 4038 3131 4082 et
3154 4029 3589 4099 desperationem

2003 4123 2242 4174 muniunt
2273 4122 2695 4188 circumquaque
2729 4118 2964 4172 fidelium
2998 4118 3239 4171 funditus
3265 4118 3586 4172 omittenda.

2005 4216 2142 4282 Quid
2185 4214 2370 4283 plura?
2415 4213 2544 4266 Post
2591 4211 2747 4281 longa
2799 4226 2932 4265 sane
2981 4211 3431 4278 disceptationum
3465 4213 3592 4264 hinc

2007 4311 2131 4366 inde
2181 4307 2484 4368 volumina,
2539 4306 2753 4359 tandem
2795 4312 3104 4374 suggestum
3135 4310 3250 4364 est,
3281 4302 3591 4354 reverenda:

2007 4397 2286 4455 memoritc
2311 4412 2481 4468 nuper
2505 4397 2747 4467 ejusdem
2769 4395 2916 4450 sedis
2943 4394 3254 4464 episcopum
3283 4393 3591 4448 decrevisse

2010 4491 2340 4546 Clementem
2370 4507 2381 4541 :
2411 4488 2478 4543 Ut
2502 4490 2811 4557 quicunque
2839 4503 2868 4540 a
2898 4486 3208 4540 Simoniaro
3237 4493 3592 4538 consecratus

2009 4593 2185 4647 esset,
2228 4583 2281 4636 in
2313 4581 2428 4651 ipso
2455 4581 2816 4635 ordinationis
2849 4596 2959 4632 suae
2992 4587 3230 4645 tempore
3282 4592 3387 4630 non
3434 4575 3590 4643 igno-

2012 4690 2138 4729 rans
2169 4673 2538 4728 Simoniacum
2589 4673 2674 4725 cui
2725 4688 2782 4724 se
2831 4670 3104 4725 obtulerat
3135 4681 3590 4738 promoventunn.

2012 4765 2366 4835 quadraginta
2390 4779 2534 4818 nunc
2558 4763 2766 4817 dierum
2795 4761 3171 4831 paenitentiam
3200 4768 3405 4828 ageret,
3429 4767 3482 4808 et
3513 4756 3592 4809 sic

2013 4856 2065 4911 in
2092 4854 2300 4923 accepti
2323 4853 2530 4908 ordinis
2552 4851 2728 4906 ofﬁcio
2750 4851 3103 4904 ministraret.
3131 4848 3300 4912 Quam
3336 4846 3592 4898 nimirum

2010 4945 2332 4999 sententiam
2363 4944 2610 5013 protinus
2645 4942 2966 4995 venerabilis
2998 4939 3104 4992 Leo
3151 4948 3320 4988 ratam
3368 4950 3595 5004 percen-

2011 5037 2142 5100 suit,
2163 5046 2215 5089 et
2239 5036 2341 5090 sub
2369 5033 2673 5104 hujusmodi
2701 5013 3022 5101 poenitentia
3055 5042 3247 5084 omnes
3276 5027 3328 5082 in
3361 5029 3596 5094 acceptis

2009 5125 2204 5180 officiis
2230 5125 2294 5178 de
2317 5136 2514 5180 cmtero
2537 5136 2887 5194 perseverare
2909 5121 3204 5175 mandavit.
3232 5118 3364 5173 Nam
3386 5128 3441 5173 ct
3462 5135 3595 5171 non--

2015 5219 2190 5272 nullos
2223 5218 2486 5287 hodieque
2534 5215 2878 5284 conspicitis,
2910 5213 2998 5281 qui
3047 5213 3174 5266 dum
3210 5230 3237 5267 a
3273 5212 3469 5266 talibus
3501 5226 3596 5278 per

2015 5308 2255 5362 diversos
2281 5310 2476 5375 gradus
2509 5305 2722 5359 fuerant
2764 5303 2998 5357 ordinati
3022 5345 3034 5364 ,
3063 5302 3130 5355 ab
3161 5303 3348 5355 eodeni
3377 5316 3595 5354 summo

2015 5397 2270 5468 pontifice
2299 5397 2365 5450 ad
2393 5377 2742 5466 episcopatus:
2777 5394 2985 5462 apicem
3017 5403 3144 5447 sunt
3171 5391 3432 5461 provecti.
3483 5389 3596 5443 hcc

2015 5489 2068 5542 id
2105 5503 2386 5559 perperam
2409 5527 2423 5552 ,
2451 5488 2577 5556 quia
2625 5501 2745 5542 cum
2779 5485 3040 5540 canonica
3069 5483 3329 5550 decernat
3357 5483 3594 5537 auctori-

2016 5587 2098 5634 tas
2122 5579 2186 5647 (ι,
2211 5586 2400 5648 (ιιιίιιει.
2418 5578 2438 5629 1
2455 5619 2469 5640 ,
2487 5577 2545 5632 Si
2560 5578 2674 5649 quis
2691 5577 2979 5646 episcopus)
3005 5594 3054 5629 ει
3084 5576 3150 5632 Ut
3170 5576 3476 5645 quicunque
3501 5585 3597 5642 per

2016 5672 2300 5742 pecuniam
2331 5685 2540 5726 sacram
2571 5669 2870 5725 obtinuerit
2915 5669 3233 5739 dignitatem
3254 5707 3269 5731 ,
3310 5664 3594 5734 deiiciatur

2020 5766 2164 5834 ipse,
2198 5773 2251 5819 et
2279 5763 2558 5821 ordinator
2588 5763 2736 5834 ejus;
2786 5783 2802 5814 ι
2834 5769 2981 5831 patet
3027 5759 3211 5831 procul
3240 5757 3399 5813 dubio
3423 5797 3439 5822 ,
3468 5757 3596 5824 quia
