4106 6310
501 368 601 427 151

965 369 1023 425 S.
1058 368 1264 424 PETRI
1295 367 1576 425 DAMIANI
1615 320 1765 427 DPP.
1807 366 2044 427 TOMUS
2081 368 2096 424 ξ

2198 368 2213 426 ι
2253 367 2433 427 rans
2470 369 2555 426 ιιι.
2580 401 2649 414 -
2679 345 3044 431 omissum
3072 346 3303 427 mnu.

3663 361 3772 431 £52

512 459 812 539 simoniace
843 471 1177 547 ordinatum,
1199 480 1676 551 ordinatoremquc
1703 481 2091 545 coudemnans,
2119 483 2168 541 Α
2196 479 2409 536 fuerant
2455 496 2487 536 a
2538 481 2792 538 Patribus
2837 483 3003 548 edita,
3053 482 3137 538 de‘
3164 481 3456 539 multarunt:
3504 486 3783 541 memoria“

506 572 597 630 hic
623 571 870 643 protinus
890 570 1080 641 iudicii
1112 579 1311 627 metam
1341 570 1462 626 ﬁxit
1493 587 1510 626 :
1537 587 1640 637 nee
1670 572 1954 628 sentcntiae
1978 569 2093 627 cal-

506 662 686 720 culum
714 662 770 719 in
798 677 923 719 eum
945 678 1194 735 quoque,
1225 663 1318 734 qui
1340 664 1410 719 ab
1440 663 1752 735 huiusmodi
1783 663 2092 735 promoveri

504 753 807 825 potuisset,
852 755 1117 811 extendit.
1149 754 1283 810 Nam
1334 754 1381 811 si
1434 757 1659 812 canonis
1707 755 1865 825 huius
1905 764 2097 812 auctor

511 852 832 915 provectum
876 844 1175 916 quemlibet
1202 862 1233 902 a
1264 846 1576 902 Simoniaco
1601 845 1961 916 dejiciendum
1993 847 2096 902 du-

507 942 689 999 ceret,
739 935 915 1006 ipsum
968 937 1448 1008 ordiuatoremque
1494 937 1642 994 illius
1690 947 1922 1004 notans,
1963 952 2096 993 con-

505 1033 799 1095 sequenter
824 1025 989 1080 etiam
1018 1026 1086 1083 de
1113 1028 1228 1093 his,
1263 1029 1356 1098 qui
1405 1029 1472 1084 ab
1503 1045 1570 1085 eo
1603 1030 1914 1100 promoveri
1941 1037 2097 1101 pote-

505 1122 661 1183 rant,
691 1129 801 1171 non
848 1123 1053 1172 taceret
1098 1126 1157 1171 ut
1199 1118 1457 1173 nimirum
1508 1119 1715 1175 diceret
1749 1134 1765 1173 :
1799 1118 2095 1188 Dejiciatur

506 1207 624 1279 ipse
648 1217 705 1263 et
730 1208 1013 1265 ordinator
1039 1208 1156 1279 eius
1175 1250 1190 1277 ,
1222 1225 1287 1266 ac
1310 1219 1509 1282 praesto
1538 1210 1891 1283 subjungeret
1923 1225 1938 1264 :
1967 1228 1987 1263 ι
2026 1210 2096 1265 Ει

506 1297 814 1370 quicunque
843 1297 1010 1356 fuerit
1037 1301 1324 1358 ordinatus
1368 1300 1437 1357 ab
1466 1317 1562 1369 eo;
1603 1321 1624 1355 ›
1675 1303 1820 1373 quod
1846 1301 2094 1374 profecto

506 1388 635 1459 quia
659 1404 769 1445 non
794 1389 961 1457 dixit,
992 1405 1094 1447 nec
1115 1392 1277 1448 nobis
1303 1391 1470 1449 etiam
1513 1391 1851 1449 sentiendum
1878 1406 1998 1450 esse
2022 1391 2098 1449 si-

509 1482 717 1551 gnavit.

1044 1573 1273 1632 CAPUT
1312 1575 1556 1634 XXXVI.

509 1663 610 1720 Ubi
630 1665 915 1735 imperator
936 1664 1219 1722 Heinricus
1235 1666 1404 1739 gloria
1427 1669 1600 1740 digna:
1614 1668 1790 1724 laudis
1810 1667 2088 1724 attollitur.

576 1755 846 1812 Praeterea
876 1757 1004 1812 dum
1032 1759 1362 1825 venerabilis
1401 1775 1553 1831 papae
1583 1769 1738 1831 gesta
1769 1761 2089 1827 recolimus,

2194 569 2351 643 longa
2373 569 2489 641 iam
2513 572 2835 628 videbantur
2869 571 3141 627 oblivione
3167 570 3362 628 deleta.
3395 570 3501 628 Sed
3527 572 3619 629 hic
3648 582 3771 628 tan-

2194 678 2355 733 quam
2393 663 2522 719 olim
2569 663 2797 735 insignis
2822 662 2912 718 ille
2950 661 3147 730 Josias,
3181 677 3308 718 mox
3330 671 3390 718 ut
3408 662 3607 718 librum
3634 663 3768 734 legis

2195 753 2408 810 Domini
2444 754 2663 823 reperit,
2721 753 3039 807 vestimenta
3095 752 3277 819 scidit,
3308 750 3613 819 condoluit;
3642 767 3770 809 aras

2194 847 2426 912 subruit,
2456 846 2599 902 idola
2632 845 2994 903 abominanda
3038 845 3251 916 deiecit,
3301 860 3598 915 omnesque
3624 846 3773 915 prio-

2195 955 2316 996 rum
2345 954 2529 1009 regum
2560 938 2853 1009 sacrilegas
2867 937 3281 1008 superstitiones
3301 937 3497 993 evertit
3518 937 3568 1006 (I
3583 935 3624 991 V
3641 935 3765 1008 Reg.

2194 1030 2377 1101 xxm).
2407 1029 2476 1083 Et
2500 1029 2756 1100 quoniam
2789 1028 2904 1099 ipse
2934 1027 3271 1083 auteriorum
3307 1034 3496 1083 tenere
3531 1027 3771 1098 regulam

2194 1121 2387 1188 noluit,
2415 1128 2475 1175 ut
2525 1120 2715 1175 aeterni
2743 1119 2908 1189 Regis
2936 1126 3205 1189 praecepta
3246 1126 3511 1182 servaret,
3542 1118 3646 1173 hoc
3667 1115 3773 1172 sibi

2195 1228 2304 1269 non
2355 1212 2568 1283 ingrata
2606 1210 2791 1267 divina
2838 1210 3169 1280 dispensatio
3200 1209 3446 1273 contulit,
3474 1208 3618 1278 quod
3658 1208 3772 1277 ple-

2194 1305 2380 1374 risque
2407 1304 2787 1360 decessoribus
2812 1305 2926 1359 suis
2955 1312 3181 1359 eatenus
3230 1318 3339 1358 non
3379 1301 3681 1366 concessit;
3714 1309 3774 1356 ut

2195 1396 2444 1452 videlicet
2489 1397 2555 1451 ad
2598 1394 2717 1465 ejus
2762 1404 2951 1451 nutum
3002 1404 3190 1451 sancta
3238 1393 3482 1449 Romana
3531 1393 3772 1448 Ecclesia

2195 1503 2342 1543 nunc
2364 1487 2664 1553 ordinetur,
2695 1501 2761 1542 ac
2787 1496 2986 1557 przeter
3006 1486 3123 1556 eius
3145 1485 3524 1540 auctoritatem
3553 1493 3775 1553 apostoq

2193 1578 2313 1635 licte
2355 1579 2469 1635 sedi
2500 1593 2661 1635 nemo
2703 1593 2930 1650 prorsus
2957 1577 3121 1650 eligat
3158 1576 3515 1633 sacerdotem.
3544 1574 3709 1629 Plane
3726 1574 3775 1628 si

2194 1671 2367 1726 David
2418 1664 2640 1741 propter
2692 1670 2995 1726 Philisthaei
3050 1667 3267 1724 Goliath
3315 1676 3589 1738 stragem,
3630 1666 3778 1735 regis

2196 1762 2363 1816 filiam
2424 1762 2479 1817 in
2546 1761 2924 1832 sponsalitium
2988 1759 3091 1814 sibi
3146 1757 3414 1814 foederare
3475 1756 3779 1827 promeruit

420 1896 425 1901 .
507 1858 904 1919 consequenter
939 1850 1081 1904 ratio
1108 1851 1298 1906 suadet
1318 1860 1377 1906 ut
1399 1852 1466 1907 ad
1489 1850 1942 1908 considerandum
1965 1865 2098 1920 quo-
2122 1838 2173 1900 Β
2202 1852 2253 1926 (1
2275 1852 2402 1924 Reg.
2435 1853 2605 1924 xvn);
2651 1852 2779 1924 quid
2818 1851 3017 1905 mirum
3038 1850 3083 1905 si
3107 1857 3163 1904 et
3188 1849 3482 1918 imperator
3512 1847 3614 1902 iste
3649 1859 3778 1901 san-

505 1951 612 2007 que
624 1939 805 2010 magni
821 1936 980 2007 huius
999 1938 1233 1995 Heinrici
1249 1940 1391 2012 regis
1404 1941 1613 2012 insigne
1632 1940 1961 2011 praeconium
1977 1939 2097 1996 ani-

505 2049 655 2089 mum
669 2033 1214 2091 transferamus.Post
1226 2036 1393 2091 Deum
1409 2036 1618 2092 scilicet
1629 2034 1745 2106 ipse
1758 2050 1856 2091 nos
1871 2050 1937 2091 ex
1950 2034 2097 2090 insa-

505 2123 707 2179 tiabilis
722 2139 819 2180 ore
829 2124 1082 2181 draconis
1094 2126 1315 2195 eripuit,
1337 2126 1451 2197 ipse
1485 2126 1808 2201 Sitponiacae
1825 2126 2096 2181 hareseos

507 2223 570 2269 ιιι
595 2215 752 2286 137
776 2231 964 2271 revera
981 2215 1292 2286 multiplicis
1313 2217 1500 2288 hydrae
1521 2216 1701 2272 omnia
1714 2216 1887 2286 capita
1900 2213 2096 2270 divina:

505 2307 724 2362 virtutis
754 2322 1014 2363 mucrone
1045 2306 1336 2361 truncavit.
1369 2305 1471 2373 Qui
1503 2305 1758 2362 videlicet
1787 2306 1857 2361 ad
1885 2303 2095 2361 Christi

506 2397 736 2469 gloriam
765 2414 873 2453 non
904 2398 1177 2453 immerito
1208 2405 1386 2468 potest
1423 2398 1605 2454 dicere
1628 2416 1641 2452 :
1661 2398 1935 2467 Quotquot
1968 2405 2095 2453 ante

504 2504 594 2545 me
618 2498 913 2555 venerunt,
946 2488 1097 2545 fures
1122 2488 1339 2543 fuerunt
1364 2497 1420 2545 et
1444 2489 1702 2546 latrones.
1761 2488 1897 2543 Nam
1923 2502 2097 2557 usque

505 2581 572 2636 ad
594 2580 676 2636 sui
701 2589 913 2650 tempus
939 2580 1149 2651 imperii
1183 2581 1526 2635 sacerdotum
1574 2578 1833 2634 falsitatis
1855 2578 2099 2647 inexple-

506 2671 665 2738 biles,
712 2679 773 2725 ut
823 2671 898 2725 ita
936 2671 1134 2737 fatear,
1189 2670 1516 2743 Babylonico
1553 2669 1667 2725 Beli
1695 2669 1969 2740 praebebat
1993 2669 2097 2723 im-

508 2777 744 2834 pensas:
792 2771 847 2817 at
898 2773 1184 2834 postquam
1220 2765 1328 2828 hic,
1378 2772 1601 2820 auctore
1628 2762 1761 2830 Deo,
1806 2771 2093 2832 paternum

507 2853 745 2908 obtinuit
784 2853 1170 2922 principatum,
1224 2844 1533 2911 draconteis
1569 2868 1697 2909 mox
1739 2850 1987 2907 faucibus
2010 2849 2097 2905 of-

507 2943 619 2998 fam
667 2945 791 3015 pius
841 2944 1046 3015 injecit,
1094 2946 1257 3003 etsic
1297 2949 1590 3004 immanem
1634 2947 1900 3009 bestiam,
1934 2944 2091 3014 quasi

402 3056 405 3061 '
506 3038 696 3094 Daniel
742 3038 880 3094 alter
905 3040 1185 3094 exstinxit.
1233 3039 1337 3094 Per
1376 3041 1548 3109 picem
1572 3054 1828 3110 namque,
1858 3052 1980 3109 qua:
2004 3052 2094 3093 ar-

507 3131 598 3184 det
633 3139 689 3185 et
733 3131 973 3201 stringit,
1006 3147 1113 3187 non
1149 3131 1425 3187 immerito
1453 3141 1632 3202 potest
1659 3147 1814 3186 amor
1853 3129 2095 3201 pecuniae

2199 1948 2342 1995 ctam
2389 1940 2710 2006 Ecclesiam,
2756 1954 2877 2011 qua:
2932 1938 3187 1993 nimirum
3242 1936 3439 1992 summi
3482 1935 3644 2003 Regis
3692 1941 3780 1988 est

2197 2032 2331 2101 filia,
2364 2032 2572 2089 Simoni
2600 2031 2999 2097 literesiarchaa,
3048 2029 3140 2100 qui
3187 2028 3456 2083 veraciter
3483 2024 3781 2096 exprobrat

2198 2123 2372 2179 aciem
2399 2123 2494 2178 Dei
2518 2123 2767 2189 viventis,
2808 2122 2982 2177 victor
3001 2119 3253 2191 accepit?

2217 2288 2245 2293 __
2266 2215 2446 2286 Atque
2468 2202 2552 2271 Ίιι
2602 2213 2774 2270 David
2800 2229 2869 2271 ex
2917 2213 3096 2284 aliqua
3151 2221 3306 2284 parte
3346 2226 3451 2267 non
3498 2209 3777 2266 immerito

2198 2315 2565 2378 comparetur,
2592 2306 2681 2362 ille
2717 2321 2916 2376 aquam
2945 2305 3013 2360 de
3039 2304 3275 2360 cisterna
3304 2301 3777 2367 Bethlehemitica,

2197 2411 2319 2465 qua:
2363 2397 2504 2451 inter
2555 2395 2780 2451 hostiles
2833 2392 3148 2448 habebatur.
3172 2407 3393 2456 cuneos,
3439 2390 3781 2459 concupivit;

2198 2486 2292 2543 sed
2331 2501 2455 2541 cum
2486 2485 2553 2541 ab
2590 2482 3019 2554 obsequentibus
3047 2481 3307 2537 militibus
3341 2480 3535 2535 fuisset
3574 2478 3779 2542 oblata,

2196 2576 2383 2631 bibere
2404 2574 2614 2640 nolens,
2633 2573 2842 2629 effudit.
2870 2573 3032 2644 138
3053 2572 3208 2627 Unde
3223 2586 3348 2627 mox
3373 2572 3633 2640 scriptum
3656 2576 3776 2624 est:

2204 2685 2222 2718 ι
2261 2664 2475 2720 Libavit
2493 2680 2612 2719 eam
2645 2664 2873 2719 Domino
2898 2662 2981 2735 (II
3010 2662 3141 2733 Reg.
3180 2661 3359 2733 χχιιι).
3395 2681 3413 2714 ι
3443 2660 3500 2715 Si
3536 2659 3699 2731 igitur
3722 2659 3779 2714 in

2196 2757 2291 2813 Dei
2338 2756 2670 2811 sacrificium
2712 2770 2871 2810 versa
2921 2761 3006 2809 est
3054 2768 3195 2822 aqua
3245 2759 3577 2820 contempta,
3616 2756 3779 2819 quam

2197 2849 2489 2919 pretiosius
2514 2847 2626 2902 Deo
2654 2853 2851 2902 munus
2876 2845 3042 2901 fuisse
3063 2845 3391 2900 credendum
3413 2852 3514 2909 est,
3549 2842 3779 2912 pecunia

2198 2946 2466 2994 recusata.
2494 2936 2589 2992 ille
2610 2937 2866 2991 nimirum
2894 2951 3091 3005 aquam
3117 2934 3390 2989 fundendo
3420 2932 3644 2997 libavit;
3678 2932 3781 2986 iste

2198 3032 2550 3087 nihilominus
2576 3045 2741 3084 suave
2769 3029 2880 3083 Deo
2905 3026 3234 3083 sacrificium
3256 3024 3478 3089 obtulit,
3517 3024 3646 3078 dum
3674 3036 3781 3076 non

2200 3134 2421 3191 aquam,
2474 3121 2569 3177 sed
2600 3134 2793 3174 aurum
2824 3133 2923 3189 pro
2962 3118 3079 3188 ejus
3108 3131 3295 3171 amore
3339 3111 3682 3182 contempsit.
3716 3110 3783 3164 Et

507 3224 803 3295 designari.
825 3200 927 3292 Qui
957 3226 1205 3280 videlicet
1228 3225 1306 3280 sic
1329 3225 1384 3280 in
1412 3200 1626 3281 camino
1663 3225 1812 3280 avari
1855 3200 2093 3294 pectoris
2121 3205 2166 3268 Ο
2197 3214 2326 3285 quia
2378 3227 2491 3268 non
2542 3212 2854 3274 defuerunt,
2903 3209 2996 3282 qui
3033 3207 3311 3278 regalibus
3363 3204 3511 3286 soliis
3548 3200 3779 3295 praedi-ti,

508 3324 739 3381 aestuat,
780 3324 839 3371 ut
904 3317 972 3372 ab
1016 3317 1387 3386 impendenda:
1435 3316 1843 3384 misericordiar,
1886 3316 2095 3385 piaeque

508 3408 905 3478 compassionis
958 3408 1209 3479 largitate
1254 3409 1607 3478 constringat.
1644 3408 1784 3475 Quid
1824 3406 2096 3477 estigitur

422 3568 429 3575 π
509 3497 666 3559 offam
691 3499 826 3568 picis
861 3499 915 3553 in
940 3500 1194 3554 draconis
1222 3513 1318 3554 ora
1350 3498 1639 3569 projicere,
1673 3498 1778 3551 nisi
1806 3495 2093 3550 manifeste

509 3606 630 3645 cum
676 3589 840 3645 Petro
870 3590 1050 3645 dicere
1079 3604 1093 3643 :
1122 3609 1147 3635 ι
1179 3589 1415 3645 Pecunia
1449 3601 1540 3643 tua
1586 3598 1765 3644 tecum
1792 3587 1864 3642 sit
1885 3588 1938 3641 in
1967 3601 2096 3656 per-

509 3684 770 3740 ditionem
788 3682 815 3737 ?
845 3701 863 3735 ι
898 3682 1037 3754 (Act.
1065 3681 1208 3753 vnt.)
1237 3681 1388 3749 Quod
1417 3681 1661 3752 profecto
1699 3681 1952 3750 princeps
1992 3678 2095 3734 iste

508 3783 641 3830 tunc
662 3773 933 3830 veraciter
952 3774 1201 3844 protulit,
1219 3789 1342 3829 eum
1362 3773 1651 3828 cathedras
1671 3772 1775 3828 dist
1785 3771 2093 3826 rahentium

510 3863 789 3920 columbas
811 3865 1005 3920 evertit
1031 3864 1250 3937 (Matth.
1277 3864 1417 3935 xxi),
1456 3879 1580 3919 cum
1606 3862 1899 3934 trapezitas
1926 3877 2114 3932 expu-

508 3955 597 4021 lit,
642 3971 766 4012 cum
815 3956 871 4011 in
932 3957 1133 4027 templo
1168 3957 1265 4012 Dei
1301 3956 1419 4013 fieri
1465 3955 1655 4011 venale
1704 3955 2094 4011 commercium

512 4048 808 4104 recusavit.
836 4046 947 4104 Nec
993 4046 1125 4104 illud
1149 4049 1312 4103 etiam
1334 4048 1402 4103 ab
1432 4048 1535 4103 hac
1562 4044 1957 4118 significatione
1981 4045 2095 4101 dis-

510 4152 740 4207 crepare
782 4137 1021 4204 videtur,
1067 4136 1212 4207 quod
1246 4135 1430 4192 Daniel
1463 4151 1585 4191 cum
1613 4135 1733 4206 pice
1772 4134 1937 4190 etiam
1982 4132 2097 4187 adi-

511 4242 655 4296 pem,
694 4235 750 4283 et
793 4227 934 4298 pilos
978 4226 1356 4292 admiscuisse,
1399 4224 1746 4281 describitur.
1771 4224 1910 4291 Quid
1949 4222 2094 4278 enim

510 4334 610 4389 per
637 4319 852 4390 adipem
881 4320 987 4376 nisi
1025 4319 1204 4374 carnis
1231 4319 1529 4388 accipimus
1555 4314 1931 4388 voluptatem?
1956 4314 2096 4382 Quid

511 4425 611 4478 per
637 4411 793 4479 pilos,
821 4412 912 4481 qui
954 4412 1269 4481 corporibus
1294 4410 1610 4466 animalium
1630 4418 1785 4466 extra
1811 4417 1958 4474 sunt,
1988 4407 2095 4464 nisi

514 4502 755 4556 exterior
787 4503 1087 4557 substantia
1107 4503 1420 4572 designatur
1440 4501 1464 4555 ?

2196 3304 2549 3360 commissum
2598 3303 2839 3371 regimen
2889 3300 3274 3354 administrare
3303 3313 3362 3353 se
3391 3309 3549 3366 posse
3577 3291 3785 3350 difﬁde-

2197 3404 2340 3461 rent,
2392 3396 2439 3451 si
2486 3394 2847 3450 Ecclesiarum
2899 3389 3285 3445 venalitatibus
3333 3386 3548 3457 publica
3589 3382 3782 3438 aeraria

2197 3501 2308 3541 non
2339 3494 2630 3555 augerent;
2662 3497 2792 3537 ecce
2817 3481 3161 3550 omnipotens
3193 3479 3356 3544 Deus,
3408 3477 3463 3531 in
3485 3474 3644 3543 cujus
3671 3488 3783 3527 ma-

2198 3593 2271 3634 nu
2296 3585 2381 3632 est
2417 3578 2644 3631 victoria
2683 3568 3155 3642 triumphantium,
3176 3576 3392 3638 sceptra
3416 3564 3785 3637 regnantium,

2197 3669 2402 3736 absque
2453 3665 2614 3735 hujus
2660 3662 3033 3735 acquisitionis
3087 3660 3388 3714 inhonestae
3451 3653 3736 3725 stipendiis
3766 3700 3784 3726 ,

2195 3760 2342 3816 fideli
2368 3758 2574 3815 famulo
2602 3773 2700 3813 suo
2730 3756 3018 3827 plerasque
3048 3753 3298 3809 nationes
3351 3758 3570 3806 exteras
3600 3745 3789 3802 subdi-

2196 3849 2298 3915 dit,
2345 3849 2687 3920 tyrannicam
2743 3844 3147 3901 adversantium
3199 3841 3481 3897 feritatem
3535 3835 3640 3893 sub
3667 3833 3792 3904 eius

2197 3942 2404 3999 ditioue
2433 3940 2760 4014 perdomuit,
2792 3939 3259 4009 superborumque
3308 3933 3542 3989 hostium
3573 3938 3786 3983 tumen-

2197 4035 2333 4090 tium
2379 4033 2483 4091 sibi
2526 4032 2662 4088 eolla
2697 4030 3025 4095 substravit;
3068 4027 3335 4082 barbaras
3383 4022 3657 4080 debellare
3685 4036 3789 4091 per

2199 4126 2487 4182 circuitum
2519 4134 2732 4195 gentes,
2759 4132 2815 4176 et
2845 4120 3074 4176 rebelles
3106 4117 3397 4174 infideliter
3417 4111 3783 4183 subiectorum

2199 4219 2345 4275 dedit
2372 4217 2587 4272 calcare
2610 4216 2872 4270 cervices.
2910 4213 2978 4269 Ut
3007 4211 3211 4282 liquido
3229 4216 3433 4280 pateat,
3457 4205 3584 4276 quia
3609 4204 3787 4260 victo-

2199 4309 2279 4364 ria
2310 4308 2377 4363 tle
2421 4306 2561 4362 coelo
2586 4314 2695 4371 est,
2725 4315 2782 4360 et
2819 4320 2925 4359 non
2955 4302 3218 4372 probatur
3243 4316 3311 4356 ex
3345 4297 3614 4355 donativis
3652 4310 3785 4366 peu-

2201 4401 2330 4455 dere
2379 4396 2644 4467 pecuniae,
2701 4395 2795 4450 sed
2841 4409 2909 4448 ex
2956 4405 3204 4463 superna:
3239 4388 3428 4460 gratiae
3457 4385 3786 4443 descendere

2202 4490 2465 4560 largitate.

586 4589 723 4646 Cum
749 4578 869 4662 pice
897 4607 1028 4663 ergo
1054 4607 1148 4646 rex
1187 4563 1422 4662 adipem,
1450 4590 1695 4662 pilosque
1721 4590 2094 4655 commiscuit,
2123 4575 2176 4635 D
2275 4580 2502 4637 Videtur
2524 4578 2706 4647 itaque
2736 4577 3030 4645 imperator
3060 4573 3160 4627 iste
3203 4569 3560 4626 Constantino
3583 4563 3785 4621 Caesari

531 4693 587 4738 et
616 4685 695 4737 sic
744 4683 1033 4737 draconem
1067 4683 1230 4753 rupit,
1270 4682 1396 4752 quia
1426 4681 1787 4736 Simoniacum
1815 4680 1967 4735 virus
1987 4695 2110 4734 om:

516 4773 648 4829 nino
674 4772 975 4837 detestans,
1003 4787 1111 4827 non
1156 4772 1329 4827 solum
1366 4771 1610 4827 avaritiae
1638 4785 1746 4824 non
1791 4769 2097 4836 succubuit,

518 4864 615 4919 scd
649 4863 716 4917 ad
748 4862 926 4918 nullas
955 4861 1138 4917 carnis
1183 4861 1488 4926 illecebras,
1520 4859 1604 4914 vel
1636 4859 1927 4915 exterioris
1960 4859 2097 4913 lucri

518 4963 787 5023 quaestum
838 4954 891 5008 in
930 4952 1289 5024 dispensanda
1347 4966 1571 5022 prorsus
1614 4950 1983 5005 ecclesiastica
2017 4950 2100 5005 di—

519 5043 728 5114 gnitate
749 5044 1013 5113 quaesivit.
1046 5043 1116 5100 Ut
1138 5041 1254 5114 iam
1284 5049 1562 5113 perempto
1614 5041 1835 5097 draconi
1863 5042 1931 5098 de
1959 5041 2099 5096 coelo

520 5133 781 5204 proiecto,
828 5135 969 5190 etin
1015 5136 1211 5207 abysso
1251 5150 1348 5205 per
1407 5130 1657 5205 angelum
1702 5143 1895 5190 catena
1937 5133 2101 5204 ligato

521 5225 636 5294 (qui
691 5223 946 5278 nimirum
982 5234 1111 5280 ante
1144 5240 1266 5280 cum
1313 5223 1577 5281 Michaele
1621 5232 1974 5295 pugnaverat,
2007 5222 2100 5292 qui

521 5316 743 5371 tertiam
780 5316 1055 5372 stellarum
1107 5326 1314 5388 partem
1363 5326 1486 5388 post
1531 5332 1589 5372 se
1637 5325 1875 5372 traxerat
1910 5316 2098 5386 (Apoc.

524 5408 624 5477 xu)
680 5422 804 5461 cum
848 5407 982 5463 Isaia
1034 5407 1389 5477 plausibiliter
1442 5408 1759 5462 iusultemus
1798 5421 1812 5459 :
1860 5426 1878 5457 ι
1908 5404 1953 5460 Ο
1993 5404 2100 5459 Lu-

525 5499 678 5565 cifer,
739 5500 830 5569 qui
874 5515 1032 5555 mane
1076 5500 1359 5568 oriebaris,
1421 5500 1691 5570 quomodo
1742 5497 1983 5554 cecidisti
2035 5496 2102 5552 de

525 5590 685 5657 cmlo,
709 5592 963 5647 corruisti
992 5591 1048 5645 in
1079 5600 1300 5658 terram,
1333 5593 1425 5662 qui
1466 5592 1787 5646 vulnerahas
1826 5599 2013 5660 gentes
2034 5589 2095 5642 ἲ»

531 5680 663 5753 λιιι.
713 5684 850 5754 xvx.)
910 5681 1094 5753 Usque
1140 5684 1207 5738 ad
1254 5683 1414 5751 huius
1460 5699 1595 5739 sane
1628 5693 1838 5752 tenipus
1873 5682 2099 5752 Augusti

532 5781 719 5830 cuncta
736 5788 1003 5833 canonum
1022 5775 1263 5843 decreta,
1290 5789 1408 5844 qua:
1429 5792 1588 5846 super
1620 5774 1925 5845 huiusmodi
1951 5783 2103 5843 peste

2205 4673 2468 4727 adversus
2517 4668 2800 4725 catholicae
2828 4666 3016 4721 hostes
3057 4661 3315 4717 Ecclesiae
3345 4673 3451 4714 non
3493 4668 3787 4726 supparem

2203 4762 2502 4819 obtinuisse
2546 4759 2851 4816 victoriam.
2914 4755 3007 4811 Ille
3054 4753 3309 4809 nimirum
3365 4750 3579 4805 Arianae
3621 4753 3787 4801 secta:

2204 4856 2396 4926 dogma
2418 4851 2732 4908 orthodoxae
2752 4848 2874 4904 fidei
2901 4846 3069 4902 armis
3098 4844 3306 4899 attrivit
3330 4858 3345 4910 ;
3377 4841 3483 4896 iste
3508 4836 3784 4894 Simouia-

2203 4965 2281 5005 cae
2307 4949 2575 5003 haereseos
2617 4952 2798 5014 pestes
2832 4942 3117 4997 avaritiam
3157 4937 3418 4995 calcando
3444 4934 3660 4991 delevit.
3692 4932 3788 4987 ille

2204 5040 2328 5096 fidei
2350 5047 2722 5110 propugnator
2759 5034 2971 5090 obstitit
2995 5046 3062 5087 ne
3088 5029 3254 5085 Arius
3283 5028 3541 5083 unitatem
3568 5023 3786 5078 scinde-

2203 5139 2324 5198 ret;
2382 5130 2470 5185 hic
2519 5124 2972 5197 concupiscentiae
3012 5120 3378 5190 triumphator
3423 5113 3663 5172 oceurrit
3717 5126 3787 5166 ne

2206 5222 2389 5279 Simon
2421 5223 2472 5276 in
2505 5220 2746 5275 Ecclesia
2777 5214 3098 5288 pestilentia:
3124 5211 3439 5267 cathedram
3461 5204 3784 5276 possideret.

2206 5314 2476 5369 llcsudent
2518 5311 2605 5364 alii
2641 5310 2940 5377 triumphos
2971 5320 3158 5375 regum
3197 5300 3335 5372 stylo
3363 5296 3605 5354 historia:
3634 5305 3791 5348 texe—

2204 5419 2265 5459 re
2291 5418 2305 5469 ;
2341 5402 2581 5472 Insignes
2603 5399 2864 5455 bellorum
2896 5394 3100 5459 titulos,
3128 5401 3183 5447 et
3220 5404 3409 5446 eorum
3442 5385 3603 5441 fortia
3633 5390 3784 5454 gesta

2204 5494 2493 5566 praeconiis
2547 5491 2830 5562 exquisita:
2877 5487 3050 5542 laudis
3104 5481 3328 5547 efferre;
3396 5478 3526 5535 mihi
3572 5475 3788 5529 videtur

2205 5564 2433 5640 victoria
2479 5584 2604 5648 ista,
2652 5594 2813 5650 quam
2841 5593 3000 5647 supra
3035 5574 3397 5635 meminimus,
3430 5569 3587 5636 longe
3625 5564 3785 5621 nobi-

2204 5677 2327 5743 lior,
2381 5686 2435 5733 et
2472 5671 2969 5743 incomparabiliter
3014 5668 3300 5738 gloriosior
3340 5684 3353 5720 :
3405 5664 3495 5719 ubi
3528 5659 3782 5715 nimirum

2207 5784 2313 5826 non
2350 5767 2616 5823 humanus
2644 5760 2865 5832 sanguis
2890 5759 3199 5826 effunditur,
3247 5771 3353 5813 non
3393 5754 3622 5810 militum
3648 5748 3787 5804 ιιιιιμ
