4080 5346
273 364 374 422 153

1079 363 1320 422 OPUSC.
1362 363 1448 418 VI.
1474 393 1545 403 —
1572 360 1773 416 LIBER
1811 359 1928 427 QUI
1965 359 2241 417 DlClTUR
2283 361 2768 420 GRATISSIMUS.

3442 363 3464 415 l
3475 361 3543 415 54

271 482 448 538 titudo
496 480 784 545 minuitur,
824 484 920 537 sed
951 480 1128 535 omnis
1171 478 1414 533 Ecclesia
1452 476 1717 532 catholica
1762 479 1932 544 perA
1962 475 2048 530 tia:
2106 491 2210 530 non
2257 478 2556 547 assurgitis,
2594 489 2648 532 et
2705 481 2846 533 inter
2900 478 3166 540 homines,
3219 478 3362 548 quod
3420 493 3546 533 con-

271 572 505 628 Romani
523 571 659 627 ﬁnes
682 572 893 642 imperii
922 572 1344 640 circumquaque
1370 567 1563 623 diﬂ'usa
1579 567 1646 622 de
1675 567 1864 620 vincu-

274 663 341 717 lis
364 664 602 734 antiquae
633 663 1000 718 damnationis
1052 659 1202 715 velut
1231 675 1298 713 ex
1330 660 1600 713 horrendo
1649 672 1712 711 ac
1738 671 1864 726 pro-

276 754 600 809 fundissimo
652 769 875 810 carcere
901 755 1196 818 liberatur;
1233 761 1292 805 ut
1329 766 1426 821 per
1453 751 1752 821 Augustum
1781 749 1864 804 di-

274 846 482 900 vinitus
535 854 743 916 erepta,
793 846 962 900 libera
1017 845 1126 898 Deo
1171 844 1341 915 possit
1396 858 1527 897 voce
1578 850 1800 897 cantare
1843 854 1859 894 :

282 958 300 988 ι
332 937 616 1007 Dirupisti,
641 938 913 1008 inquiens.
951 937 1194 1000 Domine,
1224 933 1440 988 vincula
1472 947 1588 988 mea
1609 972 1624 999 ,
1651 932 1746 987 tibi
1773 945 1860 986 sa-

276 1027 537 1084 criﬁcabo
563 1027 800 1083 hostiam
844 1025 1018 1081 laudis
1051 1023 1224 1097 (Psal.
1253 1023 1433 1094 cxxv).
1463 1041 1482 1074 ι

804 1160 1030 1218 CAPUT
1071 1160 1334 1216 XXXVII.

567 1275 838 1332 lnvehitur
879 1275 1102 1346 scriptor
1133 1276 1187 1329 in
1226 1273 1579 1329 Simoniacoa.

347 1391 564 1458 Queror
614 1389 900 1445 adversum
957 1403 1072 1452 vos,
1129 1386 1443 1451 Simoniaci,
1500 1385 1591 1455 qui
1644 1399 1861 1455 gravem

282 1481 439 1536 nobis
479 1479 906 1534 elucubrationis
949 1478 1110 1549 hujus
1140 1477 1442 1532 molestiam
1474 1475 1749 1530 intulistis.
1796 1473 1865 1529 Et

282 1572 501 1640 quidem
525 1580 710 1626 nostra
737 1570 1098 1634 defendimus,
1131 1569 1225 1625 sed
1263 1569 1337 1622 ita
1368 1571 1652 1633 duntaxat,
1680 1575 1739 1621 ut
1766 1582 1864 1622 vos

282 1671 546 1733 perpetuo
578 1663 1032 1727 condemnemus;
1063 1661 1142 1716 sic
1169 1677 1254 1726 ea,
1292 1677 1412 1731 qua:
1451 1676 1549 1732 per
1576 1675 1670 1714 vos
1697 1673 1868 1728 agun-

285 1764 393 1820 tnr,
446 1753 808 1818 admittimus,
839 1761 898 1806 ut
941 1767 1038 1807 vos
1067 1751 1476 1817 abominabiles,
1516 1751 1866 1819 omniumque

1964 568 2194 624 scientia
2228 577 2364 624 teste
2395 569 2744 624 conunissum
2787 578 2888 634 est,
2920 585 3023 625 non
3065 569 3272 624 celatis.

2039 658 2185 714 Sane
2223 659 2266 714 si
2295 676 2436 714 nunc
2467 659 2657 723 etiam,
2686 661 2824 714 sicut
2870 661 3090 715 Patrum
3117 668 3343 715 testatur
3369 667 3550 713 aucto-

1964 753 2100 807 ritas
2123 753 2162 822 (ι
2192 793 2206 817 ,
2234 769 2290 822 q.
2317 753 2369 815 l,
2400 750 2754 822 Quicunque),
2785 753 3088 807 benedictio
3130 753 3283 806 vobis
3306 753 3357 806 in
3387 750 3551 806 malc-

1965 845 2256 900 dictionem
2305 844 2559 909 vertitur,
2593 859 2715 898 cum
2747 843 2992 898 benedici
3024 843 3317 897 sacerdotis
3345 856 3438 895 ore
3472 841 3552 894 vi-

1965 937 2196 1001 demini;
2230 936 2360 1006 quid
2409 937 2564 991 vobis
2613 945 2742 990 tunc
2779 936 2888 1000 lict,
2939 951 3061 990 cum
3094 935 3206 1004 ipsa
3233 950 3337 988 vox
3367 933 3547 988 divina

1963 1042 2060 1082 vos
2082 1027 2395 1081 maledictos
2425 1026 2676 1095 appellat,
2708 1034 2763 1081 et
2794 1027 3078 1094 reprobat;
3125 1034 3178 1079 et
3203 1041 3232 1077 a
3259 1034 3550 1092 conspectu

1967 1133 2065 1172 suo
2103 1133 2199 1172 vos
2239 1116 2438 1184 judicis
2478 1117 2633 1172 furor
2663 1115 2873 1185 abiicit,
2920 1126 2974 1172 et
3019 1115 3318 1171 tortoribus
3356 1114 3560 1167 tradit?

1967 1207 2117 1262 Tunc
2138 1205 2382 1276 profecta
2418 1207 2662 1272 discetis,
2696 1208 2885 1276 quanti
2927 1215 3138 1262 constet
3176 1204 3434 1259 transacti
3459 1204 3557 1256 ho-

1967 1299 2116 1353 noris
2141 1313 2324 1351 amara
2361 1299 2650 1367 coemptio,
2681 1314 2801 1353 cum
2826 1298 2935 1368 jam
2965 1313 3194 1353 necesse
3221 1297 3346 1362 erit,
3380 1304 3438 1349 ut
3461 1311 3558 1350 vos

1969 1399 2204 1447 tartarus
2244 1390 2453 1444 infinite
2500 1400 2691 1459 patens
2718 1391 3029 1456 absorbent,
3056 1402 3110 1445 et
3148 1391 3408 1461 gehennae
3436 1403 3559 1442 cru-

1968 1484 2102 1540 delis
2131 1484 2237 1540 olla
2263 1482 2571 1538 concludat.
2606 1483 2758 1538 Tunc
2793 1498 2915 1537 ossa
2950 1491 3127 1536 vestra
3169 1480 3415 1536 medullis
3437 1479 3556 1548 pin-

1967 1577 2162 1648 guibus
2212 1575 2455 1643 irrigata,
2495 1574 2773 1645 crepitans
2825 1574 3172 1643 stridensque
3221 1571 3433 1624 flamma
3467 1569 3563 1623 de-

1968 1675 2185 1738 pascet;
2231 1677 2360 1719 tunc
2388 1666 2525 1720 edax
2556 1666 2869 1720 incendium
2921 1665 3065 1718 velut
3093 1673 3347 1717 eructans
3376 1663 3442 1716 de
3463 1661 3562 1714 cli-

1968 1759 2111 1814 bano
2152 1774 2249 1828 per
2274 1776 2370 1815 ora
2396 1758 2568 1821 vobis,
2605 1772 2702 1825 pcr
2724 1756 2933 1818 oculos,
2975 1770 3070 1822 per
3093 1769 3272 1816 aures,
3308 1761 3362 1806 et
3397 1766 3560 1806 nares

283 1846 622 1914 perditorum
653 1845 914 1900 extremis
942 1845 1134 1915 dignos
1180 1841 1458 1913 suppliciis
1511 1842 1862 1925 arbitremur.
1895 1851 1942 1912 B
1972 1851 2262 1920 vaporibus
2313 1858 2564 1917 erqclare
2617 1862 2724 1900 non
2767 1845 3000 1900 desinet,
3061 1845 3172 1908 Sic,
3209 1843 3286 1896 sic
3342 1843 3561 1910 dignum

285 1935 550 1990 Nimirum
578 1934 746 1990 Judas
778 1935 1062 1990 Dominum
1090 1950 1282 2004 purum
1311 1932 1583 1988 hominem
1620 1935 1872 1999 credens,

282 2026 526 2080 vendidit
552 2025 768 2097 (Matth.
794 2026 998 2094 xxv“);
1025 2027 1119 2080 sed
1151 2040 1275 2080 mox
1302 2023 1537 2094 pretium
1567 2023 1872 2092 sanguinis,

284 2120 446 2186 digna
472 2118 733 2184 luiturus,
755 2118 970 2186 abjecit.
1003 2115 1114 2173 Vos
1139 2126 1318 2172 autem
1343 2115 1474 2170 nihil
1504 2115 1569 2170 de
1592 2115 1874 2170 divinitate

285 2211 459 2265 sancti
495 2210 733 2280 Spiritus
759 2211 1113 2280 ambigentes,
1153 2206 1538 2262 commercium
1557 2198 1646 2258 Ylli
1671 2203 1876 2257 venali-

284 2303 418 2357 tatis
449 2302 748 2368 ascribitis,
781 2310 836 2356 et
871 2300 1164 2372 perpetrati
1206 2298 1475 2368 sacrilegii
1529 2297 1872 2351 commodum

284 2393 612 2464 possidetis;
645 2393 846 2463 quique
894 2391 1120 2446 fueratis
1148 2390 1351 2444 ultione
1380 2388 1668 2458 plectendi,
1708 2385 1878 2441 scele-

288 2501 349 2540 ra
388 2487 677 2541 commissa
724 2484 1032 2540 lucramini.
1085 2482 1293 2549 Quibus
1341 2495 1472 2551 ergo
1521 2494 1621 2535 vos
1679 2477 1876 2533 merito

286 2573 744 2644 comparaverim,
793 2573 885 2642 qui
931 2571 1112 2625 divina
1152 2584 1398 2635 munera,
1427 2584 1536 2621 non
1576 2567 1749 2631 vobis,
1780 2566 1876 2620 sed

294 2663 420 2718 aliis
449 2662 679 2728 habetis;
711 2675 766 2716 et
790 2660 1028 2731 qumillis
1051 2661 1117 2714 ad
1131 2658 1323 2714 salutis
1335 2656 1658 2728 proveniunt
1683 2672 1875 2711 cumu-

288 2753 427 2817 lum,
476 2753 638 2823 139
674 2752 828 2808 vobis
873 2751 927 2804 in
965 2750 1226 2821 judicium
1256 2747 1726 2819 perditionemque
1763 2762 1882 2801 ver-

292 2854 500 2899 tuntur.
535 2843 733 2900 Judzeis
777 2843 936 2913 plane
975 2857 1072 2897 vos
1098 2840 1302 2896 similes
1337 2840 1516 2904 video,
1547 2840 1637 2910 qui
1672 2839 1880 2894 medul-

289 2936 418 2989 litus
443 2934 638 2989 divinaz
667 2934 800 3005 legis
835 2933 1026 3004 ignari,
1058 2931 1259 2986 Christi
1289 2930 1536 2985 ﬁdelibus
1553 2923 1663 3000 'per
1689 2930 1874 2984 orbem

289 3026 497 3094 ubique
544 3023 671 3079 facti
697 3034 822 3078 sunt
860 3022 1154 3077 scriniarii.
1185 3021 1364 3089 Apum
1410 3033 1623 3088 quoque
1652 3018 1880 3072 formam

290 3115 679 3185 propemodum
705 3124 888 3170 tenere
915 3113 1195 3178 videmini,
1222 3127 1343 3182 quae
1365 3111 1491 3166 dum
1519 3110 1880 3166 obdulcandis

1974 1942 2075 1996 erit
2102 1939 2235 2010 jam,
2267 1949 2323 1994 ut
2354 1955 2476 1994 cum
2502 1934 2591 1992 illo
2623 1939 2758 1992 duce
2781 1945 2982 2000 vestro,
3014 1935 3379 1989 bzeresiarcha
3410 1933 3561 1986 vide-

1975 2032 2102 2086 licet
2149 2030 2392 2095 Simone,
2447 2028 2793 2099 participium
2845 2026 3151 2079 sortiamini
3205 2042 3219 2077 :
3270 2035 3324 2077 ct
3367 2023 3564 2092 quibus

1976 2141 2081 2180 non
2115 2123 2407 2179 sulIecerat
2433 2122 2715 2193 paradisus
2745 2121 2912 2190 gratis
2942 2135 2971 2172 a
3000 2119 3214 2172 Christo
3246 2115 3562 2186 promissus.

1975 2216 2274 2272 satisfaciat
2313 2213 2558 2268 infernus
2605 2227 2634 2265 a
2675 2211 2892 2266 diabolo
2929 2209 3154 2279 pecunia
3195 2214 3563 2276 comparatus.

1973 2307 2293 2376 Quanquam
2335 2313 2388 2358 et
2411 2305 2525 2374 ipso
2573 2303 2742 2357 vestri
2797 2301 3002 2355 erroris
3046 2308 3288 2364 auctore,
3317 2306 3371 2351 ct
3402 2296 3568 2365 pesti-

1977 2397 2136 2451 lentis
2163 2396 2435 2450 cathedra:
2483 2393 2713 2463 przeside
2756 2408 2852 2447 vos
2885 2407 2992 2446 non
3019 2390 3312 2458 incongrue
3341 2388 3565 2442 damna-

1977 2491 2197 2545 biliores
2245 2488 2543 2558 intelligam
2574 2504 2588 2541 :
2616 2495 2676 2540 ut
2720 2501 2844 2541 eum
2891 2483 3142 2538 videlicet
3173 2483 3332 2553 digne
3363 2494 3567 2550 praece-

1979 2582 2118 2636 datis
2149 2583 2200 2636 in
2249 2597 2432 2650 poena,
2478 2597 2639 2650 quem
2671 2579 2922 2648 nequiter
2954 2575 3267 2632 excessistis
3297 2574 3349 2628 in
3387 2573 3565 2642 culpa.

1977 2673 2069 2727 Ille
2100 2672 2367 2741 siquidem
2409 2671 2630 2725 caeleste
2657 2683 2851 2723 munus
2872 2670 3136 2722 duntaxat
3165 2679 3347 2719 emere
3375 2662 3570 2726 voluit,

1980 2765 2072 2818 sed
2109 2763 2219 2818 voti
2268 2777 2491 2832 compos
2540 2762 2606 2816 ad
2634 2761 2882 2816 effectum
2914 2758 3266 2813 fulminanda:
3313 2755 3570 2824 concupi-

1981 2855 2202 2909 scentia:
2226 2869 2332 2908 non
2358 2853 2634 2923 pervenit;
2668 2867 2766 2906 vos
2793 2859 2972 2905 autem
2998 2857 3053 2904 et
3080 2845 3323 2902 voluistis
3348 2844 3505 2916 140
3517 2853 3572 2898 et

1982 2945 2322 3011 confecistis;
2374 2945 2702 3008 accessistis,
2736 2952 2791 2998 et
2838 2941 3159 3011 irrepsistis.
3207 2939 3428 2992 Structa
3485 2946 3569 2990 est

1983 3037 2208 3100 fabrica,
2272 3035 2473 3106 prodiit
2529 3044 2584 3089 et
2619 3043 2855 3089 moneta.
2913 3032 3008 3087 llle
3061 3030 3296 3098 denique
3341 3029 3468 3080 dum
3510 3043 3570 3080 se

1984 3135 2153 3188 Deum
2201 3129 2442 3194 simulat,
2499 3127 2654 3182 canis
2714 3123 3054 3185 ostenditur;
3123 3122 3248 3176 dum
3306 3119 3568 3178 elevatur,

290 3206 543 3260 faucibus
601 3205 875 3259 hominum
930 3203 1206 3257 elaborata
1267 3201 1427 3256 mella
1483 3200 1877 3265 transmittunt,

1986 3222 2264 3286 obruitur;
2299 3220 2426 3273 dum
2450 3218 2717 3273 scandere
2737 3215 2935 3270 caalum
2958 3213 3188 3274 videtur,
3223 3211 3275 3264 in
3309 3218 3570 3263 tartarum

290 3295 424 3364 ipsa:
448 3309 568 3349 mox
598 3294 850 3365 peritura:
894 3294 1054 3348 famis
1080 3293 1259 3363 inopia
1288 3291 1698 3347 contabescunt.

363 3386 608 3455 Denique
648 3387 982 3456 perpendite,
1011 3385 1254 3440 infelices
1274 3393 1329 3438 et
1351 3383 1554 3448 miseri,
1585 3398 1748 3453 quam
1776 3381 1880 3435 im-

291 3479 616 3534 manissima
656 3478 971 3547 perditionis
996 3477 1255 3532 barathro
1301 3476 1421 3531 sitis
1454 3474 1718 3538 immersi,
1748 3489 1883 3543 quo-

295 3586 422 3625 rum
474 3586 580 3626 non
625 3571 795 3625 solum
827 3569 987 3634 mala,
1020 3567 1159 3623 mala
1209 3578 1369 3632 sunt;
1414 3567 1505 3622 sed
1547 3566 1661 3635 ipsa
1719 3566 1883 3620 etiam

293 3662 442 3717 bona
485 3677 514 3714 a
551 3663 699 3717 vobis
726 3661 868 3717 facta
899 3671 1026 3717 sunt
1055 3661 1193 3716 mala
1221 3680 1233 3714 :
1267 3661 1462 3728 quibus
1486 3660 1746 3714 nimirum
1789 3659 1885 3712 be-

293 3751 541 3805 nedictio
566 3751 618 3805 in
650 3751 1106 3816 maledictiouem,
1162 3749 1490 3805 charismata
1521 3749 1572 3802 in
1611 3746 1882 3810 haeresim,

294 3851 643 3898 sacramenta
689 3843 742 3897 in
787 3842 1153 3914 sacrilegium,
1184 3841 1360 3895 honor
1388 3840 1440 3894 in
1476 3837 1882 3902 contumeliam,

293 3935 584 4004 provectio
634 3949 786 3988 versa
809 3941 891 3990 est
931 3933 984 3987 in
1012 3934 1248 3988 ruinam.
1282 3931 1398 3986 Huc
1420 3929 1649 3994 accedit,
1675 3929 1801 3999 quia
1832 3936 1888 3984 et

297 4025 370 4080 de
429 4033 510 4079 tot
556 4025 834 4080 animabus
880 4025 1012 4078 estis
1064 4024 1351 4080 reddendae
1396 4021 1599 4077 rationi
1645 4020 1885 4085 obnoxii,

302 4118 452 4186 quod
502 4132 644 4171 nunc
693 4118 951 4172 videmini
980 4117 1230 4172 fidelibus
1259 4131 1380 4171 esse
1407 4114 1635 4184 praelati.
1673 4112 1888 4167 Atlluite

300 4223 452 4262 nunc
493 4207 719 4274 divitiis,
764 4209 1146 4279 constipamini
1183 4217 1542 4262 tumescentes
1585 4205 1890 4273 obsequen-

302 4299 444 4353 tium
472 4298 674 4364 cuneis,
698 4314 862 4368 prope
893 4307 996 4365 est,
1028 4307 1084 4353 ut
1107 4297 1335 4353 videatis
1354 4310 1544 4352 omnes
1575 4293 1889 4365 angelorum

258 4392 259 4395 “
305 4390 586 4445 exercitus
609 4390 890 4445 adversum
917 4403 1014 4444 vos
1058 4389 1410 4444 vehementer
1447 4387 1640 4450 iratos,
1671 4392 1891 4454 aposto-

305 4479 416 4545 los,
446 4489 732 4551 martyres,
778 4481 1126 4550 omniumque
1173 4487 1481 4536 sanctorum
1509 4477 1724 4549 agmina
1763 4491 1891 4530 can-

306 4583 399 4627 tra
453 4587 550 4627 vos
592 4574 907 4628 terribiliter
957 4573 1259 4644 insurgere,
1307 4580 1361 4627 et
1415 4572 1468 4626 in
1525 4567 1892 4625 damnationis
1921 4555 1970 4615 ῐ)

308 4671 508 4716 vestra:
557 4663 878 4718 sententiam
922 4664 1176 4718 concordi
1221 4661 1378 4716 simul
1425 4677 1490 4716 ac
1513 4657 1893 4730 parilijudicio

310 4755 625 4809 convenire.
678 4753 829 4808 Illum
876 4756 1072 4825 quippe
1122 4754 1334 4809 habetis
1388 4753 1676 4817 otI‘ensum,
1729 4760 1893 4822 atque

313 4845 441 4900 ideo
488 4853 876 4915 consequenter
908 4845 1188 4910 infestum,
1245 4843 1396 4912 cujus
1441 4841 1670 4898 offensio
1717 4856 1894 4911 neque

313 4936 407 4992 hic
450 4936 764 5003 remittitur,
806 4953 979 5007 neque
1031 4937 1084 4991 in
1132 4935 1334 4990 futuro.
1366 4934 1708 4990 lmmanitate
1733 4947 1896 5003 porro

315 5029 548 5094 cruenti,
579 5047 644 5086 ac
689 5029 1096 5086 sceleratissimi
1133 5028 1380 5084 criminis
1420 5027 1588 5084 vestri
1619 5025 1897 5081 adulteros

315 5121 554 5188 vincitis,
604 5122 908 5178 homicidas
953 5121 1235 5185 exceditis,
1260 5128 1529 5191 raptores,
1579 5110 1896 5188 sacrilegos,

318 5211 548 5236 ξιιμΑσ-ΙΑΑ.
606 5213 901 5236 ..μικ-ἷηέέια..
937 5224 1089 5236 ..βξ-,Α
1118 5213 1350 5236 ανδ-νιζιευκ
1389 5229 1520 5236 υ.Α.κιι
1548 5226 1764 5236 ..κλει-..κ
1797 5208 1860 5236 ηαδ

1984 3316 2202 3370 labitur.
2236 3311 2647 3380 Consequenter
2691 3316 2745 3362 et
2787 3322 2882 3361 vos
2911 3305 3036 3360 dum
3067 3303 3247 3374 petitis
3287 3300 3415 3364 alta,
3443 3314 3570 3354 cor-

1985 3406 2178 3471 ruitis;
2211 3404 2336 3458 dum
2365 3400 2603 3471 aequales
2641 3399 2809 3453 videri
2841 3396 3052 3451 caeteris
3086 3392 3393 3447 hominibus
3437 3405 3570 3445 cou-

1985 3499 2120 3554 tenti
2161 3512 2267 3551 non
2295 3495 2447 3558 estis,
2485 3491 2670 3546 divino
2701 3487 2858 3545 simul
2878 3495 2929 3541 et
2955 3488 3189 3542 humano
3215 3481 3450 3551 despecti
3479 3481 3569 3551 ju-

1985 3589 2149 3652 dicio,
2179 3587 2247 3640 ad
2279 3582 2684 3639 immundorum
2728 3594 2923 3633 canum
2973 3575 3382 3632 similitudinem
3416 3572 3571 3628 festi-

1988 3679 2152 3733 natis.
2185 3678 2382 3732 Verum
2431 3688 2530 3728 nos
2561 3686 2734 3742 nugas
2775 3671 3023 3732 terimus,
3054 3667 3098 3721 si
3139 3681 3260 3721 ossa
3303 3665 3454 3720 arida
3506 3664 3574 3716 ad

1986 3770 2154 3824 vitam
2187 3768 2444 3824 reducere
2469 3763 2836 3833 corripiendo,
2872 3761 3030 3831 quasi
3062 3759 3408 3814 vaticinando
3457 3764 3574 3810 ten-

1990 3870 2196 3926 temus;
2223 3858 2563 3916 solummodo
2594 3856 2860 3912 orandum
2890 3862 2994 3919 est,
3025 3863 3085 3907 ut
3113 3853 3318 3908 honore
3365 3851 3576 3920 deposi-

1990 3962 2068 4017 to,
2096 3967 2288 4006 carnes
2322 3963 2626 4017 nervosque
2678 3946 2988 4008 reindnant,
3017 3953 3071 3998 et
3097 3944 3176 3998 sic
3204 3957 3300 4011 per
3337 3939 3575 3993 alllatum

1991 4043 2162 4099 sancti
2200 4042 2434 4111 Spiritus
2466 4041 2643 4094 denuo
2680 4038 3026 4093 reviviscant.
3066 4035 3169 4090 Sed
3196 4036 3308 4104 jam
3356 4046 3579 4085 emenso

1992 4134 2198 4206 pelago,
2223 4132 2432 4186 clavum
2466 4130 2815 4196 stringentes,
2855 4125 2972 4181 vela
3013 4125 3379 4180 submittimus
3411 4122 3577 4190 ;quia

1992 4226 2128 4280 duce
2186 4223 2405 4278 Christo
2473 4222 2626 4275 littus
2693 4219 3036 4290 aspicientes,
3113 4217 3292 4288 portui
3358 4214 3553 4285 propin

1991 4329 2244 4388 quamus.

2507 4399 2736 4458 CAPUT
2773 4397 3064 4454 XXXVIII.

1999 4497 2096 4553 Ubi
2127 4499 2182 4552 in
2211 4495 2560 4554 Ravennatem
2603 4494 2902 4617 ponti/iacnt
2938 4491 3135 4562 peracti
3171 4489 3340 4562 operis
3375 4506 3581 4545 summa

2605 4582 2731 4617 conc
2757 4581 2788 4616 u
2832 4574 2957 4616 itur.

2605 4574 2957 4619 concluditur.

2072 4660 2349 4714 Postremo
2369 4659 2436 4712 ad
2467 4667 2538 4723 te,
2567 4655 2818 4710 Heinrice
2841 4652 3164 4710 venerabilis
3194 4659 3369 4722 pater,
3399 4649 3584 4712 redeo,

1999 4764 2099 4811 eta
2137 4768 2246 4823 quo
2269 4752 2430 4821 coepi,
2453 4751 2565 4821 jam
2596 4749 2651 4803 in
2674 4747 2842 4816 ipsius
2866 4744 3110 4816 opusculi
3141 4744 3286 4798 calce
3314 4755 3540 4795 recurro
3572 4758 3584 4792 :

2000 4859 2109 4898 non
2143 4843 2254 4907 hic,
2295 4854 2497 4910 quaeso,
2548 4837 2881 4892 elucubratas
2911 4833 3162 4892 dictionis
3199 4831 3477 4902 phalerata
3509 4830 3593 4882 di-

1945 4971 1957 4982 ο
2002 4935 2268 4992 scutiatur
2315 4931 2616 4996 urbanitas,
2643 4943 2750 4982 non
2799 4932 3070 4982 accurata:
3120 4922 3424 4978 dicacitatis
3450 4922 3596 4976 acri-

2003 5025 2183 5081 monia
2234 5021 2562 5091 requiratur,
2611 5017 2706 5072 sed
2759 5015 2910 5069 rudis
2939 5012 3280 5082 simplicitas,
3329 5019 3383 5065 et
3410 5025 3596 5065 sermo

2002 5114 2384 5188 pauperculus,
2435 5112 2526 5182 qui
2575 5110 2664 5164 vix
2707 5113 2873 5176 queat
2901 5103 3178 5174 explicare
3213 5102 3358 5175 quod
3406 5103 3596 5158 sentit.

2005 5205 2266 5236 Πηηηησηὲ
2323 5205 2466 5236 ("dum
2507 5201 2678 5236 copim:
2709 5197 2972 5236 ("trudam
3038 5213 3102 5236 an
3142 5195 3482 5236 nnoncenrina
3511 5208 3600 5236 τρε
