4080 5346
544 323 653 387 155

542 455 687 512 natis
715 457 895 513 verbis
929 458 1244 532 inserviant,
1275 470 1367 539 qui
1398 469 1723 531 favorabiles
1767 478 1986 548 plausus
2022 481 2123 537 ho-

542 545 749 600 minum
777 551 1035 618 aucupari
1066 552 1364 612 deleniﬁca:
1405 559 1694 619 locutionis
1725 545 1938 623 amoena
1990 587 2121 641 qua-

543 637 665 690 dam
696 648 981 695 venustate
1015 643 1297 703 desudant.
1351 650 1456 707 Nos
1482 665 1683 721 autem,
1708 661 1798 728 qui
1842 663 1997 716 nudis
2027 681 2125 734 pe-

539 727 695 781 dibus
742 728 827 784 ire
867 733 1231 806 praecipimur,
1258 729 1561 799 cotbumati
1602 750 1840 807 scribere
1880 769 1987 808 non
2031 756 2121 810 dev-

536 814 766 887 bemus;
820 823 1016 890 quibus
1090 843 1318 887 censura
1374 838 1765 897 taciturnitatis
1838 845 2112 914 indicitur,

537 904 863 966 luxuriantis
885 913 1207 983 eloquentia:
1229 920 1491 981 laciniosa
1517 930 1798 1000 prolixitas
1820 949 2117 1008 congruere

537 1012 646 1052 non
674 999 908 1056 videtur.
937 1003 1301 1080 Quapropter,
1353 999 1695 1084 citarissime,
1730 1024 1846 1080 brec
1876 1029 2076 1084 rustica
2095 1069 2111 1097 ,

533 1096 589 1142 et
617 1090 735 1144 rudi
756 1092 897 1163 stylo
919 1101 1220 1168 composita
1243 1105 1349 1161 tuis
1370 1111 1622 1167 manibus
1640 1113 1830 1181 oﬁ'ero,
1854 1090 2113 1190 tanquam

530 1178 785 1237 videlicet
818 1184 943 1240 vilia
971 1202 1166 1259 poma;
1224 1196 1351 1264 quia
1386 1207 1561 1257 tamen
1604 1219 1697 1258 rus
1727 1206 1950 1264 meliora
2001 1226 2111 1267 non

514 1268 735 1332 tattulit,
787 1287 855 1327 ne
902 1275 1189 1346 despicias,
1221 1298 1426 1353 quaeso.
1454 1288 1620 1347 Plane
1665 1294 1815 1362 quia,
1848 1306 1906 1351 ut
1935 1297 2004 1352 ita
2029 1299 2108 1354 lo-

530 1373 689 1427 quar,
714 1364 854 1421 unde
876 1381 1046 1438 genus
1069 1371 1194 1429 duxi
1224 1374 1298 1449 (6)
1319 1419 1335 1444 ,
1364 1395 1636 1438 summum
1666 1391 1988 1446 conscendis
2011 1392 2110 1447 lio-

528 1462 741 1518 norem,
764 1461 815 1509 te
835 1458 1174 1526 potissimum
1192 1465 1350 1538 elegi,
1374 1470 1461 1525 cui
1481 1473 1584 1529 boc
1599 1480 1979 1535 munusculum
1999 1491 2109 1539 tra-

529 1538 743 1608 derem,
766 1554 825 1600 et
868 1556 927 1602 ut
948 1564 1134 1607 revera
1164 1558 1383 1627 proprio
1411 1564 1615 1631 pastori
1649 1568 1904 1635 perexilis
1927 1571 2110 1627 ovicu-

525 1628 579 1685 la
610 1632 845 1692 fructum
878 1656 983 1696 non
1026 1647 1252 1714 ventris,
1280 1652 1375 1707 sed
1400 1656 1598 1711 mentis
1620 1656 1892 1715 aﬂ‘errem.

595 1720 733 1778 Novi
760 1722 1014 1799 denique,
1037 1736 1164 1805 quia
1196 1738 1437 1797 Ecclesia
1464 1756 1646 1801 vestra
1690 1749 1758 1803 ad
1784 1749 1957 1806 instar
1980 1768 2109 1823 apo-

523 1812 699 1868 slolici
740 1830 960 1875 senatus
1003 1840 1109 1880 non
1139 1836 1247 1884 tam
1292 1848 1605 1902 numeroso,
1636 1854 1798 1909 quam
1841 1858 2103 1901 veneran-

521 1902 590 1957 do
612 1920 675 1958 ac
703 1910 929 1979 mystico
952 1926 1261 1973 sanctorum
1292 1902 1669 1996 episcoporum
1696 1914 1861 1999 pollet
1908 1946 2104 1994 ornata

519 1996 784 2067 collegio;
827 2019 1057 2073 quorum
1107 2011 1363 2069 videlicet
1406 2019 1589 2074 studio
1630 1996 1930 2080 ita—rectam
1972 2042 2105 2097 apo—

518 2089 727 2144 stolicae
751 2096 1059 2152 traditionis
1084 2099 1280 2156 lineam
1306 2116 1509 2170 servat.
1537 2111 1617 2165 sic
1646 2112 1699 2166 in
1729 2115 1965 2182 puritate
1991 2119 2103 2174 sin-

521 2181 819 2239 cerissima:
868 2185 995 2242 ﬁdei
1059 2193 1407 2252 imtnubiliter
1454 2214 1796 2270 perseverat,
1839 2216 1897 2260 ut
1955 2211 2102 2292 omni

521 2271 764 2292 ,φώκη
989 2280 1000 2291 .

520 2271 777 2329 literetica
850 2280 1117 2347 pravitate
1184 2298 1451 2352 remota,.
1478 2307 1671 2348 novam
1735 2295 1916 2364 illam,
1980 2271 2100 2369 qua

516 2362 617 2416 sub
655 2368 913 2433 apostolis
957 2370 1169 2438 fuerat,
1217 2378 1478 2449 hodieque
1518 2398 1869 2454 repraesentet
1903 2362 2100 2447 Eccle-

519 2452 679 2517 siam,
710 2456 823 2510 sive
879 2460 1041 2514 etiam
1087 2465 1265 2521 sedem
1319 2468 1441 2525 ﬁdei
1475 2472 1643 2543 ipsam
1691 2477 1937 2534 videatur
1972 2498 2102 2552 ger-

516 2545 725 2599 minare
751 2544 1004 2604 Niczeam.
1044 2552 1119 2606 Ex
1150 2555 1235 2610 bis
1278 2556 1646 2633 itaque,quos
1687 2569 1864 2625 visum
1914 2571 2099 2641 fuerit,

510 2634 778 2691 sanctitas
832 2650 1015 2695 vestra
1069 2648 1391 2718 eonsciscat,
1439 2662 1493 2707 et
1521 2658 1752 2712 cnm'eis
1799 2642 1957 2716 simul
1996 2663 2100 2721 boc

510 2732 648 2791 Opus
712 2736 983 2801 utcunque
1039 2737 1318 2795 catholica:
1384 2741 1509 2799 ﬁdei
1580 2763 1830 2821 sameque
1893 2753 2099 2810 doctri-

512 2830 595 2869 nae
621 2832 915 2890 congruat,
968 2826 1198 2885 solerter
1242 2833 1479 2906 indaget,
1531 2840 1826 2909 prudenter
1886 2846 2098 2901 exami-

513 2917 625 2961 net.
674 2911 826 2978 Quod
867 2915 913 2971 si
980 2918 1119 2977 liber
1156 2923 1245 2980 bic
1306 2928 1593 2987 venialiter
1649 2936 2097 3002 reprehensibilis

516 2998 671 3072 15.1
727 3004 1037 3077 invenitur,
1096 3025 1277 3072 vestra
1328 3034 1452 3075 eum
1497 2998 1784 3093 prudentia
1831 3029 2096 3101 corrigat,

510 3102 567 3147 ct
599 3094 679 3147 sic
715 3097 879 3154 etiam
910 3102 1227 3164 beatissimo
1248 3124 1421 3180 papae,
1445 3114 1490 3167 si
1522 3132 1618 3184 per
1645 3133 1740 3174 vos
1785 3123 2090 3193 transierit,

509 3192 568 3236 ut
597 3182 738 3240 fama
761 3190 1041 3262 dispersit,
1066 3200 1355 3268 ostendat;
1389 3212 1449 3257 ut
1473 3182 1617 3275 quod
1639 3223 1703 3263 ex
1735 3211 1942 3281 opiﬁcis
1973 3182 2091 3270 ine:-
2120 3197 2167 3262 (ἶ

507 3283 602 3345 pta
633 3286 1024 3348 compositione
1055 3289 1374 3362 despicitur,
1408 3301 1537 3353 tanti
1585 3300 1788 3358 laboris
1831 3306 2094 3378 obsequio

508 3373 939 3430 commendetur.
972 3378 1044 3432 At
1064 3381 1131 3445 si,
1160 3386 1305 3452 quod
1337 3402 1443 3442 non
1475 3392 1772 3458 credimus,
1803 3395 1881 3450 sic
1904 3397 2084 3455 litura:

510 3471 899 3533 usquequaque
927 3467 1175 3527 videatur
1196 3475 1483 3545 obnoxius,
1510 3492 1569 3535 ut
1591 3484 1790 3555 corrigi
1833 3498 2091 3557 nequeat,

509 3559 801 3622 antequam
843 3557 896 3613 in
931 3562 1201 3630 publicam
1253 3571 1501 3626 notitiam
1548 3575 1895 3645 proferatur,
1951 3582 2091 3639 edax

509 3656 632 3697 cum
662 3644 878 3729 ﬂamma
903 3667 1207 3714 consumat.
1241 3659 1312 3716 Ut
1339 3662 1472 3719 illud
1513 3666 1601 3723 hic
1634 3684 1742 3723 non
1791 3670 2090 3743 incongrue

506 3739 679 3802 possit
708 3745 903 3809 aptari,
936 3746 1148 3806 habetis
1175 3753 1380 3822 Aaron,
1428 3766 1484 3812 et
1526 3758 1638 3813 Httr
1670 3762 1946 3818 vobiscum
1975 3803 1990 3828 ,
2041 3764 2089 3819 si

506 3828 634 3893 quid
664 3840 848 3888 natum
881 3834 1040 3895 fuerit
1067 3844 1402 3914 quaestionis,
1432 3848 1678 3907 referetis
1705 3853 1774 3907 ad
1817 3869 1932 3909 eos.
1971 3853 2089 3910 Non

506 3918 649 3972 cnim
691 3923 822 3978 mihi
873 3930 1097 3996 pudoris
1158 3945 1242 3991 est
1291 3938 1611 3996 oblitterare
1664 3944 1809 4012 quod
1856 3944 2081 4007 scribo,

504 4007 632 4062 dum
685 4029 788 4068 non
836 4021 1154 4080 erubescam
1192 4025 1360 4085 libere
1412 4031 1657 4087 conﬁteri
1696 4033 1839 4102 quod
1882 4034 2085 4100 credo;

508 4109 565 4153 ut
599 4105 689 4174 qui
718 4117 871 4165 notat
898 4112 1190 4184 elinguem,
1221 4122 1395 4189 possit
1423 4137 1779 4192 compensare
1805 4125 2043 4180 lidelem.

836 4201 919 4256 SI:
947 4222 1134 4262 nomen
1178 4211 1391 4267 Domini
1422 4214 1766 4269 benedictum.

1031 4321 1261 4380 CAPUT
1303 4324 1548 4383 XXXIX.

787 4402 1064 4478 Superiori
1095 4413 1362 4484 Opusculo
1381 4420 1797 4487 superadditum.

576 4488 839 4552 Libellum
873 4500 1017 4557 hunc
1040 4520 1141 4571 ego
1184 4509 1332 4562 rudis
1376 4518 1432 4564 et
1478 4511 1764 4580 imperitus
1802 4517 1904 4570 sub
1942 4530 2078 4585 qua-

506 4578 629 4633 dam
657 4589 987 4656 scrupulosa:
1013 4596 1385 4666 ambiguitatis
1409 4603 1765 4670 suspensione
1793 4606 2078 4676 descripsi,

507 4678 669 4741 atque
689 4685 746 4731 ut
766 4677 818 4732 in
841 4681 988 4739 calce
1008 4689 1359 4757 conspicitur,
1386 4692 1725 4749 auctoritatis
1750 4696 2079 4765 apostolicae.

505 4759 771 4833 Tempore
792 4781 974 4828 autem
1001 4775 1203 4833 Nicolai
1236 4779 1314 4851 (7)
1344 4783 1670 4838 venerabilis
1695 4759 1866 4857 papae,
1894 4802 2083 4844 rursus

508 4850 625 4908 haec
650 4862 876 4924 quaestio
905 4873 1048 4919 mota
1077 4876 1181 4933 est,
1213 4883 1279 4925 ac
1298 4870 1506 4928 diutius
1546 4850 1807 4931 ventilata
1837 4893 1852 4944 ;
1893 4892 2082 4933 verum

502 4951 628 5010 post
655 4946 913 5013 plurimos
938 4958 1298 5012 certaminum
1328 4960 1546 5027 ﬂuctus,
1599 4974 1720 5034 post
1769 4968 2077 5024 nutantium

504 5033 739 5107 denique
771 5045 1129 5111 qttzestionum
1166 5051 1420 5118 perplexa
1454 5071 1517 5111 ac
1544 5056 1767 5114 sinuosa
1790 5059 2078 5118 volumina.

1007 337 1064 394 S.
1096 339 1298 397 PETRI
1337 344 1618 403 DAMIANI
1653 351 1804 409 OPP.
1841 354 2076 414 TOMUS
2114 359 2245 418 SEU
2280 362 2457 422 PARS
2496 367 2584 424 Ill.
2610 369 3065 433 -—-OPUSCULA
3103 378 3335 441 VARIA.

3702 395 3806 454 £56

2151 492 2200 554 Α
2230 489 2512 544 sententim
2540 499 2683 548 totus
2704 493 2864 551 simul
2888 498 3292 560 ecclesiasticus
3320 509 3456 565 ordo
3476 524 3800 588 corrueret;

2227 593 2328 633 nec
2356 593 2454 649 pro
2478 583 2800 643 remissione
2847 589 3151 649 clementiae
3190 595 3501 658 Simoniaca
3528 608 3697 676 pestis
3745 583 3800 669 in

2226 670 2571 730 conferendis
2599 675 2862 734 bonorum
2895 684 3153 751 gradibus
3197 689 3305 744 vim
3341 670 3551 752 roboris
3590 701 3805 758 obtine.

2220 770 2327 829 ret,
2357 764 2751 836 dispensatorio
2781 774 3014 841 quodam
3034 776 3160 847 jure
3185 796 3201 845 ;
3251 790 3421 853 utque
3443 794 3530 841 est
3562 789 3616 843 in
3661 805 3799 860 prte-

2224 857 2398 934 leritis
2431 868 2629 927 ratum,
2651 862 2719 917 de
2745 863 2943 922 futuris
2962 867 3035 923 sit
3058 871 3281 927 omnino
3307 857 3798 944 prohibitum—Nos

2220 945 2403 1017 itaque
2446 965 2552 1005 non
2588 953 2836 1023 proprias
2857 957 3204 1029 allegationes
3237 965 3597 1034 pervicaciter
3617 980 3799 1027 astru-

2218 1050 2396 1105 entes,
2430 1043 2526 1097 sed
2564 1046 2912 1116 synodalibus
2936 1050 3173 1108 decretis
3193 1053 3482 1113 humiliter
3509 1061 3796 1134 obtempe-

2216 1139 2425 1194 rantes,
2448 1134 2757 1200 apostolica:
2778 1136 2926 1193 sedis
2949 1141 3211 1208 edictum,
3244 1145 3326 1199 vel
3349 1148 3491 1216 quod
3516 1150 3632 1220 jam
3664 1168 3799 1222 pro-

2215 1221 2511 1291 mulgatum
2539 1233 2641 1289 est,
2666 1229 2946 1297 sequimur
2972 1248 2987 1296 ;
3027 1233 3112 1289 vel
3136 1234 3180 1287 si
3218 1236 3348 1305 quid
3385 1239 3562 1296 adhuc
3589 1221 3787 1298 elima-

2215 1311 2324 1366 tius
2351 1322 2514 1382 atque
2543 1315 2814 1373 Salubrins
2861 1321 2915 1375 in
2957 1332 3230 1390 posterum
3276 1331 3622 1386 statuendum
3673 1328 3801 1397 est,

2212 1404 2576 1462 obedientiam
2607 1410 2947 1478 proﬁtemur.
2981 1414 3049 1470 Ut
3077 1416 3218 1472 sicut
3242 1433 3273 1472 a
3303 1419 3480 1477 beatis
3526 1427 3790 1493 apostolis

2210 1496 2501 1567 Evangelio
2549 1513 2906 1572 coruscante,
2964 1510 3240 1565 nascentis
3293 1510 3418 1585 ﬁdei
3472 1515 3793 1573 rudimenta

2211 1591 2614 1661 percepimus;
2686 1594 2760 1649 ita
2819 1595 3076 1668 deinceps
3138 1600 3208 1655 ab
3279 1605 3593 1672 apostolicis
3653 1609 3805 1664 viris-

2211 1679 2462 1734 traditam
2510 1696 2727 1737 omnem
2784 1683 3048 1753 vivendi,
3100 1688 3204 1758 vel,
3236 1691 3503 1748 sentiendi
3546 1696 3800 1764 regulam

2209 1780 2510 1828 teneamus.

2131 1846 2179 1907 Β
2274 1862 2446 1919 Porro
2471 1873 2652 1920 autem
2677 1866 3074 1928 Ravennasille
3097 1873 3407 1946 episcopus,
3456 1878 3543 1933 cui
3573 1877 3789 1935 libellus

2205 1954 2297 2011 hic
2336 1956 2600 2025 principio
2650 1959 2850 2015 missus
2905 1971 2989 2016 est
3014 2003 3029 2027 ,
3061 1964 3191 2033 quia
3245 1981 3419 2037 nuper
3445 1980 3727 2037 promotus
3762 2013 3778 2035 ,

2205 2049 2369 2112 atque
2394 2044 2513 2099 ideo
2545 2046 2818 2106 mibicrat
2847 2049 3188 2122 incognitus,
3232 2055 3639 2127 Scripturarum
3688 2062 3789 2116 ba-

2203 2137 2335 2192 bere
2359 2139 2638 2194 scientiam
2666 2144 2955 2211 putabatur
2980 2163 2994 2213 ;
3024 2148 3119 2202 sed
3148 2151 3402 2217 quoniam
3434 2153 3502 2207 ab
3536 2166 3604 2209 eo
3624 2168 3791 2224 super

2204 2228 2306 2285 bac
2329 2230 2629 2299 qnzestione
2655 2248 2722 2287 ne
2770 2242 2989 2291 tenuem
3020 2240 3242 2308 quidem
3293 2242 3586 2298 scintillam
3631 2245 3785 2300 solu-

2202 2318 2368 2374 tionis
2380 2321 2707 2392 exsculpere
2730 2326 2896 2392 potui,
2926 2329 3252 2384 auctoritate
3274 2331 3418 2386 sedis
3463 2334 3783 2402 apostolicae

2203 2423 2293 2464 me
2335 2420 2651 2467 contentum
2691 2429 2816 2471 esse
2855 2416 3107 2474 decrevi:
3140 2430 3202 2475 ut
3245 2423 3375 2491 quid
3408 2424 3474 2479 rei
3509 2427 3788 2496 synodali:

2202 2498 2364 2555 fuerit
2389 2492 2621 2559 censura
2648 2506 2953 2575 przeﬁxum,
2993 2511 3097 2565 boc
3135 2512 3269 2567 mihi
3301 2514 3490 2584 procul
3519 2517 3685 2571 dubio
3709 2519 3784 2573 sit

2201 2592 2592 2660 autiienticum,
2619 2597 2721 2652 hoc
2745 2608 2896 2654 certe
2914 2603 3191 2659 canonica:
3211 2605 3460 2662 videatur
3486 2609 3789 2665 auctorita~

2203 2682 2276 2738 tis
2297 2685 2500 2757 vigore,
2517 2688 2832 2745 subnixum.

2730 2892 2887 2966 ιω
2927 2895 3240 2955 scaeua.

2278 3018 2299 3053 ι
2342 3001 2610 3086 Caeterum
2633 3014 2689 3086 et
2737 3006 2853 3086 ipse
2895 3012 3139 3086 pontifex
3185 3013 3598 3086 delinquentes,
3650 3032 3783 3072 cum

2201 3085 2363 3151 causa
2388 3074 2709 3151 dictaverit,
2756 3074 2955 3135 forensi
2986 3081 3103 3151 lege
3127 3074 3371 3141 coerceat
3399 3102 3413 3151 ;
3447 3095 3501 3139 et
3531 3074 3625 3141 rex
3650 3103 3782 3142 cum

2201 3143 2317 3198 suis
2345 3144 2617 3212 episcopis
2641 3143 3134 3225 super-animarum
3166 3163 3308 3209 statu
3350 3143 3559 3225 prolata
3590 3172 3774 3211 sacro-

2197 3227 2317 3268 rum
2334 3229 2602 3269 canonum
2620 3218 2937 3275 auctoritate
2950 3222 3206 3278 decernat
3227 3218 3374 3283 (Ant.
3392 3226 3557 3281 FLon.
3573 3225 3773 3283 Chron.

2195 3297 2250 3351 p.
2281 3299 2362 3345 tn,
2388 3283 2474 3338 tit.
2498 3284 2588 3345 20.
2613 3287 2805 3353 cap.7,
2828 3304 3044 3409 paragr.
3071 3291 3146 3363 1.)
3180 3313 3199 3344 ›
3226 3283 3337 3350 IIoc
3368 3297 3420 3351 in
3445 3296 3561 3353 loco
3585 3297 3636 3350 in
3660 3313 3776 3379 ma-

2195 3355 2489 3409 IIUSCI'IDlIS
2522 3354 2800 3409 COLIICIbllS
2853 3358 3175 3409 ibrariorum
3219 3366 3402 3409 nrnmtl
3434 3367 3597 3409 tIIIhin
3622 3383 3775 3409 nent-

2194 3355 2489 3433 nuscriptis
2522 3354 2800 3433 codicibus
2828 3354 3175 3433 librariorum
3219 3366 3404 3433 procul
3434 3367 3597 3420 dubio
3622 3368 3775 3422 osci-

2193 3423 2658 3496 tantia_nientlttm
2702 3425 2985 3496 irrepsisse
3021 3423 3242 3486 omnino
3287 3435 3617 3489 credendum
3665 3446 3769 3492 est.

2193 3490 2636 3565 Quandoquidem
2659 3508 2780 3547 cum
2811 3490 2981 3552 sancti
3012 3498 3249 3557 doctoris
3297 3505 3564 3557 sententia
3601 3490 3764 3565 esset.

2192 3577 2315 3619 cum
2361 3563 2556 3642 summi
2605 3564 2912 3642 pontificis,
2946 3576 3055 3642 tum
3100 3572 3245 3640 regis
3291 3572 3379 3627 vel
3424 3563 3777 3642 imperatoris

2190 3647 2391 3707 munus
2424 3631 2567 3685 circa
2596 3633 2912 3702 populorum
2938 3631 3515 3707 regimen-ostendere;
3548 3660 3655 3700 non
3684 3656 3771 3699 est

2189 3701 2509 3785 putandum,
2540 3714 2603 3753 ea
2653 3701 2773 3785 quae
2828 3714 2954 3760 sunt
2989 3701 3262 3785 pontiﬁcis
3308 3701 3767 3785 attribucrcrcgi

2190 3768 2469 3849 voluisse;
2494 3784 2613 3849 cum
2639 3768 2814 3849 amba:
2864 3768 3161 3845 potestates
3206 3782 3328 3849 jure
3364 3784 3549 3837 divino
3589 3784 3658 3837 ab
3685 3768 3768 3839 iiI-

2188 3838 2363 3917 vicem
2392 3838 2817 3917 sinntndistinctae,
2851 3838 2927 3917 _'ttt
2968 3855 3118 3915 patet
3154 3838 3225 3905 ei
3252 3867 3297 3906 c.
3346 3853 3463 3909 Duo
3492 3861 3654 3917 sunt,
3707 3863 3769 3909 et

2188 3905 2565 4003 distinct..93:.
2599 3905 2816 4003 οῗρῖνδί
2844 3905 3144 4003 imperum»;
3180 3929 3236 3974 et
3271 3905 3400 4003 cap:
3438 3905 3768 4003 Βοιίιαέξᾎιίέ

2188 3976 2485 4052 majoritat.
2513 3985 2568 4029 et
2595 3976 2842 4037 obedien.
2869 3976 3233 4052 Quamobrem
3267 3976 3356 4045 ubi
3387 3976 3764 4048 initextu'Da;

2186 4046 2603 4130 misilidicitur,
2625 4059 2680 4102 et
2705 4067 2801 4107 rex
2820 4046 2944 4130 cuin
2967 4058 3081 4130 suis
3101 4060 3391 4130 episcopis,
3415 4073 3543 4126 etc.,
3571 4046 3764 4118 neces-

2188 4117 2335 4171 sario
2352 4116 2638 4205 legendum
2661 4132 2743 4177 est
2764 4140 2779 4187 ;
2810 4123 2887 4195 (et
2905 4116 3146 4205 pontifei
3166 4116 3298 4205 cum.
3307 4116 3423 4205 suis
3446 4116 3764 4205 episcopis,)

2185 4193 2245 4240 ut
2279 4187 2450 4263 cuivis
2487 4198 2737 4247 constare
2765 4187 2941 4263 potest
2985 4200 3358 4255 antecedentia
3395 4187 3519 4256 cum
3571 4187 3760 4257 subse:

2184 4258 2471 4329 quentibus
2502 4258 3095 4329 accttrale‘conferenti.
3123 4267 3228 4322 Sed
3274 4280 3329 4324 et
3354 4280 3558 4325 textum
3601 4274 3760 4329 modo

2185 4324 2404 4411 allatum
2442 4335 2524 4397 (ut
2544 4327 3004 4411 aliquidamplius
3030 4337 3117 4392 bic
3149 4324 3413 4411 dicamus)
3441 4324 3756 4409 corruptum

2184 4393 2350 4480 fuisse
2379 4393 2535 4455 exeo
2574 4393 2913 4467 potissimum
2961 4416 3223 4480 apparet,
3273 4393 3418 4480 quod
3450 4393 3761 4480 ωεξὴῖἰρέέ

2183 4464 2476 4555 Damianus
2493 4464 2775 4555 postquam
2796 4488 2860 4552 ea
2884 4464 3195 4555 prot:t_t'_lisset
3210 4464 3493 4547 verba,rde
3514 4464 3763 4536 Romano

2106 4554 2156 4613 ι)
2182 4535 2436 4621 pontiﬁce
2461 4535 2650 4619 statim
2692 4535 2923 4609 subjecit
2947 4562 2967 4621 :_
2993 4545 3084 4602 llle
3136 4535 3396 4618 tauquam'
3422 4535 3619 4621 parens
3662 4535 3759 4619 pa-

2183 4614 2337 4683 terno
2360 4620 2575 4683 semper
2592 4609 2714 4683 jure
2753 4615 3101 4680 prwetnineat
3137 4635 3150 4683 ;
3191 4609 3294 4674 iste
3344 4609 3495 4674 velut
3563 4609 3756 4677 unicus

2180 4674 2556 4756 acsingularis
2592 4674 2818 4737 filius—in
2858 4688 3062 4744 amoris
3105 4674 3245 4745 illius
3286 4691 3625 4762 amplexibus
3669 4707 3759 4746 re-

2178 4757 2443 4814 quiescat.

2257 4833 2276 4866 (
2312 4815 2423 4897 b‘isi
2455 4821 2598 4902 enim
2628 4832 2777 4902 certa
2827 4823 2961 4880 ﬁdes
2984 4828 3230 4902 baberet
3255 4869 3270 4895 ,
3310 4845 3432 4885 cum
3484 4831 3756 4902 baptismo

2180 4883 2467 4969 geminum
2513 4893 2683 4969 simul
2702 4904 2756 4947 et
2809 4883 3611 4969 sacerdotiumsuscepisse,ri
3649 4911 3755 4956 etc.

2186 4956 2452 5036 Quoniam
2472 4963 2837 5036 certissimum
2867 4975 2949 5036 est
2986 4969 3345 5022 sacerdotium
3376 4956 3616 5026 'Clzt-isto
3640 5012 3654 5036 ,
3698 4982 3757 5026 ut

2191 5027 2395 5108 liomiui
2424 5034 2733 5114 convenire,
2764 5047 2820 5118 et
2848 5035 2918 5087 illi
2949 5037 3128 5117 omnia
3150 5038 3309 5118 dona,
3327 5050 3384 5095 et
3411 5027 3757 5118 ⁸θζιίιιιειιιίιιει
