4106 6310
529 348 634 405 159

993 346 1050 401 S.
1077 345 1280 401 PETRI
1302 342 1603 401 .DAMIAN!
1639 343 1790 399 OPP.
1820 342 2057 402 TOMUS
2096 345 2226 402 SEU
2264 345 2444 403 PARS
2482 345 2564 401 Ill.
2595 347 3047 407 ~0PUSCULA
3082 351 3310 408 VARIA.

3692 357 3794 412 160

529 476 759 536 gutn,_c.
806 460 862 514 4.
892 459 957 513 Ει
980 458 1209 513 fortasse
1252 458 1355 536 boc
1406 459 1580 536 ipsum
1632 455 1822 536 Patres
1866 473 2106 536 sensere,
2134 466 2182 522 Α
2212 460 2280 536 ad
2304 460 2598 515 Ecclesiam
2620 461 2943 536 catholicam
2964 462 3253 536 redeuntes
3275 466 3582 536 baptizandi
3611 482 3791 526 erant.

529 526 786 604 quoniam
821 544 920 604 e_x_
930 544 1122 604 eorum
1176 528 1357 604 verbis
1390 527 1525 580 nihil
1555 526 1787 604 amplius
1816 528 2107 604 colligitur,

529 595 690 674 quam
720 601 862 674 quod
901 598 1018 652 Heli
1047 598 1116 652 ob
1152 614 1257 674 non
1301 599 1576 667 increpata
1608 595 1841 651 liliorutu
1881 595 2109 668 ﬂagitia,

529 669 595 729 ἑο
628 671 818 725 mortis
845 684 1041 736 genere
1074 669 1258 736 periit.

603 762 626 791 ε
650 739 1142 793 Animadvertimus
1180 753 1210 791 a
1251 736 1634 800 Pauliauistis,
1681 736 1911 806 aliisque
1940 738 2112 792 haere-

527 813 653 866 ticis
702 808 964 877 Spiritum
1010 815 1255 862 sanctum
1285 824 1393 862 non
1437 807 1757 862 habentibus
1792 809 2110 877 baptizatos

526 875 790 949 baptizari
837 878 1175 949 regulariter.
1205 897 1225 930 ι
1265 878 1418 944 Quod
1466 879 1685 949 asserit_
1710 875 1869 948 146
1884 875 1897 949 ί
1913 878 2015 932 hoc
2053 880 2106 934 in

526 946 647 1006 loco
695 946 922 1005 sanctus
978 949 1188 1011 doetor,
1240 949 1546 1018 baptizatos
1592 946 2005 1018 aPaulia’uistis
2058 960 2114 1004 et

526 1019 956 1090 Catapbrygibus
986 1019 1237 1090 (quorum
1290 1016 1492 1090 incutio
1529 1018 1590 1073 tit
1633 1017 1685 1071 in
1729 1016 1867 1090 c.
1908 1020 2038 1090 quis
2067 1035 2108 1084 t,

568 1127 585 1145 .
634 1087 686 1159 l)
720 1087 777 1144 si
796 1087 862 1141 ad
897 1087 1191 1142 Ecclesiam
1220 1088 1526 1151 rediissent,
1558 1102 1625 1142 ex
1654 1088 1867 1159 concilii
1907 1087 2111 1144 Nicaaui

527 1154 747 1214 decreto
800 1173 983 1212 verum
1032 1167 1114 1211 est
1141 1197 1154 1217 .
1194 1158 1448 1225 quoniam
1482 1171 1657 1224 neque
1686 1154 1963 1211 Christum
1991 1173 2112 1212 cre-

526 1231 726 1284 debant
746 1244 866 1283 esse
892 1227 1187 1290 hominem,
1213 1244 1385 1296 neque
1409 1227 1671 1296 Spiritum
1693 1237 1941 1296 sanctum
1972 1243 2104 1282 con-

526 1299 845 1362 ﬁtebantur;
901 1314 965 1351 ac
1011 1299 1239 1364 proinde
1288 1295 1410 1351 cum
1454 1295 1647 1351 eorum
1697 1295 1995 1364 baptismus
2045 1298 2098 1351 in

526 1369 745 1424 nomine
774 1376 976 1425 sanctae
1030 1366 1312 1424 Trinitatis
1361 1382 1471 1423 non
1507 1364 1873 1433 conferretur,
1904 1368 2099 1422 merito

2213 530 2329 606 μοι)
2362 538 2539 606 tamen
2570 532 2897 606 generaliter
2920 534 3247 593 censendum
3276 530 3361 590 est
3388 537 3697 606 baptizatos
3722 542 3795 597 ab

2212 600 2488 656 haereticis
2534 602 2947 670 rebaptizandos
2973 616 3112 668 esse,
3144 613 3202 658 ut
3242 600 3649 662 Donatistarum
3682 612 3793 666 ha:-

2213 672 2370 733 resis,
2414 682 2601 741 contra
2631 687 2792 741 quam
2825 680 3043 727 sanctus
3074 676 3406 741 Augustines
3452 685 3671 733 strenue
3698 680 3794 734 de-

2212 741 2463 813 ciertavit,
2490 740 2649 813 impie
2671 740 2987 813 aliirmabat.
3012 740 3183 798 Porro
3204 760 3368 813 quam
3395 761 3520 801 vera
3545 749 3789 803 doctrina

2217 810 2289 863 sit
2310 811 2378 864 ab
2406 811 2672 884 haereticis
2695 812 2858 884 etiam
2888 812 3193 884 baptizatos
3223 810 3274 869 in
3305 815 3479 870 forma
3514 817 3792 884 Ecclesiae,

2216 894 2323 933 non
2380 894 2499 934 esse
2555 881 3007 947 rebaptizandos,
3073 883 3351 939 evidenter
3414 881 3794 943 demonstrant

2217 949 2523 1022 scholastici
2555 950 2607 1003 in
2634 951 2667 1003 ι
2706 958 2845 1005 sent.
2873 951 2999 1006 dist.
3028 952 3061 1006 4
3089 994 3104 1017 ,
3135 964 3329 1022 quat-st.
3375 957 3546 1021 unic.,
3577 966 3633 1011 et
3661 974 3790 1012 san-

2215 1028 2336 1096 ctus
2365 1019 2559 1096 Thom.
2589 1031 2731 1096 part.
2753 1036 2848 1096 _m,
2881 1031 3075 1096 quaest.
3098 1019 3198 1096 A66,
3226 1035 3332 1079 art.
3354 1025 3407 1090 9,
3438 1019 3599 1096 atque
3625 1029 3793 1083 etiant
3826 1077 3838 1086 .

2217 1088 2272 1164 in
2310 1104 2430 1164 cap.
2483 1089 2550 1144 de
2579 1088 2797 1144 Arianis
2821 1130 2837 1154 ,
2875 1088 2996 1164 c'ap.
3040 1093 3117 1146 Ab
3145 1097 3358 1164 antiqua
3379 1088 3401 1161 ,7
3430 1088 3789 1151 De'consecr.

2217 1158 2343 1213 dist.
2377 1160 2429 1222 4,
2461 1174 2623 1227 quam
2667 1158 2989 1215 sententiain
3018 1158 3345 1219 cardinalem
3382 1158 3636 1221 nostrqu
3676 1183 3794 1220 am-

2215 1228 2493 1354 pleiflatum
2536 1244 2750 1297 quoque
2779 1230 2966 1292 fuisse.
2991 1248 3055 1288 ex
3082 1233 3200 1303 ejus
3226 1236 3402 1290 verbis
3426 1235 3795 1291 certissimum

2215 1314 2276 1354 1'8
2356 1310 2484 1353 lllil‘.

2214 1310 2484 1354 redditur.

2560 1366 2641 1424 Sit
2671 1384 2856 1423 nomen
2886 1370 3098 1426 Domini
3126 1374 3471 1430 benedictum.

533 1578 3783 1606 Μ

1103 1739 1458 1815 ³4⁷1⁸⁸
1537 1757 1977 1874 OPUSC
1996 1758 2102 1873 U.

2206 1759 2385 1874 ΠΜ
2475 1757 3209 1878 SEPTIMUM

954 1997 1241 2060 LIBER
1285 1995 2076 2070 GOMORRHIANUS,
2122 1996 2240 2058 AD
2285 1996 2665 2059 LEONEM
2708 2000 2810 2061 IX
2851 2000 3068 2066 ROM.
3113 2005 3375 2069 PONT.

521 2344 918 2400 Ancuuenrvu.
951 2373 1020 2382 --
1047 2342 1349 2421 Nefantlnm
1379 2352 1433 2399 et
1466 2341 1783 2421 detestabile
1823 2341 2068 2421 crimen,
2115 2340 2169 2396 in
2211 2343 2356 2413 quod
2387 2343 2500 2421 Deo
2545 2344 2705 2399 dicati
2736 2346 2818 2400 sui
2853 2345 3579 2421 temporis_prolabebantur,
3608 2351 3795 2421 deplo-

599 2425 714 2491 rat;
762 2428 964 2491 eosque
1002 2421 1189 2491 utpote
1218 2414 1762 2491 indignos_a_sacris
1813 2413 2097 2468 ordinibus
2154 2415 2517 2491 removendos
2575 2430 2697 2470 esse
2753 2413 3059 2482 contendit;
3106 2413 3449 2489 liconemque
3484 2413 3794 2491 pontiﬁcem

596 2483 903 2538 Romanum
932 2483 1205 2555 implorat,
1237 2494 1292 2539 ut
1326 2483 1433 2538 tam
1465 2485 1606 2540 ftede
1634 2492 1920 2554 peccantes
1946 2497 2044 2538 sua
2066 2483 2392 2539 auctoritate
2420 2496 2697 2541 coerceat.

951 2658 1195 2716 LEONlS
1231 2660 1305 2714 1X
1342 2656 1707 2724 EPISTOLA,

702 2755 819 2821 Qua
863 2755 947 2808 hic
975 2755 1145 2808 sancti
1184 2755 1280 2808 viri
1311 2753 1514 2809 libellus
1559 2753 1920 2822 conﬁrmatur.

595 2844 705 2900 Leo
734 2846 1053 2914 episcOpus.
1096 2861 1285 2901 servus
1323 2861 1601 2901 servorum
1642 2844 1768 2909 Dei,
1809 2843 2006 2900 dilecto
2050 2843 2104 2899 in

521 2935 738 2991 Christo
750 2935 863 2991 lilio
881 2935 1060 2991 Pnruo
1086 2938 1347 3005 eremitae,
1371 2945 1587 2992 aeternae
1605 2935 1952 2991 beatitudinis
1976 2950 2110 3006 gau-

520 3027 689 3083 dium.

590 3118 673 3174 Ad
702 3119 1039 3189 splendidum
1064 3121 1285 3177 nitentis
1320 3122 1593 3193 pudicitiae
1624 3131 1830 3183 torum,
1872 3119 1946 3174 ﬁli
1976 3120 2110 3175 cha-

519 3210 777 3278 rissime,
847 3213 935 3281 pio
988 3214 1286 3268 certamine
1342 3214 1693 3269 intentionem
1754 3221 1857 3265 tua:
1908 3211 2106 3265 mentis

520 3304 853 3370 pervenisse,
886 3304 1120 3371 libellus,
1144 3321 1303 3375 quem
1328 3316 1518 3373 contra
1549 3306 1957 3375 qnadrimodam
1991 3320 2111 3359 car-

520 3395 660 3450 nalis
685 3397 1026 3468 contagionis
1052 3397 1418 3468 pollntionem,
1448 3398 1676 3453 honesto
1706 3397 1919 3467 quidem
1943 3397 2105 3468 stylo,

520 3485 614 3539 sed
648 3485 940 3543 bonestiori
978 3488 1187 3543 ratione
1213 3488 1451 3555 edidisti,
1483 3489 1786 3543 manifestis
1811 3488 2105 3543 documen-

520 3576 591 3632 tis
614 3578 974 3633 commendat.
991 3578 1263 3650 Subegisti
1288 3580 1552 3651 siquidem
1571 3580 1752 3635 carnis
1774 3580 2102 3646 barbariem,

519 3670 612 3738 qui
641 3671 721 3726 sic
748 3672 968 3727 erexisti
996 3673 1278 3729 brachium
1321 3675 1541 3744 spiritus
1566 3676 1824 3733 adversus
1870 3676 2109 3732 libidinis

519 3759 953 3815 obscaenitatem.
987 3761 1331 3819 Exsecrabile
1361 3764 1579 3833 quidem
1607 3764 1818 3832 vitium,
1843 3765 2109 3836 longeque

519 3862 812 3919 segregans
835 3849 903 3903 ab
923 3858 1146 3907 auctore
1168 3852 1451 3918 virtutum,
1485 3853 1575 3922 qui
1602 3869 1725 3908 cum
1755 3855 1825 3908 sit
1848 3855 2103 3919 mundus,

522 3935 658 3991 nihil
685 3939 924 3994 admittit
967 3939 1333 4009 immundum;
1385 3957 1484 3997 nec
1534 3942 1600 3997 de
1640 3951 1789 3997 sorte
1831 3942 1949 4013 ejus
1986 3959 2105 3999 esse

2127 2659 2178 2720 B
2206 2656 2372 2726 Igitur
2400 2674 2468 2715 ne
2512 2674 2744 2716 caenosa:
2776 2664 3017 2720 libidinis
3061 2666 3317 2736 impunita
3359 2665 3571 2722 licentia
3602 2682 3797 2737 perva-

2214 2748 2400 2818 getur‘,
2449 2766 2669 2807 necesse
2713 2762 2797 2807 est
2848 2756 3157 2825 apostolicae
3204 2757 3506 2812 severitatis
3555 2773 3795 2830 congrua

2208 2842 2629 2908 reprehensione
2684 2843 2958 2900 refellatur
2984 2886 2999 2911 ,
3029 2857 3084 2902 et
3132 2855 3312 2902 tamen
3358 2846 3576 2918 aliquod
3616 2858 3797 2905 tenta-

2208 2942 2448 2986 mentum
2481 2934 2535 2987 in
2562 2935 2762 2988 austeri
2774 2945 2881 2990 tate
2908 2945 3161 3005 ponatur.

2279 3023 2419 3078 Ecce
2447 3040 2633 3079 omnes
2661 3025 2758 3093 illi,
2792 3027 2881 3095 qui
2913 3028 3104 3096 quavis
3136 3039 3365 3097 quatuor
3394 3042 3649 3098 generum
3675 3044 3797 3098 qure

2207 3116 2350 3172 dicta
2383 3127 2530 3184 sunt,
2561 3118 2811 3173 fmditate
2841 3120 3176 3190 polluuntur,
3208 3131 3491 3191 prospecta
3526 3121 3800 3190 aequitatis

2209 3222 2459 3272 censum,
2491 3209 2558 3262 ab
2586 3209 2834 3263 omnibus
2861 3208 3218 3265 immaculata:
3244 3209 3494 3264 Ecclesia:
3516 3208 3796 3277 gradibus.

2208 3306 2318 3353 tam
2350 3314 2627 3353 sacrorum
2655 3316 2921 3356 canonum
2967 3316 3130 3371 quam
3163 3310 3349 3357 nostro
3385 3300 3590 3370 judicio
3619 3298 3801 3366 depel-

2209 3391 2414 3445 luntur.
2445 3390 2550 3446 Sed
2587 3407 2685 3446 nos
2711 3392 3000 3477 humapius
3028 3402 3267 3463 agentes,
3295 3407 3412 3458 eos,
3441 3391 3530 3460 qui
3565 3390 3649 3446 vel
3673 3406 3801 3461 pro-

2207 3484 2342 3552 priis
2372 3483 2642 3548 manibus,
2687 3484 2771 3539 vel
2810 3485 3036 3540 invicem
3066 3483 3207 3538 inter
3236 3498 3295 3538 se
3331 3491 3559 3553 egerunt
3589 3496 3799 3547 semen,

2209 3575 2293 3630 vel
2321 3577 2483 3631 etiam
2511 3577 2600 3646 qni
2624 3576 2764 3631 inter
2789 3575 2991 3631 femora
3021 3576 3399 3646 profuderunt,
3424 3585 3608 3631 etnon
3638 3574 3799 3643 longo

2209 3681 2330 3733 usu,
2357 3683 2458 3723 nec
2485 3683 2606 3722 cum
2634 3668 2899 3738 pluribus,
2933 3667 2976 3723 si
3015 3666 3344 3737 voluptatem
3379 3664 3798 3726 refrenaverint,

2210 3765 2266 3814 et
2289 3759 2448 3829 digna
2473 3759 2804 3828 paenitudine
2835 3759 3096 3828 probrosa
3124 3757 3413 3813 commissa
3440 3756 3672 3821 lueriut,
3703 3756 3802 3809 ad.

2211 3850 2350 3905 mitti
2375 3850 2441 3904 ad
2463 3853 2681 3907 eosdem
2710 3850 2930 3920 gradus,
2957 3850 3011 3905 in
3039 3851 3236 3920 quibus
3259 3850 3312 3905 in
3345 3849 3554 3907 scelere
3574 3863 3800 3906 manen-

2214 3950 2295 3998 tes
2317 3983 2332 4007 ,
2363 3958 2469 3997 non
2509 3950 2890 4012 permanentes
2930 3940 3182 4006 fuerant,
3217 3942 3411 3997 divina:
3458 3942 3796 3998 miserationi

518 4029 750 4096 poterit,
796 4029 891 4099 qui
934 4030 1169 4086 sordidis
1218 4002 1484 4088 illecebris
1535 4002 1876 4101 subjacebit.’
1906 4033 2103 4090 Clerici
2131 4002 2179 4069 Ο
2211 4002 2400 4089 conlisi
2427 4073 2443 4100 ,
2465 4002 2713 4087 volumus
2738 4073 2753 4097 ,
2781 4040 2943 4103 atque
2967 4032 3130 4088 etiam
3154 4002 3440 4102 iubemus;
3469 4030 3649 4085 ablata
3677 4030 3801 4086 aliis

516 4132 677 4183 vero,
709 4121 775 4174 de
809 4136 1038 4189 quorum
1071 4121 1183 4175 vita
1214 4122 1565 4192 spurcissima
1599 4121 1848 4179 ﬂebiliter
1875 4124 2106 4193 pariter-

475 4203 489 4218 ’
517 4224 622 4280 qua
652 4210 1045 4266 rationabiliter
1074 4220 1161 4266 tua
1192 4214 1475 4283 prudentia
1524 4215 1845 4285 disputavit,
1875 4230 2023 4282 vere,
2049 4224 2106 4272 et

518 4302 739 4358 omnino
763 4318 891 4359 vere
920 4305 987 4360 ad
1020 4303 1316 4361 funiculum
1348 4306 1681 4363 haereditatis
1708 4306 1826 4377 eius
1855 4325 1961 4365 non
1986 4325 2103 4379 per-

517 4393 713 4457 tinent,
760 4393 826 4447 de
872 4409 979 4463 quo
1020 4395 1119 4464 ipsi
1170 4396 1507 4465 voluptuosis
1550 4413 1611 4453 se
1654 4397 2103 4455 oblectationibus

518 4480 874 4547 submovent;
901 4483 989 4550 qui
1010 4485 1053 4537 si
1077 4484 1270 4551 pudice
1292 4496 1767 4551 conversarentur,
1791 4503 1896 4543 non
1927 4487 2098 4543 solum

516 4569 775 4638 templum
814 4570 907 4625 Dei
956 4583 1236 4639 sanctum,
1291 4576 1385 4630 sed
1434 4576 1607 4645 ipsum
1652 4579 1812 4632 etiam
1846 4588 2097 4635 sanctua-

515 4660 657 4714 rinm
703 4660 1053 4717 dicerentur:
1082 4663 1136 4717 in
1184 4680 1291 4734 quo
1320 4667 1478 4720 niveo
1511 4668 1744 4723 candore
1774 4672 2101 4740 conspicuus

514 4750 605 4805 ille
642 4751 734 4806 Dei
784 4751 966 4823 Agnus
1017 4753 1368 4821 immolatur,
1409 4771 1505 4826 per
1532 4773 1692 4827 quem
1743 4758 1885 4813 {teda
1936 4759 2100 4816 totius

513 4841 664 4897 orbis
707 4841 824 4898 lues
873 4842 1101 4899 lavatur.
1150 4844 1309 4900 Tales
1336 4846 1593 4901 nimirum
1626 4848 1811 4903 clerici
1844 4849 1944 4904 etsi
1991 4865 2097 4904 non

516 4933 804 4988 verborum
836 4974 852 4999 ,
902 4943 1079 4991 tamen
1127 4951 1350 5005 operum
1397 4938 1702 4993 testimonio
1751 4940 2096 5009 proﬁtentur,

515 5023 641 5092 quia
672 5039 776 5078 non
809 5028 1066 5091 existunt,
1098 5030 1241 5100 quod
1286 5039 1594 5086 censentur.
1625 5032 1741 5099 Quo
1765 5033 1909 5087 enim
1938 5033 2098 5088 modo

515 5113 746 5170 clericus
773 5121 943 5185 possit
970 5134 1090 5175 esse
1116 5160 1131 5186 ,
1178 5120 1259 5177 vel
1291 5122 1595 5187 nominari,
1638 5121 1728 5192 qui
1756 5123 1980 5193 proprio
2011 5138 2099 5178 ar-

513 5204 679 5260 bitrio
724 5221 828 5261 non
880 5211 1071 5263 metuit
1099 5226 1156 5265 se
1205 5213 1525 5282 inquinare?
1552 5212 1627 5267 De
1668 5213 1936 5282 qualibus,
1967 5215 2093 5285 quia

515 5306 705 5353 sancto
733 5299 916 5355 furore
956 5312 1267 5371 permotus,
1307 5321 1427 5375 qua:
1473 5306 1571 5360 tibi
1604 5306 1925 5361 videbantur
1963 5308 2096 5362 scri-

515 5404 735 5460 pseras;
765 5400 998 5461 oportet,
1014 5394 1154 5448 sicut
1181 5396 1476 5468 desideras,
1494 5396 1839 5468 apostolicam
1853 5408 2095 5454 nostram

515 5480 921 5549 interponamus
970 5486 1368 5552 auctoritatem,
1424 5498 1688 5558 quatenus
1721 5487 2094 5558 scrupulosam

515 5570 818 5642 legentibus
846 5575 1153 5633 auferamus
1193 5578 1555 5645 dubietatem;
1588 5589 1645 5635 et
1683 5587 1896 5635 constet
1921 5580 2095 5635 omni—

515 5658 616 5715 bus
641 5673 849 5719 certum
887 5676 1072 5723 nostro
1089 5667 1581 5741 judiciaplacuisse
1608 5685 1940 5741 quaecunque
1967 5685 2099 5726 con-

512 5754 652 5812 tinet
681 5758 792 5827 ipse
820 5758 1027 5817 libellus
1049 5760 1312 5818 diabolica
1335 5762 1440 5834 igni
1468 5762 1608 5819 velut
1631 5780 1767 5835 aqua
1790 5764 2088 5836 oppositus.

2123 5358 2174 5418 D

2206 4140 2303 4196 spe
2334 4125 2766 4197 recuperationis
2813 4124 3196 4191 sui'ordinis,
3242 4124 3334 4195 qui
3381 4124 3465 4179 vel
3495 4139 3591 4194 per
3635 4123 3796 4195 longa

2204 4223 2447 4287 tempora
2495 4231 2679 4272 secum
2704 4257 2718 4282 ,
2750 4216 2863 4273 sive
2893 4231 3015 4272 cum
3062 4215 3182 4270 aliis
3229 4215 3312 4270 vel
3356 4229 3476 4270 cum
3507 4214 3754 4286 pluribus
3777 4256 3793 4281 ,

2201 4309 2353 4364 brevi
2392 4308 2519 4364 licet
2562 4318 2803 4379 tempore
2828 4349 2843 4375 ,
2869 4308 3112 4378 quolibet
3152 4306 3381 4363 duorum
3413 4305 3673 4360 foeditatis
3702 4321 3797 4376 ge—

2204 4414 2355 4465 nere,
2387 4415 2506 4469 quae
2530 4400 2897 4468 descripseras
2928 4397 3178 4453 maculati
3205 4415 3220 4452 :
3247 4396 3356 4463 vel,
3381 4397 3524 4467 quod
3554 4406 3638 4451 est
3666 4395 3800 4450 hor-

2204 4491 2431 4545 rendum
2497 4491 2641 4545 dictu
2690 4498 2745 4543 et
2792 4490 3020 4555 auditu,
3073 4489 3125 4543 in
3164 4499 3313 4560 terga
3361 4488 3595 4558 prolapsi
3646 4496 3796 4543 sunt.

2201 4578 2403 4635 Contra
2434 4579 2575 4650 quod
2624 4587 2868 4636 nostrum
2916 4578 3225 4650 apostolica:
3271 4577 3566 4633 sanctiouis
3606 4577 3799 4632 decre-

2202 4680 2337 4734 tum,
2393 4670 2438 4726 si
2486 4670 2609 4739 quis
2650 4683 2816 4723 ausus
2847 4668 3011 4723 fuerit
3037 4668 3122 4722 vel
3147 4667 3394 4738 judicare
3436 4666 3522 4720 vel
3572 4664 3796 4730 latrare,

2203 4758 2412 4814 ordinis
2439 4758 2521 4815 sui
2557 4774 2618 4814 se
2652 4757 2867 4814 noverit
2900 4756 3140 4827 periculo
3168 4770 3348 4826 agere.
3380 4754 3481 4821 Qui
3510 4753 3653 4808 enim
3686 4768 3797 4806 non

2202 4851 2395 4924 pnngit
2421 4852 2633 4915 vitium,
2664 4851 2757 4906 sed
2787 4850 2992 4920 palpat,
3028 4864 3152 4903 cum
3174 4863 3239 4903 eo
3264 4847 3354 4917 qui
3387 4847 3520 4901 vitio
3543 4845 3797 4907 moritur,

2209 4944 2323 5012 ipse
2351 4952 2564 5012 quoque
2596 4941 2784 4997 mortis
2816 4956 2939 4996 reus
2970 4939 3162 4994 merito
3182 4936 3471 5007 indicatur.
3502 4935 3630 4999 Sed,
3661 4951 3695 4990 ο
3721 4930 3794 4988 ﬁli

2201 5035 2544 5097 charissime,
2594 5030 3032 5087 inenarrabiliter
3079 5030 3317 5102 gaudeo,
3365 5029 3491 5099 quia
3544 5025 3795 5095 exemplo

2201 5138 2307 5183 tute
2338 5125 2770 5183 conversationis
2798 5124 3043 5187 instruis,
3068 5122 3328 5193 quidquid
3358 5119 3595 5175 oratoria
3618 5114 3792 5173 facul-

2202 5230 2311 5276 tate
2333 5219 2584 5275 docuisti.
2611 5218 2736 5273 Plus
2758 5226 2841 5273 est
2862 5216 3004 5272 enim
3027 5229 3190 5285 opere
3214 5213 3429 5276 docere,
3455 5225 3616 5281 quam
3639 5222 3791 5263 voce.

2201 5311 2541 5381 Quapropter
2566 5319 2788 5364 auctore
2819 5309 2930 5362 Deo
2972 5305 3208 5376 palmam
3233 5300 3506 5359 obtinebis
3532 5297 3793 5362 victorias,

2201 5411 2256 5458 et
2285 5416 2406 5476 cum
2436 5400 2545 5456 Deo
2570 5441 2585 5467 ,
2619 5408 2676 5456 et
2716 5398 2955 5471 Virginis
3000 5395 3138 5451 Filio
3160 5435 3174 5459 ,
3207 5391 3475 5448 laetaberis
3504 5390 3556 5444 in
3585 5387 3791 5443 etulein

2203 5492 2481 5550 mansione
2505 5501 2581 5548 tot
2602 5491 2942 5547 mercedibus
2962 5488 3290 5555 cumulatus,
3319 5492 3451 5557 quot
3471 5481 3670 5552 ereptis
3696 5494 3795 5549 per

2203 5591 2258 5639 te
2297 5599 2329 5636 a
2374 5581 2573 5638 diaboli
2604 5581 2810 5653 laqueis
2850 5579 3020 5647 lucris
3056 5578 3389 5645 constipatus
3432 5582 3488 5631 et
3528 5572 3799 5644 quodam;

2204 5679 2362 5734 modo
2406 5684 2713 5734 coronatus.
