4106 6310
356 328 451 383 161
1319 325 1560 382 OPUSC.
1598 324 1705 379 VII.
1738 355 1808 366 -—
1835 325 1922 380 ιιι

2024 329 2038 380 ι
2080 324 2656 382 GOMORRlllANUS.
3529 332 3630 387 £62

306 463 358 549 ι·
431 535 588 549 --Δ
645 533 682 549 ἢ
779 531 792 544 ι
858 532 868 543 .
942 438 1330 549 ΡΒΔΕΡΑἙΊΟ.
1453 527 1492 549 ἢ
1758 527 1814 549 1..

2043 453 2167 491 nem
2219 437 2446 508 perdere
2504 441 2855 493 vehementer
2901 440 3346 510 perhorrescunt.
3399 444 3628 511 Quidam

431 535 593 608 149
645 531 964 588 Beatissimo
1014 545 1166 599 papa:
1211 527 1397 591 Leost,
1453 527 1668 583 Psrnus
1721 527 1943 582 ultimus
2045 545 2280 597 namque
2330 539 2569 584 rectores
2597 529 2964 585 Eeclesiarum
2997 534 3142 588 circa
3172 535 3275 588 hoc
3297 536 3488 590 vilium
3525 537 3628 592 hu-

353 627 748 682 monacherum
820 637 1032 688 servus,
1106 621 1298 677 debitae
1365 621 1732 676 venerationis
1779 621 1938 676 obse-

352 733 570 787 quium.

428 807 695 874 Quoniam
734 804 1024 876 apostolica
1077 804 1231 858 sedes
1282 803 1522 857 omnium
1575 802 1938 858 Ecclesiarum

353 912 531 953 mater
591 913 712 952 esse
768 914 832 952 ex
879 898 996 966 ipso
1030 895 1286 950 Veritatis
1329 912 1425 951 ore
1461 897 1825 966 cognoscitur,
1859 896 1940 950 di-

351 1006 521 1061 gnum
555 999 661 1052 est,
692 1000 749 1044 ut
779 989 822 1043 si
856 989 981 1058 quid
1005 989 1212 1057 uspiam
1248 978 1602 1043 dubitationis
1631 988 1936 1053 emerserit,

352 1083 498 1152 quod
523 1082 590 1135 ad
619 1081 924 1135 animarum
953 1080 1204 1134 videatur
1222 1080 1497 1149 pertinere
1545 1080 1844 1148 negotium,
1868 1079 1936 1132 ad

353 1177 551 1244 ipsam,
584 1173 729 1228 velut
757 1175 822 1226 ad
849 1173 1189 1243 magistram,
1217 1181 1270 1225 ct
1300 1171 1696 1241 quodaminodo
1731 1169 1935 1229 fontem

351 1265 594 1321 caelestis
616 1263 896 1333 sapientiae
941 1271 1275 1328 recurratur,
1323 1269 1590 1330 quatenus
1617 1276 1683 1314 ex
1714 1260 1804 1314 illo
1832 1276 1938 1315 uno

347 1359 530 1428 capite
580 1357 961 1412 ecclesiastica:
998 1356 1294 1425 disciplinae
1343 1355 1521 1408 lumen
1558 1354 1800 1423 prodeat,
1830 1367 1936 1422 quo

348 1447 614 1502 discussis
666 1446 1076 1517 ambiguitatum
1117 1443 1375 1508 tenebris,
1407 1453 1576 1498 totum
1603 1459 1800 1513 corpus
1835 1445 1936 1499 Ec-

346 1539 532 1594 clesia:
558 1539 843 1610 perSpicuo
869 1537 1112 1592 veritatis
1136 1538 1310 1592 nitore
1341 1536 1621 1590 clarescat.
1651 1536 1933 1602 Quoddam

349 1642 533 1685 autem
563 1629 856 1684 nefandum
891 1638 945 1683 et
987 1628 1404 1700 ignominiosum
1436 1627 1588 1681 valde
1638 1627 1825 1681 vitium
1877 1627 1930 1680 in

346 1723 554 1777 nostris
581 1721 824 1792 partibus
851 1720 1091 1785 inolevit,
1118 1720 1205 1774 cui
1239 1721 1338 1775 nisi
1376 1719 1634 1774 districta:
1691 1719 1932 1773 animad-

2044 620 2315 675 maniorcs
2365 619 2590 675 forsitan
2641 637 2800 690 quam
2846 625 3114 692 expediat,
3169 627 3415 681 absolute
3445 630 3632 684 decer-

2041 721 2176 764 nunt
2205 722 2426 782 propter
2463 723 2570 766 tres
2598 713 2714 767 illos
2745 716 2963 784 gradus,
3014 715 3103 784 qui
3134 718 3381 786 superius
3407 734 3629 776 enume-

2040 805 2143 857 rati
2173 813 2320 868 sunt,
2375 806 2644 859 neminem
2709 822 2738 859 a
2769 822 2868 860 suo
2897 806 3086 861 ordine
3142 810 3336 865 debere
3387 813 3625 882 deponi;

2040 894 2139 949 hos
2169 906 2347 950 autem
2371 897 2708 954 solummodo
2738 914 2843 953 non
2876 900 3117 954 abnuunt
3153 902 3458 972 degradari,
3487 921 3626 975 quos

2039 984 2230 1041 ultimo
2259 996 2382 1041 actu
2427 988 2686 1042 cecidisse
2738 989 3064 1043 constiterit.
3096 990 3247 1046 Unde
3301 993 3377 1059 tit,
3429 1004 3489 1049 ιιι
3530 997 3625 1065 qui

2037 1093 2160 1133 cum
2189 1090 2336 1145 octo,
2369 1080 2452 1135 vel
2485 1083 2650 1135 etiam
2699 1082 2883 1136 decem
2937 1081 3060 1138 aliis
3109 1099 3262 1153 teque
3309 1087 3542 1142 sordidis
3571 1090 3624 1144 in

2037 1169 2179 1225 hanc
2205 1170 2495 1238 nequitiam
2527 1171 2709 1240 lapsus
2731 1185 2850 1226 esse
2879 1173 3246 1242 cognoscitur,
3273 1175 3624 1234 nihilominus

2038 1260 2091 1314 in
2123 1277 2219 1316 suo
2247 1262 2436 1316 ordine
2461 1277 2780 1332 permanere
2797 1263 3061 1317 videatur.
3088 1265 3218 1331 Qua:
3240 1266 3427 1334 procul
3460 1269 3624 1323 dubio

2038 1351 2200 1423 impia
2250 1354 2424 1424 pietas
2458 1370 2566 1409 non
2601 1353 2795 1410 vulnus
2827 1364 3091 1426 amputat,
3119 1356 3210 1411 sed
3240 1365 3298 1412 ut
3341 1369 3621 1430 augeatur,

2034 1441 2277 1498 fomitem
2315 1444 2724 1510 subministrat;
2757 1460 2861 1500 non
2911 1447 3206 1516 perpetrati
3255 1448 3424 1504 illiciti
3466 1460 3623 1506 actus

2032 1533 2285 1602 prohibet
2313 1534 2749 1601 amaritudinem,
2787 1536 2879 1591 sed
2931 1538 3278 1608 perpetrandi
3305 1540 3488 1609 potius
3519 1541 3621 1595 tri-

2032 1623 2500 1678 buitlibertatem.
2554 1625 2800 1681 Carnalis
2829 1627 3027 1697 quippe
3073 1628 3363 1700 cujuslibet
3410 1632 3620 1687 ordinis

2034 1715 2195 1770 homo
2220 1717 2390 1786 magis
2417 1715 2692 1782 formidat,
2716 1727 2769 1772 et
2790 1719 3100 1787 expavescit
3126 1721 3182 1774 in
3208 1730 3496 1791 conspectu
3525 1722 3622 1778 ho-

346 1813 615 1870 versionis
667 1829 860 1867 manus
911 1815 1232 1882 quantocius
1286 1811 1490 1876 obviet,
1562 1820 1770 1865 certum
1822 1818 1927 1876 est,
1962 1829 2004 1887 Β
2036 1806 2236 1860 niinum
2269 1807 2493 1876 despici,
2523 1824 2686 1877 quam
2742 1808 2797 1862 in
2848 1811 3065 1879 superni
3122 1810 3330 1866 Judicis
3365 1815 3620 1868 examine

344 1905 491 1973 quod
519 1903 682 1957 divini
727 1902 927 1956 furoris
964 1901 1174 1970 gladius
1220 1902 1272 1955 in
1306 1900 1594 1955 multorum
1633 1901 1929 1969 perniciem

344 1995 657 2048 immaniter
681 2001 1024 2063 grassaturus
1052 1991 1340 2062 impendet.
1376 1990 1487 2044 lleu
1510 1991 1522 2043 Ξ
1549 1990 1928 2058 pudetdicere,

343 2087 510 2154 pudet
543 2095 651 2138 tam
681 2094 834 2153 turpe
862 2083 1123 2153 ﬂagitium
1152 2083 1324 2138 sacris
1372 2081 1596 2136 auribus
1643 2081 1924 2146 intimare;

342 2175 441 2229 sed
477 2175 525 2228 si
556 2175 800 2232 medicus
826 2174 1178 2229 horretvirus
1199 2174 1496 2243 plagarum,
1550 2172 1673 2243 quis
1719 2173 1930 2228 curabit

342 2269 607 2322 adhibere
635 2269 977 2323 cauterium?
1026 2268 1081 2321 Si
1127 2267 1195 2330 is,
1227 2267 1318 2336 qui
1343 2274 1632 2321 curaturus
1657 2274 1759 2331 est,
1791 2282 1926 2321 nau-

345 2367 485 2424 seat,
519 2359 641 2427 quis
698 2359 764 2413 ad
805 2359 1190 2414 incolumitatis
1224 2367 1423 2413 statum
1471 2367 1689 2427 pectora
1724 2367 1926 2427 aegrota

339 2450 612 2503 reducat?
643 2450 839 2503 Vitium
866 2450 1031 2521 igitur
1058 2457 1245 2503 contra
1278 2459 1526 2502 naturam
1557 2448 1702 2503 velut
1730 2464 1928 2503 cancer

339 2545 416 2595 ita
447 2543 637 2611 serpit,
669 2555 724 2596 ut
749 2559 1026 2597 sacrorum
1069 2544 1343 2596 hominum
1376 2543 1620 2597 ordinem
1649 2543 1879 2611 attingat
1906 2558 1920 2608 ;

334 2631 692 2686 etinterdnm
730 2641 788 2684 ut
834 2642 1056 2686 cruenta
1105 2634 1272 2687 bestia
1331 2633 1472 2686 inter
1518 2631 1660 2687 ovile
1719 2633 1925 2688 Christi

337 2742 466 2781 cum
508 2734 669 2778 tanta:
701 2726 963 2779 libertatis
985 2726 1137 2779 smvit
1164 2725 1408 2790 audacia,
1438 2735 1491 2780 ut
1517 2725 1924 2794 quampluribus

339 2816 512 2870 multo
534 2817 802 2870 salubrius
835 2817 994 2870 fuerit
1025 2817 1075 2870 in
1102 2817 1383 2872 mundana:
1413 2817 1616 2870 militia:
1669 2816 1800 2886 jugo
1831 2819 1936 2872 de-‘

337 2906 527 2975 primi,
559 2922 718 2974 quam
750 2907 851 2959 sub
895 2906 1170 2977 religionis
1218 2908 1442 2962 obtentu
1477 2915 1585 2961 tam
1618 2906 1786 2960 libere
1815 2906 1921 2961 fer-

338 3011 437 3049 reo
459 2997 569 3065 juri
601 2996 878 3051 diabolicae
924 2998 1222 3068 tyrannidis
1270 2999 1592 3067 mancipari,
1622 2999 1920 3068 praesertim

338 3105 465 3143 cum
495 3090 725 3143 aliorum
766 3091 1059 3154 seandalo;
1090 3106 1213 3146 cum
1273 3091 1484 3146 Veritas
1535 3092 1679 3146 dicat
1710 3108 1722 3146 :
1760 3111 1778 3143 ι
1816 3094 1918 3159 Qui

2033 1897 2421 1961 condemnari;
2453 1914 2515 1951 ac
2545 1915 2640 1968 per
2693 1899 2796 1954 hoc
2850 1902 3055 1955 mavult
3109 1902 3402 1970 quamlibet
3433 1904 3618 1958 distri-

2031 1996 2150 2051 ctte,
2176 1989 2468 2056 quamlibet
2494 1991 2750 2045 animosa:
2779 1991 3114 2060 poenitentiae
3163 1995 3433 2049 sustinere
3466 1989 3617 2051 labo-

2031 2091 2167 2143 rem,
2198 2094 2358 2148 quam
2409 2080 2489 2133 sui
2536 2081 2733 2150 gradus
2771 2083 3007 2150 periculo
3053 2083 3332 2154 subjacere
3366 2096 3459 2141 :et
3487 2088 3614 2142 dum

2028 2181 2125 2236 per
2153 2166 2502 2222 iudiscrctam
2540 2169 2922 2225 discretionem
2959 2188 3065 2227 non
3113 2175 3262 2229 timet
3294 2185 3494 2231 statum
3531 2182 3614 2233 sui

2030 2256 2252 2311 honoris
2281 2258 2554 2323 amittere,
2589 2260 2847 2314 incitatur
2872 2271 2927 2317 et
2955 2263 3233 2334 inexperta
3265 2283 3611 2336 praesumere,

2027 2356 2082 2401 et
2104 2347 2159 2400 in
2181 2347 2267 2403 his
2291 2363 2410 2417 qua:
2435 2350 2598 2404 invite
2615 2353 2978 2422 praesumpsit,
3013 2354 3215 2409 diutius
3251 2372 3610 2425 permanere;

2026 2450 2214 2510 atque,
2252 2452 2313 2496 ut
2361 2444 2432 2496 ita
2482 2444 2733 2510 dixerim,
2789 2446 2914 2500 dum
2969 2447 3078 2502 illic
3142 2463 3246 2502 non
3278 2449 3488 2516 feritur,
3520 2454 3611 2507 ubi

2027 2533 2208 2587 acrius
2239 2533 2400 2594 dolet,
2433 2535 2483 2587 in
2516 2550 2602 2598 eo,
2631 2537 2682 2590 in
2737 2553 2845 2606 quo
2897 2541 3066 2594 semel
3117 2541 3346 2609 corruit,
3379 2558 3614 2600 cmitoste

2026 2620 2399 2678 obscaenitatis
2432 2624 2713 2680 volutabro
2740 2627 2973 2682 molliter
2994 2629 3162 2699 jacet.

2648 2738 2986 2819 CAPUTlH.

2028 2824 2180 2891 Quod
2209 2829 2386 2914 usibus
2410 2829 2757 2911 immunditiaz
2786 2832 2973 2914 dediti,
3005 2852 3097 2914 nec
3127 2838 3197 2891 ad
3223 2840 3457 2914 ordinem
3480 2859 3602 2914 pro-

2218 2899 2354 2964 ve/ii,
2381 2916 2471 2953 nec
2495 2903 2770 2969 persistere
2793 2904 3008 2957 debeant
3023 2906 3143 2974 jam
3163 2912 3410 2978 promoti.

2102 2989 2231 3057 Sed,
2261 3001 2320 3044 ut
2351 2991 2506 3045 nobis
2533 2993 2762 3057 videtur,
2799 2995 2952 3050 valde
3000 3010 3382 3068 praeposterum
3414 3013 3517 3068 est,
3549 3015 3610 3060 ut

2024 3081 2544 3136 consuetudinalitcr
2579 3083 2682 3138 hac
2727 3086 3008 3154 purulenta
3051 3091 3367 3159 contagione
3399 3093 3606 3162 foedati,

335 3181 786 3234 scandalizaverit
809 3197 972 3234 unum
1027 3198 1090 3235 cx
1121 3181 1205 3236 his
1232 3181 1465 3251 pusillis,
1505 3183 1722 3252 expedit
1761 3184 1813 3237 ci
1857 3193 1916 3238 ut
1947 3180 1990 3240 C
2022 3170 2104 3223 νο)
2128 3171 2194 3223 ad
2222 3171 2465 3224 ordinem
2504 3174 2746 3241 Ρτονείιίν
2803 3175 2884 3228 νει
2921 3177 2972 3230 Ῑη
2999 3180 3163 3246 gradu
3196 3181 3491 3248 Ρθτείδίοιθ
3518 3201 3610 3239 θη·

335 3271 704 3338 snspendatur
735 3270 873 3324 mola
905 3271 1142 3325 asinaria
1186 3272 1238 3325 in
1279 3271 1418 3326 collo
1460 3272 1598 3342 ejus,
1628 3281 1682 3327 et
1708 3273 1918 3328 demer-

334 3369 498 3428 gatur
527 3360 579 3413 in
607 3359 933 3430 profundum
982 3361 1148 3415 maris
1200 3361 1415 3432 (Matth.
1449 3362 1628 3432 xviii).
1663 3381 1682 3413 ι
1717 3362 1782 3416 Ει
1812 3364 1918 3419 nisi

335 3453 665 3520 quantocius
693 3453 836 3507 sedis
867 3453 1176 3522 apostolica:
1199 3455 1351 3524 vigor
1375 3463 1654 3519 occurrat,
1687 3472 1794 3510 non
1836 3463 1920 3512 est

333 3543 579 3606 dubium,
608 3545 736 3612 quin
781 3543 1037 3598 effrenata
1087 3545 1326 3615 nequitia
1358 3561 1480 3600 cum
1530 3547 1782 3619 restringi
1825 3563 1913 3603 vo-

336 3634 518 3701 luerit,
547 3650 576 3689 a
601 3649 793 3690 cursus
813 3635 896 3690 sui
925 3637 1124 3706 impetu
1157 3637 1420 3692 desistere
1448 3647 1703 3708 nequeat.

846 3724 1075 3780 CAPUT
1115 3726 1405 3783 PRIMUM.

481 3814 559 3868 De
596 3814 894 3869 diversitate
946 3818 1270 3884 peccantium
1299 3828 1481 3871 cutura
1505 3833 1771 3874 naturam.

411 3909 480 3963 Ut
506 3918 686 3963 autem
732 3923 816 3962 res
845 3907 998 3962 vobis
1049 3918 1160 3964 tota
1199 3924 1296 3978 per
1330 3909 1576 3965 ordinem
1609 3921 1815 3980 pateat,
1845 3929 1914 3968 ex

336 4002 496 4067 hujus
544 4001 796 4070 nequitia:
834 4000 1038 4056 scelere
1089 4015 1321 4071 quatuor
1351 4002 1698 4058 diversitates
1750 4003 1908 4059 fiunt.

334 4094 437 4145 Alii
465 4093 728 4162 siquidem
756 4107 964 4156 secum,
1002 4093 1091 4146 alii
1111 4093 1337 4146 aliormn
1365 4094 1634 4159 manibus,
1662 4095 1748 4148 alii
1775 4097 1916 4150 inter

332 4183 567 4244 femora,
599 4183 688 4237 alii
723 4183 953 4252 denique
981 4191 1354 4238 consummato
1392 4192 1516 4238 actu
1547 4194 1734 4239 contra
1759 4197 1914 4241 natu-

335 4289 452 4326 ram
483 4273 801 4343 delinquunt
829 4290 843 4336 ;
872 4283 928 4327 et
954 4274 1006 4327 in
1055 4274 1137 4328 his
1170 4275 1244 4328 ita
1291 4290 1389 4344 per
1437 4276 1636 4345 gradus
1665 4278 1916 4331 ascendi-

331 4376 443 4431 tur,
471 4376 529 4420 ut
553 4381 782 4436 quaeque
838 4367 1141 4442 posteriora
1192 4366 1618 4436 przecedentibus
1665 4368 1910 4436 graviora

329 4457 666 4526 jndicentnr.
730 4455 901 4524 Major
928 4457 1193 4525 siquidem
1241 4456 1561 4525 pmiiitentia
1610 4455 1714 4512 illis
1743 4457 1914 4527 impo-

2019 3261 2182 3316 deant
2224 3261 2338 3330 jam
2387 3264 2638 3332 promoti.
2675 3265 2808 3332 Quia
2841 3275 2896 3320 et
2932 3269 3126 3322 rationi
3157 3274 3514 3340 contrarium,
3553 3288 3608 3333 et

2019 3355 2296 3410 canonicis
2338 3355 2560 3411 Patrum
2589 3359 2962 3415 sanctionibus
2992 3363 3261 3431 probatur
3292 3367 3602 3425 adversum.

2019 3443 2132 3499 lloc
2157 3457 2337 3501 autem
2367 3462 2473 3502 non
2505 3450 2572 3503 ad
2601 3450 2703 3506 hoc
2746 3467 2952 3518 assero,
2979 3463 3037 3508 ut
3064 3455 3116 3507 in
3163 3456 3460 3527 majestatis
3509 3477 3601 3517 ve-

2017 3543 2145 3589 strae
2172 3539 2459 3604 praesentia
2511 3539 2800 3595 definitivae
2840 3544 3122 3598 sententiae
3143 3545 3407 3602 calculum
3429 3551 3608 3619 profe-

2020 3643 2160 3692 ram,
2193 3631 2285 3684 sed
2338 3639 2396 3684 ut
2453 3633 2684 3702 propria:
2709 3634 2983 3702 opinionis
3014 3637 3299 3693 arbitrium
3347 3645 3602 3712 pandam.

2020 3717 2131 3773 lloc
2154 3736 2344 3790 nempe
2372 3721 2634 3791 flagitium
2689 3724 2832 3778 inter
2853 3739 3046 3780 cartera
3079 3729 3307 3784 crimina
3365 3747 3469 3788 non
3500 3734 3603 3788 im-

2017 3809 2214 3863 merito
2263 3812 2616 3868 deterrimum
2670 3816 2944 3882 creditur;
2979 3819 3414 3890 quandoquidem
3474 3822 3604 3877 illud

2015 3902 2357 3970 omnipotens
2387 3904 2528 3959 Deus
2548 3919 2763 3976 semper
2800 3923 2908 3962 uno
2939 3909 3097 3964 modo
3120 3925 3342 3966 exosum
3377 3913 3601 3968 habuis-

2015 4004 2073 4044 se
2111 3990 2322 4062 legitur.
2366 4004 2564 4049 etcum
2609 3997 2833 4066 reliquis
2863 3998 3008 4054 vitiis
3038 4003 3264 4056 necdum
3296 4018 3394 4072 per
3420 4003 3602 4071 legale

2014 4093 2342 4152 prazecptum
2379 4085 2531 4140 frena
2563 4098 2842 4158 posuerat,
2878 4089 2991 4158 jam
3021 4092 3122 4148 hoc
3149 4093 3411 4150 districta:
3440 4096 3599 4152 ultio-

2014 4177 2100 4231 nis
2135 4179 2606 4236 animadversione
2655 4183 2970 4240 damnabat.
3028 4185 3180 4250 Nam,
3215 4198 3272 4242 ut
3303 4197 3598 4256 taceamus,

2015 4269 2158 4338 quod
2190 4269 2481 4324 Sodomam
2513 4272 2946 4329 etGomorrbam
2979 4273 3132 4344 (Gen.
3161 4278 3321 4349 (xu),
3360 4280 3494 4333 duas
3522 4281 3600 4335 vi-

2015 4359 2208 4414 delicet
2237 4361 2484 4429 egregias
2506 4361 2775 4428 civitates,
2799 4379 3096 4434 omnesque
3135 4365 3390 4423 finitimas
3420 4370 3596 4440 regio-

2014 4467 2131 4514 nes,
2159 4452 2324 4507 misso
2359 4453 2570 4510 cmlitus
2598 4454 2854 4524 sulphure
2882 4465 2938 4510 et
2967 4457 3087 4525 igne
3117 4457 3414 4524 subvertit;
3444 4459 3598 4516 Onan

331 4548 482 4600 nitur
506 4547 598 4617 qui
627 4563 748 4601 cum
784 4547 904 4603 aliis
926 4549 1146 4613 cadunt,
1179 4564 1341 4618 quam
1368 4550 1433 4603 iis
1454 4549 1546 4619 qui
1586 4563 1684 4618 per
1720 4559 1914 4605 semet-
1941 4536 1992 4596 D
2017 4539 2167 4595 Judzc
2196 4541 2361 4596 lilium
2408 4553 2630 4614 propter
2666 4545 2766 4599 hoc
2795 4545 3057 4600 nefarium
3101 4549 3279 4604 scelus
3309 4551 3598 4608 immatura

331 4640 480 4710 ipsos
557 4641 914 4708 sordescunt;
972 4651 1026 4698 et
1093 4641 1390 4698 districtius
1442 4639 1756 4709 iudicantur
1818 4643 1912 4713 qui

331 4745 514 4790 actum
545 4745 944 4803 consummant,
975 4751 1137 4808 quam
1170 4737 1203 4790 ii
1229 4737 1320 4806 qui
1351 4737 1494 4790 inter
1524 4735 1727 4792 femora
1763 4738 1912 4792 coin-

329 4829 646 4899 quinantur.
707 4829 815 4884 Hos
874 4829 1056 4898 itaque
1108 4829 1400 4883 corruendi
1465 4828 1668 4898 gradus
1712 4829 1910 4884 artifex

331 4921 532 4974 diaboli
582 4920 913 4975 machinatio
960 4919 1184 4989 reperit,
1230 4927 1288 4972 ut
1335 4933 1444 4987 quo
1475 4917 1636 4972 altius
1683 4933 1778 4987 per
1815 4933 1909 4974 eos

329 5014 665 5076 ascenditur,
698 5030 764 5068 eo
788 5013 1080 5083 proclivius
1111 5011 1294 5066 infelix
1328 5013 1506 5066 anima
1532 5010 1598 5065 ad
1640 5012 1916 5081 gehenna-

334 5106 402 5159 lis
426 5105 664 5160 barathri
695 5103 959 5173 profunda
991 5112 1286 5174 mergatur.

868 5215 1026 5285 150
1063 5213 1287 5269 CAPUT
1319 5211 1380 5266 ιι.

332 5309 488 5375 Quod
530 5309 834 5364 inordinata
888 5320 1145 5363 rectorum
1202 5309 1368 5377 pietas
1399 5305 1575 5376 lapsos
1634 5305 1698 5359 ab
1730 5305 1914 5360 ordine

903 5396 1005 5434 non
1031 5386 1340 5448 compescat.

400 5471 574 5540 Hujus
604 5488 734 5529 sane
790 5471 1108 5544 perditionis
1129 5470 1346 5526 obnoxii
1377 5485 1516 5542 saepe
1547 5469 1807 5540 largiente
1837 5469 1912 5524 di-

329 5564 452 5618 vina
478 5564 766 5618 clementia
805 5563 1148 5634 resipiscunt,
1180 5570 1342 5631 atque
1369 5563 1434 5617 ad
1481 5560 1908 5617 satisfactionem

329 5655 571 5718 veniunt,
598 5663 654 5708 et
703 5654 1036 5724 poenitentia:
1096 5653 1312 5722 quidem
1365 5653 1575 5722 pondus
1613 5651 1912 5721 quamlibet

330 5760 494 5815 grave
517 5745 711 5803 devote
748 5745 1072 5817 suscipiunt,
1119 5745 1558 5801 ecclesiasticum
1588 5759 1717 5799 vero
1762 5743 1909 5800 ordi-

2017 4642 2190 4688 morte
2218 4636 2503 4702 percussit,
2531 4645 2663 4691 teste
2683 4635 2987 4706 Scriptura,
3019 4653 3138 4707 quae
3154 4639 3320 4694 dicit:
3354 4659 3372 4692 ι
3409 4641 3599 4698 Sciens

2015 4723 2168 4779 Onan
2203 4740 2309 4780 non
2334 4726 2434 4780 sibi
2468 4728 2613 4781 nasci
2640 4727 2799 4794 ﬁlios,
2837 4729 3103 4784 introicns
3131 4731 3198 4784 ad
3226 4746 3448 4786 uxorem
3483 4731 3598 4786 fra-

2016 4816 2113 4871 tris
2136 4817 2217 4871 sui
2247 4832 2262 4882 ;
2296 4831 2480 4872 semen
2511 4819 2769 4874 fundebat
2799 4821 2850 4874 in
2881 4831 3105 4886 terram,
3136 4837 3204 4876 ne
3247 4821 3403 4877 liberi
3438 4824 3594 4894 151

2013 4903 2198 4959 fratris
2246 4907 2464 4960 nomine
2503 4918 2857 4963 nascerentur
2904 4927 2917 4963 :
2977 4919 3034 4964 et
3073 4910 3278 4964 idcirco
3333 4915 3600 4997 percussit

2013 5012 2137 5052 eum
2190 4996 2471 5065 Dominus,
2513 5013 2579 5054 eo
2631 5001 2772 5069 quod
2809 5015 2924 5054 rem
2978 4996 3600 5058 dctestabilemfaceret

2017 5090 2171 5161 (Gen.
2207 5090 2458 5163 xxxvm).
2491 5111 2510 5144 ι
2547 5091 2602 5145 In
2636 5091 2749 5161 lege
2779 5105 2994 5160 quoque
3016 5090 3252 5145 dicitur:
3290 5111 3308 5144 ι
3346 5092 3446 5159 Qui
3472 5093 3598 5147 dor-

2014 5185 2198 5240 mierit
2226 5199 2348 5238 cum
2386 5184 2628 5239 masculo
2657 5185 2798 5238 coitu
2847 5183 3099 5244 femineo,
3131 5194 3360 5255 uterque
3387 5186 3595 5256 Operati

2015 5287 2144 5332 sunt
2168 5277 2340 5341 nefas,
2374 5287 2550 5333 morte
2575 5277 2909 5342 moriantur;
2940 5275 3164 5348 sanguis
3187 5290 3376 5332 eorum
3407 5278 3478 5332 sit
3507 5292 3594 5332 su-

1935 5443 1938 5446 .
2013 5385 2113 5440 per
2137 5385 2231 5426 eos
2253 5368 2438 5442 (Leuit.
2464 5369 2579 5442 xx).
2615 5386 2637 5422 ›

2085 5462 2238 5529 Quod
2267 5471 2446 5517 autem
2474 5461 2542 5516 ad
2569 5458 2998 5516 ecclesiasticum
3021 5460 3266 5516 ordinem
3289 5460 3593 5526 promoveri

2016 5573 2121 5612 non
2149 5558 2362 5622 debeat,
2392 5556 2482 5626 qui
2533 5557 2586 5611 in
2639 5556 2769 5612 illud
2825 5557 3033 5612 crimen
3076 5556 3256 5625 lapsus
3301 5562 3403 5619 est,
3450 5556 3594 5624 quod

2015 5660 2170 5704 vetus
2219 5649 2302 5704 lex
2356 5648 2602 5719 praecipit
2650 5659 2824 5704 morte
2851 5647 3116 5713 damnari,
3145 5655 3378 5702 testatur
3401 5645 3592 5699 beatus

2013 5759 2150 5815 papa
2173 5743 2468 5816 Gregorius
2485 5744 2612 5816 (lib.
2629 5761 2688 5813 x,
2707 5746 2865 5814 epist.
2883 5744 2994 5814 15-),
3012 5743 3103 5813 qui
3127 5743 3180 5797 in
3211 5740 3324 5796 suis
3349 5738 3590 5810 epistolis
