4106 6310
323 354 426 410 165

1284 349 1524 406 OPUSC.
1563 349 1667 403 ΠΙ.
1705 378 1774 390 —-
1801 348 2004 404 LIBER
2042 347 2614 411 GOMORRHIANUS.

3499 365 3602 420 165

321 470 450 524 dum
491 472 595 530 est,
633 464 735 520 nisi
767 463 908 534 quod
949 475 1043 517 eos
1074 461 1216 516 Deus
1259 460 1313 513 in
1363 462 1654 530 reprobum
1699 477 1917 515 sensum
1948 475 1996 532 Α
2022 462 2205 531 ptionc
2231 461 2481 518 frustrari
2504 475 2768 536 coguntur
2784 469 2961 538 potius
2984 469 3034 524 iu
3059 472 3317 529 exteriori
3341 477 3606 536 vestibulo

324 561 551 615 tradidit
576 559 594 612 ?
629 559 737 613 Nec
766 572 852 621 ea,
877 569 997 624 quae
1026 554 1128 608 illis
1161 554 1466 608 necessaria
1503 564 1647 617 sunt,
1675 554 1913 623 peccatis

319 651 680 721 exigentibus,
709 649 896 702 videre
927 645 1217 716 permittit.
1259 644 1393 710 Quia
1418 645 1558 698 enim
1589 644 1692 698 illis
1717 645 1914 699 occidit

321 743 426 807 sol,
463 742 553 796 ille
581 739 808 799 scilicet,
841 737 931 807 qui
981 735 1224 790 ascendit
1255 749 1417 804 super
1459 750 1709 790 occasum
1738 733 1911 804 (Psal.

287 877 290 879 .
322 837 517 900 uvn),
552 830 766 885 amissis
803 827 1148 882 interioribus
1186 826 1372 889 oculis,
1421 841 1523 881 nec
1569 828 1914 882 considerare

279 931 286 942 ‘
321 923 614 994 praevalent
647 921 790 990 quod
820 917 1005 990 gravia
1055 917 1163 972 sint
1191 915 1355 982 mala,
1385 931 1504 984 qua:
1533 931 1629 985 per
1676 917 1912 969 immuni.-

322 1018 508 1071 ditiam
539 1019 951 1084 perpetrarent;
983 1025 1154 1079 neque
1172 1025 1332 1080 quam
1358 1011 1594 1064 deterius
1621 1009 1796 1063 adhuc
1818 1009 1912 1077 sit,

280 1098 293 1108 ’
313 1110 465 1180 quod
494 1117 682 1163 contra
709 1105 1038 1161 voluntatem
1067 1104 1162 1157 Dei
1209 1103 1514 1158 inordinate
1548 1103 1745 1158 habere
1785 1118 1914 1157 con—

280 1213 286 1238 π
319 1201 648 1270 eupiscunt;
681 1206 737 1252 et
763 1195 867 1250 hoc
890 1210 959 1251 ex
988 1193 1184 1248 divina:
1196 1193 1421 1263 justitiaa
1449 1193 1630 1262 regula
1657 1201 1914 1247 consueto

322 1307 477 1346 more
506 1289 773 1358 procedit,
807 1296 868 1341 ut
892 1287 945 1340 hi
979 1286 1070 1356 qui
1111 1299 1171 1340 se
1213 1287 1314 1338 hac
1348 1285 1711 1354 perditissima
1757 1285 1916 1339 sorde

320 1381 752 1447 eommaculant.,
781 1381 938 1450 digna
960 1378 1191 1448 perculsi
1217 1378 1681 1432 animadversione
1701 1376 1913 1446 judicii,

319 1474 584 1528 tenebras
611 1472 871 1527 caecitatis
910 1471 1209 1525 incurrant.
1259 1469 1411 1523 Sicut
1449 1468 1514 1522 de
1545 1468 1784 1537 antiquis
1811 1467 1916 1522 illis

321 1569 485 1638 hujus
509 1568 768 1624 fteditatis
797 1565 1106 1620 auctoribus
1129 1564 1360 1633 legitur:
1391 1582 1410 1614 ι
1452 1561 1584 1618 Cum
1602 1561 1750 1631 justo
1777 1562 1914 1617 Loth

319 1664 432 1714 vim
461 1657 940 1714 vehementissime
986 1655 1248 1713 facerent.
1273 1655 1498 1725 jamque
1528 1669 1694 1724 prope
1736 1661 1917 1709 essent

319 1760 381 1803 ut
405 1749 758 1820 effringerent
786 1745 951 1800 fores.
982 1745 1050 1799 Et
1079 1759 1226 1810 ecce,
1268 1745 1440 1814 inquit
1469 1743 1746 1813 Scriptura
1767 1784 1781 1808 ,
1811 1745 1916 1800 mi-

318 1847 513 1892 serunt
555 1851 774 1891 manum
807 1835 950 1898 viri,
980 1842 1035 1888 et
1075 1834 1488 1888 introduxerunt
1532 1834 1600 1889 ad
1649 1849 1707 1888 se
1749 1832 1906 1900 Loth,

317 1932 741 1998 clauseruntque
761 1928 983 1991 ostium,
1006 1935 1061 1982 et
1082 1942 1197 1990 eos,
1227 1927 1314 1996 qui
1346 1926 1476 1981 foris
1501 1934 1660 1980 erant
1683 1941 1906 1995 percus-

313 2033 511 2078 serunt
539 2023 781 2078 caecitate
811 2037 839 2075 a
866 2020 1089 2075 minimo
1119 2034 1290 2088 usque
1313 2019 1380 2073 ad
1407 2018 1718 2081 maximum,
1753 2019 1824 2071 ita
1849 2027 1907 2073 ut

315 2117 519 2172 ostium
551 2115 794 2169 invenire
821 2129 926 2169 non
959 2121 1176 2183 possent
1200 2110 1350 2183 (Cen.
1379 2113 1512 2179 xix).
1557 2112 1783 2166 Constat
1813 2127 1908 2165 au-

323 2219 456 2273 tem,
484 2208 608 2275 quia
652 2220 752 2275 per
796 2205 915 2258 illos
959 2204 1094 2258 duos
1144 2203 1388 2270 angelos,
1434 2203 1526 2272 qui
1564 2203 1630 2256 ad
1662 2201 1720 2254 Β.
1768 2201 1905 2256 Loth

315 2300 534 2352 venisse
574 2298 843 2366 leguntur,
873 2310 1102 2365 persona
1133 2294 1332 2358 Patris,
1359 2301 1414 2347 et
1441 2294 1562 2348 Filii
1587 2309 1692 2348 non
1724 2295 1906 2348 incon-

316 2406 454 2460 grue
484 2389 816 2460 designatur.
846 2387 998 2454 Quod
1029 2403 1125 2456 per
1151 2386 1251 2440 hoc
1276 2387 1554 2441 evidenter
1582 2386 1904 2450 ostenditur,

313 2482 465 2550 quod
494 2481 562 2534 ad
593 2495 686 2535 eos
719 2481 830 2548 ipse
857 2478 997 2532 Loth
1025 2477 1270 2546 loquens,
1305 2476 1434 2530 dicit
1462 2494 1475 2529 :
1507 2494 1525 2527 ι
1563 2476 1778 2543 Quaeso,
1804 2475 1910 2530 Do-

319 2576 470 2628 mine
503 2573 610 2638 mi,
651 2573 773 2642 quia
823 2571 1025 2625 invenit
1066 2585 1253 2625 servus
1301 2578 1420 2622 tuus
1451 2568 1681 2639 gratiam
1725 2581 1906 2622 coram

317 2678 400 2732 te,
427 2681 485 2720 ct
510 2666 861 2736 magniﬁcasti
890 2663 1316 2718 misericordiam
1349 2671 1516 2724 tuam,
1545 2675 1704 2730 quam
1733 2658 1908 2714 fecisti

317 2773 536 2813 mecum
566 2799 581 2820 ,
629 2767 688 2811 ut
732 2756 970 2811 salvares
1017 2754 1248 2806 animam
1302 2768 1476 2806 meam
1506 2750 1716 2821 (Ibid).
1754 2771 1772 2804 ι
1807 2750 1909 2817 Qui

317 2851 469 2904 enim
515 2850 592 2902 sic
639 2847 847 2901 duobus
902 2846 1052 2914 quasi
1097 2843 1188 2896 nni
1234 2841 1581 2911 singulariter
1628 2840 1906 2910 loquitur,

315 2952 531 2996 certum
560 2949 642 2996 est
671 2939 796 3009 quia
831 2939 883 2992 in
924 2938 1131 2993 duabus
1161 2936 1407 3006 personis
1449 2950 1610 2988 unam
1655 2935 1910 2989 substan-

324 3038 458 3092 tiam
491 3045 799 3090 veneratur.

394 3128 686 3182 Sodomita:
729 3142 859 3196 ergo
887 3127 954 3180 ad
985 3124 1204 3195 angelos
1243 3132 1508 3178 conantur
1547 3123 1812 3178 violenter
1837 3123 1912 3178 ir-

2015 567 2319 609 remancre.
2367 555 2435 609 Et
2492 556 2724 612 frontem
2771 560 2984 628 quidem
3048 573 3272 631 possunt
3326 567 3380 620 in
3433 583 3604 626 saer.e

2017 642 2311 713 Scriptura:
2333 661 2466 702 saxa
2501 662 2803 716 percutere,
2843 650 2938 705 sed
2963 667 3058 720 per
3083 653 3280 710 divina:
3307 661 3603 714 auctorita-

2018 733 2086 788 tis
2113 735 2318 790 aditum
2358 736 2697 809 nequaquam
2741 742 3128 810 permittuntur
3148 745 3392 814 intrare;
3439 759 3602 820 atque

2016 827 2142 881 dum
2187 829 2433 899 ingredi,
2489 847 2598 901 quo
2647 849 2755 888 non
2807 833 3078 901 sinuntur,
3118 847 3418 906 attentarit,
3466 819 3638 898 nihil.

2015 915 2157 970 aliud
2184 919 2415 986 faciunt,
2445 936 2606 990 quam
2631 923 2905 979 obtectum
2928 925 3192 994 parietem
3219 928 3454 985 inaniter
3481 932 3600 1001 pal-

2016 1020 2169 1076 pant.
2195 1010 2402 1077 Quibus
2427 1029 2537 1072 non
2577 1013 2849 1072 immerito
2879 1019 3148 1088 congruit,
3180 1023 3320 1090 quod
3353 1037 3449 1090 per
3478 1009 3601 1093 pie-

2015 1101 2234 1169 phetam
2262 1103 2497 1158 dicitur:
2527 1122 2546 1156 ι
2583 1105 2736 1160 Sicut
2780 1106 2834 1160 in
2884 1117 3044 1163 nocte
3091 1110 3167 1164 ita
3207 1111 3499 1182 palpabunt
3546 1115 3600 1170 in

2018 1190 2245 1245 meridie
2265 1192 2385 1261 (Job
2407 1192 2480 1264 v).
2517 1214 2535 1246 ι
2569 1195 2743 1264 thui
2775 1197 2906 1252 recti
2933 1198 3112 1254 aditus
3135 1199 3297 1254 limen
3323 1212 3602 1259 transcen-

2016 1285 2144 1338 dere
2154 1296 2448 1353 nequeunt,
2464 1288 2789 1355 pererrando
2803 1289 2855 1342 in
2869 1291 3151 1346 circuitum
3167 1292 3372 1347 insania
3391 1303 3602 1348 rotante

2019 1371 2323 1428 volvuntur.
2350 1377 2424 1430 De
2449 1378 2645 1446 quibus
2672 1393 2768 1447 per
2787 1378 3129 1435 Psalmistam
3152 1383 3381 1438 dicitur:
3411 1403 3428 1436 ι
3461 1385 3604 1442 Deus

2015 1480 2344 1534 meus,pone
2373 1467 2494 1522 illos
2518 1477 2576 1522 ut
2615 1481 2786 1524 rotam
2811 1466 2984 1541 (Psal.
3005 1473 3252 1543 iuuit).
3285 1495 3304 1528 ι
3332 1475 3399 1529 Ει
3432 1478 3556 1531 item
3585 1494 3599 1530 :

2024 1572 2041 1605 ι
2075 1554 2130 1608 In
2173 1556 2402 1610 circuitu
2449 1559 2598 1628 impii
2640 1561 2918 1615 ambulant
2955 1561 3129 1632 (Psal.
3170 1565 3270 1634 ιι).
3306 1584 3326 1617 ι
3377 1566 3454 1621 De
3484 1570 3604 1636 qui-

2017 1641 2120 1696 bus
2150 1645 2314 1697 etiam
2347 1645 2567 1711 Paulus,
2597 1664 2719 1702 cum
2747 1650 2997 1719 superius
3033 1663 3330 1707 memorata
3355 1655 3604 1724 loquere-

2021 1743 2126 1800 tur,
2149 1736 2306 1804 paulo
2330 1748 2452 1805 post
2473 1739 2674 1804 subdit,
2708 1739 2931 1795 dicens:
2965 1757 2985 1793 ‹
3019 1741 3120 1808 Qui
3147 1743 3270 1798 talia
3301 1756 3485 1815 agunt,
3518 1749 3602 1802 di-

1943 1834 1988 1894 B
2015 1826 2104 1895 gni
2131 1837 2258 1882 sunt
2284 1837 2478 1894 morte,
2512 1845 2615 1884 non
2640 1830 2810 1884 solum
2846 1832 2936 1900 qui
2980 1832 3068 1886 illa
3109 1833 3332 1900 faciunt,
3373 1837 3466 1890 sed
3509 1839 3600 1906 qui

2009 1919 2355 1973 consentiunt
2388 1919 2711 1977 facientibus
2737 1921 2916 1994 (Rom.
2945 1923 3009 1993 ι).
3046 1943 3064 1976 ι

2078 2011 2243 2066 Plane
2277 2013 2369 2082 qui
2408 2014 2474 2068 ad
2513 2023 2621 2068 tam
2665 2014 2906 2070 terribile
2931 2017 3242 2085 apostolicae
3268 2018 3591 2076 invcctionis

2008 2106 2210 2160 tonitru
2233 2121 2338 2160 non
2359 2108 2768 2178 expergiscitur,
2793 2093 2881 2163 liic
2903 2107 3143 2178 projecto
3167 2127 3271 2164 non
3297 2113 3596 2180 dormims,

2007 2199 2102 2252 sed
2122 2208 2365 2255 mortuus
2389 2201 2930 2272 eongruejudicatur.
2952 2203 3154 2259 Etcum
3179 2205 3466 2274 Apostolus
3491 2223 3599 2263 non

2007 2289 2073 2341 de
2096 2287 2292 2344 Judteis
2340 2300 2612 2362 utcunque
2657 2293 2926 2359 fidelibus,
2959 2296 3051 2350 sed
3084 2296 3151 2351 de
3196 2280 3508 2368 gentilibus,
3543 2310 3602 2355 et

2008 2377 2176 2432 Deum
2202 2381 2571 2450 ignorantibus
2599 2393 2750 2439 tanto
2771 2386 2952 2440 studio
2976 2389 3302 2442 sententiam
3334 2390 3595 2448 districta:

2007 2470 2493 2527 animadversionis
2518 2485 2845 2544 esaggeret;
2876 2477 3024 2545 quid,
3059 2491 3187 2548 rogo
3210 2518 3224 2544 ,
3258 2481 3502 2546 dixisset,
3549 2469 3598 2539 εί

2009 2561 2120 2614 tale
2167 2561 2268 2617 boc
2318 2563 2513 2618 vulnus
2558 2564 2612 2618 in
2666 2565 2781 2634 ipso
2825 2580 3054 2636 corpore
3098 2579 3301 2624 sancta:
3345 2571 3601 2629 Ecclesiae

2010 2656 2178 2712 fetere
2206 2660 2590 2729 conspiceret?
2614 2661 2921 2716 Praesertim
2949 2664 3069 2731 quis
3096 2663 3272 2730 dolor,
3301 2666 3422 2734 quis
3450 2682 3596 2722 com-

2010 2751 2277 2819 passionis
2311 2751 2474 2806 ardor
2516 2752 2663 2822 pium
2715 2753 2859 2807 istud
2904 2764 3091 2824 peetus
3140 2757 3501 2823 accenderet,
3553 2759 3600 2813 si

2013 2841 2150 2895 hanc
2189 2844 2606 2912 peremptoriam
2635 2856 2840 2913 pestem
2870 2847 3106 2917 grassari
3137 2859 3190 2902 et
3221 2850 3272 2902 in
3305 2865 3462 2904 sacro
3507 2865 3600 2904 or-

2011 2931 2136 2987 dine
2161 2933 2480 2988 didicisset?
2511 2935 2748 2990 Audiant
2773 2936 2986 2992 desides
3014 2939 3334 2994 clericorum
3357 2981 3370 3006 ,
3417 2957 3600 2996 sacer-

2012 3024 2305 3094 dotumque
2335 3037 2612 3093 rectores;
2645 3029 2898 3094 audiant,
2928 3039 2981 3084 et
3021 3031 3147 3086 licet
3192 3033 3258 3086 de
3287 3049 3384 3085 suo
3424 3035 3602 3089 securi

2011 3113 2144 3178 sint,
2186 3115 2345 3168 alieni
2392 3118 2589 3171 reatus
2615 3132 2674 3171 se
2711 3132 2830 3171 esse
2869 3119 3158 3188 participes
3198 3122 3600 3188 pertimescant.

319 3233 596 3286 rumpere,
621 3233 744 3272 cum
775 3216 1032 3269 immundi
1080 3215 1324 3268 homines
1373 3213 1442 3267 ad
1489 3214 1656 3267 Deum
1704 3221 1913 3288 tentant
1940 3207 1984 3268 C
2016 3204 2093 3258 illi
2130 3205 2409 3272 nimirum,
2441 3208 2530 3276 qui
2559 3209 2626 3262 ad
2653 3209 2970 3278 corrigenda
3001 3209 3338 3265 subditorum
3378 3224 3600 3282 peceata

321 3325 423 3379 per
449 3309 588 3364 sacri
613 3307 819 3362 ordinis
844 3307 1015 3362 ofﬁcia
1042 3306 1421 3376 pmpinquare.
1454 3304 1558 3359 Sed
1591 3304 1642 3358 lii
1670 3303 1910 3373 profecto

321 3401 567 3455 excitate
588 3399 984 3470 percutiuntur,
1025 3397 1149 3465 quia
1180 3396 1329 3463 justo
1360 3395 1453 3450 Dei
1496 3392 1703 3462 judicio
1746 3393 1800 3446 in
1835 3402 1912 3448 te-

323 3493 524 3546 nebras
546 3491 830 3545 interiores
856 3489 1088 3552 cadunt;
1125 3489 1194 3540 ita
1228 3496 1283 3540 nt
1307 3503 1407 3542 nec
1438 3487 1635 3540 ostium
1665 3485 1912 3540 invenire

321 3583 676 3651 praevaleant,
714 3581 842 3650 quia
882 3595 912 3633 a
965 3579 1073 3633 Deo
1119 3579 1391 3648 peccando
1436 3577 1619 3640 divisi,
1657 3578 1798 3629 unde
1844 3577 1913 3631 ad

320 3694 452 3733 eum
490 3686 833 3733 revertuntur
866 3676 1131 3746 ignorant.
1163 3674 1262 3740 Qui
1293 3672 1436 3728 enim
1474 3688 1579 3726 non
1606 3688 1703 3741 per
1730 3671 1910 3725 humi-

326 3771 518 3835 litatis,
544 3770 637 3827 sed
671 3784 768 3839 per
796 3768 1141 3837 arrogantiai,
1181 3776 1236 3820 et
1282 3765 1506 3820 tumoris
1537 3763 1814 3818 anfractus
1844 3764 1913 3817 ad

329 3864 497 3917 Deum
538 3863 796 3918 accedere
821 3862 1079 3933 gestiunt,
1128 3871 1274 3930 patet
1309 3860 1569 3928 profecto,
1600 3861 1722 3929 quia
1773 3858 1914 3914 unde

327 3954 680 4025 ingressionis
709 3953 886 4008 aditus
909 3961 1088 4022 pateat
1116 3968 1219 4005 non
1253 3957 1550 4021 agnoscunt
1577 3967 1591 4016 ;
1635 3949 1714 4003 vel
1745 3950 1911 4004 etiam

326 4048 450 4115 quia
479 4046 674 4099 ostium
699 4045 947 4099 Christus
970 4050 1073 4105 est,
1107 4042 1244 4096 sicut
1274 4041 1387 4109 ipse
1409 4040 1540 4093 dicit
1564 4057 1576 4092 :
1607 4059 1624 4090 ι
1656 4039 1765 4109 Ego
1792 4055 1911 4093 sum

325 4139 525 4191 natium
548 4134 732 4206 (Joan.
765 4135 843 4206 ι).
876 4154 895 4186 i
940 4133 1042 4200 Qui
1079 4132 1348 4188 Christum
1387 4132 1621 4200 peccatis
1648 4131 1915 4200 exigenti-

323 4229 428 4282 bus
458 4229 732 4290 amittunt,
778 4224 933 4294 quasi
966 4225 1168 4277 int~are
1200 4221 1501 4276 cmlestium
1531 4221 1730 4274 civium
1761 4219 1914 4273 habi-

325 4319 563 4375 taculum
591 4335 696 4375 non
728 4318 960 4388 possint,
988 4317 1187 4372 ostium
1219 4330 1326 4369 non
1363 4313 1660 4368 inveniunt.

399 4410 454 4464 In
494 4412 782 4481 reprobum
811 4425 939 4479 ergo
964 4423 1180 4463 sensum
1229 4407 1408 4462 traditi
1439 4414 1585 4469 sunt,
1625 4405 1750 4474 quia
1784 4405 1911 4459 dum

328 4514 512 4558 reatus
541 4504 620 4558 sui
645 4503 852 4573 pondus
881 4503 932 4555 in
965 4499 1194 4570 propriae
1217 4499 1411 4554 mentis
1438 4506 1635 4552 statera
1660 4512 1766 4550 non
1798 4503 1909 4549 tru-

326 4595 529 4658 tinant,
556 4593 928 4664 gravissimam
959 4591 1160 4662 plumbi
1192 4606 1446 4654 massam,
1481 4605 1761 4658 poenarum
1795 4588 1910 4642 ina-

325 4685 474 4737 nium
500 4684 774 4738 lcvitatem
800 4691 1010 4754 putant.
1038 4681 1190 4749 Quod
1211 4696 1339 4751 ergo
1363 4680 1468 4735 illic
1489 4680 1714 4734 dicitur:
1737 4697 1754 4729 ‹
1783 4678 1908 4733 Per-

323 4781 613 4829 cnsserunt
634 4788 750 4838 eos,
788 4774 876 4843 qui
905 4771 1037 4828 foris
1070 4779 1223 4826 erant
1250 4772 1491 4826 caecitate
1520 4769 1852 4842 (Geu.'xrx);
1886 4787 1904 4820 ι

324 4867 428 4921 hoc
458 4865 751 4933 Apostolus
774 4862 1060 4918 manifeste
1090 4863 1349 4928 declarat,
1377 4878 1498 4916 cum
1531 4861 1696 4916 dicit:
1726 4880 1744 4911 ‹
1779 4860 1910 4914 Tra-

324 4955 462 5011 didit
489 4970 585 5010 eos
611 4955 752 5009 Deus
782 4955 832 5008 in
872 4954 1158 5024 reprobum
1189 4967 1404 5007 sensum
1433 4967 1448 5018 ;
1485 4970 1504 5003 ι
1534 4960 1587 5006 ct
1615 4951 1755 5021 quod
1800 4950 1912 5006 illic

325 5046 708 5117 subjungitur:
741 5065 760 5096 ι
804 5045 873 5101 Ut
915 5044 1112 5100 ostium
1166 5043 1410 5097 invenire
1451 5057 1554 5095 non
1601 5049 1856 5110 possent;
1887 5060 1905 5092 ι

323 5139 430 5193 hoc
455 5138 620 5192 etiam
649 5146 895 5208 patenter
914 5137 1167 5205 exponit,
1211 5151 1334 5190 cum
1379 5134 1454 5188 ait
1489 5152 1501 5186 :
1533 5151 1552 5184 ι
1602 5131 1672 5187 Ut
1714 5131 1915 5213 faciant

323 5247 447 5302 qua:
469 5247 573 5286 non
597 5232 944 5286 conveniunt.
980 5250 998 5283 ι
1031 5229 1109 5285 Ae
1137 5232 1180 5284 si
1211 5231 1454 5300 diceret:
1485 5238 1544 5282 ut
1569 5228 1770 5282 intrare
1797 5236 1914 5282 ten-

324 5331 462 5387 tent,
493 5324 632 5378 unde
671 5337 775 5377 non
803 5322 1014 5378 debent.
1053 5321 1211 5393 154
1237 5322 1336 5389 Qui
1367 5321 1510 5376 enim
1553 5321 1804 5390 indignus
1827 5334 1916 5374 or-

323 5414 451 5470 dine
497 5417 564 5469 ad
606 5416 748 5470 sacri
797 5413 984 5470 altaris
1026 5414 1258 5469 ofﬁcium
1301 5422 1529 5467 conatur
1572 5411 1912 5482 irrumpere,

325 5506 456 5576 quid
486 5504 628 5559 aliud
657 5520 820 5574 quam
850 5506 1038 5560 relicto
1059 5505 1239 5574 januaz
1280 5503 1482 5568 limine,
1514 5517 1610 5572 per
1636 5501 1917 5556 immeabi-

328 5601 434 5655 lem
466 5599 692 5670 parietis
732 5598 941 5653 obicem
990 5599 1180 5652 nititur
1214 5596 1437 5653 introire
1462 5597 1484 5650 ?
1510 5596 1575 5649 Et
1609 5595 1732 5665 quia
1781 5594 1918 5650 liber

322 5691 556 5761 pedibus
585 5705 690 5744 non
724 5697 872 5759 patet
901 5690 1190 5759 ingressus,
1223 5692 1276 5745 hi
1319 5691 1449 5746 tales
1481 5690 1606 5744 dum
1635 5687 1736 5742 sibi
1763 5704 1920 5757 spon-

332 5784 461 5838 dent
507 5782 573 5838 ad
617 5783 916 5837 sacrarium
957 5797 1114 5852 posse
1153 5783 1482 5854 pertingere,
1516 5795 1609 5837 sua
1659 5794 1918 5851 praesunt-

1943 4564 1990 4620 D

2015 3297 2328 3362 connivent,
2353 3306 2406 3352 et
2429 3298 2825 3355 inconsiderato
2853 3301 3067 3356 silentio
3089 3304 3320 3358 subditis
3339 3307 3596 3373 peccandi

2013 3387 2286 3442 licentiam
2322 3391 2584 3458 praebent.
2629 3392 2896 3457 Audiant,
2944 3393 3187 3462 inquam,
3233 3403 3284 3448 et
3315 3396 3608 3462 prudenter

2015 3479 2340 3550 intelligant,
2363 3481 2487 3552 quia
2512 3496 2703 3535 omnes
2721 3482 3064 3537 uniformiter
3086 3483 3231 3554 digiti
3255 3495 3379 3539 sunt
3399 3497 3602 3552 morte;

2014 3570 2266 3625 videlicet
2294 3585 2396 3624 non
2427 3571 2596 3625 solum
2631 3572 2719 3641 qui
2751 3571 2838 3626 illa
2871 3572 3096 3640 faciunt,
3125 3577 3219 3629 sed
3259 3583 3312 3629 et
3355 3577 3446 3646 qui
3479 3591 3608 3630 con-

2016 3661 2259 3715 sentiunt
2290 3661 2630 3716 facientibus.

2634 3776 2864 3833 CAPUT
2900 3777 2988 3832 Vl.

2019 3870 2094 3926 De
2117 3871 2478 3942 spiritualibus
2518 3871 2752 3940 patribus
2792 3871 2879 3940 qui
2911 3886 3028 3925 cum
3075 3870 3201 3939 ﬁliis
3235 3872 3344 3926 suis
3372 3873 3608 3944 coinqui-

2713 3953 2927 3993 nuntur.

2089 4033 2220 4098 Sed,
2235 4049 2266 4086 o
2285 4033 2457 4087 scelus
2477 4033 2812 4087 inauditum!
2839 4048 2872 4087 ο
2890 4032 3098 4086 facinus
3117 4042 3229 4087 toto
3244 4017 3606 4106 lacrymarum

2017 4123 2164 4178 fonte
2212 4124 2538 4194 lugendum!
2575 4124 2632 4177 Si
2677 4123 2729 4177 hi
2780 4133 2954 4176 morte
2998 4123 3264 4192 plectent'i
3313 4135 3477 4189 sunt,
3516 4126 3606 4195 qui

2015 4215 2336 4270 facientibus
2353 4216 2454 4269 ista
2479 4215 2843 4280 consentiunt,
2874 4217 3017 4284 quod
3041 4216 3260 4286 dignum
3285 4217 3389 4271 illis
3409 4219 3609 4286 poterit

2017 4305 2671 4376 excogitarisupplieium,
2697 4306 2922 4374 quicum
2941 4307 3432 4376 suisspiritualibus
3472 4310 3598 4363 filiis

2016 4396 2130 4450 hare
2147 4396 2282 4449 mala
2298 4404 2538 4449 extrema
2555 4395 2901 4450 damnatione
2916 4396 3184 4466 punienda
3203 4399 3551 4454 committunt
3576 4400 3600 4454 ?

2016 4484 2281 4554 Quisjain
2329 4485 2382 4538 in
2413 4484 2666 4556 gregibus
2712 4486 2936 4555 reperiri
2986 4487 3162 4542 valeat
3195 4485 3430 4554 fruetus,
3476 4505 3605 4546 cuin

2017 4593 2200 4652 pastor
2226 4583 2276 4635 in
2301 4590 2545 4636 ventrem
2573 4581 2769 4636 diaboli
2803 4589 2910 4635 tam
2939 4582 3202 4652 profunda
3245 4582 3316 4637 sit
3353 4584 3606 4653 praccipi-

2019 4674 2222 4728 tatione
2245 4665 2561 4728 demersus?
2581 4673 2713 4739 Quis
2729 4673 2840 4742 jam
2869 4674 2967 4727 sub
2987 4674 3103 4741 ejus
3123 4674 3350 4743 imperio
3367 4686 3604 4738 maneat,

2018 4781 2177 4835 quem
2207 4774 2314 4818 tam
2357 4763 2626 4819 hostiliter
2666 4781 2693 4816 a
2724 4765 2834 4818 Deo
2866 4772 3184 4819 extraneum
3219 4781 3325 4818 non
3354 4765 3608 4834 ignorat?

2019 4860 2119 4927 Qui
2169 4859 2234 4912 de
2267 4858 2567 4927 pmnitente
2599 4855 2728 4911 facit
2757 4857 3026 4926 pellicem,
3071 4865 3126 4909 ct
3156 4870 3314 4924 quem
3346 4856 3604 4925 Spiritua-

2020 4949 2140 5004 liter
2170 4948 2281 5002 Deo
2307 4954 2567 5018 genuerat
2615 4947 2805 5009 filium,
2837 4945 3014 5000 ferreo
3055 4944 3331 4999 diabolica:
3359 4934 3606 5014 tyranni-

2017 5039 2099 5095 dis
2125 5038 2350 5107 imperio
2386 5053 2484 5106 per
2523 5052 2633 5091 sum
2665 5036 2842 5090 carnis
2893 5034 3289 5088 immunditiam
3319 5034 3607 5105 subjnngat

2017 5129 2274 5184 servum?
2323 5127 2378 5182 Si
2427 5128 2707 5181 mulierem
2755 5125 2876 5195 quis
2923 5124 3106 5189 violat,
3148 5139 3309 5194 quam
3341 5126 3407 5180 de
3451 5141 3606 5181 sacro

2017 5222 2165 5276 fonte
2199 5221 2413 5284 levavit,
2444 5219 2680 5287 nunquid
2713 5231 2818 5270 non
2845 5215 3047 5284 absque
3092 5215 3200 5269 ullo
3249 5217 3605 5271 cunctatioiiis

2017 5314 2300 5372 obstaculo
2350 5312 2728 5368 communione
2774 5309 3069 5379 privandus
3114 5322 3235 5364 esse
3276 5307 3607 5372 decernitur,

2024 5404 2182 5476 155
2213 5415 2268 5460 et
2299 5416 2584 5457 sacrorum
2632 5413 2860 5455 censura
2895 5413 3158 5453 canonum
3198 5413 3296 5468 per
3339 5397 3606 5468 publieam

2019 5495 2398 5568 paenitentiam
2427 5488 3218 5557 transirejubetur?Scriptum
3241 5501 3478 5557 namque
3490 5497 3604 5540 est:

2021 5589 2156 5656 Quia
2185 5586 2357 5656 major
2384 5597 2465 5640 est
2493 5583 2772 5653 generatio
2802 5580 3118 5650 spiritualis,
3165 5593 3324 5648 quam
3355 5577 3605 5632 carnalis.

2094 5680 2346 5748 Sequitur
2372 5691 2502 5746 ergo
2528 5717 2542 5741 ,
2593 5685 2648 5729 ut
2674 5675 2860 5730 eadem
2901 5673 3166 5728 sententia
3197 5671 3356 5740 digne
3385 5669 3608 5723 feriatur

2023 5779 2079 5826 et
2106 5769 2196 5839 qui
2245 5769 2516 5824 carnalem
2562 5767 2724 5822 filiam
2756 5765 3007 5837 perdidit,
3055 5771 3106 5820 et
3151 5761 3242 5831 qui
3275 5757 3605 5830 spiritualem
