4106 6310
503 365 605 421 167

966 357 1025 414 S.
1062 354 1264 410 PETRI
1299 350 1579 407 DAMIANI
1616 349 1767 407 OI’P.
1809 341 2047 402 TOMUS
2084 337 2213 396 SEU
2253 336 2433 393 PARS
2466 334 2555 390 lll.
2585 331 3046 393 —.OPUSCULA
3092 330 3324 387 VARIA.

3673 329 3777 390 168

505 479 768 549 sacrilega
815 473 1191 531 commistione
1237 469 1480 540 corrupit
1506 484 1522 534 ;
1568 465 1671 521 nisi
1717 462 1854 519 forte
1894 461 1949 515 in
1994 457 2099 512 hoc
2124 460 2173 518 Α
2204 451 2418 514 metuit,
2448 464 2570 503 cum
2597 463 2662 502 eo
2683 446 2864 513 simul,
2893 446 2985 516 qui
3011 444 3277 515 sequitur,
3298 441 3581 515 praesentis
3608 442 3780 498 ruina

504 548 789 641 utriusque
872 564 1115 621 criminis
1194 561 1430 630 qualitas
1509 559 1884 618 discernatur,
1954 548 2098 619 quod

508 640 759 731 uterque,
810 656 937 711 licet
985 654 1313 714 incestuose,
1353 648 1671 704 naturaliter
1709 655 1924 706 tamen,
1969 640 2098 709 quia

460 791 473 815 ,
507 763 631 805 eum
705 745 931 801 muliere
1002 741 1286 812 peccavit;
1330 739 1419 793 ille
1512 747 1693 791 autem
1753 731 2095 800 sacrilegium

460 836 778 894 .commisit
828 836 881 890 in
946 833 1151 896 lilium,
1213 831 1455 886 incestus
1511 828 1717 882 crimen
1764 823 1995 879 incurrit
2043 821 2097 876 in

506 927 827 989 masculum,
859 932 1064 978 naturae
1084 921 1206 991 jura
1228 920 1491 976 dissolvit.
1519 918 1603 982 Et,
1631 924 1690 972 ut
1712 913 2094 974 mihividetur,

506 1018 841 1075 tolerabilius
863 1024 947 1070 est
971 1027 1093 1068 cum
1117 1011 1338 1082 pecude,
1370 1025 1531 1079 quam
1563 1022 1685 1062 cum
1709 1007 1828 1059 viro
1858 1004 1911 1057 in
1939 1001 2097 1055 luxu-

508 1113 605 1168 ria:
632 1110 892 1179 ﬂagitium
934 1106 1060 1162 labi.
1092 1105 1305 1172 Quanto
1352 1102 1600 1157 videlicet
1633 1095 2099 1165 leviusjudicatur

510 1184 809 1274 quemlibet
838 1199 1011 1256 solum
1036 1197 1235 1267 perire,
1280 1209 1441 1264 quam
1466 1208 1648 1248 secum
1678 1202 1891 1259 quoque
1934 1185 2095 1240 alium

515 1293 586 1347 ad
633 1291 887 1346 interitus
909 1286 1203 1358 perniciem
1257 1277 1858 1338 trabere.’1lliserabilis
1900 1275 2098 1344 quippe

512 1384 754 1439 conditio
777 1391 880 1447 est,
911 1381 1001 1435 ubi
1030 1380 1109 1435 sic
1150 1378 1309 1433 unius
1339 1377 1493 1431 ruina
1533 1373 1733 1445 pendet
1776 1386 1843 1427 ex
1889 1369 2095 1434 altero;

512 1483 574 1528 ut
602 1475 726 1528 dum
754 1487 894 1527 unus
920 1468 1306 1542 exstinguitur,
1337 1468 1475 1523 alter
1499 1466 1555 1521 in
1586 1473 1816 1521 mortem
1846 1477 2099 1519 necessa-

517 1565 603 1621 rio
625 1565 1005 1634 subsequatur.

1118 1690 1346 1748 CAPUT
1393 1688 1501 1745 VII.

2199 543 2414 599 foveam
2443 559 2548 598 non
2576 542 2774 598 evadit.

2782 629 3015 686 CAPUT
3055 628 3189 684 Vlll.

2200 723 2354 789 Quod
2389 724 2523 778 sicut
2580 722 2867 793 sacrilegus
2904 722 3123 793 uirginis
3162 718 3425 793 violator,
3457 719 3533 774 ita
3570 736 3778 793 quoque

2302 793 2400 862 ﬁlii
2430 793 2722 864 spiritualis
2748 791 3057 863 prostitutor
3070 791 3197 861 jure
3224 791 3291 844 sit
3314 791 3670 861 deponendus.

2278 906 2381 962 Sed
2398 906 2511 976 jam
2551 917 2604 964 te
2623 921 2718 961 ore
2739 905 2808 961 ad
2835 920 2915 968 os,
2945 904 3190 975 quisquis
3216 918 3296 971 es,
3323 903 3561 960 carnalis
3584 904 3777 975 homo,

2196 998 2477 1053 convenio.
2506 995 2884 1067 Nunquidnam
2912 995 3032 1049 ideo
3060 993 3436 1065 spiritualibus
3472 994 3608 1049 viris
3638 1009 3778 1050 con-

2197 1089 2339 1146 ﬁteri
2370 1090 2661 1146 commissa
2704 1089 2975 1144 detrectas
3001 1103 3017 1153 ;
3052 1089 3176 1158 quia
3203 1096 3259 1143 et
3307 1087 3378 1142 ab
3408 1086 3784 1143 ecclesiastico

2196 1186 2364 1256 gradu
2390 1199 2604 1240 cessare
2632 1182 2936 1238 formidas?
2966 1180 3075 1237 Sed
3119 1190 3327 1251 quanto
3367 1180 3639 1236 salubrius
3666 1187 3789 1235 erat

2196 1278 2251 1333 in
2281 1284 2574 1347 conspectu
2598 1274 2878 1330 hominum
2915 1272 3266 1343 temporalem
3293 1273 3501 1344 perpeti
3522 1285 3787 1328 verecun-

2198 1375 2364 1437 diam,
2392 1386 2555 1442 quam
2602 1378 2729 1424 ante
2764 1367 3000 1422 tribunal
3031 1366 3250 1436 superni
3283 1364 3492 1421 Iudicis
3517 1374 3780 1421 aeternam

2198 1463 2379 1517 subire
2397 1459 2738 1516 vindictam?
2766 1457 2908 1512 Dicis
2932 1456 3161 1511 forsitan
3184 1456 3316 1511 mihi
3346 1473 3360 1509 :
3390 1454 3449 1510 Si
3493 1455 3789 1511 solummo-

2200 1551 2269 1608 do
2300 1551 2440 1605 inter
2468 1547 2676 1604 femora
2704 1547 2788 1602 vir
2815 1560 2937 1601 cum
2963 1545 3080 1600 viro
3099 1544 3383 1611 ceciderit,
3401 1543 3786 1614 pmnitentiam

2205 1642 2428 1712 quidem
2455 1647 2601 1710 aget,
2641 1637 2737 1693 sed
2763 1638 2863 1706 pice
2882 1634 3238 1696 humanitatis
3265 1633 3466 1689 intuitu
3514 1632 3792 1690 irrevoca-

2206 1732 2386 1789 biliter
2409 1746 2439 1785 a
2472 1744 2570 1786 suo
2594 1729 2763 1801 gradu
2785 1726 2948 1796 dejici
2979 1742 3085 1781 non
3128 1726 3309 1781 debet.
3336 1725 3533 1792 Quaero
3560 1726 3658 1782 abs
3688 1734 3741 1781 te
3772 1744 3787 1779 :

518 1806 1067 1876 θ⁸ί¹¹ί⁸’¹7²¹ί⁶ί³ί¹⁸”⁸’
1094 1821 1212 1893 “mf
1235 1805 1420 1893 ίζξῗίδίξδ
1438 1802 1574 1893 (πρά
1596 1810 1738 1867 ³²⁴η¹’
1762 1817 1859 1854 sua
1880 1798 2103 1854 “imm”
2134 1807 2178 1865 Β
2208 1825 2265 1881 Si
2308 1822 2432 1893 quis
2473 1798 2737 1891 sacrilege
2790 1835 2914 1875 cum
2961 1816 3167 1887 virgine
3207 1817 3541 1886 periclitatus
3586 1816 3750 1873 fuerit
3772 1856 3789 1881 ,
3854 1856 3863 1861 .

1146 1876 1478 1943 con/itealur.

594 1989 660 2045 Ut
681 2000 862 2045 autem
886 1988 1168 2047 diabolica:
1193 1986 1610 2043 machinationis
1653 1991 1968 2054 argumenta
2000 1997 2107 2037 non

522 2084 758 2150 lateant,
811 2084 905 2139 sed
954 2098 1074 2152 quae
1127 2083 1180 2136 in
1241 2079 1459 2137 officina
1516 2081 1716 2136 veteris
1762 2080 1980 2136 malitiae
2021 2093 2109 2133 se-

524 2184 679 2231 creto
701 2174 1054 2236 fabricantur,
1073 2172 1126 2226 in
1148 2172 1320 2226 lucem
1337 2187 1423 2225 me
1438 2169 1765 2240 pallilicante
1778 2170 2104 2240 procedant;

523 2266 655 2323 illud
684 2265 1004 2320 absconsum
1042 2264 1107 2318 iri
1140 2279 1247 2318 non
1292 2262 1490 2333 patior,
1518 2262 1662 2332 quod
1705 2262 1922 2331 quidam
1950 2259 2109 2325 hujus

525 2370 731 2412 veneno
758 2353 1001 2409 criminis
1033 2353 1238 2419 satiati,
1280 2352 1407 2406 dum
1439 2351 1594 2421 quasi
1624 2351 1690 2406 ad
1734 2365 1830 2405 cor
1860 2349 2108 2414 redeunt,

522 2460 594 2500 ne
619 2454 801 2501 reatus
832 2444 897 2500 ad
928 2444 1156 2498 aliorum
1201 2442 1450 2498 notitiam
1477 2440 1722 2512 prodeat,
1773 2441 1911 2495 inter
1936 2455 1995 2495 se
2024 2439 2109 2493 in-

522 2539 698 2593 vicem
726 2537 1089 2592 conﬁtentur:
1120 2543 1174 2591 et
1198 2534 1325 2589 dum
1353 2534 1631 2588 hominum
1675 2532 1872 2588 faciem
1914 2531 2110 2586 erube-

525 2641 704 2695 scunt,
727 2630 819 2699 qui
847 2638 1024 2684 reatus
1042 2636 1291 2683 auctores
1315 2627 1573 2690 existunt,
1598 2626 1696 2696 ipsi
1713 2625 1922 2694 judiccs
1944 2623 2108 2679 fiunt:

526 2730 585 2775 et
610 2720 959 2775 indiscretum
1003 2718 1409 2789 indulgentiam,
1443 2732 1604 2785 quam
1636 2716 1735 2771 sibi
1766 2715 1994 2785 quisque
2035 2712 2114 2766 af-

529 2809 699 2865 fectat
734 2809 988 2878 impendi,
1016 2809 1246 2879 gaudeat
1287 2808 1441 2863 alteri
1473 2807 1671 2862 vicaria
1716 2806 2115 2877 permutatione

528 2898 732 2968 largiri.
783 2897 937 2954 Unde
981 2897 1062 2963 fit,
1090 2908 1151 2952 ut
1187 2906 1243 2951 et
1274 2912 1587 2965 magnorum
1627 2895 1915 2951 criminum
1941 2893 2116 2964 potni-

528 2996 707 3043 tentes
733 2988 863 3052 sint,
889 2994 945 3043 et
973 2995 1149 3041 tamen
1185 3002 1285 3041 nec
1314 3001 1409 3040 ora
1456 2985 1663 3057 jejunio
1701 2984 1970 3056 palleant,
2016 2998 2116 3039 nec

530 3068 980 3148 corpora'macie
1031 3079 1455 3143 contabescant;
1504 3086 1559 3132 et
1597 3079 1723 3132 dum
1767 3076 1911 3131 nullo
1958 3077 2116 3132 modo

530 3178 721 3223 venter
750 3168 818 3223 ab
841 3167 1195 3222 immoderata
1236 3168 1612 3222 alimentorum
1644 3167 1990 3238 perceptione
2032 3181 2110 3221 re-
2142 3159 2186 3220 C

530 3260 854 3330 stringitur,
904 3261 958 3314 in
1009 3260 1257 3315 ardorem
1305 3268 1577 3315 consuetae
1624 3260 1860 3315 libidinis
1905 3259 2118 3313 animus

533 3355 766 3424 turpiter
818 3350 1201 3406 inflammatur.
1249 3351 1367 3419 Quo
1433 3352 1510 3417 fit,
1564 3361 1625 3406 ut
1677 3353 1769 3424 qui
1829 3353 2115 3408 commissa

533 3446 765 3500 necdum
796 3442 1034 3510 fleverat,
1069 3444 1242 3498 adlmc
1270 3444 1508 3498 deterius
1536 3443 1763 3513 lugenda
1794 3444 2114 3499 committat.

608 3537 717 3593 Sed
737 3535 874 3606 legis
887 3544 1211 3606 praeceptum
1232 3544 1553 3599 est,utcum
1583 3534 1866 3606 quislepra
1897 3534 2119 3605 perfun-

537 3628 721 3692 ditur,
765 3625 1135 3681 sacerdotibus
1185 3627 1503 3681 osteudatur
1543 3644 1559 3691 ;
1610 3636 1736 3681 tunc
1781 3635 1959 3681 autem
2012 3643 2121 3683 non

543 3717 915 3774 sacerdotibus
969 3716 1063 3772 sed
1120 3715 1331 3787 leproso
1383 3717 1561 3786 potius
1616 3718 1947 3781 ostenditur,
2000 3731 2124 3771 cum

539 3811 848 3865 immundus
872 3809 1148 3863 immundo
1164 3818 1439 3880 peractam
1461 3826 1799 3865 communem
1825 3811 2120 3879 nequitiam

542 3902 848 3957 confitetur.
877 3900 983 3956 Sed
999 3917 1121 3956 cum
1137 3901 1408 3957 confessio
1432 3903 1615 3971 utique
1636 3903 2003 3957 manifestatio
2030 3903 2119 3968 sit,

539 3994 692 4064 quid,
741 3993 991 4058 obsecro,
1032 3992 1376 4059 manifestat,
1423 3994 1513 4063 qui
1564 3994 1801 4049 audienti
1847 3994 2121 4063 cognitum

542 4096 749 4149 narrat,
782 4092 875 4137 aut
900 4098 1008 4153 quo
1032 4093 1193 4152 pacto
1219 4082 1489 4138 confessio
1517 4083 1605 4137 illa
1634 4084 1859 4139 dicenda
1887 4094 1991 4151 est,
2030 4085 2122 4140 ubi

542 4175 680 4233 nihil
701 4193 730 4231 a
751 4176 1045 4231 confitente
1072 4174 1472 4240 manifestatur,
1498 4175 1601 4230 nisi
1627 4177 1771 4245 quod
1795 4174 2125 4247 jampridem

542 4271 611 4324 ab
659 4269 909 4323 audiente
968 4267 1365 4337 cognoscitur?
1413 4267 1482 4322 Et
1527 4268 1619 4338 qui
1679 4267 1863 4323 sociali
1912 4268 2125 4323 vinculo

540 4370 779 4430 peracta:
805 4359 1106 4429 iniquitatis
1151 4359 1490 4431 astringitur,
1523 4375 1628 4430 qua
1670 4359 1809 4430 lege,
1858 4374 1964 4429 quo
2000 4359 2125 4428 jure

544 4453 770 4505 alterum
798 4450 993 4519 poterit
1021 4449 1193 4516 ligare
1217 4449 1299 4504 vel
1319 4451 1568 4504 solvere?
1593 4450 1814 4504 Frustra
1837 4450 1981 4504 enim
2006 4451 2127 4520 quis

548 4542 716 4596 alium
744 4541 956 4596 solvere
981 4541 1192 4607 nititur,
1220 4540 1312 4610 qui
1340 4550 1397 4596 et
1434 4541 1547 4611 ipse
1590 4541 1818 4597 vinculis
1863 4543 2125 4597 irretitur.
2158 4534 2205 4591 ί)

548 4632 614 4689 Et
644 4626 736 4704 qui
761 4646 906 4688 caeco
947 4631 1064 4686 vult
1107 4632 1224 4685 lieri
1272 4632 1379 4686 dux
1410 4633 1637 4697 itineris,
1678 4648 1902 4689 necesse
1939 4643 2023 4688 est
2071 4645 2131 4688 ut

548 4729 664 4799 ipse
694 4726 894 4792 videat,
942 4739 1011 4780 ne
1048 4724 1293 4796 sequenti
1340 4740 1401 4780 se
1455 4735 1646 4780 auctor
1692 4725 2131 4797 praecipitationis

550 4820 666 4885 ﬁat,
696 4819 838 4875 sicut
862 4831 996 4873 voce
1022 4815 1279 4872 Veritatis
1305 4816 1521 4881 dicitur,
1548 4814 1637 4870 ubi
1668 4817 1779 4870 ait:
1812 4834 1830 4866 «
1868 4816 1925 4871 Si
1954 4830 2131 4871 caecus

444 4950 451 4957 ς
548 4928 751 4969 catcum
776 4912 1009 4977 duxerit,
1027 4912 1189 4967 ambo
1214 4911 1265 4965 in
1282 4910 1488 4967 foveam
1502 4910 1704 4966 cadunt
1723 4909 2077 4981 (Maulmw);
2108 4930 2126 4963 ι

548 5013 605 5058 et
631 5005 871 5059 iterum:
912 5022 931 5056 ‹
971 5002 1134 5058 Vides
1181 5001 1447 5059 festucam
1492 5003 1545 5057 in
1591 5001 1747 5057 oculo
1795 5000 1978 5057 fratris
2032 5002 2129 5067 tui,

553 5095 761 5148 trabem
788 5102 988 5159 autem,
1021 5111 1138 5164 qua:
1168 5094 1221 5148 iu
1252 5093 1412 5150 oculo
1444 5103 1533 5148 tuo
1558 5101 1661 5156 est,
1692 5109 1799 5149 non
1823 5094 2132 5151 consideras

554 5189 770 5261 (.llatth.
811 5188 1259 5260 vn):Hypocrita
1286 5230 1301 5255 ,
1343 5189 1482 5258 ejice
1527 5190 1759 5259 primum
1818 5190 2024 5244 trabem
2070 5189 2135 5244 de

551 5281 707 5337 oculo
739 5288 830 5335 tuo
855 5290 911 5334 et
942 5290 1068 5336 tunc
1096 5282 1409 5352 perspicies.
1453 5289 1513 5335 ut
1538 5282 1736 5337 educas
1780 5279 2041 5337 festucam
2070 5280 2136 5336 de

552 5370 710 5425 oculo
742 5369 927 5424 fratris
954 5370 1027 5423 tui
1051 5369 1201 5440 (Luc.
1227 5370 1324 5442 vi).
1364 5390 1382 5423 ι

628 5480 788 5552 156
835 5480 932 5535 His
958 5480 1283 5551 evangelicis
1313 5482 1635 5539 testimoniis
1658 5483 2002 5553 apertissime
2043 5485 2138 5541 de-

554 5573 813 5638 claratur,
844 5575 973 5642 quia
998 5573 1090 5643 qui
1115 5574 1357 5644 ejusdem
1387 5586 1567 5633 reatus
1592 5577 1828 5633 tenebris
1850 5579 2133 5646 premitur,

555 5665 756 5718 frustra
780 5664 946 5719 alium
972 5665 1038 5719 ad
1061 5664 1237 5720 lumen
1256 5668 1588 5736 pmnitentiae
1611 5683 1869 5725 revocare
1887 5680 2133 5734 conatur;

554 5767 610 5811 et
630 5757 756 5811 dum
788 5771 949 5827 supra
977 5758 1119 5816 vires
1148 5773 1275 5816 suas
1312 5757 1476 5815 alium
1528 5760 1764 5817 errando
1798 5760 1976 5831 perire
2028 5777 2133 5817 non

2210 1915 2451 1985 nunquid
2483 1914 2536 1968 in
2569 1927 2667 1967 suo
2709 1910 2878 1982 gradu
2911 1918 3002 1965 tuo
3035 1907 3240 1977 judicio
3269 1906 3656 1984 permanebit?
3683 1905 3792 1961 Sed

2210 2024 2319 2063 non
2367 2014 2452 2061 est
2497 2003 2831 2075 ambiguum,
2862 2001 2993 2072 quin
3041 1998 3343 2068 hujusmodi
3375 2014 3602 2075 censeas
3627 2000 3792 2068 depo-

2210 2101 2447 2156 nendum
2472 2114 2487 2165 ;
2516 2111 2858 2167 consequens
2888 2077 3074 2163 igitur.
3102 2101 3186 2148 est
3211 2129 3227 2156 ,
3262 2101 3324 2147 ut
3349 2092 3490 2161 quod
3524 2092 3591 2147 de
3634 2106 3790 2146 sacra

2211 2189 2423 2257 virgine
2472 2184 2869 2241 rationabiliter
2917 2182 3158 2253 asseris,
3209 2182 3277 2236 de
3337 2181 3446 2237 filio
3517 2179 3785 2250 spirituali

2211 2282 2374 2338 etiam
2410 2278 2797 2335 inevitabiliter
2822 2274 3087 2339 fatearis;
3121 2289 3184 2329 ac
3223 2289 3318 2344 per
3360 2273 3464 2327 hoc
3489 2312 3504 2336 ,
3550 2270 3693 2342 quod
3727 2270 3796 2325 de

2212 2373 2585 2446 spiritualibus
2617 2371 2863 2442 patribus
2894 2368 3094 2423 videris
3136 2382 3382 2422 asserere
3406 2405 3422 2431 ,
3448 2364 3679 2434 idipsum
3715 2371 3792 2426 te,

2212 2479 2439 2521 necesse
2464 2471 2590 2526 est,
2638 2462 2706 2516 de
2737 2457 2951 2514 clericis
2994 2456 3241 2511 definire.
3300 2455 3413 2510 llac
3463 2463 3642 2509 tamen
3668 2492 3686 2519 ,
3738 2462 3798 2507 ut

2213 2558 2415 2612 dictum
2444 2563 2549 2619 est,
2575 2551 2890 2606 diversitate
2917 2557 3134 2604 servata
3164 2552 3187 2613 ,⁷
3208 2546 3333 2615 quia
3371 2546 3473 2600 hoc
3497 2551 3646 2598 tanto
3675 2558 3797 2612 per—

2214 2649 2469 2721 penditur
2489 2660 2612 2702 esse
2637 2643 2896 2707 deterius,
2924 2649 3128 2711 quanto
3174 2654 3273 2709 per
3318 2638 3658 2695 identitatem
3708 2651 3795 2690 se-

2214 2756 2378 2797 xuum
2407 2748 2614 2815 natura;
2645 2736 2907 2807 probatur
2954 2733 3243 2788 adversum
3267 2770 3282 2797 ,
3315 2740 3372 2786 et
3403 2740 3513 2784 tum
3558 2730 3613 2783 in
3650 2726 3795 2796 judi-

2215 2832 2404 2888 candis
2431 2824 2743 2885 excessibus
2777 2824 2900 2894 jure
2926 2824 2994 2879 ad
3040 2821 3406 2892 delinquentis
3446 2834 3662 2889 semper
3710 2834 3797 2873 re-

2223 2930 2479 2979 curratur
2503 2919 2814 2983 arbitrium,
2862 2917 2953 2986 qui
2998 2914 3296 2971 masculina
3337 2911 3543 2966 femora
3582 2909 3799 2980 polluit,

2219 3015 2263 3069 si
2291 3021 2483 3069 natura
2510 3011 2872 3083 permitteret,
2895 3006 3153 3078 quidquid
3180 3005 3232 3058 in
3262 3002 3577 3057 mulieribus
3596 2999 3799 3070 agitur,

2221 3119 2390 3163 totum
2434 3109 2486 3162 in
2515 3104 2754 3161 masculo
2785 3118 2883 3173 per
2933 3097 3210 3156 eiii-enata:
3244 3094 3483 3151 libidinis
3529 3092 3802 3148 insaniam

2219 3207 2574 3271 perpetraret,
2600 3196 2730 3251 fecit
2749 3193 2892 3265 quod
2920 3192 3092 3263 potuit
3122 3208 3135 3244 :
3164 3190 3233 3243 ad
3272 3189 3389 3243 haec
3413 3198 3586 3256 usque
3604 3174 3802 3254 pen-ei-

2217 3291 2372 3345 niens
2402 3303 2522 3359 qua:
2570 3294 2762 3341 natura
2816 3281 3062 3354 negavit,
3093 3287 3149 3335 et
3192 3278 3306 3333 illic
3345 3278 3547 3333 invitus
3594 3281 3801 3330 metam

2218 3379 2465 3436 criminis
2490 3378 2627 3441 ﬁxit,
2662 3375 2749 3429 ubi
2796 3383 3005 3429 natura:
3035 3370 3337 3427 necessitas
3380 3365 3803 3423 intransmeabi-

2219 3471 2323 3525 lem
2356 3468 2629 3523 facultatis
2654 3465 2942 3522 terminum
2969 3460 3273 3519 collocavit.
3299 3459 3435 3526 Quia
3459 3474 3591 3528 ergo
3611 3458 3803 3514 eadem

2218 3561 2306 3616 lex
2341 3568 2427 3616 est
2474 3559 2755 3627 utriusque
2801 3570 2965 3611 sexus
3011 3552 3144 3609 viris
3187 3550 3360 3608 sacris
3387 3590 3404 3616 ,
3450 3560 3508 3605 et
3544 3547 3803 3611 clericis;

2222 3652 2603 3707 concludamus
2632 3663 2851 3704 necesse
2873 3653 2977 3711 est,
3004 3655 3065 3701 ut
3091 3645 3231 3700 sicut
3254 3642 3482 3713 virginis
3503 3639 3806 3711 sacrilegus

2224 3742 2605 3811 violatorjure
2645 3741 2970 3811 deponitur,
3025 3739 3099 3793 ita
3148 3738 3312 3793 etiam
3359 3735 3456 3790 filii
3508 3731 3810 3803 spiritualis

2224 3838 2541 3907 prostitutor
2586 3835 2759 3889 modis
2800 3832 3052 3889 omnibus
3092 3847 3122 3886 a
3172 3845 3271 3887 suo
3328 3828 3677 3884 nihilominus
3720 3840 3810 3880 ar-

2223 3936 2414 3983 ceatur
2440 3924 2639 3981 cilicio.
2731 3983 2739 3989 ,
2944 3970 2948 3979 ,

2834 4012 3063 4069 CAPUT
3103 4009 3196 4067 IX.

2229 4110 2383 4176 Quod
2418 4106 2912 4179 ejusdemgcriminis
2941 4121 3059 4179 reus
3082 4104 3184 4179 sit,
3213 4102 3384 4179 etqui
3410 4118 3530 4157 cum
3553 4099 3807 4174 .camali,

2599 4177 2676 4233 vel
2710 4175 3035 4247 baptismatis
3064 4174 3180 4244 ﬁlia
3211 4174 3429 4228 labitur.

2296 4298 2367 4353 Et
2401 4304 2461 4351 ut
2488 4296 2556 4351 ad
2586 4308 2791 4359 sacros,
2824 4293 2875 4348 id
2906 4300 3026 4358 est,
3068 4289 3437 4347 exsecrabiles
3461 4287 3810 4347 confcssores

2229 4390 2403 4448 adhuc
2430 4403 2489 4444 se
2517 4385 2898 4456 disputationis
2921 4398 3104 4440 sermo
3136 4391 3484 4453 retorqueat:
3518 4382 3563 4436 si
3584 4380 3814 4452 quilibet

2230 4478 2526 4535 canonicus
2573 4477 2856 4546 presbyter
2887 4489 3010 4529 cum
3051 4473 3280 4529 muliere
3313 4471 3529 4537 cecidit,
3580 4471 3665 4526 cui
3694 4484 3813 4540 pa:-

2232 4569 2471 4625 nitentiae
2490 4567 2751 4637 judicium
2779 4565 2865 4621 vel
2898 4562 3066 4622 semel
3094 4564 3306 4629 indixit,
3337 4578 3370 4618 a
3415 4563 3632 4619 nemine
3654 4576 3815 4631 pror-

2232 4680 2325 4720 sus
2349 4661 2662 4733 ambigitur,
2686 4660 2814 4729 quin
2842 4658 3119 4732 synodalis
3137 4671 3369 4714 censura
3388 4655 3583 4726 judicii
3615 4655 3814 4725 degra-

2231 4758 2391 4815 detur
2423 4772 2438 4822 ;
2468 4756 2511 4809 si
2556 4763 2735 4810 autem
2782 4752 3069 4823 religiosus
3112 4767 3235 4806 cum
3288 4750 3541 4821 religioso
3587 4746 3812 4811 labitur,
3855 4749 3862 4757 '

2233 4848 2317 4904 cui
2344 4845 2595 4902 videlicet
2626 4844 2712 4899 vel
2740 4845 2793 4897 in
2826 4843 3003 4898 danda
3032 4840 3353 4911 pcenitentia
3370 4839 3536 4912 judex
3581 4836 3814 4899 exstitit,
3858 4867 3862 4877 ι

2234 4937 2321 4991 vel
2379 4936 2435 4990 in
2500 4935 2816 5004 accipiendo
2867 4931 3143 5002 judicatus
3196 4931 3346 4998 fuit,
3399 4929 3640 5000 nunquid
3704 4942 3815 4982 non

2235 5026 2475 5081 dictante
2494 5023 2706 5093 jnstitia
2727 5025 2810 5080 sui
2832 5025 3043 5093 ordinis
3065 5024 3272 5079 honore
3292 5022 3535 5078 carebit?
3558 5019 3637 5076 Ita
3661 5035 3819 5075 nam-

2236 5131 2343 5185 que
2370 5114 2585 5185 vulgata
2622 5114 3014 5170 consuetudine
3041 5113 3242 5171 dicitur
3268 5111 3411 5167 ﬁlius
3460 5109 3816 5182 paenitentiae,

2243 5206 2399 5279 157
2433 5206 2576 5261 sicut
2628 5205 2772 5262 filius
2819 5204 3095 5275 baptismi.
3123 5202 3278 5260 Unde
3328 5210 3384 5258 et
3428 5202 3496 5259 de
3536 5200 3598 5255 B.
3633 5199 3820 5255 Marco
3878 5200 3885 5208 '

2238 5297 2574 5370 evangelista
2622 5298 2818 5370 legitur
2850 5316 2865 5352 :
2897 5315 2916 5349 ι
2951 5296 3086 5364 Quia
3121 5293 3267 5350 Petri
3296 5301 3381 5349 est
3406 5293 3463 5348 in
3492 5291 3822 5362 baptismate

2242 5391 2383 5449 Illius
2412 5391 2463 5464 (I
2480 5388 2603 5446 Cor.
2630 5391 2692 5463 ι).
2718 5410 2737 5443 ›
2755 5391 2822 5445 Et
2849 5389 3095 5461 egregius
3119 5387 3445 5457 prmdicator
3472 5384 3632 5441 dicit:
3662 5404 3684 5465 ε
3700 5382 3820 5438 Non

2239 5484 2383 5538 enim
2442 5482 2591 5537 misit
2638 5496 2725 5536 me
2770 5480 3020 5536 Christus
3064 5478 3362 5548 baptizare,
3407 5476 3503 5532 sed
3548 5474 3821 5544 evangeli-

2241 5590 2400 5638 zare;
2436 5593 2454 5626 ι
2492 5573 2609 5643 ipse
2636 5573 2767 5627 item
2799 5571 2969 5627 dicit:
3006 5587 3025 5621 ι
3055 5568 3186 5635 Qua:
3213 5577 3300 5625 est
3324 5569 3470 5629 enim
3501 5567 3670 5639 gloria
3699 5582 3819 5620 mea

2239 5675 2366 5718 ante
2408 5665 2729 5719 Dominum?
2774 5679 2955 5719 nonne
2982 5663 3112 5718 vos?
3152 5662 3207 5717 in
3255 5661 3473 5718 Christo
3515 5661 3660 5717 enim
3690 5658 3820 5715 Jesu

2240 5771 2336 5828 per
2351 5755 2696 5827 Evangelium
2718 5758 2927 5829 egozvos
2948 5756 3107 5826 genui
3123 5752 3311 5829 (LCor.
3325 5756 3420 5827 tv).
3436 5774 3457 5808 ι
3474 5754 3821 5824 Rursumque
