4110 5364
875 322 978 332 μὴ

295 391 398 445 1⁸89

1242 387 1481 444 Ol’USC.
1519 386 1622 440 VII.
1652 418 1722 428 -—
1746 387 1945 441 LIBER
1983 385 2552 443 GOMOllBHIANUS.

3443 386 3542 438 170

292 506 362 558 ad
383 501 603 558 Galatas
629 500 706 555 ait
741 517 752 553 :
785 519 803 552 ι
836 499 1010 555 Filioli
1041 502 1170 567 mei,
1194 517 1331 572 quos
1377 502 1570 555 iterum
1601 504 1861 571 partui-io,
1894 507 1941 566 Α
1972 502 2277 568 redeamus,
2305 503 2505 557 dicitur
2539 519 2552 554 :
2582 501 2718 567 Quia
2758 500 3040 570 presbyter
3068 515 3170 554 non
3202 499 3408 569 prolato
3437 518 3544 553 mo-

291 593 467 646 donec
495 590 758 644 formetur
780 589 1031 644 Christus
1057 590 1113 644 in
1138 591 1291 645 vobis
1318 589 1459 660 (Gal.
1485 590 1579 659 ιν).
1613 609 1630 642 ι
1661 589 1716 643 Si
1739 607 1869 660 ergo

290 681 382 734 ille
411 680 618 750 genuit,
650 679 739 733 ille
769 681 1041 748 parturiit,
1074 681 1165 751 qui
1199 697 1304 736 non
1340 690 1423 736 est
1451 681 1646 736 missus
1696 683 1870 751 bapzi-

288 787 438 834 zare,
469 771 560 825 sed
588 771 982 842 evangelizare,
1007 787 1069 827 ac
1099 789 1195 843 per
1217 775 1318 827 hoc
1345 774 1716 844 paenitentiam
1747 789 1869 843 pro-

286 877 511 925 vocare,
534 877 770 931 congrue
796 864 993 916 dicitur
1020 872 1075 917 et
1119 865 1205 920 ille
1235 865 1395 929 filius,
1433 867 1523 935 qui
1550 866 1782 935 accipit;
1815 876 1869 921 et

287 953 376 1006 i-lle
425 961 602 1022 pater,
646 954 738 1022 qni
788 955 1160 1022 paenitentiam
1214 957 1458 1026 imponit.
1494 955 1612 1011 Jam
1662 973 1792 1028 ergo
1821 958 1867 1013 si

285 1045 538 1111 superius
567 1044 713 1098 dicta
764 1045 1035 1098 subtiliter
1079 1048 1451 1111 attenduntur,
1506 1047 1624 1103 luce
1669 1049 1869 1104 clarius

283 1142 521 1198 constat,
555 1135 681 1203 quia
708 1132 950 1200 ejusdem
979 1135 1222 1191 criminis
1256 1153 1379 1192 reus
1410 1147 1510 1200 est,
1543 1148 1597 1193 et
1627 1139 1718 1208 qni
1741 1155 1866 1194 cum

282 1225 512 1289 carnali,
565 1225 643 1278 vel
693 1225 1034 1294 baptismatis
1083 1227 1191 1281 filia
1226 1228 1556 1294 fornicatur;
1595 1239 1652 1284 ct
1680 1231 1745 1296 is,
1775 1230 1866 1299 qui

283 1315 534 1368 cnmlilio
565 1317 900 1385 paenitentia:
931 1319 1316 1388 turpitudinem
1341 1329 1617 1390 operatur.
1646 1321 1710 1373 Et
1727 1321 1865 1376 sicut

283 1404 349 1466 is,
384 1405 475 1472 qui
521 1421 643 1458 cum
675 1421 737 1458 ea
768 1407 949 1475 lapsus
976 1417 1076 1472 est,
1131 1423 1292 1478 quam
1340 1409 1631 1463 carnaliter
1660 1410 1866 1479 genuit,

283 1493 366 1546 vel
391 1509 553 1562 quam
581 1494 649 1548 de
700 1495 970 1564 baptismo
1000 1499 1260 1568 suscepit,
1293 1498 1376 1552 vel
1405 1499 1490 1552 cui
1533 1500 1866 1568 paruitentiae

275 1580 535 1646 judicium
566 1583 782 1650 posuit;
817 1584 888 1637 ita
913 1584 1078 1638 etiam
1115 1586 1205 1654 qui
1237 1601 1360 1640 cum
1391 1585 1502 1641 lilio
1530 1588 1864 1656 paenitentize

279 1686 375 1740 per
425 1671 826 1726 immunditiam
882 1673 1102 1740 labitur,
1130 1674 1337 1744 justum
1387 1685 1471 1731 est
1517 1677 1584 1730 ab
1615 1691 1680 1730 eo
1711 1677 1864 1748 cujus

279 1759 692 1817 administrator
715 1773 801 1819 est
825 1765 1018 1820 ordine
1044 1767 1370 1823 omnimodis
1396 1779 1728 1838 scgregetur.

911 1876 1138 1933 CAPUT
1176 1877 1244 1932 X.

277 1962 352 2016 De
374 1965 1034 2041 apocrypltiscanonibus,
1073 1969 1126 2021 in
1153 1969 1354 2041 quibus
1383 1971 1677 2040 quicunque
1701 1973 1859 2041 conri-

675 2035 826 2102 dunt,
865 2038 1076 2091 omnino
1127 2035 1477 2107 decipiuntur.

345 2119 454 2176 Sed
504 2124 765 2192 quoniam
820 2124 1064 2194 quantam
1097 2127 1287 2182 naeniae
1341 2129 1512 2184 sacris
1561 2131 1862 2187 canonibns

275 2213 633 2282 reperiuntur
662 2214 927 2280 admistw,
946 2217 998 2270 in
1022 2217 1216 2286 quibus
1241 2219 1433 2288 perditi
1457 2218 1702 2275 homines
1723 2235 1861 2276 vana

272 2307 702 2375 pmsumptione
731 2308 1029 2375 confidunt,
1078 2325 1142 2364 ex
1175 2311 1304 2380 ipsis
1331 2310 1538 2386 aliquas
1567 2313 1655 2366 hic
1692 2328 1857 2382 appoo

271 2395 477 2455 nimus.
532 2403 592 2448 ut
621 2410 726 2450 non
757 2396 930 2450 solum
960 2413 1074 2464 eas,
1126 2399 1301 2454 sedet
1346 2415 1534 2455 onmes
1579 2400 1712 2456 alias
1758 2403 1858 2457 sibi

269 2485 482 2540 similes
541 2487 797 2556 scriptas,
835 2487 1144 2559 ubicunque
1177 2499 1402 2560 repertae
1451 2489 1670 2558 fuerint,
1698 2491 1860 2548 falsas

266 2584 324 2628 et
356 2576 583 2631 omnino
614 2579 952 2648 apocryphas
1003 2580 1206 2649 liquido
1231 2581 1684 2637 demonstrenms.
1719 2583 1861 2638 Dici-

266 2674 362 2717 tnr
389 2665 536 2719 enim
564 2665 705 2720 inter
726 2677 916 2722 caetera
945 2687 956 2722 :
983 2668 1271 2739 Presbyter
1295 2685 1400 2726 non
1430 2671 1639 2740 prolato
1664 2688 1853 2728 mona-

263 2754 358 2808 chi
390 2762 538 2819 voto,
572 2770 694 2810 cum
723 2756 922 2826 puella,
957 2759 1040 2813 vel
1072 2760 1379 2823 meretrice
1407 2777 1656 2831 peccans,
1689 2778 1859 2818 annos

264 2843 429 2906 duos,
463 2853 519 2898 et
569 2844 744 2899 tribus
773 2846 1223 2916 quadragesimis,
1270 2849 1526 2913 secunda,
1562 2860 1772 2920 quarta,
1805 2862 1860 2907 et

264 2943 424 2986 sexta
456 2933 592 2988 feria
619 2946 675 2990 et
697 2935 940 2990 Sabbato
968 2951 1183 3007 semper
1207 2953 1332 2992 cum
1356 2940 1500 2994 sicco
1524 2956 1659 3010 pane
1682 2944 1855 3010 νωιιὶ-

266 3033 417 3090 teat;
452 3026 498 3080 si
523 3040 645 3080 cum
677 3026 870 3081 ancilla
903 3028 1018 3093 Dei,
1049 3037 1142 3082 aut
1172 3029 1433 3094 masculo,
1465 3031 1692 3085 addatur
1715 3031 1854 3100 jeju-

264 3113 442 3176 nium,
477 3114 530 3168 id
552 3122 657 3178 est,
684 3116 923 3185 quinque
956 3133 1152 3181 annos,
1182 3118 1227 3172 si
1260 3118 1312 3172 in
1343 3121 1730 3174 consuetudine
1751 3131 1851 3176 est.

1975 592 2131 646 nachi
2165 601 2308 657 voto,
2340 608 2462 646 cum
2504 591 2702 660 puella,
2733 590 2814 644 vel
2854 591 3138 645 meretrice
3163 604 3414 659 peccans,
3449 607 3544 642 an-

1972 699 2070 738 nos
2116 684 2251 736 duos
2293 683 2570 752 pmnitcal.
2625 681 2690 734 ΕΙ.
2737 681 2858 749 quis
2906 691 3012 734 tam
3062 682 3249 744 hebes,
3279 682 3400 748 quis
3435 692 3542 734 tam

1972 772 2194 825 insanus
2217 771 2442 840 reperiri
2475 769 2674 832 valeat,
2705 769 2797 837 qui
2827 769 3052 822 duorum
3085 785 3346 822 annorum
3372 770 3545 836 pinni-

1972 864 2217 929 tcntiam,
2276 863 2612 932 deprehenso
2679 861 2730 914 in
2795 861 3150 914 fornicatione
3205 863 3540 932 presbytero,

1973 952 2220 1006 idoneam
2273 953 2503 1007 credat?
2555 952 2610 1005 Si
2666 951 2788 1019 quis
2830 951 2973 1004 enim
3015 950 3544 1020 quantulamcunque

1969 1042 2255 1097 scientiam
2315 1042 2586 1096 canonica:
2640 1040 2977 1095 auctoritatis
3033 1040 3117 1092 vel
3172 1050 3543 1096 summoturus

1970 1133 2171 1202 attigit,
2198 1141 2260 1186 ut
2309 1126 2875 1198 districtiora'judicia
2917 1139 3208 1193 taceamus,
3241 1130 3366 1199 quia
3395 1129 3544 1200 lapso

1970 1222 2024 1276 in
2055 1221 2409 1276 fornicatione
2465 1221 2802 1290 presbytero,
2833 1221 3024 1276 saltem
3054 1221 3239 1274 decem
3278 1236 3544 1275 annorum

1966 1311 2283 1380 poenitentia
2313 1311 2657 1376 decernatur,
2688 1319 2933 1381 patenter
2972 1313 3238 1381 agnoscit.
3292 1312 3414 1366 llaec
3445 1329 3546 1365 au-

1969 1411 2074 1457 tem
2125 1403 2353 1456 duorum
2395 1417 2658 1456 annorum
2705 1403 2771 1457 de
2820 1402 3178 1457 fornicatione
3230 1403 3545 1472 poenitentia

1968 1507 2074 1546 non
2103 1493 2261 1546 modo
2303 1507 2407 1546 non
2440 1493 2800 1557 sacerdotum,
2845 1493 2938 1546 sed
2975 1508 3073 1546 nec
3122 1493 3380 1546 laicorum
3423 1507 3544 1546 esse

1966 1584 2334 1653 perpenditur,
2381 1583 2576 1652 quibus
2619 1583 2872 1637 nimirum
2913 1598 2977 1637 ex
3016 1583 3118 1637 hac
3170 1583 3324 1636 ruina
3364 1582 3431 1636 ad
3462 1599 3546 1636 sa-

1968 1673 2330 1728 tisfactionem
2346 1673 2707 1735 currentibus.
2726 1673 3320 1739 triennimnjndicatur.
3340 1671 3541 1725 Deinde
3622 1727 3629 1734 ,

1963 1762 2178 1816 additur
2206 1780 2219 1815 :
2249 1761 2305 1816 Si
2333 1777 2455 1815 cum
2484 1762 2676 1815 ancilla
2719 1763 2832 1827 Dei,
2874 1770 2966 1815 aut
2996 1761 3255 1825 masculo,
3284 1761 3537 1816 subaudi-

1895 1846 1940 1904 B
1969 1861 2057 1907 tur
2084 1853 2384 1924 presbyter,
2418 1854 2743 1922 peccaverit,
2777 1854 3005 1907 addatur
3043 1852 3333 1921 jejunium,
3362 1851 3412 1906 id
3433 1862 3535 1914 est,

1962 1945 2199 2015 quinque
2229 1959 2517 2009 annorum,
2545 1944 2590 1999 si
2623 1945 2674 1998 in
2715 1945 3099 1999 consuetudine
3127 1954 3209 1999 est
3241 1963 3252 1996 :
3289 1944 3540 1998 similiter

1963 2037 2195 2102 diaconi,
2219 2037 2262 2090 si
2285 2037 2530 2091 monachi
2564 2051 2669 2090 non
2693 2046 2841 2099 sunt,
2873 2038 3083 2092 duobus
3121 2037 3296 2101 annis,
3326 2037 3466 2091 sicut
3486 2046 3540 2088 et

1963 2128 2212 2183 monachi
2244 2128 2336 2197 qni
2375 2127 2492 2182 sine
2522 2127 2689 2196 gradu
2740 2135 2882 2192 sunt,
2926 2126 3242 2196 pmnitcant.
3276 2125 3453 2180 Unum
3485 2127 3538 2178 in

1961 2219 2134 2290 capite
2164 2220 2321 2288 hujus
2343 2219 2632 2272 insensatze
2659 2218 2960 2281 sententiae,
2982 2233 3142 2287 qnam
3169 2233 3399 2287 expono,
3423 2218 3505 2271 ala
3523 2246 3540 2258 -

1961 2311 2128 2366 criter
2153 2310 2330 2375 video,
2376 2309 2610 2363 libenter
2656 2309 2910 2373 attendo;
2945 2309 3198 2363 nimirum
3240 2309 3384 2377 quod
3407 2308 3541 2363 dici-

1961 2409 2048 2456 tur
2079 2419 2092 2455 :
2121 2401 2175 2455 Si
2201 2416 2324 2455 cum
2349 2399 2542 2455 ancilla
2572 2399 2684 2463 Dei,
2717 2408 2810 2453 aut
2836 2415 2957 2454 cum
3008 2399 3270 2454 masculo.
3305 2400 3464 2468 Ecce,
3506 2415 3539 2453 o

1959 2489 2098 2544 bone
2125 2489 2210 2542 vir
2231 2487 2527 2553 Sodomita,
2560 2489 2615 2543 in
2642 2488 2756 2557 ipsa
2789 2497 2877 2543 tua
2920 2489 3207 2557 scriptura,
3237 2504 3396 2558 quam
3423 2489 3536 2542 sin-

1959 2581 2218 2652 gulariter
2244 2580 2440 2651 diligis,
2485 2595 2648 2650 quam
2679 2580 2953 2634 inhianter
2978 2579 3344 2648 arrrplecteris,
3375 2596 3536 2650 quam

1960 2670 2054 2726 tibi
2083 2669 2226 2726 velut
2251 2669 2498 2740 clypeum
2545 2667 2880 2723 defensionis
2924 2667 3171 2738 opponis,
3199 2676 3386 2738 aperte
3410 2684 3542 2721 con-

1959 2759 2183 2824 sideras,
2207 2759 2332 2829 quia
2359 2759 2473 2814 sive
2496 2773 2618 2812 cum
2666 2757 2857 2812 ancilla
2900 2758 2994 2812 Dei
3041 2758 3162 2827 quis
3195 2766 3401 2826 peccet,
3425 2759 3539 2812 sive

1959 2864 2080 2903 cum
2127 2847 2386 2913 masculo,
2440 2847 2573 2902 nihil
2605 2845 2812 2912 differt;
2840 2847 2934 2902 sed
2979 2846 3181 2916 aequale
3232 2856 3535 2915 peccatum,

1958 2954 2056 3008 par
2081 2940 2391 2994 decernitur
2419 2954 2542 2994 esse
2590 2939 2872 3007 ju.:licinm.
2915 2937 3034 2992 1am
3084 2937 3215 2991 nihil
3263 2946 3345 2991 est
3399 2937 3537 2989 unde

1959 3043 2168 3083 mecum
2190 3028 2506 3100 conﬂigere,
2532 3027 2666 3082 nihil
2689 3027 2828 3082 unde
2858 3043 2886 3080 a
2916 3025 3191 3094 meisjure
3213 3026 3385 3096 possis
3409 3026 3536 3078 alle—

1959 3119 2265 3190 gationibus
2293 3120 2602 3174 dissentire.

264 3202 538 3258 Similiter
568 3204 804 3270 diaconi,
833 3207 876 3260 si
905 3209 1158 3263 monachi
1189 3224 1294 3262 non
1322 3217 1470 3274 sunt,
1489 3210 1620 3264 duos
1645 3226 1848 3278 annos;
1880 3201 1925 3262 C
2026 3209 2134 3265 Sed
2163 3210 2284 3279 quis
2312 3217 2419 3263 tam
2453 3223 2648 3264 vesane
2677 3209 2928 3278 desipiat,
2967 3208 3089 3278 quis
3120 3215 3226 3260 tam
3257 3204 3534 3276 profundae

261 3292 410 3346 sicut
456 3304 512 3346 et
567 3296 842 3360 monachi,
873 3298 965 3366 qui
994 3297 1113 3351 sine
1160 3298 1330 3368 gradu
1367 3307 1510 3353 sunt.
1546 3299 1708 3354 Paulo
1732 3311 1854 3370 post

260 3381 518 3436 subditur
542 3401 554 3436 :
580 3382 823 3439 Clericus
844 3401 964 3440 cum
991 3387 1166 3456 puella
1195 3387 1238 3442 si
1275 3388 1392 3442 sine
1423 3398 1546 3443 voto
1575 3391 1850 3456 monachi,

260 3469 570 3526 fornicatus
601 3473 787 3537 fuerit,
819 3474 1100 3530 dimidium
1128 3492 1330 3531 annum
1363 3479 1654 3546 poeniteat;
1684 3481 1727 3534 si
1757 3497 1850 3535 ca-

257 3563 516 3627 nonicus,
551 3565 834 3631 similiter;
870 3567 914 3621 si
945 3567 1279 3638 frequenter,
1333 3569 1468 3624 duos
1502 3586 1690 3626 annos.
1720 3571 1851 3626 Item

258 3653 303 3705 si
339 3653 466 3722 quis
497 3656 828 3724 peccaverit,
869 3656 1010 3711 sicut
1055 3657 1370 3722 Sodomitm,
1404 3660 1622 3728 quidam
1668 3661 1856 3716 dicunt

257 3743 451 3796 decem
480 3757 656 3798 annos
686 3745 1018 3814 ptenitentia:
1049 3764 1063 3800 :
1101 3749 1192 3818 qui
1249 3747 1301 3802 in
1333 3749 1722 3806 consuetudine
1752 3752 1851 3806 ha-

259 3832 372 3896 bet,
403 3830 640 3902 amplius
669 3835 828 3904 plecti
858 3837 1048 3903 debet;
1084 3839 1128 3893 si
1176 3847 1258 3893 est
1287 3839 1338 3893 in
1366 3840 1558 3910 gradu,
1591 3841 1854 3910 degrade-

263 3932 374 3986 tnr,
422 3933 481 3978 et
510 3925 650 3978 sicut
681 3925 850 3981 laicus
876 3929 1159 3996 poeniteat.
1205 3931 1322 3993 Vir,
1357 3932 1448 4000 qui
1475 3931 1617 3986 inter
1648 3931 1852 3989 femora

261 4012 575 4069 fornicatus
602 4015 782 4080 fuerit,
814 4032 920 4072 uno
950 4033 1092 4073 anno
1126 4021 1417 4089 paeniteat;
1470 4021 1515 4076 si
1547 4018 1852 4089 iteraverit,

239 4105 479 4162 .duobus
510 4107 692 4172 annis;
729 4107 772 4162 si
801 4116 980 4164 autem
1010 4110 1063 4164 in
1117 4120 1270 4181 terga
1320 4111 1621 4169 fornicatus
1669 4113 1850 4181 fuerit,

260 4202 373 4248 tres
399 4210 575 4250 annos
601 4199 893 4265 pmniteat;
928 4201 973 4256 si
1004 4217 1162 4271 puer,
1197 4203 1333 4258 duos
1359 4218 1531 4259 annos
1558 4206 1849 4273 poeniteat;

259 4285 302 4338 si
326 4301 459 4339 cum
495 4288 696 4354 pecude
726 4287 884 4344 fuerit
909 4291 1208 4348 fornicatus
1251 4293 1332 4348 vel
1358 4294 1627 4365 jumento,
1658 4295 1852 4351 decem

257 4388 435 4428 annos
463 4377 749 4444 paeniteat.
793 4378 946 4448 Item,
997 4383 1280 4454 episcopus
1327 4399 1448 4438 cum
1508 4385 1854 4456 quadrupede

258 4477 524 4531 peccans,
553 4466 743 4522 decem
766 4485 935 4526 annos
962 4475 1244 4543 poeniteat,
1274 4485 1328 4530 et
1347 4476 1570 4548 gradum
1594 4477 1846 4540 amittat;

1955 3302 2204 3358 tenebras
2229 3301 2487 3357 caecitatis
2512 3301 2772 3364 incurrat,
2805 3310 2865 3354 ut
2903 3300 2968 3355 de
3010 3299 3161 3369 lapsu
3189 3314 3310 3353 cum
3338 3297 3534 3351 ancilla

1954 3393 2071 3458 Dei,
2093 3394 2198 3448 hoc
2223 3403 2329 3458 est,
2353 3391 2768 3455 sanctimoniali,
2791 3390 2873 3446 vel
2898 3392 3234 3462 presbytero,
3259 3391 3529 3460 quinque;

1954 3483 2036 3538 vel
2059 3484 2308 3549 diacono,
2341 3484 2454 3539 sive
2477 3483 2762 3546 monacho,
2793 3483 3020 3536 duorum
3067 3498 3331 3536 annorum
3358 3480 3530 3551 impo-

1954 3579 2184 3634 nendam
2207 3575 2584 3646 pcenitentiam
2614 3574 2868 3628 censeat?
2913 3572 3100 3627 Nonne
3137 3573 3252 3626 haec
3281 3580 3362 3626 est
3395 3572 3530 3624 insi-

1953 3667 2149 3721 diatrix
2181 3664 2446 3720 tendicula
2495 3663 2870 3734 pereuntium?
2899 3661 3086 3716 Nonne
3113 3661 3202 3716 hic
3236 3669 3318 3714 est
3347 3675 3534 3714 erran-

1953 3756 2086 3810 tium
2129 3755 2352 3824 laqueus
2393 3753 2731 3806 animarum?
2761 3752 2892 3805 lllud
2921 3760 3103 3805 autem
3130 3751 3251 3821 quis
3295 3767 3401 3805 non
3432 3767 3531 3821 po-

1954 3845 2082 3900 terit
2112 3844 2441 3914 improbare,
2501 3841 2644 3910 quod
2685 3841 2882 3897 dicitur
2912 3858 2924 3894 :
2957 3840 3092 3908 Quia
3135 3841 3366 3895 clericus
3409 3855 3531 3894 cum

1952 3933 2127 4004 puella
2165 3932 2208 3986 si
2244 3933 2363 3987 sine
2410 3939 2534 3985 voto
2565 3931 2810 3986 monachi
2838 3930 3136 3986 fornicatus
3157 3929 3342 3995 fuerit,
3370 3929 3530 3983 dimi-

1953 4024 2099 4079 dium
2129 4037 2328 4076 annum
2357 4021 2652 4091 poeniteat?
2682 4021 2746 4075 Et
2773 4022 2895 4090 quis
2935 4022 3008 4076 ita
3037 4037 3206 4076 sacra:
3235 4021 3533 4090 Scriptura:

1953 4117 2175 4171 scientia
2206 4116 2420 4186 polleat,
2447 4116 2570 4186 quis
2596 4115 2669 4168 ita
2703 4115 2784 4168 vel
2818 4115 2871 4169 in
2901 4115 3196 4171 dialectica:
3219 4113 3533 4169 subtilitatis

1953 4205 2199 4258 acumine
2253 4214 2665 4272 argumentosns
2718 4203 2941 4267 existat,
3000 4212 3058 4257 ut
3117 4211 3224 4255 tam
3289 4218 3352 4256 ex
3415 4202 3534 4271 lege

1952 4294 2146 4362 legem,
2181 4303 2286 4348 tam
2310 4294 2656 4348 laudabiliter
2675 4294 3002 4348 detestanda:
3029 4293 3366 4346 auctoritatis
3380 4292 3530 4359 judi-

1953 4386 2125 4442 cabile
2175 4387 2544 4457 przejudicium
2597 4387 2958 4442 condemnare
3003 4387 3330 4454 praesumat?
3381 4386 3533 4441 Unde

1954 4476 2094 4532 laico
2141 4477 2432 4532 triennium
2482 4477 2662 4542 datur,
2704 4477 2826 4532 inde.
2863 4476 3094 4532 clericus
3142 4476 3365 4533 dimidio
3390 4493 3533 4532 anno

259 4553 550 4623 presbyter
574 4557 848 4628 quinque;
879 4541 1138 4620 diaconus
1186 4541 1593 4632 tres;vclericus
1619 4567 1723 4624 duo
1737 4565 1762 4622 ἐ
1793 4577 1848 4623 et
1878 4541 1931 4601 D
1955 4571 2218 4640 pmnitere
2244 4569 2584 4639 prtecipitur?
2628 4541 2780 4623 Beati
2809 4584 2942 4638 ergo
2992 4568 3198 4632 clerici,
3230 4570 3320 4638 qui
3365 4569 3533 4624 forni-

260 4643 430 4697 multa
461 4643 566 4698 alia
596 4648 878 4717 mendosa,
902 4662 1062 4722 atque
1092 4655 1357 4724 sacrilega
1381 4657 1617 4711 versutia
1647 4657 1845 4712 diaboli

258 4736 436 4791 sacris
484 4737 794 4794 canonibus
849 4745 1188 4812 reperiuntur
1240 4745 1465 4809 inserta,
1523 4761 1643 4815 quae
1690 4745 1846 4803 nobis

260 4825 435 4895 magis
463 4826 597 4881 libet
645 4827 963 4897 obliterare,
1011 4848 1172 4902 quam
1204 4833 1477 4900 scribere;
1509 4835 1684 4905 magis
1711 4850 1840 4890 con-

260 4929 478 4983 spuere,
506 4932 677 4986 quam
707 4925 814 4970 tam
837 4934 970 4974 vana
999 4920 1229 4977 ludibria
1254 4923 1526 4978 schedulis
1551 4923 1844 4979 inculcare.

260 5005 396 5061 Ecce
434 5007 520 5062 his
571 5007 948 5066 deliramentis
983 5014 1227 5070 carnales
1259 5015 1505 5072 homines
1547 5016 1842 5082 confidunt,

260 5097 340 5151 his
389 5099 536 5153 velut
591 5100 931 5155 somniorum
982 5105 1245 5172 portentis
1299 5104 1459 5161 fidem
1514 5107 1839 5172 attribuunt,

1954 4665 2170 4722 cantur,
2193 4655 2594 4711 Sodomitarum
2629 4657 2673 4711 si
2705 4655 2931 4711 arbitrio
2955 4657 3267 4728 judicentur
3297 4676 3309 4710 :
3341 4658 3531 4712 eadem

1951 4750 2152 4818 quippe
2168 4763 2418 4803 mensura
2438 4763 2542 4816 qua
2566 4748 2858 4803 metiuntur
2881 4749 3025 4815 aliis,
3049 4749 3287 4803 remetiri
3310 4749 3534 4816 cupiunt

1952 4840 2323 4910 sibimetipsis.
2357 4837 2502 4894 Satis
2533 4840 2634 4894 iste
2677 4848 2866 4894 auctor
2894 4841 3099 4895 erroris
3134 4839 3201 4892 ad
3246 4838 3531 4891 lucrandas

1953 4930 2168 4986 diabolo
2219 4931 2429 4985 animas
2473 4930 2661 4984 avidus
2690 4930 2918 4994 exstitit,
2951 4931 3041 5001 qni
3067 4930 3191 4984 dum
3239 4927 3532 4982 monachos

1949 5024 2178 5092 perdere
2210 5021 2434 5085 studuit,
2459 5037 2633 5091 usque
2665 5020 2822 5090 159
2847 5021 2912 5073 ad
2941 5020 3182 5074 ordinem
3204 5017 3531 5072 clericorum

1947 5113 2140 5170 doema
2200 5131 2308 5170 sua:
2367 5112 2739 5170 nerversitatis
2792 5113 3062 5170 extendit;
3118 5116 3172 5162 et
3229 5107 3534 5162 animarqu
