4110 5364
524 319 619 373 171

980 312 1037 369 S.
1067 310 1271 368 PETRI
1310 306 1594 364 DAMIANI
1634 305 1783 364 OPP.
1816 304 2050 363 TOMUS
2090 302 2222 360 SEU
2262 304 2443 361 PARS
2481 305 2564 361 Ill.
2690 306 3052 365 OPUSCULA
3089 308 3316 366 VARIA.

3658 317 3765 374 172

522 451 616 491 cus
642 432 926 504 pteniteat.
951 427 1063 491 Vir,
1089 427 1181 497 qui
1211 426 1354 480 inter
1386 424 1592 480 femora
1622 423 1922 479 fornicatus
1962 422 2083 476 fue-
2110 420 2160 480 A
2188 428 2396 489 mergat
2422 437 2435 473 :
2467 435 2574 476 non
2599 426 2651 475 te
2676 407 2987 477 sanctorum
3016 422 3366 480 conciliorum
3386 424 3610 498 pelagus
3636 441 3763 497 pro-

524 531 612 592 rit,
649 540 756 579 uno
794 536 933 575 anno
958 519 1248 588 paeniteat;
1278 517 1326 571 si
1370 512 1665 579 iteraverit,
1690 514 1898 569 duobus
1931 510 2087 566 annis

520 615 806 686 poeniteat;
837 612 881 664 si
903 619 1082 664 autem
1106 609 1158 662 in
1184 614 1329 676 terga
1358 603 1655 658 fornicatus
1702 602 1885 666 fuerit,
1914 602 2086 656 tribus

519 704 675 759 annis
694 702 971 772 pteuiteat.
1022 699 1232 752 Etcum
1262 706 1491 763 peccare
1528 694 1667 748 sicut
1707 690 2007 756 Sodomita,
2030 698 2089 745 ut

520 791 620 862 ἱρέί
668 788 987 860 perhibetis,
1034 784 1170 840 nihil
1219 782 1364 837 aliud
1404 784 1493 847 sit,
1532 794 1693 850 quam
1739 779 1998 835 fornicari
2030 779 2086 834 in

519 893 699 952 terga;
753 879 881 947 quid
907 878 1009 939 est,
1051 875 1193 944 quod
1225 873 1389 929 vestri
1433 886 1667 927 canones
1705 871 1761 925 in
1807 884 1916 924 uno
1950 883 2088 939 pene

515 968 784 1027 versiculo
815 976 921 1020 tam
960 964 1314 1018 tuultif‘Orme‘s
1339 962 1687 1016 inveniuntur
1720 969 1775 1014 et
1824 960 1998 1024 varii;
2029 968 2087 1012 ut

516 1059 866 1129 peccantibus
904 1056 1042 1110 sicut
1069 1052 1379 1114 Sodomita,
1402 1050 1648 1105 decennii
1677 1050 1886 1129 pondus
1911 1046 2090 1115 injun-

518 1164 675 1216 gant;
711 1151 760 1204 in
820 1159 967 1218 terga
1018 1161 1145 1202 vero
1185 1144 1600 1209 fornicantibus,
1636 1143 1780 1213 quod
1806 1142 1948 1197 idem
1980 1149 2083 1208 est,

520 1234 655 1295 infra
687 1240 897 1293 triennii
920 1236 1293 1305 compendium
1314 1234 1651 1305 poenitentia:
1675 1235 1909 1289 lamenta
1933 1246 2087 1287 coer-

518 1330 710 1385 ceant?
760 1327 949 1383 Nonne
996 1327 1112 1382 hzec
1143 1326 1398 1381 monstris
1436 1325 1630 1380 merito
1679 1332 2082 1394 comparantur,

518 1436 624 1473 non
649 1427 842 1472 natura
875 1417 1121 1488 prolatis,
1150 1416 1244 1471 sed
1267 1415 1530 1470 industria
1555 1416 1789 1470 humana
1817 1415 2086 1484 composi-

519 1511 609 1572 tis,
638 1522 868 1578 quorum
913 1506 1159 1576 qumdam
1191 1521 1219 1559 a
1251 1504 1517 1575 capitibus
1560 1505 1770 1574 equinis
1799 1505 2082 1575 incipiunt,

515 1600 569 1652 et
596 1598 647 1651 in
684 1598 962 1651 hircorum
1006 1594 1233 1665 ungulas
1289 1593 1688 1649 terminantur?
1723 1593 1929 1660 Quibus
1955 1606 2084 1662 ergo

515 1686 827 1747 eanonibus,
860 1686 1053 1755 quibus
1079 1684 1298 1738 Patrum
1329 1684 1560 1739 decretis
1581 1683 1813 1738 ludibrio
1838 1684 1937 1738 ista
1961 1699 2085 1738 con-

2192 510 2298 565 lata
2331 510 2552 565 forsitan
2592 514 2909 570 austeritate
2951 523 3283 584 perterreat;
3328 528 3435 570 non
3476 524 3530 569 te
3572 518 3761 573 vadosi

2190 608 2367 668 syrtes
2422 601 2849 671 apocrypborum
2902 616 3166 659 canonum
3222 603 3485 671 promissa
3539 604 3764 660 lenitate

2186 684 2440 743 fluctuum
2458 691 2697 745 trahant.
2716 690 2868 761 Saepe
2881 693 3023 748 enim
3043 694 3195 748 navis
3214 694 3538 762 proccllosos
3551 694 3765 766 fugiens

2186 773 2401 842 fluetus,
2415 777 2542 832 dum
2555 778 2781 835 littoreis
2794 781 3180 852 propinquaret
3194 781 3395 849 arenis,
3416 782 3763 854 naufragium

2187 866 2432 935 pertulit;
2460 875 2515 921 et
2559 867 2701 937 saepe
2736 868 2844 925 alta
2893 870 3065 941 pelagi
3103 870 3338 938 sulcaus,
3390 872 3507 928 sine
3546 871 3765 943 jactura

2188 957 2392 1022 oneris,
2430 956 2719 1014 incolumis
2744 961 2998 1015 enatavit.

2781 1069 3005 1125 CAPUT
3052 1047 3164 1127 xu.

2191 1155 2344 1221 Quod
2366 1157 2477 1213 lucc
2507 1157 2733 1228 ludibria
2750 1159 2875 1228 jure
2893 1180 2925 1214 η
2962 1174 3175 1217 numero
3188 1180 3446 1218 canonum
3468 1166 3761 1224 excludun-

2253 1234 2355 1288 tur,
2381 1227 2518 1297 quod
2539 1238 2734 1307 certum
2753 1230 2940 1284 habere
2964 1247 3067 1287 non
3086 1233 3355 1288 videantur
3373 1246 3658 1292 auctorem.

2257 1312 2638 1393 Verumtamen
2673 1318 2796 1386 quis
2847 1318 2979 1374 istos
3034 1316 3268 1376 canones
3296 1321 3615 1380 fabricavit?
3640 1329 3767 1397 quis

2187 1403 2242 1458 in
2286 1419 2555 1474 purpureo
2597 1405 2852 1462 Ecclesiae
2898 1408 3116 1465 nemore
3163 1406 3271 1465 tam
3325 1406 3595 1481 spinosos,
3627 1427 3760 1481 .tam

2186 1493 2458 1550 aculeatos
2512 1495 2706 1565 paliuri
2770 1497 2996 1555 tribulos
3051 1500 3323 1558 seminare
3377 1506 3766 1575 prmwmpsit?

2186 1584 2414 1638 (ionstat
2436 1584 2710 1652 nimirum,
2762 1587 2902 1656 quod
2944 1602 3136 1644 omnes
3171 1586 3469 1665 authentici
3499 1608 3765 1659 canones,

2190 1682 2283 1729 aut
2308 1673 2362 1728 in
2385 1676 2702 1731 venerandis
2732 1676 3074 1747 synodalibus
3102 1678 3346 1736 conciliis
3385 1690 3511 1735 sunt
3531 1678 3764 1747 inventi,

513 1774 748 1835 veniant,
795 1787 914 1843 qua:
957 1788 988 1826 a
1032 1773 1340 1842 semetipsis
1388 1781 1495 1826 tam
1547 1773 1785 1840 dissona,
1836 1781 1893 1828 et
1944 1773 2082 1827 ultra
2112 1755 2159 1817 Β
2186 1771 2283 1818 aut
2311 1763 2573 1819 asanetis
2600 1763 2851 1820 Patribus
2876 1766 3022 1821 sedis
3068 1768 3375 1836 apostolica:
3412 1770 3767 1840 pontificibus

512 1870 736 1916 cornuta
761 1860 937 1919 fronte
957 1862 1252 1916 resultant?
1273 1860 1524 1932 Qttrequtc
1555 1863 1844 1931 semetipsa
1868 1861 2084 1917 convel-

511 1952 648 2015 lunt,
673 1950 867 2021 quibus
888 1951 1299 2006 auctoritatibus
1326 1950 1653 2005 l‘ulciantur?
1690 1969 1708 2002 ι
1737 1951 1911 2007 Omne
1928 1952 2078 2006 enim

514 2045 759 2109 regnum,
788 2041 864 2093 ait
906 2038 1176 2104 Salvator,
1212 2039 1265 2093 iu
1295 2039 1529 2108 seipsum
1557 2038 1787 2094 divisum
1816 2039 2084 2094 desolabi-

513 2137 621 2194 tur,
662 2137 718 2183 et
759 2130 949 2185 domus
977 2144 1139 2199 supra
1168 2128 1385 2185 domum
1414 2128 1587 2195 cadet,
1612 2139 1666 2185 et
1697 2130 1742 2185 si
1772 2131 2001 2186 Satanas
2028 2130 2083 2186 in

510 2221 745 2290 seipsum
769 2220 974 2276 divisus
984 2227 1088 2287 est,
1112 2220 1383 2290 quomodo
1397 2221 1561 2275 stabit
1577 2221 1824 2276 doctrina
1846 2221 2014 2292 ipsius
2026 2222 2048 2275 ?
2060 2239 2078 2273 ι

512 2310 665 2381 (Luc.
694 2310 794 2381 χι.)
860 2310 1016 2367 Μοᾱο
1058 2310 1202 2365 enim
1221 2307 1484 2379 judicium
1532 2310 1890 2366 districtionis
1911 2311 2107 2365 intenr

512 2404 658 2469 dere,
691 2403 849 2459 modo
878 2403 1150 2458 crudelem
1181 2403 1433 2458 videntur
1459 2401 1614 2471 quasi
1657 2401 2084 2457 misericordiam

509 2494 767 2548 exhibere
792 2507 807 2546 :
836 2501 893 2549 et
916 2492 1062 2548 velut
1092 2493 1147 2549 in
1178 2491 1457 2548 chimerali
1485 2502 1729 2547 monstro
1757 2491 1883 2547 hinc
1909 2491 2086 2546 minas

509 2586 679 2641 le’onis
710 2585 887 2654 specie
937 2584 1256 2641 terribiliter
1285 2584 1517 2651 intonat,
1557 2583 1685 2639 inde
1709 2581 1833 2637 vilis
1878 2581 2084 2652 capella

507 2675 787 2730 humiliter
833 2676 992 2741 beat;
1024 2682 1080 2731 et
1126 2676 1231 2730 hac
1256 2674 1404 2729 velut
1448 2673 1723 2728 variarum
1765 2671 2083 2727 diversitate

507 2767 805 2823 fermarum
834 2767 889 2822 in
916 2768 1084 2823 risum
1108 2767 1288 2838 potius
1316 2766 1578 2834 excitant,
1610 2781 1774 2836 quam
1804 2766 1872 2821 ad
1901 2765 2081 2836 ι)ωηί-

509 2859 693 2914 tentias
714 2857 949 2914 lamenta
972 2870 1355 2928 compungam.-

575 2947 781 3015 Quibus
796 2959 1011 3018 quoque
1035 2947 1088 3001 in
1119 2962 1306 3002 errore
1327 2944 1525 3001 similia
1548 2953 1691 3011 sunt,
1710 2960 1830 3016 qua:
1851 2960 2083 3016 sequun-

431 3065 436 3070 -
505 3039 744 3108 tur:Qui
771 3055 897 3095 cum
928 3039 1136 3111 pecude
1161 3038 1327 3094 fuerit
1355 3037 1675 3104 fornicatus,
1710 3036 1792 3092 vel
1815 3036 2080 3105 iumento,

2186 1858 2516 1930 promulgati
2551 1877 2565 1912 :
2599 1874 2699 1915 nec
2723 1861 2974 1931 cuiquam
3001 1862 3099 1918 soli
3131 1864 3334 1918 homini
3374 1865 3503 1921 licet
3525 1882 3766 1924 canones

2185 1946 2370 2013 edere,
2400 1946 2495 2001 sed
2540 1946 2615 2001 illi
2666 1949 3040 2005 tantummodo
3089 1951 3190 2006 hoc
3242 1954 3496 2022 competit
3537 1956 3763 2024 privile-

2184 2033 2352 2104 gium,
2385 2035 2476 2105 qui
2507 2035 2561 2090 in
2586 2035 2646 2089 B.
2690 2035 2837 2092 Petri
2881 2038 3140 2093 cathedra
3170 2040 3409 2095 cernitur
3449 2045 3763 2111 prtesidere.

2184 2123 2311 2181 Ησεο
2356 2134 2556 2192 autem,
2609 2129 2677 2183 de
2709 2129 2908 2198 quibus
2958 2130 3248 2199 loquimur,
3278 2134 3458 2202 spuria
3494 2151 3764 2191 canonum

2183 2212 2523 2280 vitulamiua,
2555 2223 2611 2269 et
2650 2231 2679 2271 a
2707 2216 2878 2273 sacris
2922 2217 3166 2273 conciliis
3193 2230 3489 2276 noscuntur
3515 2224 3763 2291 exclusa,

2184 2310 2240 2357 et
2267 2319 2297 2358 a
2325 2303 2560 2359 decretis
2598 2304 2821 2361 Patrum
2870 2310 3090 2364 omnino
3132 2312 3427 2380 probantur
3454 2323 3716 2370 extranea
3747 2336 3763 2371 :

2183 2393 2428 2463 sequitur
2447 2409 2599 2467 ergo,
2629 2404 2688 2452 ut
2712 2411 3051 2468 nequaquam
3084 2400 3228 2457 inter
3268 2419 3505 2461 canones
3525 2407 3768 2463 habean-

2185 2493 2293 2549 tur,
2324 2499 2444 2553 quae
2498 2500 2598 2541 nec
2642 2476 3003 2545 decretalibus
3052 2489 3275 2546 Patrum
3329 2494 3542 2560 edictis,
3588 2512 3692 2552 nec
3732 2515 3766 2552 a

2184 2573 2356 2628 sacris
2407 2574 2660 2633 videntur
2700 2577 2919 2646 prodire
2968 2569 3233 2636 conciliis.
3291 2578 3560 2653 Quidquid
3614 2586 3763 2640 enim

2184 2660 2324 2716 inter
2346 2663 2554 2732 species
2571 2671 2676 2719 nun
2694 2675 3100 2735 annumeratur,
3118 2683 3147 2723 a
3163 2674 3360 2741 genere
3382 2670 3574 2741 procul
3597 2672 3766 2729 dubio

2181 2751 2419 2808 alienum
2456 2768 2577 2809 esse
2601 2754 2928 2810 decernitur.
2983 2755 3138 2822 Quod
3184 2746 3228 2813 si
3278 2764 3474 2816 nomen
3521 2766 3766 2819 auctoris

2183 2842 2498 2913 inquiritur,
2532 2853 2740 2901 certum
2766 2862 2874 2902 non
2903 2848 3043 2903 valet
3088 2847 3217 2915 dici,
3258 2850 3383 2919 quia
3413 2867 3513 2906 nec
3550 2856 3768 2921 poterat

2183 2933 2239 2989 in
2284 2934 2452 2991 variis
2491 2936 2771 2993 codicibus
2798 2937 3140 2994 uniformiter
3167 2939 3419 2996 inveniri.
3446 2942 3586 2997 Alibi
3612 2946 3765 2999 enim

2195 3025 2472 3093 scribitur,
2496 3014 2813 3083 Theodorus
2841 3030 3003 3096 dicit;
3037 3030 3189 3096 alibi,
3222 3020 3616 3088 Paenitentialis
3649 3032 3767 3089 Ro-

505 3104 691 3183 d‘ecetn
724 3128 881 3183 annis
908 3104 1197 3198 poeniteat;
1229 3128 1356 3183 item
1386 3127 1669 3197 episcopus
1691 3104 2079 3196 cumquu'dru-
2109 3104 2154 3168 (ἶ
2184 3135 2378 3179 manus
2404 3121 2569 3188 dicit;
2599 3106 2751 3188 alibi,
2783 3122 3031 3181 Cauones
3055 3126 3450 3196 apostbloru’m;
3472 3129 3632 3183 aliter
3651 3131 3771 3195 hic,

506 3218 734 3286 pedibus
760 3232 1011 3286 peccans,
1043 3218 1230 3273 decem
1274 3217 1433 3272 annis
1464 3218 1743 3285 poeniteat,
1774 3215 2078 3285 etgradum

506 3305 756 3370 amittat;
791 3307 1076 3376 presbyter
1100 3306 1359 3377 quinque,
1403 3306 1660 3361 diaconus
1691 3314 1820 3371 tres,
1852 3305 2083 3362 clericus

505 3396 668 3462 duos;
713 3411 836 3450 cum
882 3396 1034 3467 prius
1087 3394 1332 3450 absolute
1379 3395 1569 3450 dicat:
1600 3393 1738 3461 Quia
1774 3394 2081 3465 quicunque

507 3499 626 3537 cum
680 3482 887 3553 pecude
914 3481 995 3537 vel
1028 3482 1272 3552 jumento
1312 3481 1477 3539 fuerit
1518 3482 1842 3549 fornicatus,
1893 3482 2079 3539 decem

506 3588 772 3627 annorum
802 3572 1172 3629 satisfactione
1203 3574 1550 3640 multabitur;
1598 3574 1867 3645 quomodo
1894 3587 2084 3630 conse-

507 3672 679 3731 QUens
698 3670 801 3728 est,
826 3663 966 3732 quod
992 3662 1330 3732 subjungitur
1357 3681 1371 3718 :
1403 3674 1459 3717 ut
1482 3665 1797 3734 presbytero
1822 3663 2078 3734 quinque,

506 3752 732 3809 diacono
763 3754 944 3819 trium,
978 3755 1176 3810 clerico
1203 3756 1430 3809 duorum
1460 3771 1723 3810 annorum
1770 3756 1837 3811 de
1873 3753 2080 3824 pecuali

507 3842 793 3897 concubitu
837 3844 1160 3913 pmniteutia
1212 3843 1520 3898 indicetur?
1554 3842 1705 3900 Unde
1752 3844 2077 3914 quicunque,

507 3931 610 3985 hoc
647 3939 749 3995 est,
797 3932 1025 4002 quilibet
1074 3933 1236 3987 ctiam
1278 3932 1448 3989 laicus
1485 3940 1541 3987 et
1578 3933 1891 3988 decennalis
1922 3933 2082 4003 spatii

506 4019 796 4075 afﬂictione
825 4022 1232 4091 constringitur,
1282 4022 1407 4077 inde
1432 4023 1750 4093 presbytero
1784 4023 2081 4094 quinquen-

505 4109 653 4163 nium
703 4110 941 4187 pouitur,
988 4111 1041 4165 id
1082 4122 1185 4176 est,
1235 4111 1517 4166 dimidium
1551 4112 1714 4166 totius
1748 4111 2081 4182 poenitentia:

504 4197 798 4254 relaxatur.
849 4199 1078 4267 Quibus,
1112 4215 1261 4271 rogo,
1289 4200 1433 4256 sacri
1470 4199 1672 4271 eloquii
1720 4201 1935 4270 paginis
1964 4201 2081 4254 haec

502 4285 696 4342 frivola
726 4289 994 4344 insomnia
1020 4297 1344 4360 congruunt,
1371 4305 1490 4359 quae
1516 4291 1805 4360 semetipsa
1840 4300 1946 4345 tam
1968 4290 2080 4346 cvi-

506 4380 698 4433 dcuter
726 4378 1076 4446 impugnant?
1104 4377 1237 4444 Quis
1263 4394 1364 4433 non
1408 4380 1722 4447 perpendat,
1750 4381 1869 4449 quis
1894 4392 2080 4451 aperte

2182 3207 2343 3264 aliter
2374 3208 2656 3265 titulantur
2680 3198 2791 3266 illic
2817 3221 2903 3266 :et
2939 3213 3061 3267 dum
3087 3229 3255 3268 unum
3284 3213 3486 3272 habere
3512 3216 3617 3273 neu
3644 3234 3766 3274 tne-

2181 3309 2369 3357 rentur
2395 3308 2692 3369 auctorem,
2713 3316 2926 3358 omnem
2956 3292 3187 3372 perdunt
3218 3305 3335 3361 sine
3371 3306 3535 3363 dubio
3568 3302 3763 3365 auc‘to-

2181 3390 2421 3446 ritatem.
2473 3390 2602 3458 Quae
2636 3392 2778 3447 enim
2822 3394 2921 3449 sub
2947 3402 3023 3449 tot
3062 3393 3285 3451 incertis
3322 3398 3643 3454 auctoribus
3668 3406 3766 3455 nua

2184 3486 2323 3545 tant,
2352 3478 2556 3534 nultum
2575 3489 2720 3536 certa
2744 3484 3066 3536 auctoritate
3089 3482 3433 3539 confirmant.
3448 3485 3517 3540 Et
3536 3492 3767 3542 necesse

2180 3580 2283 3637 est,
2320 3580 2379 3626 ut
2421 3587 2541 3643 quae
2569 3572 2858 3629 dubietatis
2904 3569 3196 3643 caliginem
3250 3560 3557 3647 legentibus
3598 3594 3766 3648 gene-

2180 3671 2324 3730 rant,
2355 3678 2385 3718 a
2414 3662 2535 3719 luce
2564 3680 2840 3720 sacrarum
2867 3665 3294 3744 Scripturarutn,
3348 3670 3558 3726 remota
3608 3672 3764 3725 omni

2181 3753 2475 3822 dubietate,
2525 3756 2800 3811 recedant.
2851 3754 2970 3812 Jam
3024 3771 3152 3833 vero
3197 3757 3281 3813 his
3308 3743 3540 3816 scenicis
3569 3749 3765 3818 delira-

2180 3845 2403 3912 mentis,
2430 3845 2496 3901 de
2525 3845 2721 3917 quibus
2752 3845 2998 3902 carnales
3041 3846 3290 3903 homines
3331 3838 3757 3927 praesumebant,

2179 3949 2249 3990 ex
2277 3949 2503 3992 numero
2540 3950 2810 4013 canonum
2844 3935 3152 3999 eliminatis,
3186 3952 3251 3991 ac
3281 3938 3564 4008 perspicua
3604 3955 3762 4013 argu-

2179 4031 2485 4079 mentorum
2517 4006 2727 4080 ra'tione
2757 4024 3044 4090 convictis,
3091 4024 3210 4080 illos
3253 4006 3488 4083 canones
3515 4006 3761 4099 appona-

2179 4129 2324 4177 mus,
2350 4118 2415 4169 de
2442 4129 2673 4184 quorum
2724 4115 2830 4171 ﬁde
2872 4123 2927 4170 et
2970 4116 3292 4172 au‘ctoritate
3336 4116 3480 4172 nulla
3528 4110 3800 4188 prorsus'

2138 4274 2145 4281 ο
2180 4204 2532 4275 ambiguitate
2563 4204 2868 4263 diffidimus.
2894 4206 2952 4262 In
2978 4207 3265 4279 Ancyrano
3291 4207 3491 4280 quippe
3521 4211 3759 4268 concilio

2181 4295 2468 4364 reperitur.

2770 4385 2997 4443 CAPUT
3026 4378 3162 4445 Xlll.

506 4482 614 4522 non
631 4467 841 4531 videat,
867 4467 991 4535 quia
1015 4469 1147 4532 haec,
1174 4478 1230 4522 et
1253 4470 1333 4522 his
1368 4469 1560 4523 similia
1589 4471 1758 4524 sacris
1782 4475 2077 4531 canonibus
2110 4456 2153 4514 ί)
2182 4474 2258 4530 De
2277 4476 2396 4556 ftis,
2435 4476 2527 4545 qui
2564 4475 2907 4556 fornicamur.
2933 4462 3390 4556 irrationabifiler,
3440 4483 3498 4556 id
3532 4495 3627 4548 est,
3670 4487 3763 4556 qui

505 4557 876 4613 fraudulenter
900 4558 1158 4624 immista,
1176 4558 1428 4629 figmenta
1449 4571 1575 4615 sunt
1600 4561 1883 4628 diabolica,
1914 4573 2077 4636 atque

508 4649 576 4705 ad
605 4648 949 4718 decipiendas
974 4647 1295 4717 simplicium
1326 4650 1534 4705 animas
1569 4650 1776 4711 callidis
1801 4656 2081 4712 machina-

505 4740 740 4797 tionibus
769 4740 1047 4795 iustituta?
1072 4738 1225 4795 Sicut
1251 4741 1394 4794 enim
1446 4741 1603 4806 melli,
1643 4742 1727 4800 vel
1753 4744 2077 4815 quibuslibet

503 4829 952 4888 esculentioribus
976 4828 1112 4886 cibis
1139 4843 1401 4895 venenum
1434 4829 1805 4887 fraudulenter
1828 4833 2074 4891 immitti-

506 4928 612 4986 tur,
641 4927 701 4975 ut
725 4920 852 4976 dum
872 4919 942 4976 ad
969 4919 1359 4978 comedendum
1408 4919 1782 4977 alimentorum
1835 4923 2077 4980 suavitas

502 5017 783 5082 provocat,
802 5011 973 5077 virus,
997 5011 1142 5081 quod
1168 5009 1317 5075 latet,
1351 5008 1562 5069 facilius
1589 5010 1644 5066 in
1674 5010 1908 5068 hominis
1933 5013 2075 5069 inte-

503 5099 651 5155 riora
697 5112 757 5154 se
782 5097 1153 5165 transfundat;
1196 5100 1269 5154 ita
1298 5100 1413 5157 haec
1451 5101 1672 5158 subdola
1720 5111 1777 5159 et
1818 5096 2076 5159 mendosa

507 5191 666 5263 160
693 5198 997 5246 commenta
1019 5190 1189 5246 sacris
1212 5190 1522 5248 inseruntur
1545 5193 1793 5264 eloquiis,
1818 5205 1878 5251 ttt
1897 5196 2076 5267 suSpi-

502 5283 710 5336 cionem
755 5279 1013 5351 effugiant
1059 5280 1337 5351 falsitatis;
1371 5294 1425 5341 et
1470 5285 1703 5356 quodam
1739 5288 1890 5356 quasi
1918 5289 2074 5344 melle

2216 4545 2499 4600 miscentur
2531 4547 2821 4616 pecoribus,
2851 4552 2946 4602 aut
2969 4566 3086 4603 cum
3118 4545 3722 4622 masculis'polluunlur.

2251 4656 2327 4712 De
2380 4656 2467 4710 his
2519 4657 2611 4726 qui
2670 4653 3112 4715 irrationabiliter
3168 4660 3369 4715 versati
3429 4672 3577 4729 sunt,
3646 4664 3763 4720 sive

2178 4755 2500 4802 versantur:
2535 4755 2798 4817 quotquot
2843 4759 2968 4805 ante
3014 4750 3330 4820 vigesimum
3364 4752 3518 4824 161
3553 4768 3760 4809 annum

2179 4837 2284 4893 tale
2333 4837 2539 4894 crimen
2603 4835 3037 4909 commiserunt,
3093 4844 3401 4912 quindecim
3450 4845 3611 4901 annis
3658 4861 3758 4901 ex-

2179 4927 2316 4983 actis
2343 4928 2396 4982 in
2423 4928 2764 4999 poenitentia,
2807 4931 3235 4987 communionem
3265 4943 3579 4990 mereantur
3631 4951 3776 5005 ora:

2179 5017 2436 5095 tionum;
2513 5018 2707 5075 deinde
2765 5021 3130 5091 quinquennio
3192 5024 3246 5078 in
3330 5024 3434 5080 hac
3513 5040 3760 5081 commu-

2178 5108 2342 5164 nione
2385 5107 2663 5173 durantcs,
2697 5118 2825 5164 tunc
2852 5112 3065 5166 demum
3094 5112 3384 5171 oblationis
3411 5126 3771 5196 sacramenta.

2179 5198 2511 5268 contingant.
2542 5197 2873 5255 Discutiatur
2898 5209 3075 5255 autem
3102 5202 3158 5256 et
3187 5203 3297 5257 vita
3328 5218 3536 5272 eorum,
3578 5205 3799 5276 qualis?

2179 5296 2419 5364 tempore
2445 5289 2794 5359 ptenitudinis
2813 5291 3105 5354 exstiterit,
3138 5301 3193 5346 et
3222 5294 3295 5348 ita
3329 5274 3754 5351 misericordiam
3779 5274 3788 5290 ⁸
