4110 5364
322 369 428 431 {73

316 481 670 554 sunt,viginti
689 483 927 553 quinque
944 499 1205 540 annorum
1223 489 1608 557 paenitudinem
1633 501 1896 559 gerentes,
1930 505 1971 561 Α

315 579 371 634 i’n
420 579 857 635 communionem
911 580 1240 650 recipiantur
1285 583 1630 649 orationum,
1683 584 1736 636 in
1793 599 1897 651 qua

314 671 686 741 quinquennio
728 671 1121 741 perdurantes,
1176 683 1302 728 tunc
1347 675 1560 730 demum
1615 674 1898 729 oblationis

313 773 658 818 sacramenta
707 765 1023 833 percipiant.
1071 765 1222 830 Quod
1266 766 1310 820 si
1343 767 1433 835 qui
1475 775 1530 820 et
1558 781 1751 821 uxores
1799 767 1895 820 ba-

311 853 534 918 bcntes,
564 865 621 908 et
677 855 1120 910 transcendentes
1163 855 1668 926 quinquagesimum
1699 872 1895 909 annuat

307 943 488 998 aetatis
515 944 590 998 ita
621 944 980 1014 deliquerint,
1011 944 1078 999 ad
1106 945 1310 1000 exitum
1349 945 1473 1000 vitae
1499 945 1896 1000 connnunionis

311 1034 541 1100 gratiam
569 1045 992 1104 consequantur.

380 1145 516 1200 Ecce
557 1147 611 1200 in
658 1147 775 1216 ipso
810 1147 968 1218 hujus
999 1151 1318 1205 venerandae
1362 1150 1700 1205 auctoritatis
1738 1149 1895 1229 titulo

308 1236 592 1291 manifeste
616 1239 1017 1307 perpendimus,
1042 1241 1169 1310 quia
1197 1255 1302 1294 non
1328 1239 1500 1295 solum
1531 1241 1609 1306 hi,
1639 1241 1729 1309 qui
1765 1255 1894 1295 con-

309 1334 576 1380 summato
603 1336 727 1381 actu
752 1336 939 1382 contra
963 1338 1210 1385 naturam
1238 1331 1582 1399 delinquunt;
1609 1331 1704 1385 sed
1732 1339 1787 1384 et
1812 1331 1889 1396 ln,

305 1403 394 1485 qui
423 1417 670 1485 quolibet
706 1418 918 1487 ingenio
947 1433 1068 1473 cum
1104 1421 1357 1474 masculis
1397 1421 1728 1490 polluuntur,
1759 1435 1891 1474 con-

305 1508 641 1563 cubitoribus
687 1525 944 1579 pecorum
996 1526 1093 1581 per
1143 1513 1324 1566 omnia
1375 1521 1778 1580 comparantur.
1833 1510 1890 1566 Si

301 1598 444 1651 enim
483 1601 550 1652 ad
585 1597 867 1667 interjecta
897 1599 1059 1653 verba
1086 1601 1405 1670 respicimus
1432 1641 1447 1666 ,
1481 1608 1638 1655 caute
1666 1612 1721 1654 et
1765 1615 1888 1655 eum

302 1704 510 1756 magnae
561 1689 904 1745 discretionis
954 1690 1239 1746 libramine
1286 1691 1458 1760 posita
1502 1691 1886 1761 pervidemus,

299 1795 420 1832 cum
463 1780 665 1834 dicitur
698 1797 710 1832 :
744 1779 844 1846 Qui
899 1781 1196 1835 miscentur
1247 1782 1532 1850 pecoribus
1559 1822 1574 1845 ,
1622 1790 1715 1836 aut
1763 1797 1884 1835 eum

299 1862 556 1922 masculis
586 1869 916 1938 polluuntur.
949 1869 1082 1923 Nam
1115 1870 1159 1924 si
1193 1883 1292 1938 per
1333 1871 1465 1934 hoc,
1495 1871 1638 1939 quod
1671 1871 1886 1926 dicitur.

296 1963 385 2029 qui
412 1977 541 2016 cum
579 1961 836 2016 masculis
863 1961 1175 2032 polluuntur
1194 2002 1209 2025 ,
1235 1976 1329 2016 eos
1355 1964 1726 2016 tantummodo
1749 2003 1763 2025 ,
1796 1967 1886 2020 aui

293 2063 674 2104 consummato
725 2060 846 2105 actu
885 2059 1073 2105 ‘contra
1123 2061 1372 2104 naturam
1404 2061 1670 2119 peccant,
1703 2059 1884 2121 expri-

295 2136 442 2195 mere
469 2142 763 2206 voluisset,
793 2158 1130 2212 nequaquam
1175 2146 1225 2197 ei
1275 2157 1496 2198 necesse
1541 2143 1732 2200 fuisset
1777 2144 1884 2199 duo

296 2232 454 2284 verba
489 2247 815 2302 proponere,
841 2234 930 2302 qui
961 2249 1083 2288 cum
1116 2235 1230 2290 solo
1252 2250 1262 2273 -'
1282 2250 1346 2290 eo
1369 2277 1384 2299 ,
1417 2235 1563 2305 quod
1603 2245 1684 2290 est
1705 2278 1719 2297 .
1753 2251 1882 2290 nus-

293 2321 520 2387 rcntnr,
568 2323 830 2391 potuisset
873 2340 983 2378 sua:
1030 2325 1344 2380 intentionis
1397 2328 1541 2381 dicta
1585 2328 1874 2397 complere.

290 2406 580 2468 Sulliceret
626 2415 822 2485 quippe
863 2416 930 2468 ad
978 2416 1100 2487 styli
1153 2419 1568 2484 compendium,
1608 2435 1654 2474 st
1712 2428 1878 2474 totam

288 2502 617 2556 sententiam
646 2519 755 2559 uno
789 2505 952 2559 verbo
985 2506 1486 2576 comprehenderet,
1520 2509 1706 2563 dicens
1735 2527 1748 2563 :
1775 2511 1874 2578 Qui

287 2589 590 2644 miscentur
629 2591 914 2660 pecoribus
939 2633 954 2658 ,
985 2603 1078 2648 aut
1108 2595 1381 2651 masculis.
1414 2597 1705 2652 Miscentur
1730 2601 1873 2655 enim

286 2692 394 2730 uno
426 2679 586 2734 modo
613 2688 666 2734 et
689 2681 761 2744 hi,
791 2681 882 2749 qui
914 2697 1133 2751 pecora,
1157 2695 1210 2737 et
1236 2685 1314 2750 hi,
1344 2699 1432 2754 qui
1464 2687 1733 2745 masculos
1763 2688 1864 2746 vio-

284 2766 418 2824 lam.
462 2768 572 2826 Sed
605 2787 724 2826 eum
764 2767 899 2828 alios
940 2774 1154 2830 misceri
1212 2779 1494 2843 pecoribus
1521 2819 1536 2842 ,
1585 2782 1720 2836 alios
1768 2799 1874 2837 non

285 2861 538 2928 misceri,
567 2865 659 2919 sed
696 2865 861 2936 pollui
901 2877 1021 2922 cum
1057 2869 1310 2924 masculis
1339 2871 1520 2938 dicat;
1566 2882 1713 2941 patet
1743 2891 1871 2944 pro-

281 2949 446 3017 fecto,
481 2954 610 3022 quia
646 2955 696 3008 in
739 2955 847 3010 line
884 2961 1168 3015 commatis
1212 2976 1317 3015 non
1346 2962 1411 3017 de
1464 2967 1871 3034 corruptoribus

282 3042 662 3096 tantummodo
690 3045 1078 3113 masculorum,
1122 3049 1217 3104 sed
1248 3060 1302 3104 et
1347 3051 1413 3105 de
1445 3043 1685 3121 quolibet
1710 3057 1870 3111 modo

276 3119 642 3198 pollutoribus
671 3135 994 3190 sententiam
1036 3139 1296 3207 proferat.
1337 3119 1641 3196 Notandum
1686 3153 1863 3200 autem

1295 380 1533 436 OPUSC.
1565 379 1670 434 ΥΠ.
1707 410 1774 419 —-
1803 381 2000 436 LIBER
2043 382 2608 445 GOMORRlllANUS.

3013 429 3015 432 -
3471 401 3572 457 174

2569 499 2792 555 CAPUT
2841 504 2976 560 XIV.

2003 579 2077 634 De
2103 584 2182 672 his
2218 585 2305 663 qui
2329 585 2381 637 in
2411 594 2663 672 pecudes,
2699 591 2774 644 vel
2813 593 2876 672 in_
2903 595 3160 672 muscidos
3189 609 3282 672 _aut
3314 597 3437 654 olint
3458 603 3575 672 pol-

2160 651 2256 705 luti
2291 651 2433 718 sum,
2467 669 2557 710 aut
2579 651 2824 714 hactenus
2857 663 2952 716 hoc
2977 666 3095 719 vitio
3123 651 3412 724 tabescunt.

2070 762 2176 816 Eos
2202 765 2290 832 qui
2334 766 2774 826 irrationabiliter
2801 773 3046 828 vixerunt
3073 817 3087 841 ,
3119 785 3172 832 et
3199 777 3352 848 lepra
3390 779 3576 850 injusti

1998 851 2243 906 criminis
2285 855 2418 909 alios
2461 857 2790 927 polluerunt,
2833 864 3085 931 prmeepit
3121 875 3306 920 sancta
3336 872 3574 938 synodus

1998 939 2139 992 inter
2172 956 2264 995 eos
2292 957 2468 1008 orare,
2502 947 2592 1014 qui
2635 947 2823 1015 spiritu
2866 951 3238 1020 periclitantur
3275 953 3572 1013 immundo.

1997 1027 2158 1084 Plane
2181 1031 2303 1084 dum
2349 1049 2454 1086 non
2479 1035 2632 1099 dicit,
2662 1038 2750 1107 qui
2779 1038 2926 1109 lepra
2958 1041 3142 1112 injusti
3170 1044 3413 1101 criminis
3438 1047 3573 1102 alios

1997 1135 2368 1191 corruperunt,
2405 1126 2498 1179 sed
2530 1127 2854 1196 polluerunt,
2886 1135 3029 1203 quod
3061 1135 3223 1188 etiam
3250 1151 3372 1190 eum
3407 1137 3573 1206 ipsius

1998 1209 2136 1263 tituli
2164 1212 2478 1279 prmfatione
2527 1217 2859 1284 concordat,
2909 1221 2997 1274 ubi
3042 1235 3145 1276 non
3199 1223 3265 1279 de
3305 1228 3574 1295 corruptis

1994 1300 2089 1354 sed
2119 1302 2183 1355 de
2211 1303 2427 1371 pollutis
2472 1320 2725 1362 exorsum
2769 1317 2885 1374 est;
2930 1311 3100 1380 liquet
3149 1309 3420 1383 profecto,
3450 1319 3574 1387 quia

1993 1406 2313 1459 quocunque
2340 1393 2497 1448 modo
2530 1409 2626 1463 per
2653 1397 2904 1454 ardorem
2933 1400 3169 1456 libidinis
3212 1405 3288 1458 vir
3309 1423 3432 1460 cum
3459 1408 3574 1461 viro

1992 1480 2270 1549 polluitur,
2302 1500 2406 1536 non
2440 1485 2582 1540 inter
2600 1488 2897 1544 catholicos
2921 1490 3279 1560 Christianos,
3311 1497 3402 1550 sed
3431 1499 3574 1552 inter

1992 1570 2349 1626 daetnoniacos
2377 1587 2534 1627 orare
2563 1577 2900 1645 prmcipitur;
2935 1588 3200 1648 quatenus
3244 1583 3289 1638 si
3331 1586 3575 1641 carnales

1989 1656 2233 1714 homines
2255 1676 2319 1714 ex
2348 1663 2650 1732 semetipsis
2681 1667 2931 1722 nesciunt
2965 1682 3192 1737 pensare
3233 1673 3376 1742 quod
3406 1685 3531 1729 sunt
3556 1717 3570 1742 ,

1989 1748 2056 1802 ab
2092 1748 2222 1817 ipsis
2262 1750 2453 1805 saltem
2500 1754 2713 1808 valeant
2756 1758 3009 1825 edoceri,
3041 1777 3162 1816 cum
3208 1765 3403 1834 quibus
3446 1779 3574 1823 sunt

1923 1844 1965 1902 Β
1992 1841 2264 1896 connnuni
2302 1843 2560 1897 orationis
2587 1847 2857 1916 ergastulo
2885 1847 3144 1918 deputati.

2059 1929 2125 1983 Et
2145 1941 2294 1997 certe
2319 1935 2454 1988 satis
2485 1935 2704 2003 dignum
2726 1948 2830 2004 est,
2859 1950 2918 1994 ut
2943 1943 3032 2010 qui
3065 1954 3251 2000 contra
3275 1947 3447 2018 legem
3473 1968 3569 2004 na-

1991 2024 2346 2085 turaz,_contra
2365 2022 2610 2078 humana:
2625 2025 2851 2082 rationis
2873 2030 3142 2094 ordinem,
3171 2049 3390 2090 carnem
3413 2054 3564 2094 suam

1983 2121 2081 2175 per
2109 2118 2216 2162 tam
2239 2109 2379 2165 foeda
2400 2116 2721 2191 commercia
2757 2115 3090 2177 daemonibus
3131 2124 3366 2191 tradunt,
3413 2143 3564 2183 com-

1984 2212 2200 2254 munem
2250 2189 2786 2274 orationis'angulum
2817 2225 2935 2265 cum
2967 2213 3314 2274 daemoniacis
3335 2222 3566 2275 sortian-

1983 2299 2088 2343 tur.
2121 2289 2254 2345 Nam
2282 2308 2402 2348 cum
2436 2295 2519 2350 his
2550 2298 2704 2354 malis
2731 2300 2842 2368 ipsa
2871 2305 3085 2372 penitus
3112 2308 3345 2364 humana
3372 2322 3563 2368 natura

1983 2384 2217 2450 resistat,
2258 2383 2621 2442 diﬂicultatem
2665 2390 2862 2445 diversi
2899 2410 3060 2450 sexus
3102 2397 3416 2465 abhorreat,
3447 2401 3565 2456 luce

1987 2472 2177 2528 :lat‘ius
2193 2485 2424 2543 constat,
2444 2479 2566 2547 quia
2590 2495 2864 2558 nunquam
2895 2493 3003 2545 tam
3032 2503 3239 2556 aversa,
3267 2493 3562 2551 mnta'ftena

1976 2577 2388 2638 praesumerent,
2417 2569 2518 2628 nisz
2545 2587 2660 2643 eos,
2688 2590 2744 2632 ut
2767 2592 2894 2650 puta
2923 2598 3043 2637 vasa
3074 2583 3166 2638 ira:
3197 2596 3321 2656 apta
3339 2586 3391 2641 in
3423 2587 3562 2642 inlc-

1980 2657 2164 2730 ritunt,
2190 2664 2359 2734 iniqui
2390 2668 2608 2736 spiritus
2644 2671 2873 2740 pleniter
2910 2675 3408 2756 possidercttt;.scu
3438 2695 3560 2732 eum

1975 2771 2068 2810 eos
2107 2757 2381 2825 possidere
2426 2760 2720 2830 incipiant,
2757 2772 2882 2817 tunc
2921 2780 3016 2834 per
3042 2781 3201 2821 omne
3226 2808 3240 2832 ,
3279 2767 3420 2837 quod
3454 2770 3558 2822 im-

1974 2847 2156 2913 plent,
2193 2849 2361 2906 invasi
2402 2853 2638 2920 pectoris
2669 2863 2962 2909 tartaream
2992 2857 3138 2910 virus
3164 2873 3274 2912 sua:
3303 2858 3554 2929 maligni-

1975 2937 2098 2990 tatis
2145 2937 2460 3006 inl'undunt,
2492 2950 2550 2994 ut
2573 2941 2682 3012 jam
2725 2943 2812 2996 illa
2844 2944 3114 3000 inhianter
3147 2955 3422 3017 appetant,
3449 2966 3554 3004 non

1971 3040 2088 3091 qua:
2116 3027 2375 3082 naturalis
2407 3039 2584 3084 motus
2616 3033 2797 3087 carnis
2826 3033 3082 3105 cmagitct
3105 3076 3120 3102 ,
3155 3038 3248 3092 sed
3290 3052 3410 3108 quae
3437 3039 3551 3094 sola

1969 3117 2229 3174 diabolica
2261 3124 2613 3193 praseipitatio
2640 3128 3035 3184 subministret.
3067 3129 3200 3184 Nam
3232 3147 3355 3187 cum
3387 3133 3469 3186 vir
3496 3134 3548 3186 iu

1893 3186 1936 3244 ο
2181 3211 2248 3264 αα

278 3311 528 3364 stitutum
547 3353 564 3377 ,
592 3314 734 3382 quod
771 3314 928 3370 facile
954 3319 1303 3387 perpenditur
1331 3322 1385 3376 in
1411 3337 1497 3390 eo,
1522 3325 1665 3393 quod
1699 3325 1756 3380 in
1777 3342 1864 3382 se-

277 3400 572 3465 quentibus
623 3403 953 3458 subinfertur
1005 3423 1019 3460 :

274 3487 466 3556 viginti
504 3506 766 3545 annorum
813 3501 972 3549 :ctate
1000 3536 1012 3560 ,
1058 3506 1112 3550 et
1163 3507 1385 3554 uXorem
1431 3501 1724 3568 habentes,
1759 3508 1860 3562 hoc

274 3585 499 3642 peccato
519 3580 757 3649 prolapsi
778 3593 920 3648 sunt,
938 3585 1121 3654 viginti
1141 3587 1379 3656 quinque
1401 3603 1665 3646 annorum
1689 3597 1859 3662 paeni-

272 3667 516 3721 tudinem
550 3680 821 3739 gerentes,
845 3672 898 3726 in
920 3678 1354 3732 communionem
1387 3681 1716 3750 recipiantur
1735 3699 1858 3739 ora-

273 3757 506 3822 tionum,
539 3759 594 3812 in
628 3775 732 3828 qua
759 3763 1126 3832 quinquennio
1168 3769 1526 3837 perdurantes
1551 3813 1564 3838 ,
1613 3781 1738 3828 tunc
1767 3775 1856 3830 de-

271 3863 420 3900 mum
447 3848 736 3906 oblationis
766 3866 1106 3912 sacramenta
1141 3860 1460 3931 percipiant.

339 3958 400 4012 Si
431 3975 561 4030 ergo
605 3963 827 4030 quilibet
875 3968 1146 4024 szccularis
1194 3971 1354 4041 hujus
1401 3972 1657 4033 facinoris
1687 3995 1851 4048 reus,

269 4058 489 4116 peracta
537 4051 727 4121 viginti
773 4056 1009 4125 quinque
1068 4073 1331 4115 annorum
1390 4065 1746 4136 pwnitcntia,
1797 4071 1849 4125 in

266 4143 709 4197 communionem
737 4146 955 4214 quidem
987 4150 1298 4205 orationum
1326 4193 1340 4218 ,
1390 4156 1622 4210 necdum
1670 4167 1848 4213 autem

262 4231 329 4284 ad
351 4234 704 4302 percipienda
727 4237 1053 4294 oblationum
1089 4254 1424 4300 sacramenta
1454 4247 1846 4316 admittuntur;

261 4336 372 4389 quo
408 4333 576 4391 pacto
605 4326 886 4397 religiosus
913 4345 1018 4386 non
1047 4334 1221 4389 solum
1253 4336 1320 4390 ad
1357 4339 1728 4408 percipienda,
1756 4343 1849 4398 sed

259 4414 426 4467 etiam
457 4417 527 4469 ad
555 4414 850 4486 oll‘ereuda,
899 4430 953 4474 et
993 4425 1354 4480 consecranda
1397 4428 1510 4496 ipsa
1543 4444 1698 4485 sacra
1736 4449 1847 4504 my-

258 4500 429 4557 steria
481 4499 707 4561 idoneus
734 4507 1107 4579 judi'cabitur?
1150 4515 1204 4569 Si
1239 4516 1326 4570 vix
1379 4517 1456 4572 illi
1487 4523 1841 4590 permittitur,

258 4601 317 4644 ut
345 4593 642 4650 ecclesiam
681 4613 802 4653 cum
851 4600 971 4656 aliis
1013 4615 1263 4661 oraturus
1298 4607 1561 4678 introeat;
1604 4615 1838 4682 qualiter

256 4679 347 4735 isti
379 4683 636 4751 dabitur,
667 4698 724 4742 ut
761 4691 827 4744 ad
858 4691 1025 4746 altare
1071 4694 1280 4748 Domini
1308 4713 1406 4765 pro
1432 4700 1550 4755 aliis
1577 4679 1838 4759 interces-

255 4784 419 4826 surus
449 4775 705 4830 accedat?
741 4779 798 4833 Si
832 4779 920 4833 ille
949 4789 1380 4850 antequamtam
1412 4788 1686 4856 prolixum
1722 4804 1838 4859 pce-

256 4859 505 4918 nitentite
547 4868 774 4934 spatium
818 4871 1077 4940 transigat
1105 4912 1120 4937 ,
1159 4888 1264 4927 non
1317 4885 1560 4933 uteretur
1606 4879 1832 4944 audire;

253 4946 358 5003 iste
391 4956 661 5020 quomodo
685 4957 878 5027 dignus
921 4968 1002 5012 est
1049 4975 1201 5015 sacra
1245 4963 1531 5021 missarum
1573 4967 1835 5023 solemnia

256 5036 566 5096 celebrare?
590 5041 645 5098 Si
696 5045 785 5100 ille
839 5047 927 5114 qui
976 5048 1154 5102 minus
1195 5055 1474 5120 peccavit,
1507 5066 1716 5128 utputa
1739 5072 1837 5125 per

256 5121 424 5178 latum
450 5130 623 5184 SZPCU“
665 5133 772 5184 iter
809 5133 1088 5184 incedens.
1127 5137 1282 5184 τηε)
1322 5139 1563 5184 intliornnc
1588 5121 1681 5184 ’ρει
1726 5159 1835 5184 (ιω-

1070 3407 1345 3478 Quotquot
1396 3420 1576 3467 autem
1643 3425 1859 3483 peracta
1918 3455 1926 3464 .

1965 3306 2042 3350 cst
2067 3298 2154 3352 ille
2175 3301 2438 3356 naturalis
2459 3303 2690 3373 impetus
2704 3307 2904 3370 carnis,
2923 3310 3018 3364 sed
3041 3317 3246 3364 tantum
3271 3311 3549 3367 diabolica:

1960 3389 2208 3446 stimulus
2237 3392 2590 3462 impulsionis.
2627 3399 2924 3467 \‘igilauter
2969 3417 3099 3473 ergo
3138 3405 3314 3458 sancti
3354 3404 3547 3460 Patres

1961 3477 2267 3538 Sodomitas
2295 3500 2416 3538 cum
2449 3490 2832 3557 energumenis
2859 3493 3014 3546 simul
3045 3509 3202 3548 orare
3227 3505 3541 3560 sanxerunt,

1958 3587 2093 3639 quos
2116 3574 2303 3643 eodem
2348 3575 2616 3632 diabolico
2638 3579 2832 3648 spiritu
2863 3581 3079 3637 invasos
3102 3598 3220 3638 esse
3253 3602 3359 3640 non
3388 3587 3543 3642 dubi-

1959 3669 2225 3716 taverunt.
2267 3663 2544 3730 Quomodo
2573 3681 2703 3737 ergo
2734 3683 2832 3736 per
2859 3671 3210 3727 sacerdotalis
3247 3673 3412 3729 cilicii
3455 3676 3539 3732 di-

1956 3751 2217 3818 gnitatem
2251 3753 2412 3824 inter
2452 3755 2620 3810 Deum
2666 3767 2721 3812 et
2773 3761 3027 3828 populum
3079 3763 3235 3816 debet
3278 3764 3542 3820 mediator

1955 3841 2230 3908 assistere,
2254 3845 2343 3913 qui
2366 3859 2396 3898 a
2421 3846 2582 3901 totius
2602 3846 2780 3917 populi
2805 3850 3216 3920 congregatione
3241 3850 3540 3920 sejunctas,

1954 3944 2227 4000 nunquam
2259 3935 2362 3989 nisi
2393 3935 2530 3990 inter
2559 3936 2918 3993 daemoniacos
2949 3939 3170 4008 jubetur
3207 3943 3402 3997 orare?
3431 3943 3539 3998 Sed

1952 4025 2204 4088 quoniam
2231 4024 2337 4080 duo
2367 4041 2431 4080 ex
2463 4042 2569 4081 uno
2597 4043 2752 4082 sacro
2774 4030 3003 4086 concilio
3035 4032 3341 4086 testimonia
3378 4033 3534 4089 adhi—

1951 4114 2081 4167 bere
2107 4114 2416 4169 curavimus
2441 4155 2454 4179 ,
2484 4116 2613 4183 quid
2637 4118 2800 4171 etiam
2831 4134 3060 4189 magnus
3087 4120 3314 4176 Basilius
3337 4123 3403 4177 de
3428 4137 3494 4177 eo
3525 4164 3542 4187 ,

1953 4206 2020 4260 de
2042 4220 2148 4273 quo
2173 4221 2318 4259 nunc
2341 4206 2536 4276 agitur,
2580 4208 2712 4263 vitio
2751 4209 2972 4275 sentiat,
3017 4211 3318 4274 inseramus
3349 4230 3362 4265 :
3391 4223 3448 4265 ut
3489 4214 3544 4267 in

1949 4308 2045 4348 ore
2082 4295 2309 4348 duorum
2355 4296 2437 4350 vel
2469 4298 2627 4351 trium
2668 4297 2885 4352 testium
2929 4307 3038 4354 stet
3079 4313 3239 4355 omne
3265 4300 3485 4356 verbum
3524 4319 3539 4366 ;

1951 4385 2028 4439 ait
2047 4385 2192 4440 enim
2222 4402 2237 4439 :

2547 4479 2776 4536 CAPUT
2822 4480 2935 4535 XV.

1880 4539 1924 4597 υ
2020 4565 2095 4620 De
2118 4565 2339 4633 clericis,
2366 4567 2440 4620 vel
2465 4571 2736 4624 monac/tis
2755 4612 2769 4633 ,
2805 4571 2852 4624 si
2879 4571 3072 4639 fuerint
3099 4574 3455 4628 titasculorum

2553 4639 2908 4696 insectatores.

2015 4743 2276 4811 Clericus,
2314 4745 2399 4799 vel
2430 4747 2731 4804 monachus
2756 4749 3179 4819 adolescentum,
3210 4753 3294 4808 vel
3321 4767 3519 4823 parvu-

1944 4831 2118 4888 lorum
2140 4833 2449 4897 insectator.
2480 4837 2564 4892 vel
2585 4838 2678 4907 qui
2706 4840 2910 4906 osculo,
2931 4841 3015 4896 vel
3041 4842 3133 4911 qui
3163 4843 3339 4912 aliqua
3365 4857 3522 4896 occa-

1943 4923 2096 4978 sione
2129 4927 2270 4995 turpi
2301 4922 2684 4996 ~deprehensus
2724 4930 2905 4996 fuerit,
2947 4933 3157 5002 publice
3183 4935 3520 5001 verberetur,

1942 5021 1997 5067 et
2043 5030 2298 5070 coronam
2346 5018 2596 5085 amittat,
2632 5021 2786 5090 163
2833 5022 3248 5093 decalvatusque
3295 5026 3524 5094 turpiter

1941 5108 2298 5173 sputamentis
2324 5107 2617 5164 obliuiatnr
2639 5112 2694 5164 in
2722 5111 2880 5178 facie,
2910 5113 3249 5184 vinculisque
3281 5125 3520 5170 arctatus
