4110 5364
499 379 603 436 1ῑό

962 376 1018 428 s.
1050 373 1250 426 verm
1295 368 1577 422 umnam
1617 366 1767 420 ore.
1793 364 2030 420 'l‘OMUS
2061 363 2188 417 seu
2229 361 2405 418 rans
2442 362 2528 416 ιιι.
2559 393 2624 404 —.
2652 362 3016 420 opuscuca
3057 363 3284 440 vama.
3324 340 3326 343 ’

3646 369 3749 422 176

494 489 640 548 nulla
658 498 828 558 prava
852 483 1141 547 locutione,
1167 481 1248 535 vel
1269 478 1496 535 concilio
1515 475 1767 543 deinceps
1789 472 2078 541 juvenibus
2107 476 2154 532 Α
2183 479 2445 536 evertere,
2473 477 2528 524 et
2554 469 2792 525 rediviva
2819 480 3024 528 exusta
3055 471 3302 527 Sodoma
3327 474 3522 543 satagit
3547 478 3751 532 mania

493 576 918 649 conjungendus.

443 663 458 729 ζ
564 671 663 725 Hic
691 665 924 723 carnalis
950 664 1110 717 homo
1137 660 1375 716 studiose
1401 655 1696 726 perpendat
1719 696 1732 718 ,
1779 662 1956 706 utrum
1987 667 2075 706 ec-

494 755 812 814 clesiasticis
833 752 1023 809 ofiiciis
1046 760 1161 803 tuto
1189 747 1496 802 ministrare
1522 743 1715 805 valeat,
1739 755 1896 810 quem
1921 752 2074 794 sacra

495 845 790 902 auctoritas
831 850 939 897 tam
975 836 1342 910 ignominiosis
1367 875 1381 899 ,
1413 842 1522 886 tam
1563 831 1807 901 turpibus
1836 829 2073 883 dehone-

494 935 748 991 standum
772 930 1109 988 contumeliis
1128 927 1367 999 judicat;
1400 937 1500 978 nec
1524 937 1587 977 ex
1611 937 1674 976 ea
1703 920 1805 975 sibi
1835 918 2075 974 blandia-

493 1035 604 1092 tur,
635 1026 759 1095 quia
789 1023 1059 1078 neminem
1090 1017 1409 1086 corruperit,
1437 1031 1559 1070 cum
1587 1011 1923 1082 apertissime
1942 1009 2076 1065 scri-

490 1126 644 1187 ptum
677 1112 856 1166 videat
881 1149 896 1176 ,
923 1110 1045 1179 quia
1076 1107 1164 1177 qui
1211 1105 1324 1159 solo
1351 1101 1533 1157 osculo
1557 1141 1572 1165 ,
1603 1098 1687 1154 vel
1714 1099 1891 1167 aliqua
1922 1111 2076 1152 occa-

439 1209 446 1214 “
494 1206 646 1260 sione
688 1201 829 1271 turpi
873 1200 1240 1270 deprehensus
1285 1195 1466 1256 fuerit,
1497 1192 1749 1248 omnibus
1795 1191 1902 1244 illis
1951 1203 2077 1260 pro-

494 1293 670 1348 brosae
709 1290 1004 1359 disciplina
1047 1285 1448 1343 confusionibus
1506 1282 1700 1336 merito
1755 1279 2071 1350 subjacebit.

495 1383 649 1450 Quod
703 1381 748 1437 si
801 1379 1040 1435 osculum
1091 1387 1200 1432 tam
1254 1383 1483 1430 austera
1534 1371 1754 1427 ultionis
1818 1371 2077 1442 supplicio

494 1475 769 1544 plectitur,
802 1473 915 1542 ipsa
955 1486 1076 1526 cum
1107 1469 1213 1523 alio
1242 1466 1624 1523 contaminatio
1652 1464 1780 1534 quid
1806 1462 2078 1518 meretur?

496 1563 577 1616 Ad
601 1563 924 1632 puniendum
951 1573 1182 1628 namque
1205 1558 1290 1613 cui
1311 1555 1546 1621 crimini,
1571 1555 1658 1610 cui
1683 1553 2076 1608 immanissima

497 1652 686 1707 sceleri
727 1667 830 1706 non
879 1648 1146 1705 sufﬁceret
1198 1646 1411 1716 publice
1455 1644 1768 1709 verberari,
1820 1657 2074 1698 coronam

496 1742 786 1806 amittere,
844 1739 1072 1808 turpiter
1118 1735 1406 1800 decalvari,
1467 1733 1754 1788 salivarum
1802 1730 2075 1802 spurcitiis

2178 576 2450 630 reparare.
2487 561 2599 617 Hoc
2639 570 2723 618 est
2766 564 2932 630 enim,
2983 563 3128 633 quod
3172 564 3518 620 sobrietatem
3561 567 3748 632 violat,

2176 653 2489 722 pudicitiam
2519 663 2717 721 necat,
2769 657 3070 710 castitatem
3101 654 3330 724 jugulat,
3359 657 3748 727 virginitatem,
3803 708 3806 710 γ

2177 757 2295 810 qua
2349 743 2782 811 irrecuperabilis
2835 752 2937 811 est,
2993 744 3358 814 spurcissima
3413 749 3753 818 contagionis

2177 847 2433 887 mucrone
2493 834 2743 888 trucidat.
2793 834 2986 891 Omnia
3049 833 3238 900 fadat,
3265 836 3446 890 omnia
3495 838 3751 904 maculat,

2174 922 2353 976 omnia
2390 922 2604 992 polluit;
2640 931 2695 978 et
2719 933 2976 992 quantum
3005 926 3073 980 ad
3101 940 3179 988 se,
3211 924 3342 979 nihil
3368 941 3594 995 purum,
3621 929 3755 983 nihil

2177 1028 2206 1066 a
2233 1012 2481 1067 sordibus
2517 1012 2776 1078 alienum,
2806 1014 2940 1067 nihil
2970 1017 3228 1068 mundum
3279 1030 3399 1071 esse
3447 1019 3753 1086 permittit:

2180 1121 2198 1154 ι
2237 1102 2426 1158 Omnia
2455 1104 2596 1156 enim
2624 1144 2639 1169 ,
2667 1112 2726 1157 ut
2764 1103 3054 1174 Apostolus
3102 1106 3196 1170 ait,
3252 1107 3450 1161 munda
3500 1109 3751 1166 mundis:

2173 1193 2550 1249 contaminatis
2601 1203 2784 1250 autent
2835 1204 2890 1248 ct
2939 1195 3244 1250 infidelibus
3287 1195 3421 1250 nihil
3487 1198 3756 1252 mundum

2175 1281 2302 1352 (Tit.
2328 1283 2389 1352 1).
2425 1299 2442 1332 ι

2247 1373 2358 1427 Hoc
2380 1373 2564 1426 vitium
2593 1387 2622 1426 a
2659 1373 2826 1429 choro
2863 1373 3218 1428 ecclesiastici
3248 1382 3548 1429 conventus
3575 1374 3757 1430 elimi-
3841 1416 3850 1422 ς

2177 1473 2288 1530 nat,
2314 1473 2368 1516 et
2396 1479 2517 1516 cum
2568 1464 2946 1534 energumenis
2975 1479 3037 1519 ac
3075 1463 3339 1518 damonio
3386 1463 3760 1521 laborantibus

2174 1566 2330 1608 orare
2356 1551 2646 1621 compellit,
2679 1566 2708 1604 a
2741 1552 2852 1606 Deo
2877 1552 3109 1606 animam
3139 1560 3387 1622 separat,
3411 1561 3468 1606 ut
3493 1553 3756 1606 damoni-

2177 1645 2279 1700 bus
2301 1645 2510 1715 jungat.
2545 1642 2670 1698 llac
2697 1644 3140 1714 pestilentissima
3167 1645 3522 1700 Sodomorum
3569 1647 3756 1716 regina

2177 1752 2286 1791 sua
2315 1737 2616 1807 tyrannidis
2648 1736 2853 1806 legibus
2874 1738 3283 1807 obsequentem,
3305 1737 3612 1793 hominibus
3644 1747 3760 1792 tur-

495 1830 708 1886 obliniri
736 1871 750 1896 ,
802 1827 1162 1903 carceralibus
1206 1823 1467 1897 angustiis
1512 1823 1712 1877 diutius
1746 1821 2027 1891 comprimi
2059 1860 2074 1886 ,
2105 1821 2151 1880 Β
2179 1841 2324 1895 pem,
2358 1826 2467 1879 Deo
2488 1825 2667 1880 reddit
2692 1825 2978 1892 odibilem;
3010 1826 3269 1881 adversus
3313 1827 3478 1881 Deum
3523 1826 3759 1882 nefanda

495 1921 688 1976 fe’rreis
732 1921 950 1990 insuper
973 1918 1202 1974 vinculis
1227 1914 1538 1972 eaarctari?
1575 1923 1907 1984 postremum
1946 1928 2078 1984 quo-

496 2029 603 2084 que
654 2014 952 2069 hordeaceo
1006 2026 1143 2082 pane
1193 2010 1374 2065 feriari
1428 2008 1770 2078 pracipitur;
1810 2006 1934 2074 quia
1984 2004 2079 2075 qui

493 2106 669 2160 factus
724 2112 806 2159 est
847 2104 987 2158 sicut
1032 2115 1202 2170 equus
1239 2108 1295 2154 et
1332 2097 1506 2152 mulus
1537 2096 1704 2168 (Psal.
1760 2096 1910 2162 xm)
1951 2111 2078 2150 con-

495 2211 629 2268 grue
661 2209 769 2249 nan
801 2194 920 2249 cibo
947 2192 1187 2248 reficitur
1236 2189 1513 2244 hominum
1536 2228 1550 2253 ,
1596 2186 1690 2242 sed
1731 2200 1942 2241 annona
1986 2201 2078 2256 pa-

495 2288 664 2344 scitur
693 2286 1079 2356 iumentorum.

566 2377 736 2431 Porro
764 2375 808 2430 si
835 2373 993 2443 hujus
1010 2370 1215 2440 peccati
1247 2368 1455 2438 pondus
1483 2381 1710 2438 pensare
1736 2365 2076 2436 negligimus,

495 2469 549 2523 in
591 2468 708 2537 ipso
752 2464 943 2520 saltem
974 2462 1304 2532 panitentia
1325 2457 1549 2527 judicio,
1579 2457 1721 2526 quod
1763 2457 2076 2526 imponitur,

494 2555 931 2614 manifestissime
971 2551 1293 2607 declaratur.
1327 2548 1578 2618 Quisquis
1628 2547 1772 2602 enim
1817 2546 2077 2602 canonica

494 2663 724 2705 censura
763 2646 1030 2717 publicam
1075 2641 1256 2696 subire
1293 2638 1664 2708 paenitentiam
1692 2637 1920 2708 cogitur,
1951 2652 2078 2706 pro-

494 2743 637 2798 fecto
663 2735 1043 2793 ecclesiasticis
1069 2732 1318 2799 indignus
1346 2727 1531 2782 ofIiciis
1555 2726 1832 2796 perspicua
1855 2727 2078 2780 Patrum

495 2829 768 2885 sententia
811 2825 1106 2893 iudicatur.
1144 2819 1297 2875 Unde
1339 2828 1393 2873 et
1440 2817 1629 2871 beatus
1679 2831 1816 2887 papa
1856 2815 2080 2872 Siricius

496 2923 640 2976 inter
680 2926 873 2972 caetera
917 2912 1167 2982 scripsit,
1211 2909 1394 2965 dicens
1423 2925 1434 2960 :
1470 2907 1598 2961 Illud
1625 2921 1838 2977 quoque
1862 2921 1959 2962 nos
1984 2921 2082 2976 par

495 3012 596 3066 fuit
618 3007 899 3080 providere
925 3046 938 3072 ,
966 3013 1022 3058 ut
1061 3003 1203 3058 sicut
1232 2998 1603 3071 paenitentiam
1631 3011 1788 3066 agere
1829 2997 2078 3067 cuiquam

494 3119 602 3158 non
627 3099 940 3156 conceditur
965 3093 1310 3156 clericorum,
1335 3090 1406 3144 ita
1434 3096 1487 3143 et
1514 3097 1635 3158 post
1663 3088 2073 3158 panitudinem,

496 3210 560 3250 ac
586 3189 1077 3248 reconciliationem
1104 3182 1242 3239 nulli
1272 3196 1508 3251 unquam
1540 3180 1678 3235 laico
1718 3180 1878 3234 liceat
1906 3181 2076 3236 bona-
2106 3166 2149 3226 C

495 3299 611 3338 rem
639 3282 923 3337 clericatus
953 3276 1210 3346 adipisci;
1241 3273 1365 3342 quia
1406 3272 1652 3340 quamvis
1692 3271 1802 3324 sint
1840 3271 2076 3325 omnium

499 3381 843 3444 peccatorum
871 3366 1189 3434 contagione
1217 3361 1478 3424 mundati,
1505 3359 1648 3413 nulla
1676 3368 1852 3414 tamen
1887 3361 2081 3415 debent

415 3460 424 3465 ’
497 3463 852 3533 gerendorum
886 3461 1342 3515 sacramentorum
1377 3452 1732 3506 instrumenta
1769 3451 2040 3522 suscipere
2061 3492 2075 3516 ,

497 3553 587 3622 qui
627 3550 826 3604 dudum
873 3546 1086 3600 fuerant
1114 3557 1240 3596 vasa
1277 3541 1552 3596 vitiorum.
1588 3540 1721 3594 Cum
1765 3555 1894 3612 ergo
1922 3540 2080 3609 hujus

498 3640 704 3711 peccati
728 3636 1015 3692 obnoxium
1046 3648 1150 3687 non
1177 3631 1347 3686 solum
1371 3631 1580 3692 duram,
1613 3629 1705 3684 sed
1730 3637 1784 3684 et
1808 3629 2076 3699 publicam

496 3729 872 3803 paenitentiam
914 3727 974 3778 Β.
1007 3723 1234 3780 Basilius
1268 3722 1450 3776 subire
1487 3722 1786 3790 pracipiat,
1811 3723 2074 3792 paeniten-

499 3835 606 3878 tem
639 3835 766 3876 vero
787 3817 1073 3872 clericatus
1104 3813 1346 3869 ordinem
1382 3811 1628 3866 obtinere
1654 3811 1882 3866 Siricius
1906 3812 2075 3866 inter-

497 3915 674 3977 dicat;
707 3907 991 3964 manifeste
1025 3904 1315 3974 colligitur,
1348 3901 1473 3970 quia
1508 3900 1598 3970 qui
1623 3898 1763 3954 fada
1785 3913 1906 3954 cum
1936 3917 2079 3956 mas-

498 4007 618 4063 culo
663 4004 961 4060 libidinosa
1005 3997 1356 4055 immunditia
1397 3994 1556 4051 sorde
1601 3993 1878 4064 polluitur,
1904 3992 2077 4047 eccle-

497 4097 732 4154 siasticis
760 4093 906 4164 fungi
952 4090 1138 4147 ofﬁciis
1166 4104 1271 4144 non
1315 4095 1582 4152 meretur;
1618 4098 1718 4139 nec
1745 4083 1923 4138 idonei
1952 4093 2078 4138 sunt

499 4185 737 4238 divinum
761 4189 993 4236 tractare
1033 4178 1370 4248 mysterium,
1395 4173 1508 4245 qui,
1539 4181 1597 4227 ut
1627 4172 1846 4237 dicitur,
1874 4170 2073 4226 dudum

499 4275 713 4330 fuerant
733 4287 858 4328 vasa
877 4271 1159 4326 vitiorum.

1078 4355 1306 4416 CAPUT
1346 4357 1482 4412 XVI.

716 4452 974 4520 Nefanda:
997 4448 1332 4517 turpitudinis
1361 4445 1517 4514 digna
1542 4445 1874 4513 uituperatio.

571 4545 682 4599 lloc
710 4557 838 4598 sane
866 4540 1048 4594 vitium
1097 4538 1222 4591 milli
1268 4549 1490 4606 prorsus
1519 4545 1598 4590 est
1623 4536 1756 4590 vitio
1794 4534 2071 4589 conferen-
2100 4513 2149 4571 Ῑ)

500 4635 649 4699 dum,
683 4630 824 4701 quod
851 4628 1088 4684 omnium
1135 4624 1519 4678 immanitatem
1549 4632 1766 4691 superat
1790 4623 2068 4678 vitiorum.

501 4727 612 4782 lloc
639 4722 903 4793 siquidem
947 4716 1132 4771 vitium
1165 4729 1310 4768 mors
1348 4720 1431 4767 est
1469 4727 1752 4783 corporum
1777 4753 1792 4776 ,
1824 4711 2072 4767 interitus

499 4827 582 4876 est
605 4817 929 4878 animarum,
959 4823 1174 4865 carnem
1198 4807 1384 4877 polluit
1406 4845 1422 4870 ,
1449 4805 1642 4858 mentis
1669 4804 1846 4858 lumen
1873 4804 2072 4859 exstin-

501 4914 614 4984 guit
640 4953 654 4977 ,
684 4911 942 4981 Spiritum
975 4911 1217 4959 sanctum
1265 4901 1330 4955 de
1361 4899 1557 4967 templo
1587 4899 1806 4954 humani
1832 4898 2070 4968 pectoris

500 5004 662 5052 r-iicil.
687 5003 1012 5052 incentorcm
1040 4995 1262 5050 luxuria
1285 4991 1552 5047 diabolum
1575 4990 1885 5052 introducit,
1913 4986 2072 5052 164

2175 1919 2312 1974 bella
2332 1933 2639 1986 conserere,
2668 1919 2980 1984 nequissimi
3010 1919 3234 1988 spiritus
3259 1919 3490 1989 imperat
3508 1920 3756 1974 militiam

2176 2005 2445 2075 baiulare;
2475 2008 2542 2063 ab
2565 2007 2875 2078 angelorum
2906 2009 3175 2063 consortio
3211 2019 3462 2078 separat,
3487 2018 3542 2064 et
3581 2008 3760 2064 infeli-

2176 2115 2293 2156 cem
2339 2100 2574 2154 animam
2608 2099 2708 2154 sub
2735 2101 2965 2170 propria
3009 2100 3393 2154 dominationis
3421 2101 3550 2171 jugo
3586 2115 3617 2153 a
3659 2116 3756 2155 sua

2177 2190 2457 2245 nobilitate
2503 2191 2758 2260 captivat.
2831 2190 3104 2245 Virtutum
3151 2192 3318 2247 armis
3367 2208 3494 2247 suos
3553 2192 3756 2247 milites

2177 2282 2346 2347 exuit,
2369 2282 2716 2352 omniumque
2743 2281 2993 2336 vitiorum
3019 2281 3236 2350 jaculis,
3268 2289 3327 2336 ut
3353 2281 3754 2346 confodiantnr,

2177 2376 2415 2445 exponit.
2440 2373 2497 2429 In
2526 2375 2765 2431 Ecclesia
2789 2375 3056 2440 humiliat,
3075 2377 3128 2428 in
3153 2373 3271 2430 foro
3293 2376 3636 2439 condemnat,
3658 2374 3758 2431 fa:-

2178 2466 2270 2520 dat
2314 2465 2366 2520 in
2394 2474 2623 2530 secret»,
2657 2465 2973 2521 dehonestat
3017 2465 3068 2518 in
3104 2464 3339 2534 publica,
3370 2464 3760 2520 conscientiam

2179 2557 2322 2611 rodit
2349 2565 2407 2611 ut
2430 2556 2650 2621 vermis,
2685 2571 2902 2611 carnem
2946 2556 3126 2609 exurit
3151 2564 3210 2608 ut
3232 2556 3395 2625 ignis;
3430 2555 3671 2618 anhelat,
3700 2553 3762 2607 ut

2178 2646 2504 2716 voluptatem
2531 2644 2779 2715 expleat;
2831 2653 2886 2698 at
2920 2653 3104 2698 contra
3149 2644 3297 2698 timet
3319 2657 3383 2698 ne
3425 2643 3490 2696 ad
3521 2643 3760 2696 medium

2180 2737 2382 2800 veniat,
2416 2751 2483 2790 ne
2512 2736 2566 2790 in
2592 2735 2865 2805 publicum
2894 2743 3051 2789 exeat
3072 2774 3086 2799 ,
3128 2748 3194 2790 ne
3224 2733 3530 2788 hominibus
3555 2732 3762 2787 innote-

2180 2837 2314 2882 scat.
2347 2828 2519 2894 Quem
2546 2827 2689 2882 enim
2717 2827 2806 2881 ille
2842 2841 2951 2881 non
2981 2827 3184 2891 timeat,
3209 2825 3298 2895 qui
3331 2833 3384 2880 et
3420 2825 3591 2894 ipsum
3617 2839 3760 2879 com-

2181 2919 2358 2972 munis
2385 2919 2550 2972 ruina
2576 2918 2893 2987 participem
2926 2917 3118 2987 pavida
3140 2917 3442 2987 suSpiciane
3469 2915 3760 2970 formidat?

2182 3009 2258 3065 Ne
2282 3009 2534 3064 videlicet
2573 3016 2628 3064 et
2657 3009 2770 3078 ipse
2798 3007 2887 3077 qui
2915 3006 3075 3062 simul
3109 3015 3317 3078 peccat,
3343 3005 3510 3075 judcx
3536 3006 3758 3061 sceleris

2180 3115 2276 3170 per
2301 3099 2692 3154 confessionem
2721 3099 2813 3152 fiat
2830 3139 2844 3160 ,
2887 3099 3012 3152 dum
3044 3112 3147 3152 non
3173 3098 3329 3151 modo
3352 3097 3477 3166 quia
3498 3111 3758 3166 peccave—

2184 3190 2272 3254 rit,
2294 3190 2538 3244 confiteri
2565 3203 2670 3244 non
2699 3189 2948 3256 ambigat,
2989 3185 3082 3243 sed
3104 3188 3264 3241 etiam
3292 3201 3412 3240 cum
3439 3202 3545 3258 quo
3564 3196 3762 3256 peccaa

2181 3279 2257 3333 vit
2283 3287 2672 3348 conscquenter
2699 3274 2992 3347 adjungati
3027 3284 3086 3330 ut
3113 3278 3253 3331 sicut
3279 3292 3415 3330 unus
3445 3276 3497 3330 in
3530 3285 3756 3346 peccato

2181 3370 2336 3431 mori,
2372 3369 2471 3423 nisi
2530 3367 2700 3422 altera
2757 3368 3019 3422 moriente
3054 3382 3158 3421 non
3190 3367 3395 3436 potuit;
3423 3367 3494 3420 ita
3524 3376 3579 3420 ct
3617 3366 3758 3420 alicr

2180 3458 2332 3514 alteri
2376 3457 2682 3526 resurgendi
2706 3455 3040 3532 occasionem
3071 3455 3324 3524 prabeat,
3355 3471 3475 3510 cum
3501 3455 3755 3524 resurgit.

2178 3549 2480 3603 Ardetcaro
2501 3547 2694 3601 misera
2719 3547 2898 3600 furore
2920 3545 3178 3610 libidinis,
3198 3546 3376 3599 tremit
3394 3561 3544 3601 mens
3559 3545 3758 3616 frigida

2181 3651 2407 3693 rancore
2426 3637 2774 3707 suspicionis,
2791 3645 2844 3689 et
2865 3638 2916 3691 in
2945 3644 3162 3706 pectore
3180 3636 3360 3690 miseri
3386 3637 3621 3691 hominis
3636 3635 3754 3703 jam

2178 3731 2331 3802 quasi
2366 3739 2660 3785 tartaream
2698 3731 2863 3784 chaos
2891 3736 3182 3792 cxastuat,
3211 3730 3336 3781 dum
3368 3735 3500 3797 quat
3547 3730 3758 3798 c0gita-

2180 3823 2382 3877 tionum
2405 3821 2604 3875 aculeis
2629 3821 2909 3890 pangitur,
2933 3819 3326 3887 quodammodo
3363 3826 3439 3870 tot
3465 3833 3751 3887 panarnm

2177 3912 2452 3982 suppliciis
2479 3911 2772 3966 cruciatur.
2807 3908 3008 3964 lnfelici
3032 3909 3227 3978 quippe
3257 3897 3450 3962 anima
3465 3917 3752 3977 postquam

2175 4005 2266 4059 hic
2301 4003 2752 4059 venenatissimus
2792 4001 3012 4056 coluber
3055 4003 3241 4056 dentes
3275 4001 3440 4055 semel
3489 4000 3752 4066 infixerit,

2175 4094 2319 4149 illico
2341 4108 2530 4149 sensus
2550 4092 2825 4158 adimitur,
2857 4091 3116 4145 memoria
3144 4089 3366 4153 tollitur,
3392 4091 3585 4144 mentis
3606 4091 3753 4145 acies

2175 4185 2527 4249 obscuratur;
2561 4183 2617 4236 fit
2646 4182 2929 4237 immemor
2957 4181 3070 4246 Dei,
3097 4179 3429 4234 obliviscitur
3451 4181 3612 4234 etiam
3644 4183 3747 4236 sui.

2179 4273 2300 4328 Hac
2325 4288 2555 4342 namque
2584 4271 2750 4340 pestis
2775 4271 2897 4322 fidei
2933 4269 3337 4322 fundamentum
3363 4271 3750 4338 evacuat,‘,—spci

2175 4364 2340 4419 robur
2358 4371 2601 4428 enervat,
2626 4359 3196 4415 charitatis'vinculum
3219 4359 3462 4428 dissipat,
3481 4360 3754 4430 justitiam

2176 4454 2330 4521 tollit,
2359 4453 2724 4507 fortitudinem
2771 4450 3020 4512 subruit,
3076 4451 3482 4521 temperantiam
3538 4451 3748 4520 eximit,

2173 4543 2473 4615 prudentia
2499 4556 2728 4596 acumen
2758 4541 3026 4596 obtundit.

2244 4634 2311 4689 Et
2335 4633 2462 4702 quid
2483 4631 2709 4702 amplius
2721 4631 2928 4687 dicam?
2950 4631 3387 4700 Quandoquidem
3403 4646 3617 4687 omnem
3643 4633 3753 4688 vir-

2171 4734 2343 4778 tutum
2360 4736 2585 4776 cuneum
2600 4722 2664 4775 de
2678 4719 2826 4775 curia
2842 4719 3058 4774 humani
3075 4720 3251 4774 cordis
3263 4735 3323 4773 ex
3333 4719 3748 4788 pellit,onmem-

2172 4827 2276 4880 qne
2301 4811 2552 4865 vitiorum
2579 4808 2906 4872 barbariem,
2926 4808 3070 4862 velut
3084 4807 3280 4863 evulsis
3297 4819 3572 4879 portarum
3591 4825 3748 4878 repa-

2171 4901 2330 4970 gulis,
2350 4900 2673 4954 intromittit.
2691 4898 2786 4954 Cui
2813 4899 3018 4954 scilicet
3036 4897 3148 4962 ‘illa,
3178 4913 3298 4966 quae
3319 4898 3416 4953 sub
3443 4899 3749 4966 spccietcr—

2179 5007 2320 5045 rena
2365 4989 2658 5044 Jerusalem
2704 4989 2928 5052 dicitur,
2981 4985 3228 5042 Jeremia
3295 4988 3562 5042 sententia
3606 5002 3742 5041 con-
