4106 6310
404 324 506 376 ΓΠ

1367 332 1615 392 ORUSC.
1651 338 1758 392 νυ.
1794 369 1860 380 -
1884 340 2088 396 LIBER
2123 344 2690 404 COMORRHIANUS.

3556 355 3654 410 178

401 445 466 533 qt
503 436 734 533 quisque
771 438 827 493 in
861 439 1006 495 hanc
1051 450 1312 501 extremas
1358 450 1678 517 perditionis
1729 456 1982 525 abyssum
2011 463 2059 532 ᾼ
2089 460 2478 528 Sodomorum,
2510 465 2635 533 quia
2668 464 3037 533 unusquisque
3063 478 3206 518 nunc
3237 472 3387 520 tanto
3418 463 3658 523 deterius

403 527 570 581 fuerit
602 527 818 599 lapsus,
871 547 901 585 a
945 546 1176 602 superna
1225 539 1402 607 patria
1448 544 1604 615 exsul
1651 543 1900 612 elﬁcitur,
1946 565 1979 603 a

403 618 613 680 Christi
650 635 882 690 corpore
916 635 1217 694 separatur,
1249 631 1414 686 totius
1449 633 1706 690 Ecclesiae
1745 641 1980 693 auctori-

406 717 517 763 tate
549 709 922 777 confunditur,
955 715 1196 771 omnium
1233 730 1549 778 sanctorum
1584 724 1804 781 Patrum
1837 730 1981 800 judi-

401 800 487 868 cio
514 801 928 873 condemnatur,
957 805 1101 861 inter
1127 807 1375 866 homines
1402 811 1456 866 in
1488 822 1630 869 terra
1661 817 1977 887 despicitur,

401 905 435 961 a_
483 891 789 947 ctelestium
836 895 1034 950 civium
1085 901 1442 958 contubernio
1497 907 1859 976 reprobatur;
1916 913 1978 966 ﬁt

401 979 505 1035 sibi
554 981 750 1036 ccelum
801 983 1069 1051 ferreum,
1123 998 1178 1043 et
1215 997 1357 1045 terra
1396 1007 1588 1060 aenea;
1629 1011 1807 1067 neque
1850 998 1978 1055 illuc

402 1079 582 1137 potest
610 1075 845 1141 pondere
873 1076 1116 1132 criminis
1146 1091 1401 1147 gravatus
1429 1098 1714 1156 assurgere
1743 1103 1757 1152 ;
1800 1102 1978 1158 neque

402 1159 488 1212 hic
525 1175 623 1214 sua
653 1161 792 1214 mala
823 1162 1141 1231 ignorantia:
1169 1165 1394 1223 latibulo
1422 1171 1623 1228 diutius
1660 1176 1933 1232 occultare
1959 1194 1974 1235 :

400 1266 507 1321 non
544 1252 634 1305 hic
670 1263 849 1322 potest
885 1255 1154 1324 gaudere,
1192 1260 1319 1314 dum
1359 1261 1527 1327 vivit;
1567 1279 1667 1319 nec
1706 1265 1817 1322 illic
1855 1283 1976 1337 spe-

402 1357 557 1408 rare,
591 1344 716 1398 dum
748 1347 927 1402 deﬁcit
953 1388 968 1412 ,
998 1348 1124 1417 quia
1156 1357 1210 1404 et
1240 1367 1381 1407 nunc
1411 1353 1660 1410 humanae
1688 1357 1976 1414 derisionis

397 1434 784 1502 opprobrium,
832 1445 885 1490 et
941 1441 1279 1506 postmodum
1335 1453 1552 1498 teternaa
1607 1445 1974 1503 damnationis

397 1523 610 1590 cogitur
652 1521 894 1590 perferre
945 1534 1292 1582 tormentum.
1344 1529 1442 1584 Cui
1492 1531 1742 1587 videlicet
1779 1536 1973 1591 animae.

393 1607 534 1663 bene
571 1613 819 1679 congruit
855 1611 942 1666 illa
981 1614 1311 1684 prophetica:
1368 1617 1773 1677 lamentationis
1829 1638 1968 1688 vox,

395 1717 500 1769 qua
551 1703 790 1759 dieitur:
829 1709 848 1757 t
884 1707 1048 1772 Vide,
1081 1709 1306 1765 Domine
1330 1750 1344 1776 ,
1400 1715 1656 1781 quoniam
1709 1717 1963 1783 tribulor,

2084 550 2388 620 delinquit,
2430 561 2631 620 quanto
2667 562 2723 607 et
2757 552 2869 623 ipsa
2905 553 3229 623 evangelicae
3267 554 3457 624 gratiae
3495 570 3655 609 man-

2082 640 2210 694 data
2241 641 2579 707 contemnit;
2609 649 2662 696 et
2692 656 2760 695 ne
2794 643 3093 695 remedium
3139 644 3497 698 excusatoria:
3543 653 3657 699 ter-

2081 732 2459 803 giversationis
2507 733 2778 798 inveniat,
2840 733 3030 786 notitia
3076 732 3224 788 illum
3272 734 3467 789 divina:
3517 735 3654 807 legis

2081 824 2346 878 instanter
2387 833 2627 878 accusat.

2150 912 2298 978 Heu,
2325 914 2464 979 heu,
2512 913 2703 968 infelix
2746 914 2927 967 anima
2956 915 2968 966 !
3012 928 3110 968 cur
3149 927 3253 968 non
3279 915 3595 971 consideras
3627 933 3655 970 a

2079 1015 2295 1076 quantae
2325 1006 2608 1076 dignitatis
2637 1005 2876 1060 culmine
2905 1005 2979 1060 sis
3005 1005 3178 1075 ejecta
3197 1045 3212 1070 ,
3241 1015 3443 1074 quanto
3475 1008 3656 1077 splen-

2077 1098 2225 1152 doris
2253 1107 2307 1152 et
2334 1098 2517 1168 gloria:
2547 1099 2622 1153 sis
2657 1098 2855 1153 decore
2897 1097 3140 1150 nudata?
3183 1097 3461 1163 Quomodo
3506 1099 3659 1154 obte-

2076 1186 2160 1242 xit
2205 1187 2438 1258 caligine
2487 1188 2542 1242 in
2596 1187 2776 1241 furore
2821 1202 2921 1241 suo
2966 1186 3227 1241 Dominus
3274 1186 3440 1244 ﬁliam
3489 1187 3655 1248 Sion.

2075 1275 2300 1345 projecit
2347 1277 2412 1330 de
2450 1276 2590 1330 caalo
2630 1275 2682 1328 in
2714 1283 2917 1330 terram
2949 1274 3205 1344 inclytam
3232 1274 3431 1340 Israel,
3461 1289 3650 1345 egres-

2076 1381 2169 1420 sus
2212 1375 2296 1420 est
2335 1381 2366 1420 a
2415 1365 2522 1419 ﬁlia
2571 1364 2700 1420 Sion
2747 1367 2924 1420 omnis
2952 1365 3114 1420 decor
3142 1363 3298 1436 ejus(
3324 1364 3515 1420 Thren.
3546 1380 3587 1420 ιι
3618 1367 3656 1433 ).

2077 1455 2188 1524 Ego
2237 1457 2537 1511 calamitati
2593 1466 2694 1512 tua:
2745 1457 3118 1526 compatiens,
3181 1465 3236 1511 et
3295 1457 3647 1527 ignominiam

2077 1557 2224 1601 tuam
2268 1550 2610 1603 amarissime
2647 1548 2886 1613 deﬂens,
2929 1549 3049 1603 dico
3073 1567 3088 1621 1:
3119 1568 3138 1601 ‹
3170 1548 3498 1604 Defecerunt
3540 1565 3652 1620 prae

2071 1636 2324 1707 lacrymis
2348 1638 2490 1692 oculi
2524 1638 2662 1703 mei,
2703 1639 3022 1694 conturbata
3061 1646 3188 1693 sunt
3225 1640 3435 1694 viscera
3486 1654 3603 1693 mea
3632 1680 3646 1703 ,

2070 1724 2294 1780 effusum
2335 1728 2499 1780 estin
2537 1736 2682 1781 terra
2718 1727 2869 1795 jecur
2908 1743 3083 1781 meum
3124 1743 3285 1797 super
3322 1729 3648 1785 contritione

395 1804 587 1849 venter
623 1813 777 1852 meus
813 1798 1166 1889 conturbatus
1211 1811 1334 1868 est,
1385 1805 1703 1861 subversum
1751 1818 1835 1863 est
1872 1823 1966 1863 cor
1997 1806 2040 1862 Β
2071 1819 2193 1872 ﬁliae
2219 1818 2396 1888 populi
2429 1820 2530 1874 mei
2559 1818 2740 1889 (Ibid.
2768 1821 2786 1887 )
2813 1836 2826 1883 ;
2861 1837 2880 1869 ›
2913 1826 2968 1871 et
2997 1827 3052 1872 tu
3085 1819 3224 1872 mala
3283 1829 3372 1873 tua
3418 1835 3648 1888 pensare

397 1900 573 1938 meum
605 1886 657 1938 in
690 1888 1007 1957 memetipsa
1027 1929 1040 1954 ,
1071 1891 1327 1958 quoniam
1361 1893 1518 1960 plena
1547 1911 1666 1949 sum
1700 1898 1962 1951 amaritu-

393 1976 518 2029 dine
546 1994 559 2030 :
608 1977 740 2032 foris
771 1979 1023 2036 interﬁcit
1059 1981 1300 2052 gladius,
1333 1994 1387 2040 et
1417 1987 1562 2041 domi
1595 2003 1740 2044 mors
1760 1990 1963 2058 ,similis

391 2077 475 2119 est
501 2068 519 2136 (
541 2066 732 2122 Thren.
764 2069 838 2141 1).
873 2089 892 2122 ι

965 2163 1198 2221 CAPUT
1240 2167 1401 2224 XVII.

485 2246 706 2304 Flebilis
731 2250 1035 2307 lamentatio
1064 2271 1226 2324 super
1255 2260 1488 2314 animam
1515 2262 1866 2317 immunditic

919 2323 1160 2378 sordibus
1198 2326 1447 2384 deditam.

461 2429 608 2500 Ego,
664 2446 765 2502 ego
812 2441 895 2496 te,
946 2432 1132 2488 infelix
1177 2436 1390 2502 anima,
1439 2437 1649 2504 deﬂeo,
1698 2450 1860 2511 atque
1901 2458 1967 2496 ex

392 2518 586 2574 intimo
633 2531 854 2589 pectore
901 2522 966 2576 de
1018 2531 1121 2578 tua:
1169 2525 1488 2594 perditionis
1533 2539 1683 2585 sorte
1729 2533 1964 2600 suspiro.

391 2609 571 2664 Deﬂeo
616 2620 724 2678 te,
752 2611 1004 2682 inquam,
1039 2614 1366 2672 miserabilis
1398 2619 1576 2673 anima
1615 2621 1969 2678 immunditiis

390 2700 645 2754 sordibus
694 2702 910 2768 dedita,
959 2710 1073 2758 toto
1119 2704 1373 2760 nimirum
1415 2708 1775 2780 lacrymarum
1821 2711 1971 2768 fonte

391 2787 642 2858 lugenda.
665 2790 819 2867 Proh
849 2792 1002 2848 dolor
1028 2794 1042 2847 Ξ
1076 2792 1218 2860 Quis,
1239 2795 1388 2850 dabit
1413 2799 1575 2867 capiti
1605 2816 1726 2855 meo
1750 2817 1966 2871 aquati,

387 2887 447 2945 et
475 2881 650 2934 oculis
678 2881 814 2935 meis
845 2881 1048 2936 fontem
1082 2883 1443 2954 lacrymarutn
1468 2889 1491 2942 ?
1531 2888 1685 2959 (Jer.
1713 2907 1791 2946 ιχ.
1817 2892 1836 2962 )
1859 2891 1970 2947 Nec

389 2966 856 3027 inconvenientius
879 2974 996 3029 haec
1018 2975 1210 3030 flebilis
1236 2991 1340 3032 vox
1366 2994 1452 3034 me
1476 2996 1617 3035 nunc
1641 2982 1969 3051 singultante

389 3057 752 3127 depromitur,
798 3077 961 3131 quam
1008 3076 1138 3120 tunc
1189 3079 1256 3121 ex
1305 3082 1402 3122 ore
1458 3071 1775 3139 pr0phetico
1820 3070 1966 3126 fere-

2075 1907 2470 1973 dissimulans,
2521 1917 2686 1978 atque
2737 1908 2948 1962 animos
3004 1923 3033 1960 a
3098 1909 3327 1963 crimine
3386 1924 3644 1971 sumens,

2073 1996 2250 2052 Sedeo
2270 2040 2284 2063 ,
2315 1999 2397 2052 ais
2419 2039 2433 2062 ,
2463 2000 2685 2068 regina;
2715 2007 2770 2052 et
2798 1998 2956 2052 vidua
2985 2013 3090 2053 non
3122 2013 3240 2052 sum
3265 2001 3278 2053 !
3310 1999 3422 2070 Ego
3463 1999 3641 2069 captio

2071 2087 2291 2141 vitalem
2320 2095 2466 2140 tuam
2495 2088 2781 2141 miseratus
2821 2086 3064 2141 exclamo
3093 2101 3106 2139 :
3139 2087 3316 2153 Quare
3354 2086 3521 2143 Iacob
3551 2088 3648 2142 du-

2069 2185 2189 2230 ctus
2216 2185 2298 2230 est
2325 2186 2384 2230 ut
2407 2177 2729 2231 vernaculus
2749 2217 2764 2240 ,
2793 2185 2848 2229 et
2878 2176 3044 2229 Israel
3069 2175 3242 2230 factus
3281 2184 3365 2230 est
3404 2176 3458 2230 in
3498 2190 3640 2246 pra:-

2071 2267 2427 2337 dam?(Jcr.
2462 2267 2567 2339 ιι.)
2613 2268 2680 2322 Ει
2725 2276 2780 2320 tu
2809 2265 2986 2321 dicis:
3039 2264 3175 2331 Quia
3223 2267 3372 2321 dives
3415 2281 3553 2328 sum,
3591 2275 3648 2319 et

2069 2353 2458 2422 locupletatus,
2490 2363 2545 2408 et
2574 2355 2770 2409 nullius
2807 2368 2962 2424 egeo.
2992 2353 3058 2407 Et
3104 2353 3282 2408 nescis
3327 2354 3450 2423 quia
3501 2363 3554 2407 tu
3583 2369 3642 2407 es

2071 2446 2257 2510 miser,
2289 2445 2639 2511 miserabilis,
2673 2455 2729 2502 et
2763 2461 2984 2517 pauper,
3017 2454 3070 2502 et
3098 2460 3303 2510 cmcus,
3335 2453 3390 2501 et
3427 2446 3642 2500 nudus?

2071 2537 2254 2607 (Αροιτο
2286 2538 2394 2608 ιιιι)

2141 2626 2439 2695 Perpende,
2489 2628 2676 2692 miser,
2728 2637 2930 2697 quanta
2982 2643 3078 2683 cor
3137 2637 3286 2682 tuum
3339 2627 3642 2683 obscuritas

2069 2727 2322 2786 premat;
2364 2719 2734 2773 animadverte
2759 2758 2774 2782 ,
2812 2733 2974 2786 quam
3003 2718 3168 2772 densa
3213 2725 3264 2772 te
3290 2717 3463 2786 caligo
3487 2716 3643 2771 creri-

2073 2807 2199 2861 tatis
2242 2808 2498 2862 involvat.
2542 2810 2598 2864 ln
2638 2808 2848 2862 virilem
2889 2824 3076 2863 sexum
3117 2807 3266 2862 furor
3307 2819 3358 2862 te
3400 2807 3639 2860 libidinis

2070 2898 2328 2966 impulit?
2370 2898 2426 2952 ln
2475 2909 2618 2953 tuam
2668 2909 2720 2952 te
2760 2899 3026 2967 speciem,
3078 2898 3182 2952 hoc
3221 2907 3330 2960 est,
3362 2898 3538 2950 virum
3585 2896 3636 2947 in

2070 2988 2244 3041 virum
2263 3028 2276 3051 ,
2310 2989 2533 3043 luxuriae
2559 2989 2737 3043 rabies
2767 2989 3056 3046 incitavit?
3095 2988 3346 3056 Nunquid
3372 2989 3556 3041 hircus
3585 2987 3637 3039 in

2072 3075 2282 3130 hircum
2347 3077 2637 3146 aliquando
2697 3078 2919 3132 libidine
2979 3079 3350 3147 praecipitatus
3409 3078 3640 3131 insiliit?

388 3147 570 3204 batur.
617 3150 731 3205 Non
777 3149 925 3226 enim
969 3153 1182 3222 lapidea
1227 3158 1436 3214 turritas
1478 3160 1626 3217 urbis
1665 3176 1968 3232 propugna-
1995 3141 2039 3204 C
2072 3165 2322 3238 Nunquid
2368 3141 2513 3220 aries
2554 3167 2608 3220 in
2650 3169 2876 3221 arietem
2917 3141 3111 3222 ardore
3137 3141 3311 3222 coitus
3337 3167 3639 3222 insanivit‘!

387 3238 552 3304 eula,
605 3257 714 3296 non
765 3243 1058 3308 mauultlcti
1113 3247 1297 3316 templi
1347 3249 1609 3304 subversa
1661 3266 1968 3321 conqueror

384 3327 612 3383 aedilicia
632 3371 648 3396 ,
681 3346 787 3385 non
817 3333 939 3387 vilis
969 3334 1114 3404 vulgi
1143 3337 1362 3406 agmina
1400 3337 1669 3394 lamentor
1697 3340 1764 3394 ad
1791 3339 1966 3410 Baby-

385 3416 554 3484 lonici
586 3421 730 3489 regis
759 3421 1048 3491 imperium
1078 3423 1236 3479 ducta
1268 3424 1436 3485 fuisse
1476 3429 1726 3496 captiva;
1771 3429 1966 3484 nobilis

387 3520 420 3558 a
448 3520 532 3559 me
558 3509 740 3561 anima
767 3508 1060 3582 plangitur,
1093 3512 1161 3565 ad
1192 3514 1483 3583 imaginem
1511 3513 1642 3580 Dei,
1671 3523 1726 3570 et
1768 3515 1962 3570 simili-

388 3596 630 3650 tudinem
658 3599 874 3653 condita
901 3639 914 3664 ,
949 3609 1004 3656 et
1029 3602 1424 3670 pretiosissima
1461 3603 1663 3659 Christi
1703 3607 1965 3675 sanguine

383 3697 732 3756 comparata,
779 3688 964 3744 multis
1006 3691 1204 3744 clarior
1241 3692 1516 3759 aediﬁciis,
1565 3695 1776 3749 cunctis
1814 3704 1963 3752 certe

385 3785 620 3849 terrenae
646 3778 868 3836 fabrica:
896 3781 1231 3851 prasferenda
1264 3782 1513 3853 fastigiis.
1544 3785 1774 3856 Insignis
1801 3785 1962 3856 igitur

383 3868 580 3923 anima:
624 3869 831 3938 lapsum
854 3911 869 3935 ,
912 3880 966 3926 et
995 3872 1213 3942 templi,
1242 3873 1295 3927 in
1323 3889 1430 3942 quo
1454 3875 1703 3943 Christus
1749 3876 1962 3930 habita-

382 3966 570 4022 verat,
599 3958 868 4014 lamentor
889 3963 1183 4017 excidium.
1227 3964 1380 4029 Oculi
1411 3967 1515 4021 mei
1547 3967 1806 4036 plorando
1831 3967 1962 4022 deﬁ-

382 4047 520 4112 cite,
553 4048 748 4103 uberes
776 4050 1145 4121 lacrymarum
1189 4055 1335 4109 rivos
1359 4054 1648 4121 eﬁ'undite,
1679 4057 1956 4112 continuis

381 4137 596 4194 fletibus
632 4142 808 4196 tristia
855 4142 1109 4214 lugubres
1137 4161 1233 4200 ora
1276 4147 1464 4218 rigate.
1513 4149 1790 4206 Deducant
1833 4167 1956 4206 cum

380 4231 648 4299 propheta
693 4234 838 4290 oculi
885 4237 990 4291 mei
1033 4237 1302 4310 lacrymas
1328 4255 1424 4310 per
1448 4240 1592 4296 diem
1622 4251 1679 4296 et
1705 4251 1918 4298 noctem
1938 4285 1953 4310 ,

380 4325 436 4372 et
461 4336 566 4374 non
596 4329 843 4390 taceant,
868 4326 1126 4400 quoniam
1153 4328 1481 4384 contritione
1505 4345 1698 4400 magna
1724 4332 1956 4386 contrita

380 4417 466 4462 est
493 4410 643 4480 virgo
671 4411 779 4465 ﬁlia
807 4415 990 4482 populi
1018 4417 1319 4486 mei,plaga
1351 4420 1951 4493 pessimagvehementer

381 4499 536 4568 (Jer.
569 4518 659 4555 xtv
685 4503 726 4572 ).
767 4503 902 4558 Filia
945 4506 1144 4575 quippe
1183 4509 1363 4576 populi
1408 4511 1513 4565 mei
1541 4512 1773 4580 pessima
1799 4513 1954 4584 plaga

379 4608 640 4660 percussa
696 4605 817 4661 est;
867 4598 994 4666 quia
1039 4599 1256 4665 anima,
1290 4617 1409 4670 qua:
1450 4614 1654 4660 sancte
1700 4606 1957 4663 Ecclesia:

382 4683 561 4738 fuerat
589 4684 731 4750 ﬁlia,
763 4687 832 4740 ab
861 4687 1014 4742 hoste
1055 4689 1274 4744 humani
1319 4693 1534 4761 generis
1573 4695 1678 4750 telo
1717 4697 1952 4752 immun-

382 4771 530 4826 ditia:
559 4783 644 4827 est
667 4774 963 4830 crudeliter
989 4777 1270 4833 sauciata:
1298 4790 1356 4835 et
1391 4797 1514 4852 quae
1558 4784 1614 4837 in
1655 4785 1776 4839 aula
1816 4787 1957 4856 regis

381 4861 570 4913 aeterni
617 4861 759 4919 lacte
801 4866 943 4920 sacri
979 4867 1177 4935 eloquii
1222 4876 1405 4924 tenere
1450 4885 1517 4926 ac
1553 4872 1786 4927 molliter
1822 4888 1953 4928 enu~

381 4947 648 5004 triebatur
673 4967 688 5015 ;
720 4967 865 5006 nunc
892 4968 1100 5010 veneno
1127 4954 1365 5017 libidinis
1389 4959 1706 5028 pestilenter
1732 4959 1950 5027 infecta,

385 5037 439 5090 in
468 5038 777 5109 sulphureis
802 5042 1119 5102 Gomorrha:
1141 5048 1416 5104 cineribus
1443 5051 1756 5118 tumefacta,
1790 5067 1854 5108 ac
1880 5054 1955 5106 ri-

383 5129 505 5198 gida
527 5130 713 5198 jacere
743 5136 1095 5206 conspicitur;
1124 5157 1142 5190 ι
1176 5139 1277 5205 Qui
1302 5141 1445 5195 enim
1477 5143 1834 5204 vescebantur
1861 5157 1954 5197 vo-

383 5220 656 5289 luptuose,
697 5216 1120 5284 interieruut‘in
1164 5232 1308 5297 viis;
1351 5234 1444 5302 qui
1483 5235 1862 5290 nutriebantur
1899 5234 1954 5288 in

387 5309 544 5381 166
567 5314 808 5380 croceis,
835 5318 1123 5386 amplexati
1151 5330 1280 5375 sunt
1301 5329 1540 5378 stercora
1567 5324 1782 5394 (Thren.
1816 5325 1944 5394 ιν).›

382 5396 602 5462 Quare?
633 5405 879 5472 sequitur
919 5409 1181 5478 prepheta
1201 5451 1217 5476 ,
1259 5421 1314 5466 et
1345 5412 1513 5468 dicit:
1549 5433 1568 5466 α
1597 5414 1733 5480 Quia
1777 5413 1953 5482 major

383 5487 570 5544 effecta
601 5499 686 5547 est
711 5494 968 5564 iniquitas
999 5498 1122 5554 ﬁﬁae
1159 5501 1341 5571 populi
1375 5502 1484 5556 mei
1519 5512 1743 5572 peccato
1781 5503 1953 5558 Sodo-

381 5591 624 5645 morum,
667 5597 788 5652 quae
823 5585 1080 5644 subversa
1119 5599 1204 5645 est
1238 5591 1290 5645 in
1330 5603 1607 5648 momento
1642 5592 1826 5663 (Ibid.
1852 5593 1892 5664 ).
1927 5614 1946 5647 ι

379 5666 638 5736 luiquitas
661 5673 857 5744 quippe
873 5677 1191 5735 Christiana:
1217 5682 1407 5736 animae
1429 5694 1708 5752 peccatum
1734 5694 1950 5753 superat

2069 3255 2252 3323 Equus
2279 3273 2470 3325 nempe
2507 3273 2630 3311 cum
2670 3273 2810 3327 equo
2851 3258 2920 3312 ad
2959 3273 3125 3312 unum
3165 3271 3401 3326 prmsepe
3442 3256 3638 3310 blande

2066 3355 2122 3400 et
2145 3347 2490 3402 concorditer
2515 3348 2776 3416 pascitur,
2803 3348 2895 3417 qui
2936 3348 3054 3402 visa
3093 3363 3230 3417 equa
3273 3347 3325 3401 in
3369 3345 3636 3402 sensibili-

2067 3445 2229 3492 tatem
2259 3437 2490 3492 luxuria:
2529 3439 2776 3507 protinus
2818 3437 3094 3493 ell'eratur.
3124 3437 3405 3506 Nunquam
3445 3447 3634 3490 taurus

2069 3533 2280 3579 taurum
2328 3541 2513 3581 amore
2558 3527 2786 3581 coeundi
2831 3527 3142 3596 petulanter
3187 3527 3450 3597 appetiit,
3498 3541 3635 3580 nun-

2063 3627 2224 3682 quam
2267 3614 2453 3668 asinus
2483 3615 2700 3669 stimulo
2726 3615 3115 3672 concumbendi
3144 3631 3266 3670 cum
3293 3615 3444 3668 asino
3485 3613 3630 3666 rudi-

2063 3711 2147 3758 tus
2176 3704 2374 3758 emisit.
2407 3703 2520 3760 lloc
2546 3722 2674 3776 ergo
2701 3705 2892 3774 perditi
2922 3705 3167 3760 homines
3187 3713 3499 3774 perpetrare
3525 3717 3633 3756 non

2061 3801 2339 3858 metuunt,
2368 3793 2511 3862 quod
2541 3795 2653 3864 ipsa
2681 3808 2899 3864 quoque
2921 3792 3083 3847 bruta
3109 3792 3362 3847 animalia
3405 3793 3627 3862 perhor-

2062 3891 2329 3936 rescunt:
2383 3883 2526 3953 quod
2575 3883 2643 3936 ab
2697 3885 2944 3937 humana:
2993 3883 3276 3952 pravitatis
3321 3884 3624 3939 temeritate

2058 3972 2443 4038 committitur,
2484 3973 2933 4028 irrationabilium
2973 3988 3229 4042 pecorum
3263 3974 3468 4043 judicio
3499 3989 3628 4028 con-

2059 4061 2363 4116 demnatur.
2413 4065 2542 4127 Dic,
2587 4065 2668 4117 vir
2715 4065 2958 4129 evirate;
2990 4066 3286 4134 responde,
3319 4065 3479 4118 homo
3505 4063 3632 4118 elle-

2059 4151 2293 4216 minate,
2345 4154 2471 4221 quid
2525 4154 2575 4206 in
2635 4154 2749 4207 viro
2796 4155 3022 4223 quaeris,
3065 4155 3206 4222 quod
3244 4155 3298 4208 in
3347 4156 3628 4222 temetipso

2058 4240 2300 4295 invenire
2341 4258 2446 4296 non
2496 4244 2671 4311 possis
2697 4245 2720 4295 ?
2749 4260 2910 4312 quam
2951 4245 3317 4299 diversitatem
3355 4246 3626 4299 sexuum?

2057 4347 2176 4400 qua:
2220 4333 2367 4386 varia
2419 4333 2737 4387 lineamenta
2787 4335 3194 4388 membrorum?
3240 4351 3402 4403 quam
3451 4334 3626 4389 molli-

2061 4420 2235 4474 tiem?
2306 4438 2467 4490 quam
2531 4422 2766 4476 carnalis
2827 4423 3097 4477 illecebrae
3161 4425 3627 4480 teneritudinem?

2059 4527 2218 4580 quam
2275 4511 2465 4566 lubrici
2518 4512 2700 4567 vultus
2754 4511 3194 4581 jucunditatem?
3252 4513 3478 4568 Terreat
3532 4525 3622 4578 te,

2056 4615 2238 4670 quaeso
2261 4643 2273 4666 ,
2305 4604 2460 4672 vigor
2504 4603 2785 4658 masculini
2825 4613 3107 4672 aspectus,
3144 4605 3434 4660 abhorreat
3473 4621 3625 4660 mens

2057 4701 2150 4745 tua
2200 4692 2385 4747 viriles
2430 4702 2600 4748 artus.
2652 4693 2926 4748 Naturalis
2965 4697 3161 4764 quippe
3205 4697 3474 4765 appetitus
3511 4695 3624 4749 olli-

2056 4781 2201 4836 cium
2247 4793 2363 4848 est,
2407 4792 2465 4837 ut
2516 4784 2617 4838 hoc
2642 4787 3011 4855 unusquisque
3049 4787 3390 4840 extrinsecus
3417 4795 3624 4847 quaerat

2058 4873 2198 4940 quod
2250 4875 2389 4927 intra
2441 4889 2551 4929 suae
2604 4875 2875 4930 facultatis
2930 4878 3164 4931 claustra
3219 4877 3456 4946 reperire
3511 4891 3619 4929 non

2056 4964 2218 5018 valet.
2273 4964 2330 5018 Si
2383 4982 2512 5035 ergo
2565 4976 2614 5022 te
2668 4969 3023 5022 contrectatio
3072 4967 3382 5022 masculiuaa
3443 4967 3620 5020 carnis

2053 5052 2318 5116 oblectat,
2349 5062 2500 5107 verte
2528 5069 2718 5110 manus
2763 5057 2817 5110 in
2871 5066 2920 5110 te
2951 5071 2964 5110 :
3011 5064 3067 5110 et
3105 5057 3272 5120 scito,
3303 5055 3431 5124 quia
3465 5055 3621 5124 quid-

2055 5141 2184 5209 quid
2215 5141 2365 5209 apud
2383 5150 2434 5196 te
2460 5157 2566 5197 non
2599 5143 2836 5208 invenis,
2869 5143 2923 5195 in
2953 5143 3127 5198 alieno
3157 5159 3382 5213 corpore
3426 5145 3479 5198 in
3523 5159 3614 5196 va-

2053 5222 2214 5282 cuum
2268 5232 2487 5298 quaeris.
2543 5233 2630 5287 Va:
2682 5234 2810 5294 tibi,
2859 5232 3044 5288 infelix
3084 5235 3301 5288 anima!
3353 5235 3420 5289 de
3464 5235 3619 5303 cujus

2053 5319 2273 5372 interitu
2332 5322 2618 5376 tristantur
2665 5323 2872 5392 angeli,
2913 5324 3172 5378 insultant
3207 5325 3482 5394 plausibus
3518 5326 3618 5379 ini-

2058 5408 2180 5460 mici
2207 5424 2222 5473 ;
2251 5408 2390 5463 facta
2418 5426 2477 5466 es
2507 5409 2685 5479 praeda
2709 5410 3041 5479 daemonum,
3075 5414 3260 5484 rapina
3286 5413 3582 5468 crudelium
3601 5454 3615 5476 ,

2057 5499 2282 5567 spolium
2316 5500 2601 5569 impiorum
2633 5519 2647 5555 :
2681 5520 2700 5553 ε
2731 5502 3070 5573 Aperuerunt
3099 5519 3264 5574 super
3291 5512 3344 5560 te
3371 5519 3433 5558 os
3463 5519 3617 5559 suum

2053 5605 2241 5646 omnes
2295 5593 2496 5647 inimici
2555 5594 2673 5657 tui;
2732 5594 3126 5659 sibilaverunt,
3185 5605 3240 5650 et
3285 5593 3620 5650 fremuerunt

2058 5683 2335 5747 dentibus,
2379 5694 2431 5737 et
2461 5683 2711 5738 dixerunt
2744 5705 2754 5738 :
2796 5687 3180 5741 Devorabimus
3215 5701 3334 5742 eam
3369 5705 3381 5739 :
3419 5701 3484 5739 en
3517 5685 3617 5737 ista
