4106 6310
513 314 612 369 I79

970 314 1027 368 S.
1055 313 1260 369 PETRI
1292 313 1573 369 DAMIANI
1608 314 1757 370 OPP.
1791 313 2024 370 TOMUS
2059 312 2188 370 SEU
2230 315 2408 371 PARS
2445 316 2530 371 Ill.
2556 346 2624 356 —
2647 313 3006 372 OPUSCULA
3048 314 3277 394 VARIA.

3641 319 3745 376 I80

511 441 593 485 est
621 429 765 494 dies,
813 443 972 498 quam
1024 430 1468 497 exspectabamus
1505 448 1518 483 :
1569 429 1892 495 invenimus,
1939 429 2078 484 vidi-
2106 432 2154 489 Α
2186 429 2390 483 tarihus
2417 429 2680 486 removeri
2708 444 2813 485 non
2840 429 3084 499 pateris?
3112 428 3167 483 Si
3197 429 3308 496 ipse
3333 429 3554 485 dimisso
3583 433 3744 504 regia:

516 536 638 576 mus
668 519 901 590 (Tltren.
935 518 1038 587 ιι).
1075 539 1092 570 ι

976 609 1132 679 16⁵1
1171 608 1398 664 CAPUT
1434 608 1618 664 XVIII.

579 699 731 764 Quod
754 697 868 752 ideo
894 698 1071 752 anima
1096 698 1242 752 debet
1280 698 1478 770 plangi,
1509 702 1632 768 quia
1659 716 1762 754 non
1782 699 2003 770 plangit.

579 787 788 842 Idcirco
840 803 938 858 ego
971 797 1056 854 te,
1090 804 1122 842 ο
1153 789 1476 845 miserabilis
1517 793 1728 854 anima,
1768 801 1847 848 tot
1873 793 2076 848 lamen-

510 877 807 932 tationibus
833 878 1031 942 deﬂeo,
1065 880 1189 947 quia
1231 888 1282 932 te
1319 879 1445 935 ﬂere
1482 897 1588 936 non
1626 896 1829 948 cerno;
1874 884 2074 938 idcirco

505 983 606 1038 ego
653 984 753 1038 pro
797 977 848 1023 te
897 967 1045 1024 humi
1087 980 1388 1040 prostratus
1431 973 1619 1042 jaceo,
1667 976 1793 1044 quia
1841 983 1892 1028 te
1933 976 2072 1031 male

509 1049 750 1124 erectam
783 1066 911 1126 post
949 1067 1054 1112 tam
1097 1075 1312 1129 gravem
1358 1061 1565 1131 lapsum
1612 1063 1754 1118 ultro
1799 1065 1959 1119 etiam
2007 1067 2073 1120 ad

503 1146 780 1215 fastigium
837 1147 1190 1204 ecclesiastici
1249 1151 1456 1206 ordinis
1508 1153 1837 1209 contendere
1890 1154 2068 1209 video.

503 1233 773 1306 Caeterum
812 1235 857 1290 si
897 1242 951 1290 tu
984 1243 1035 1289 te
1061 1236 1114 1291 in
1143 1237 1446 1294 humilitate
1476 1241 1838 1309 deprimeres,
1875 1255 1973 1312 ego
2008 1243 2072 1297 de

504 1330 596 1378 tua
636 1326 1035 1380 restauratione
1073 1343 1295 1385 securus
1317 1370 1331 1393 ,
1366 1332 1490 1386 totis
1516 1333 1569 1387 in
1598 1333 1826 1409 Domino
1852 1334 2072 1390 visceri-

502 1413 606 1468 bus
630 1415 994 1482 exsultarem;
1026 1417 1071 1472 si
1103 1421 1319 1474 contriti
1348 1423 1525 1478 cordis
1551 1425 1708 1495 digna
1733 1427 2071 1494 compunctio

503 1509 745 1575 pectoris
782 1508 856 1562 tui
893 1524 1092 1564 arcana
1130 1520 1485 1580 concuteret,
1525 1530 1622 1585 ego
1660 1531 1766 1570 non
1804 1517 2072 1573 immerito

500 1596 790 1653 ineﬂ‘abilis
816 1598 1014 1654 laetitiae
1044 1601 1279 1669 tripudio
1314 1603 1665 1673 jucundarer.
1701 1607 1906 1662 Idcirco
1943 1622 2070 1678 ergo

496 1688 735 1742 maxime
761 1687 936 1743 ﬂenda
966 1704 1056 1755 es,
1085 1692 1210 1759 quia
1239 1708 1346 1746 non
1374 1693 1468 1749 ﬂes
1492 1713 1506 1760 ;
1537 1696 1657 1750 ideo
1693 1696 1882 1751 alienis
1923 1698 2070 1752 dolo-

2178 522 2457 590 dignitatis
2487 522 2746 590 imperio,
2777 521 3023 576 habitare
3060 522 3220 592 168
3257 522 3311 576 in
3340 521 3500 578 domo
3531 516 3743 593 privata

2178 626 2348 679 usque
2380 612 2446 664 ad
2474 611 2680 665 obitum
2711 626 2818 665 non
2845 611 3097 675 erubuit;
3128 621 3182 665 tu
3212 627 3310 667 cur
3333 627 3362 666 a
3390 614 3744 669 sacerdotalis

2179 705 2339 758 oriicii
2384 706 2732 761 confunderis
2762 722 2886 761 arce
2912 707 3240 762 descendere
3262 750 3274 773 ,
3303 719 3362 764 ut
3388 710 3440 763 in
3468 711 3741 779 pmniten-

2175 793 2262 847 tiae
2287 795 2561 863 sepultura
2591 795 2896 859 conclusus,
2928 804 2982 850 te
3008 796 3150 850 inter
3175 798 3321 852 vivos
3347 793 3562 854 studeas
3586 803 3741 869 quasi

2175 890 2446 936 mortuum
2475 883 2782 952 deputare?
2814 883 2912 947 Et,
2947 891 3005 938 ut
3033 885 3098 938 ad
3128 885 3271 940 illam
3296 886 3432 940 Joab
3459 891 3742 957 mysticam

2173 984 2516 1024 recurremus
2542 969 2858 1033 historiam,
2887 970 2931 1022 si
2959 970 3073 1038 ipse
3099 971 3276 1040 gladio
3305 974 3582 1040 corruisti,
3613 990 3742 1043 quo-

2173 1059 2331 1112 modo
2357 1058 2518 1111 alium
2546 1073 2641 1127 per
2666 1059 3054 1112 sacerdotalem
3082 1061 3304 1130 gratiam
3335 1063 3656 1118 suscitabis?
3681 1063 3742 1119 Si

2176 1145 2290 1215 ipse
2334 1146 2673 1216 exigentibus
2718 1147 2957 1211 meritis,
3002 1149 3208 1217 indiges
3246 1166 3414 1220 pane,
3457 1153 3509 1206 id
3548 1161 3659 1218 est,
3707 1168 3739 1225 a

2172 1234 2371 1288 Christi
2414 1243 2696 1302 separatus
2739 1249 2799 1289 es
2827 1250 3083 1302 corpore,
3125 1252 3230 1306 quo
3259 1246 3418 1306 pacto
3456 1239 3618 1294 alium
3646 1255 3741 1309 po-

2172 1326 2306 1380 teris
2347 1325 2587 1380 caelestis
2631 1339 2830 1379 mensa:
2869 1326 3096 1394 dapibus
3137 1329 3380 1386 satiare?
3421 1328 3479 1384 Si
3511 1338 3566 1383 tu
3597 1329 3740 1385 Oziaa

2171 1414 2318 1482 lepra
2349 1428 2408 1467 es
2436 1428 2724 1482 percussus
2750 1414 2803 1466 in
2832 1413 3039 1478 fronte,
3083 1415 3187 1469 hoc
3213 1423 3326 1480 est,
3356 1416 3590 1471 infamite
3614 1428 3739 1473 nota

2171 1505 2546 1560 dehonestaris
2572 1505 2623 1558 in
2667 1504 2822 1569 facie,
2854 1506 3123 1574 quomodo
3155 1507 3316 1562 alium
3342 1509 3542 1579 poteris
3569 1510 3739 1578 obdu-_

2173 1602 2256 1648 cta
2286 1593 2588 1662 perpetrati
2627 1594 2874 1647 criminis
2903 1593 3169 1649 alluvione
3199 1597 3475 1666 purgare?
3503 1597 3737 1652 Erubes-

2171 1696 2259 1741 cat
2301 1701 2430 1755 ergo
2476 1685 2764 1740 tumefacta
2813 1687 3063 1756 superbia
3088 1729 3103 1754 ,
3152 1703 3251 1742 nec
3281 1705 3441 1759 super
3467 1706 3525 1745 se
3554 1689 3739 1747 extolli

498 1779 652 1849 ribus
683 1779 921 1850 indiges,
958 1782 1084 1848 quia
1124 1782 1447 1838 calamitatis
1485 1795 1588 1839 tuae
1622 1787 1916 1854 periculum
1955 1788 2066 1856 ipsa
2101 1761 2146 1820 Β
2173 1775 2409 1829 inaniter
2447 1784 2695 1844 appetat,
2739 1791 2899 1844 quam
2929 1775 3065 1830 infra
3096 1792 3152 1831 se
3182 1779 3382 1847 ΡΙὍΡΓῘῘ
3413 1789 3595 1834 reatus
3622 1794 3740 1834 ⁸³1³·

459 1937 464 1944 ,
495 1882 604 1922 non
634 1867 816 1934 doles;
846 1877 901 1923 et
929 1884 994 1924 eo
1020 1872 1379 1926 amarioribus
1403 1874 1655 1934 fraterna:
1681 1877 2068 1946 compassionis

2170 1869 2288 1924 cina
2316 1885 2420 1922 non
2451 1868 2798 1923 mediocriter
2818 1878 3006 1939 gravat
3030 1887 3045 1936 ;
3074 1871 3242 1925 discat
3269 1872 3410 1926 mala.
3435 1887 3530 1927 sua
3555 1872 3738 1927 subtili

495 1972 556 2011 es
587 1955 804 2013 ﬂetibus
847 1958 1173 2028 deploranda
1193 1999 1208 2025 ,
1250 1976 1356 2031 quo
1386 1962 1534 2017 nullo
1570 1964 1912 2033 perpenderis
1945 1980 2071 2034 pro-
2169 1958 2599 2013 consideratione
2623 1960 2956 2028 perpendere
2977 2000 2991 2023 ,
3021 1960 3194 2014 discat
3220 1976 3276 2016 se
3306 1963 3441 2016 intra
3472 1977 3738 2017 mensura:

491 2049 627 2117 priae
652 2049 890 2104 tristitiae
915 2064 1152 2106 moerere
1179 2053 1391 2106 turbata
1417 2070 1432 2119 ;
1466 2062 1526 2107 ut
1550 2055 1676 2121 quid
1705 2055 2068 2110 damnationis

494 2147 603 2194 tuae
628 2143 838 2208 pondus
869 2155 1099 2209 pensare
1130 2141 1481 2197 dissimulas?
1511 2153 1566 2197 ut
1591 2144 1718 2212 quid
1749 2153 1800 2199 te
1829 2145 1987 2199 modo
2015 2145 2064 2198 in

494 2239 839 2296 peccatorum
865 2229 1126 2299 profunda
1153 2232 1465 2301 mergendo,
1494 2234 1653 2288 modo
1682 2235 1735 2288 in
1761 2236 2066 2304 superbiam

495 2317 794 2386 elevando,
848 2321 986 2375 iram
1039 2323 1152 2380 tibi.
1187 2323 1242 2377 in
1294 2325 1379 2379 die
1417 2326 1510 2379 ira:
1541 2328 1913 2383 thesaurizare
1956 2344 2065 2384 non

495 2411 724 2464 cessas?
751 2411 944 2476 Venit,
977 2412 1122 2466 venit
1155 2427 1318 2482 super
1365 2423 1417 2468 te
1458 2415 1765 2471 maledictio
1793 2417 1877 2471 illa
1900 2457 1915 2483 ,
1946 2434 2066 2487 quae

491 2515 559 2554 ex
605 2515 702 2556 ore
745 2501 913 2555 David
958 2501 1009 2554 in
1052 2501 1215 2567 Joab,
1245 2510 1301 2556 et
1331 2503 1382 2556 in
1416 2504 1632 2558 domum
1660 2505 1774 2573 ejus
1801 2514 1913 2569 est,
1947 2506 2064 2567 fuso

490 2591 676 2645 Abner
717 2591 1008 2661 sanguine,
1044 2591 1299 2658 jaculala.
1345 2593 1520 2648 Pestis
1547 2596 1637 2649 illa
1665 2596 2060 2651 Gomorrhiana

494 2696 642 2734 nunc
672 2681 727 2735 in
761 2682 1096 2737 habitatione
1123 2683 1198 2736 tui
1229 2685 1472 2753 corporis
1499 2686 1666 2752 vivit,
1699 2702 1818 2754 quae
1847 2687 2060 2741 domum

492 2767 628 2825 Joab
658 2771 1203 2827 crudelishomicidii
1237 2773 1440 2828 ultione
1467 2776 1759 2832 damnavit.
1801 2776 2062 2831 Percusso

491 2861 688 2930 quippe
733 2861 936 2929 Abuer,
983 2862 1059 2915 ait
1106 2861 1314 2918 David:
1351 2883 1369 2913 ί
1401 2863 1627 2920 Mundus
1664 2880 1763 2934 ego
1811 2876 1964 2925 sum,
2008 2874 2062 2920 et

489 2964 716 3020 regnum
770 2965 951 3005 meum
999 2967 1168 3020 usque
1211 2953 1264 3006 in
1303 2955 1689 3022 sempiternum
1729 2971 1759 3008 a
1803 2955 2061 3026 sanguine

489 3037 677 3094 Abner
705 3039 798 3093 ﬁlii
832 3039 939 3094 Ner
969 3058 982 3093 :
1013 3049 1068 3095 et
1092 3042 1276 3096 veniat
1308 3058 1471 3113 super
1496 3054 1649 3114 caput
1683 3044 1816 3099 Joab
1836 3085 1850 3111 ,
1882 3053 1936 3099 ct
1963 3061 2056 3099 su-

487 3142 585 3196 per
606 3143 820 3184 omnem
847 3129 1064 3184 domum
1091 3131 1262 3200 patris
1288 3133 1425 3202 ejus,
1453 3148 1551 3189 nec
1577 3133 1788 3188 deficiat
1812 3135 1878 3189 de
1902 3134 2059 3188 domo

487 3217 624 3273 Joab
640 3219 1096 3276 Gomorrhianum
1119 3223 1393 3278 sustinens
1419 3223 1501 3294 (Il
1518 3224 1642 3293 Reg.
1660 3225 1762 3295 ιιι).
1779 3245 1795 3277 ι
1823 3225 1928 3280 Pro
1951 3241 2060 3294 quo

488 3308 726 3362 secunda
772 3309 1054 3364 translatio
1101 3311 1304 3377 habet:
1352 3312 1578 3366 Fluxum
1628 3315 1848 3368 seminis
1899 3316 2061 3370 susti-

488 3413 656 3463 nens,
689 3408 746 3454 et
783 3399 1031 3469 leprosus
1077 3410 1264 3457 tenens
1290 3403 1466 3457 fusum
1489 3444 1503 3467 ,
1535 3413 1590 3457 et
1619 3406 1815 3460 cadens
1845 3405 2019 3475 gladio
2040 3447 2055 3471 ,

487 3497 542 3543 et
591 3490 838 3560 indigens
883 3507 1042 3560 pane.
1092 3490 1266 3560 Lepra
1314 3494 1512 3563 quippe
1557 3496 1916 3564 perfunditur,
1963 3497 2055 3566 qui

486 3579 670 3648 gravis
695 3579 899 3649 peccati
928 3579 1047 3634 labe
1077 3579 1332 3636 foedatur.
1361 3583 1558 3638 Fusum
1585 3601 1715 3639 vero
1743 3595 1948 3650 tenere,
1977 3595 2058 3642 est

483 3667 660 3724 virilis
707 3668 832 3722 vita
857 3667 1014 3723 fortia
1046 3667 1186 3724 facta
1216 3671 1542 3741 relinquere,
1573 3683 1627 3728 et
1656 3674 1899 3730 feminea:
1925 3692 2054 3731 con~

484 3755 814 3811 versationis
846 3755 1216 3812 illecehrosam
1249 3760 1526 3815 mollitiem
1554 3763 1828 3817 exhibere.
1868 3764 2054 3819 Gladio

484 3842 664 3909 cadit,
713 3843 806 3913 qui
849 3843 1328 3922 furoremgdivinae
1374 3848 1760 3918 indignationis
1802 3851 2051 3909 incurrit.

482 3931 633 3989 Pane
660 3934 896 4004 indiget,
925 3950 1086 4007 quem
1116 3951 1145 3989 a
1177 3938 1520 4006 perceptione
1547 3938 1746 3994 Christi
1777 3942 2051 4010 corporis,

481 4024 690 4093 proprii
734 4035 918 4081 reatus
965 4041 1125 4096 poena
1172 4041 1430 4084 coercet:
1478 4030 1570 4084 Ille
1617 4039 1701 4086 est
1726 4033 1867 4087 enim
1895 4033 2051 4110 panis

479 4111 636 4167 vivus
661 4113 752 4182 qui
779 4113 846 4168 de
877 4115 1013 4170 cmlo
1040 4117 1319 4171 descendit
1351 4116 1549 4187 (Joan.
1579 4135 1632 4173 IV
1653 4120 1693 4190 ).

555 4201 614 4258 Si
651 4218 781 4274 ergo
813 4215 934 4275 post
959 4205 1163 4260 ﬂuxum
1193 4207 1415 4263 seminis
1444 4207 1685 4279 leprosus
1713 4209 1887 4266 factus
1915 4226 2052 4280 prte-

477 4302 638 4364 ccpto
681 4295 816 4366 legis
860 4305 1014 4350 extra
1059 4305 1240 4352 castra
1283 4315 1502 4354 manere
1537 4301 1905 4371 compelleris,
1952 4318 2050 4356 cur

478 4385 654 4439 adhuc
702 4385 756 4438 in
802 4386 1006 4440 eisdem
1053 4389 1249 4442 castris
1291 4389 1456 4443 etiam
1505 4391 1724 4446 honoris
1756 4392 2044 4460 primatum
2076 4429 2125 4488 ι)

444 4475 723 4537 obtinere
767 4478 1094 4532 contendis?
1135 4479 1387 4548 Nunquid
1434 4496 1538 4534 non
1583 4480 1744 4536 Ozias
1787 4498 1881 4535 rex
1924 4498 2046 4536 cum

479 4564 713 4632 superbe
755 4564 970 4619 adolere
998 4567 1275 4622 incensum
1302 4584 1462 4637 super
1487 4571 1655 4625 altare
1681 4571 2048 4640 thymiamatis

474 4652 773 4721 voluisset,
806 4663 1092 4725 postquam
1123 4672 1181 4711 se
1205 4657 1362 4728 plaga
1391 4658 1554 4727 lepra:
1581 4660 1797 4714 caelitus
1824 4677 2046 4729 percus-

476 4758 596 4798 sum
636 4746 896 4815 agnovit,
936 4761 1043 4800 non
1087 4748 1246 4802 modo
1287 4762 1316 4800 a
1361 4749 1730 4803 sacerdotibus
1759 4749 1824 4804 de
1855 4751 2050 4818 templo

475 4835 669 4904 expelli
695 4837 966 4906 patienter
997 4837 1157 4902 tulit;
1191 4838 1284 4892 sed
1326 4847 1380 4893 et
1425 4839 1539 4908 ipse
1579 4839 1828 4894 celeriter
1865 4841 2044 4910 egredi

473 4925 793 4981 festinavit?
835 4928 1108 4996 Scriptum
1151 4929 1346 4996 quippe
1387 4937 1471 4983 est
1500 4947 1512 4983 :
1541 4947 1559 4979 ι
1592 4930 1832 4998 Cumque
1861 4945 2044 5000 respe-

473 5014 642 5069 xisset
666 5029 786 5070 eum
809 5017 1034 5072 Azarias
1061 5018 1299 5088 pontifex
1318 5059 1332 5084 ,
1361 5026 1414 5072 et
1435 5033 1622 5072 omnes
1647 5019 1836 5088 reliqui
1863 5035 2047 5074 sacer-

472 5103 657 5171 dotes,
695 5105 948 5161 viderunt
986 5106 1189 5178 lepram
1234 5107 1290 5162 in
1331 5106 1508 5162 fronte
1533 5106 1676 5175 ejus,
1707 5107 2040 5163 elrfestinato

473 5196 796 5267 expulerunt
838 5212 1001 5262 eum;
1032 5216 1050 5249 ι
1087 5213 1318 5267 moxque
1360 5199 1702 5269 suhjungitur
1733 5217 1746 5253 :
1781 5219 1799 5250 ι
1835 5200 1940 5255 Sed
1987 5209 2042 5255 et

470 5283 587 5354 ipse
633 5285 973 5354 perterritus,
1028 5288 1347 5365 acceleravit
1394 5292 1601 5360 egredi,
1651 5306 1715 5345 eo
1743 5293 1884 5361 quod
1917 5307 2038 5347 sen-

474 5376 636 5430 sisset
674 5376 886 5447 plagam
924 5377 1140 5432 ‘Domini
1181 5377 1282 5448 (11
1313 5377 1499 5434 Paral.
1533 5397 1657 5435 xxvi
1681 5380 1718 5449 ).
1753 5401 1773 5434 ι

542 5465 599 5521 Si
644 5482 738 5523 rex
779 5468 1047 5537 corporali
1077 5468 1231 5540 lepra
1262 5484 1581 5538 percussus,
1615 5486 1644 5524 a
1672 5472 2039 5528 sacerdotibus

470 5559 536 5611 de
578 5560 774 5629 templo
811 5560 931 5630 ejici
961 5574 1064 5615 non
1093 5564 1446 5631 contempsit,
1475 5573 1531 5618 tu
1565 5564 1810 5633 leprosus
1837 5564 1892 5618 in
1918 5565 2036 5617 ani-

468 5662 554 5705 ma
575 5691 589 5717 ,
636 5666 733 5706 cur
775 5659 853 5708 tot
880 5662 1191 5709 sanctorum
1222 5653 1441 5711 Patrum
1467 5655 1730 5724 Ῑιιάίεἰοιει
1758 5656 1930 5712 sacris
1960 5655 2038 5710 al-

2086 3091 2130 3152 C

2167 2060 2278 2101 suze
2321 2055 2494 2102 metas
2539 2048 2818 2102 humiliter
2862 2049 3117 2105 cohibere
3143 2091 3156 2115 ,
3202 2066 3270 2106 ne
3310 2052 3435 2106 dum
3477 2053 3562 2117 id,
3592 2053 3735 2123 quod

2166 2143 2312 2198 nullo
2343 2143 2504 2198 modo
2531 2143 2786 2212 praevalet
2827 2145 3077 2213 assequi,
3123 2155 3442 2215 arroganter
3466 2155 3688 2216 usurpet
3716 2163 3732 2200 :

2165 2233 2270 2286 hoc
2312 2234 2477 2286 etiam
2507 2235 2651 2302 quod
2692 2249 2822 2288 vera
2865 2233 3143 2290 humilitas
3181 2250 3402 2305 sperare
3437 2236 3734 2314 potuisset,

2164 2337 2387 2393 prorsus
2414 2324 2648 2380 amittat.

2746 2416 2970 2472 CAPUT
3008 2417 3147 2471 XIX.

2188 2503 2353 2568 ‘Quod
2380 2505 2534 2560 ruina
2561 2515 2635 2560 est
2663 2506 2845 2576 populi
2861 2547 2873 2567 ,
2909 2508 3126 2576 oﬁicium
3157 2507 3443 2561 sacerdotis
3473 2507 3694 2576 indigni.

2233 2595 2369 2660 Quid
2397 2604 2510 2659 est,
2543 2611 2747 2665 quaeso,
2775 2611 2806 2648 o
2835 2596 3167 2651 damnabiles
3192 2597 3436 2652 carnales
3463 2597 3730 2659 homines,

2160 2684 2301 2752 quod
2327 2694 2472 2740 tanto
2501 2685 2813 2739 ambitionis
2839 2686 3032 2740 ardore
3058 2683 3431 2742 ccélesiastica:
3457 2687 3734 2757 dignitatis

2161 2776 2371 2830 culmen
2416 2777 2714 2846 appetitis?
2749 2777 2886 2846 Quid
2931 2787 3048 2843 est,
3090 2779 3230 2846 quod
3271 2787 3423 2834 tanto
3465 2778 3735 2842 desiderio,

2159 2875 2356 2920 vestrae
2383 2867 2704 2934 perditionis
2727 2866 2959 2919 nexibus
3002 2868 3096 2921 Dei
3139 2868 3396 2937 populum
3436 2867 3733 2936 illaqueare

2161 2956 2418 3009 teutatis?
2439 2955 2554 3009 Non
2576 2954 2726 3010 vobis
2753 2954 2976 3019 sufﬁcit,
3002 2956 3126 3024 quia
3153 2957 3508 3028 vosmetipsos
3534 2958 3586 3011 in
3616 2957 3723 3010 alta

2162 3040 2462 3096 facinorum
2505 3041 2806 3112 praecipitia
2857 3043 3136 3112 mergilis,
3176 3043 3278 3097 nisi
3324 3045 3496 3098 ruinae
3535 3054 3728 3098 vestrae

2162 3131 2403 3200 periculo
2441 3139 2494 3185 et
2536 3131 2667 3185 alios
2707 3130 3037 3185 involvatis?
3078 3131 3134 3185 Si
3177 3133 3319 3185 enim
3349 3121 3576 3186 fortasse
3605 3132 3728 3201 quis

2159 3219 2372 3283 veniat,
2402 3227 2461 3271 ut
2487 3232 2586 3286 pro
2626 3233 2684 3272 se
2725 3217 2790 3271 ad
2835 3218 3272 3273 intercedendum
3317 3234 3416 3273 nos
3454 3219 3593 3287 apud
3633 3234 3727 3289 po-

2163 3318 2361 3364 tentem
2389 3309 2696 3378 quempiam
2725 3309 2900 3362 virum
2929 3310 3018 3378 qui
3049 3310 3148 3364 sibi
3178 3309 3348 3364 iratus
3367 3351 3380 3376 ,
3414 3310 3568 3364 nobis
3597 3325 3727 3363 vero

2158 3410 2300 3456 esset
2331 3401 2662 3470 incognitus,
2693 3400 2860 3463 dicat,
2891 3401 3137 3470 protinus
3165 3402 3554 3471 respondemus
3583 3419 3598 3457 :
3641 3401 3723 3454 Ad

2158 3487 2595 3542 intercedendum
2624 3487 2808 3540 venire
2841 3501 2945 3540 non
2981 3503 3286 3557 possumus,
3327 3489 3451 3557 quia
3489 3488 3723 3542 familia-

2157 3576 2333 3630 ritatis
2383 3574 2498 3643 ejus
2541 3576 2785 3629 notitiam
2822 3589 2926 3629 non
2969 3577 3246 3630 habemus.
3289 3576 3343 3631 Si
3387 3591 3516 3648 ergo
3561 3578 3726 3631 homo

2157 3664 2295 3732 apud
2337 3663 2640 3729 hominem,
2668 3663 2733 3717 de
2764 3678 2870 3732 quo
2900 3662 3121 3718 minime
3146 3665 3454 3733 praesumit,
3488 3663 3604 3717 fieri
3639 3663 3723 3716 in-

2157 3761 2421 3808 tercessor
2459 3753 2772 3807 erubescit:
2809 3767 2914 3821 qua
2952 3761 3133 3807 mente
3170 3754 3311 3823 apud
3353 3755 3521 3808 Deum
3551 3753 3722 3806 inter-

2154 3845 2417 3900 cessionis
2447 3843 2630 3898 locum
2662 3858 2760 3912 pro
2789 3842 2986 3912 populo
3016 3843 3238 3911 arripit,
3269 3844 3359 3912 qui
3401 3842 3722 3896 familiarem

2153 3950 2214 3990 se
2249 3935 2364 4003 ejus
2408 3935 2597 4005 gratiae
2645 3949 2766 3988 esse
2810 3949 2908 4004 per
2941 3936 3066 3989 vita:
3093 3936 3344 3990 meritum
3375 3935 3589 3989 nescit?
3615 3935 3724 3987 Aut

2153 4026 2223 4080 ab
2246 4039 2310 4080 eo
2335 4025 2604 4094 quomodo
2633 4025 2687 4078 iu
2715 4025 2835 4079 aliis
2863 4026 3074 4078 veniam
3098 4027 3365 4094 postulat,
3392 4027 3481 4094 qui
3500 4066 3514 4090 ,
3540 4033 3722 4078 utrum

2153 4117 2252 4171 sibi
2280 4118 2353 4170 sit
2377 4115 2618 4186 placatus
2636 4156 2650 4181 ,
2683 4116 2894 4186 ignorat
2918 4116 2939 4167 ?
2964 4115 3076 4182 Qua
3105 4117 3155 4169 in
3186 4130 3242 4171 re
3267 4126 3350 4171 est
3374 4117 3550 4170 adhuc
3575 4114 3721 4169 aliud

2154 4206 2436 4264 sollicitius
2467 4206 2864 4261 formidandum
2885 4246 2900 4270 ,
2935 4221 3002 4259 ne
3030 4205 3119 4275 qui
3155 4205 3373 4274 placare
3398 4207 3533 4260 iram
3561 4219 3720 4275 posse

2151 4299 2412 4363 creditur,
2440 4300 2578 4352 hanc
2606 4299 2717 4366 ipse
2741 4311 2806 4350 ex
2835 4298 3056 4365 proprio
3083 4307 3234 4351 reatu
3264 4307 3552 4351 mercatur.
3579 4296 3724 4351 Cun-

2151 4387 2224 4440 cti
2253 4387 2396 4440 enim
2425 4387 2631 4455 liquido
2658 4387 2926 4450 novimus,
2955 4387 3081 4455 quia
3111 4403 3231 4441 cum
3265 4387 3308 4441 is
3336 4388 3427 4455 qui
3454 4386 3717 4455 displicet,

2148 4480 2215 4533 ad
2263 4479 2702 4533 intercedendum
2745 4478 3001 4544 mittitur,
3043 4479 3165 4533 irati
3209 4479 3422 4534 animus
3465 4478 3532 4533 ad
3574 4479 3722 4533 dete-

2147 4567 2290 4622 riora
2315 4576 2660 4636 provocatur.

2217 4654 2321 4721 Qui
2370 4669 2500 4726 ergo
2549 4656 2726 4713 adhuc
2770 4656 3054 4710 desideriis
3100 4663 3332 4711 terrenis
3381 4655 3715 4724 astringitur,

2149 4755 2355 4811 caveat,
2391 4763 2460 4804 ne
2488 4748 2722 4818 districti
2751 4748 2884 4801 iram
2917 4747 3119 4802 Judicis
3151 4748 3366 4817 gravius
3396 4747 3714 4810 accendens,

2150 4841 2278 4893 dum
2303 4839 2421 4894 Ioco
2446 4839 2745 4894 delectatur
2770 4838 2957 4908 gloria:
2975 4879 2989 4902 ,
3020 4838 3113 4891 fiat
3138 4839 3364 4893 subditis
3391 4846 3580 4907 auctor
3607 4837 3714 4889 rui-

2149 4945 2249 4985 nae.
2294 4931 2533 4984 Solerter
2574 4945 2704 4999 ergo
2743 4943 2803 4983 se
2847 4930 3076 4997 quisque
3116 4929 3388 4993 metiatur,
3430 4943 3498 4981 ne
3537 4926 3710 4980 locum

2148 5019 2499 5075 sacerdotalis
2539 5018 2697 5073 ofﬁcii
2738 5020 3016 5088 suscipere
3047 5019 3272 5082 audeat,
3301 5019 3344 5070 si
3379 5017 3554 5070 adhuc
3576 5015 3627 5068 in
3657 5029 3717 5068 se

2142 5111 2333 5164 vitium
2372 5109 2755 5164 damnabiliter
2804 5116 3036 5179 regnat;
3080 5123 3149 5162 ne
3191 5107 3272 5170 is,
3316 5121 3474 5174 quem
3507 5105 3715 5159 crimen

2143 5200 2406 5268 depravat
2452 5201 2768 5272 proprium,
2818 5201 3145 5255 intercessor
3192 5198 3306 5252 ﬁeri
3354 5205 3569 5266 appetat
3617 5208 3716 5262 pro

2143 5291 2314 5361 culpis
2341 5291 2594 5346 aliorum.
2643 5291 2856 5347 Parcite
2896 5307 3056 5362 ergo,
3097 5290 3334 5360 parcite,
3377 5297 3432 5341 et
3477 5285 3714 5340 fuiorem

2149 5383 2243 5437 Dei
2289 5383 2573 5439 adversum
2605 5398 2703 5439 vos
2734 5381 3250 5450 inexstinguihiliter
3279 5379 3577 5432 accendere
3607 5375 3714 5430 for-

2147 5473 2376 5538 midate,
2427 5489 2494 5528 ne
2537 5489 2696 5542 quem
2741 5474 2922 5542 inique
2973 5471 3180 5541 agendo
3219 5478 3465 5540 patenter
3489 5466 3714 5522 offendi-

2147 5565 2250 5627 tis,
2295 5565 2424 5634 ipsis
2468 5580 2682 5634 quoque
2732 5564 3069 5619 orationibus
3114 5562 3295 5617 acrius
3337 5561 3600 5623 irritetis,
3647 5571 3712 5612 ac

2142 5655 2355 5723 propria
2399 5657 2546 5709 ruina
2587 5654 2854 5720 contenti,
2907 5660 3093 5706 cavete
3139 5650 3254 5705 ﬁeri
3303 5649 3488 5704 aliena:
3531 5643 3710 5716 perdi-
