4110 5364
349 283 461 362 ist

1321 277 1563 336 OPUSC.
1601 279 1710 334 Vll.
1737 310 1804 320 —
1830 279 2032 334 LIBER
2067 275 2631 333 GOMORRIIIA‘NES.

3508 274 3609 331 18‘).

349 398 520 452 tionis
565 395 831 461 obnoxii;
885 402 1150 465 quatenus
1195 409 1301 464 quo
1351 395 1738 464 temperantius
1782 407 1927 448 nunc
1956 399 1998 458 Α
2030 396 2091 442 ut
2117 389 2211 458 qui
2255 387 2492 443 alienum
2542 388 2857 458 sanguinem
2901 385 3085 440 volens
3125 383 3412 449 effuderat,
3448 385 3606 456 digna

353 487 519 558 169
568 485 841 555 peccando
887 483 1182 547 corruitis,
1231 498 1296 538 eo
1344 483 1555 539 facilius
1604 484 1928 554 quandoque

350 564 600 642 porrecta
641 588 806 627 manu
851 572 1183 644 poenitentiae
1223 587 1320 642 per
1357 572 1454 628 Dei
1499 573 1926 646 misericordiam

345 660 674 730 -£esurgatis.
705 649 708 652 ’

953 747 1180 804 CAPUT
1213 748 1333 804 XX.

374 837 544 904 Quod
573 839 637 894 de
665 839 906 895 manibus
929 840 1319 978 immuigtorum
1345 841 1472 896 nolit
1500 840 1639 897 Deus
1665 842 1896 917 accipere

971 927 1107 964 sacri
1152 927 1310 965 cium.

971 927 1310 965 sacrtnctum.

421 999 577 1068 Quod
600 1001 645 1056 si
677 1002 789 1073 ipse
812 1002 1154 1072 omnipotens
1194 1003 1338 1058 Deus
1375 1004 1440 1058 de
1464 1003 1710 1059 manibus
1737 1003 1931 1058 vestris

349 1093 680 1150 sacriﬁcium
712 1095 1040 1165 dedignatur
1067 1094 1348 1163 accipere,
1389 1095 1481 1164 qui
1511 1110 1608 1151 vos
1646 1095 1810 1161 estis,
1839 1095 1931 1166 qui

346 1182 558 1243 nolenti
603 1185 908 1254 importune
953 1187 1294 1256 praesumatis
1353 1189 1643 1260 ingerere?
1691 1189 1932 1245 Victima:

351 1272 550 1342 quippe
579 1272 864 1344 impiorum
894 1276 1283 1332 abominabiles
1311 1277 1538 1334 Domino
1570 1280 1757 1351 (Prov.
1792 1281 1928 1350 XXI).

346 1362 460 1417 Sed
492 1363 587 1433 qui
615 1379 701 1420 me
729 1367 1148 1422 slomachamini
1166 1409 1180 1432 ,
1228 1377 1390 1438 atque
1414 1370 1690 1441 despicitis
1718 1371 1933 1425 auscul-

353 1462 474 1508 tare
517 1455 879 1522 scribentem;
937 1458 1108 1527 ipsum
1159 1459 1349 1514 saltem
1396 1461 1579 1517 audite
1620 1462 1933 1532 prophetico

352 1541 504 1595 vobis
527 1557 623 1597 ore
647 1542 994 1613 loquentem:
1023 1547 1216 1615 ipsum,
1250 1548 1488 1618 inquam,
1515 1551 1695 1606 audite
1721 1554 1933 1608 concio-

348 1637 590 1696 nantem,
621 1631 995 1701 intonantem,
1038 1645 1217 1695 vestra
1249 1638 1517 1694 sacriﬁcia
1564 1651 1930 1710 respuentetn,

2030 495 2153 536 eum
2195 494 2355 549 poma
2377 479 2714 548 percelleret.
2744 477 2902 548 170
2925 477 2969 532 si
2994 486 3046 533 et
3071 476 3160 532 sui
3181 477 3462 546 sanguinis
3482 493 3610 547 pro-

2031 570 2250 624 fluvium
2281 570 2510 624 nolendo
2543 569 2814 625 toleraret.
2849 568 2956 623 Sed
2995 569 3120 640 quia
3157 569 3249 622 diu
3284 568 3607 638 disputando

2031 659 2099 712 ad
2145 659 2246 712 hoc
2290 673 2460 728 usque
2489 659 2869 728 pervenimus,
2911 666 2968 711 ut
3002 667 3058 712 et
3106 659 3281 728 ipsum
3317 657 3610 712 Dominum

2032 749 2432 804 immundorum
2485 750 2754 804 sacrificia
2803 749 3203 817 reprobantem,
3248 757 3304 803 ct
3341 756 3614 804 contesta-

2033 838 2170 892 torie
2205 839 2580 907 prohibentem
2613 837 2816 907 liquido
2866 845 3329 891 monstraremus:
3359 837 3489 906 quid
3515 852 3614 890 nos

2033 938 2348 999 peceatores
2377 930 2654 993 miramur,
2681 927 2724 983 si
2757 928 2826 982 ab
2847 927 2930 982 bis
2955 927 3004 980 in
3034 936 3217 981 nostra
3234 927 3613 982 admonitione

2032 1018 2468 1074 contemnimur?
2490 1020 2550 1074 Si
2582 1018 2776 1073 divinae
2803 1018 2950 1072 vocis
2982 1017 3264 1087 imperium
3291 1017 3609 1086 parvipendi

2034 1111 2333 1164 incrassato
2358 1111 2710 1179 reproborum
2732 1108 2897 1165 corde
2923 1106 3319 1177 conspicimus;
3353 1105 3478 1174 quid
3511 1106 3615 1160 mi-

2035 1184 2152 1252 rum
2183 1200 2224 1253 si
2257 1197 2412 1254 nobis
2433 1214 2541 1252 non
2569 1198 2810 1252 creditur
2829 1235 2844 1263 ,
2873 1197 2963 1267 qui
2991 1206 3136 1252 terra
3169 1210 3356 1252 sumus
3369 1194 3410 1248 ἳ-

2615 1308 2843 1367 CAPUT
2881 1308 3020 1364 XXI.

2036 1397 2188 1463 Quod
2215 1397 2366 1472 nitqu
2390 1399 2688 1472 sanctitatis
2730 1399 2922 1472 oblatio
2953 1417 3000 1472 αῖ
3025 1398 3132 1472 Deo
3155 1400 3440 1470 suscipitur
3459 1441 3473 1466 ,
3500 1415 3613 1472 qut!

2338 1469 2686 1523 immunditiis
2715 1470 2956 1524 sordibus
2984 1469 3314 1541 inquinatur.

2108 1555 2228 1612 Iam
2261 1571 2392 1628 ergo
2420 1558 2511 1628 qui
2557 1569 2871 1616 sanctorum
2901 1559 3121 1616 Patrum
3151 1561 3449 1616 reverenda
3486 1575 3611 1616 con-

2034 1646 2156 1701 cilia
2187 1647 2433 1716 chpieit,
2459 1649 2551 1717 qui
2581 1650 2943 1718 apostolorum
2970 1651 3494 1721 apostolicorumque
3537 1652 3615 1722 vi-

351 1719 550 1776 vestris
597 1720 874 1793 obsequiis
925 1727 1140 1796 publice
1191 1728 1598 1786 reclamantem.
1649 1733 1739 1786 Ait
1785 1735 1929 1787 enim
1965 1745 2005 1802 [3
2039 1752 2218 1792 rerum
2249 1745 2516 1806 praecepta
2541 1740 2870 1804 contemnit,
2903 1719 3295 1809 qui—canonica:
3321 1719 3616 1798 sanctionis

346 1809 580 1867 eximius
621 1816 1004 1884 prophetarum
1036 1818 1234 1884 Isaias,
1285 1820 1394 1874 imo
1423 1820 1661 1892 Spiritus
1707 1835 1928 1882 sanctus

347 1915 443 1969 per
466 1903 727 1962 oslsaite:
758 1925 778 1966 ς
806 1908 1023 1974 Audite,
1053 1911 1242 1980 inquit,
1267 1913 1492 1968 verbum
1521 1913 1756 1981 Domini,
1784 1918 1929 1986 prin-

345 1989 496 2059 cipes
527 1991 909 2064 Sodomorum,
959 2000 1218 2070 pereipite
1244 2003 1469 2058 auribus
1495 2003 1668 2075 legem
1703 2006 1793 2058 Dei
1827 2020 1926 2059 no-

345 2079 443 2145 stri
469 2118 484 2142 ,
527 2081 756 2151 populus
801 2083 1138 2148 Gomorrhte.
1185 2088 1321 2156 Quo.
1348 2092 1478 2146 mihi
1528 2093 1926 2150 multitudinem

346 2170 691 2243 victimarum
721 2185 1055 2242 vestrarum,
1089 2181 1219 2238 dicit
1261 2182 1555 2240 Dominus?
1582 2185 1781 2240 Plenus
1807 2202 1925 2241 sum

346 2260 663 2320 holocausto
704 2268 965 2334 arietum,
992 2278 1046 2326 ct
1072 2273 1229 2343 adipe
1267 2274 1544 2344 pinguium
1575 2295 1589 2331 :
1626 2286 1681 2333 et
1715 2279 1928 2349 sangui-

344 2365 471 2406 nem
499 2353 812 2424 vitulorum,
843 2367 898 2414 et
921 2375 1181 2431 agnorum
1209 2371 1264 2420 et
1297 2365 1570 2422 hircorum
1594 2368 1761 2424 nolui.
1792 2371 1924 2426 Cum

345 2443 608 2501 veneritis
631 2457 755 2502 ante
784 2460 1128 2520 conspectum
1156 2468 1356 2522 meum,
1385 2458 1507 2526 quis
1537 2461 1786 2528 quresivit
1813 2462 1928 2518 hac

345 2532 412 2586 de
454 2537 704 2592 manibus
733 2540 929 2595 vestris
953 2581 968 2606 ,
1001 2552 1060 2596 ut
1089 2544 1442 2602 ambularetis
1471 2547 1524 2601 in
1572 2550 1726 2604 atriis
1755 2553 1928 2608 meis?

346 2620 422 2675 Ne
457 2622 696 2681 oll'eratis
714 2627 854 2698 ultra
878 2632 1201 2688 sacrificium
1221 2632 1454 2703 frustra;
1491 2637 1770 2696 incensum
1797 2645 1926 2700 abo-

344 2713 680 2802 mionatioest
703 2718 880 2775 mihi:
911 2725 1241 2791 neomenias,
1273 2733 1329 2780 et
1354 2725 1673 2798 Sabbatnm,
1701 2741 1754 2788 et
1780 2734 1926 2789 festi-

341 2803 551 2869 vitates.
595 2806 731 2864 alias
752 2825 856 2866 non
891 2810 1097 2880 feram;
1130 2814 1299 2884 iniqui
1346 2829 1484 2873 sunt.
1518 2830 1693 2878 coetus
1726 2825 1922 2890 vestri;

340 2893 618 2954 Kalendas
669 2911 908 2971 vestras,
962 2915 1018 2960 et
1078 2906 1448 2964 solemnitates
1497 2925 1710 2967 vestras
1758 2915 1928 2970 odivit

339 2987 522 3044 anima
552 3005 669 3045 mea
696 3009 710 3057 ;
746 2993 884 3049 facta
907 3006 1030 3050 sunt
1059 2997 1189 3052 mihi
1213 2999 1436 3056 molesta
1457 3041 1471 3067 ,
1503 3001 1740 3060 laboravi
1762 3007 1927 3060 susti-

2031 1829 2205 1883 edieta
2237 1828 2516 1897 prtcterire
2544 1844 2653 1884 non
2677 1832 2886 1894 metuit,
2911 1833 3002 1902 qui
3029 1832 3194 1901 ipsius
3215 1833 3409 1888 divinas
3436 1843 3615 1890 aucto-

2031 1920 2206 1975 ritatis
2227 1919 2512 1989 imperium
2536 1920 2895 1992 ﬂoceipendit,
2926 1924 3298 1982 admonendus
3320 1934 3402 1981 est
3421 1926 3614 1981 saltem

2030 2021 2088 2066 ut
2134 2011 2278 2066 diem
2326 2012 2628 2068 vocationis
2658 2028 2769 2069 sua:
2805 2022 2929 2068 ante
2967 2015 3154 2070 oculos
3183 2025 3381 2086 ponat;
3425 2027 3479 2072 et
3509 2033 3616 2087 quo

2030 2102 2248 2170 gravius
2278 2110 2500 2172 peccat,
2547 2118 2612 2158 eo
2659 2103 2847 2158 durius
2876 2117 2934 2158 se
2967 2105 3319 2180 judicandum
3358 2121 3477 2162 esse
3507 2124 3614 2184 non

2031 2194 2293 2265 ambigat.
2329 2193 2486 2250 Sicut
2531 2194 2634 2250 sub
2667 2199 2849 2266 specie
2879 2197 3171 2268 Babylonis
3211 2200 3278 2254 ab
3311 2200 3504 2271 angelo
3536 2201 3616 2255 di-

2027 2286 2212 2341 citur:
2258 2305 2277 2338 ι
2313 2285 2586 2354 Quantum
2631 2304 2690 2344 se
2728 2283 3025 2358 exaltavit,
3049 2300 3112 2364 et
3153 2291 3208 2346 in
3246 2293 3456 2348 deliciis
3491 2293 3613 2358 fuit,

2031 2385 2240 2432 tantum
2283 2378 2407 2434 date
2444 2378 2493 2434 ei
2531 2387 2800 2435 tormenta
2833 2390 2887 2436 et
2926 2381 3103 2437 luctus
3144 2381 3328 2454 (Apoc.
3371 2385 3550 2455 xviii).
3592 2405 3611 2438 ι

2026 2468 2411 2525 Admonendus
2441 2477 2548 2537 est,
2585 2478 2643 2524 ut
2665 2459 2994 2537 consideret,
3036 2473 3161 2544 quia
3187 2475 3422 2544 quandiu
3456 2474 3616 2545 hujus

2028 2561 2143 2614 vitii
2175 2562 2365 2616 morbo
2411 2560 2662 2618 laborare
2703 2578 2807 2616 non
2838 2573 3054 2630 cessat,
3100 2563 3266 2619 etiam
3314 2565 3359 2620 si
3411 2565 3616 2634 aliquid

2027 2653 2156 2709 boni
2183 2667 2344 2724 agere
2372 2653 2634 2720 cernitur,
2665 2653 2942 2722 suscipere
2989 2661 3166 2708 tamen
3196 2654 3476 2724 praemium
3507 2669 3614 2710 non

2032 2751 2294 2797 tueretur.
2320 2741 2431 2797 Nec
2472 2741 2578 2796 ulla
2623 2741 2844 2810 religio,
2875 2741 3019 2796 nulla
3067 2757 3198 2798 sane
3241 2742 3611 2808 mortiﬁcatio,

2027 2833 2170 2888 nulla
2201 2833 2322 2888 vita:
2345 2833 2607 2903 perfectio
2636 2834 2806 2888 oculis
2843 2835 3059 2904 superni
3086 2833 3289 2890 Judicis
3331 2835 3489 2906 digna
3524 2835 3614 2905 de:

2027 2927 2291 2991 cernitur,
2341 2941 2459 2996 quae
2491 2926 2797 2994 tamturpis
2838 2925 3192 2998 immunditiac
3237 2927 3486 2982 sordibus
3523 2927 3610 2981 in-

2030 3015 2309 3084 quinatur.

339 3092 496 3177 ιιοηξ-
525 3079 592 3134 El
615 3097 735 3137 cum
765 3086 1120 3147 extenderilis
1155 3104 1349 3146 manus
1388 3101 1597 3148 VeSll‘aS
1618 3134 1632 3160 ν
1680 3106 1920 3151 avertam
1952 3093 1996 3152 (ἶ
2046 3079 2062 3084 ⁷
2100 3105 2170 3160 Ut
2192 3115 2370 3160 autem
2399 3108 2662 3175 probetur
2708 3123 2891 3164 verum
2923 3122 3043 3163 esse
3073 3107 3218 3177 quod
3257 3108 3488 3174 dicitur,
3522 3123 3612 3163 ve-

337 3169 528 3224 oculos
557 3187 762 3237 meosa
807 3176 994 3236 vobis:
1034 3187 1088 3234 et
1133 3196 1252 3235 cum
1285 3183 1768 3253 multiplicavcritis
1795 3203 1923 3242 ora-

339 3258 568 3327 tionem,
594 3277 698 3317 non
723 3267 1037 3335 exaudiam;
1061 3284 1254 3326 manus
1277 3274 1419 3327 enim
1444 3283 1638 3330 vestrm
1661 3280 1923 3348 sanguine

335 3349 515 3417 plena:
545 3364 670 3408 sunt
697 3356 830 3428 (Isa.
860 3359 920 3430 ι).
947 3380 966 3413 ι
985 3359 1631 3436 Animadvertitisigiutr,
1657 3370 1779 3440 quia
1798 3372 1932 3427 licet-

335 3441 522 3506 omiiia
551 3445 804 3504 vitiorum
836 3452 978 3507 mala
1007 3453 1202 3509 divina:
1244 3458 1601 3526 correptionis
1645 3465 1918 3528 sententia

335 3535 702 3597 commuuiler
732 3539 908 3608 feriat,
940 3543 991 3598 in
1018 3545 1287 3615 principes
1319 3555 1497 3603 tamen
1533 3549 1920 3621 Sodomorum,

334 3632 392 3676 et
420 3626 670 3694 populum
698 3629 1011 3688 Gomorrhte
1038 3637 1407 3706 principaliter
1426 3639 1663 3708 jaculata
1693 3645 1917 3700 descenq

334 3713 464 3778 dat;
500 3717 620 3770 utsi
653 3719 894 3777 humanae
939 3727 1274 3782 atlestationi
1301 3731 1523 3786 credere
1553 3731 1784 3801 fortasse
1810 3737 1919 3791 dis-

335 3805 581 3872 simulat,
611 3825 770 3878 quam
797 3816 866 3868 sit
895 3817 998 3873 hoc
1019 3821 1246 3877 mortale
1274 3823 1484 3887 vitium,
1516 3825 1700 3884 divino
1724 3831 1914 3886 saltem

337 3898 669 3966 testimonio,
695 3904 1048 3977 litigiosorum
1074 3915 1353 3969 temeritas
1384 3917 1716 3987 acquiescas.

410 3988 671 4082 Siautem
697 3997 764 4050 ab
792 3997 972 4069 aliquo
1005 4003 1160 4059 nobis
1183 3997 1506 4075 opponatur,
1542 4013 1683 4079 quod
1716 4013 1768 4068 in
1793 4028 1916 4082 pro-

338 4077 550 4144 phetica
599 4082 871 4143 locutione.
908 4090 1252 4162 subjungitur
1292 4114 1304 4148 :
1348 4115 1367 4148 ι
1425 4077 1652 4167 Manus,
1707 4077 1914 4174 inquit,

335 4179 532 4271 vestrm
560 4179 830 4245 sanguine.
859 4181 1029 4250 plenae
1077 4196 1240 4251 sunt;
1288 4207 1306 4240 ι
1358 4199 1416 4243 ut
1456 4190 1706 4248 videlicet
1749 4196 1801 4249 in
1835 4197 1916 4252 di-

335 4269 484 4352 vinre
519 4265 844 4322 inventionis
885 4273 1108 4327 oraculo
1154 4277 1324 4345 magis
1355 4278 1703 4336 homicidium
1750 4299 1911 4352 quam

337 4348 517 4438 carnis
543 4351 937 4415 immunditiam
967 4363 1096 4417 velit
1123 4366 1366 4438 intelligi,
1401 4371 1612 4426 noverit
1639 4373 1689 4427 in
1713 4348 1930 4432 divinis

337 4436 565 4506 eloquiis
591 4447 766 4500 omnia
792 4454 1012 4518 peccata
1038 4436 1357 4527 sanguinein
1385 4465 1712 4532 nuncupari;
1740 4465 1907 4523 David
1943 4442 1986 4500 ί)

337 4538 640 4629 aues-tante,
680 4545 766 4610 qui
809 4549 884 4601 ait
923 4565 936 4600 :
988 4568 1007 4602 ι
1043 4549 1240 4606 Libera
1284 4569 1372 4610 me
1418 4557 1484 4612 de
1527 4559 1906 4629 sanguinibus,

340 4621 510 4691 Deus,
543 4628 683 4686 Deus
710 4636 897 4694 salutis
925 4655 1059 4696 mea:
1083 4641 1257 4713 (Psal.
1285 4644 1360 4716 L).
1392 4665 1412 4698 ›
1449 4621 1832 4708 Verumtamen
1862 4621 1907 4710 si

339 4724 391 4813 et
417 4718 570 4813 hujus
597 4727 709 4780 vitii
740 4742 989 4788 naturam
1024 4736 1338 4792 Studeamus
1381 4739 1609 4796 solerter
1641 4742 1908 4813 inSpicere

339 4812 392 4905 et
415 4809 754 4879 physicorum
784 4820 927 4876 dicta
961 4825 1030 4880 ad
1074 4827 1393 4883 memoriam
1437 4809 1904 4899 revocare,—iiive-

340 4911 518 4994 nimus
535 4907 759 4994 seminis
782 4909 983 4969 ﬂuxum
1011 4931 1076 4971 ex
1100 4919 1380 4988 sanguinis
1410 4923 1620 4994 origine
1650 4941 1904 4994 procrea-

333 4995 467 5041 tum.
499 4992 645 5049 Sicut
673 4999 818 5054 enim
842 5005 1134 5073 agitatione
1171 5020 1455 5068 ventorum
1485 4992 1626 5085 aqua
1652 4992 1825 5072 maris
1850 5020 1904 5073 in

328 5092 389 5146 sp
405 5095 574 5138 umam
623 5094 951 5150 convertitur
974 5138 988 5162 ,
1026 5099 1099 5154 ita
1131 5105 1559 5161 contrectatione
1591 5106 1903 5175 genitalium

329 5176 546 5240 sanguis
577 5179 629 5232 in
663 5181 940 5240 humorem
974 5192 1198 5246 seminis
1228 5195 1519 5250 excitatur.

351 5349 379 5364 ν
405 5257 511 5318 Νοη
541 5281 670 5337 ergo
701 5284 730 5323 a
765 5287 895 5329 sano
925 5276 1196 5335 intellectu
1231 5283 1524 5341 abhorrere
1558 5288 1754 5342 merito
1785 5305 1904 5345 cre-

2026 3197 2281 3252 ncraliilis
2310 3198 2466 3253 Beda:
2499 3199 2865 3270 testimonium
2913 3201 2965 3254 in
2999 3199 3235 3255 medium
3265 3199 3566 3257 deducatur
3595 3220 3607 3254 :

2032 3309 2048 3342 ι
2087 3291 2224 3357 Qui,
2274 3292 2482 3363 inquit,
2525 3294 2597 3347 ita
2621 3294 3018 3366 elcemosynaui
3059 3293 3278 3361 tribuit,
3309 3303 3368 3349 ut
3394 3294 3609 3364 culpam

2025 3401 2129 3438 non
2157 3385 2426 3452 dimittat,
2473 3386 2710 3440 animam
2752 3402 2855 3440 non
2903 3386 3148 3452 redimit,
3200 3401 3360 3457 quam
3401 3401 3431 3440 a
3464 3386 3610 3441 vitiis

2024 3491 2129 3529 non
2161 3476 2472 3546 compescit.
2504 3496 2522 3527 ›
2557 3475 2668 3531 lloc
2702 3476 2791 3532 ille
2821 3476 3045 3530 eremita
3079 3491 3177 3531 suo
3206 3475 3348 3529 facto
3377 3473 3607 3545 probat,

2020 3566 2108 3633 qui
2141 3581 2263 3620 cum
2295 3566 2480 3620 multis
2519 3567 2812 3620 virtutibus
2840 3582 2960 3620 cum
2994 3582 3092 3621 suo
3137 3565 3373 3635 quodam
3404 3565 3606 3634 collega

2020 3656 2379 3722 descrvisset,
2423 3658 2536 3712 hinc
2566 3657 2640 3712 illi
2671 3672 2767 3728 per
2796 3657 3070 3712 diabolum
3107 3656 3300 3724 injecta
3351 3656 3606 3725 cogitatio

2018 3757 2098 3800 est
2126 3763 2138 3799 :
2180 3755 2241 3799 ut
2264 3749 2692 3818 quandocunque
2721 3747 2941 3802 libidine
2969 3746 3300 3812 titillaretur,
3324 3745 3401 3801 sic
3422 3759 3612 3812 semen

2018 3838 2215 3892 detritu
2246 3839 2494 3909 genitalis
2531 3840 2758 3894 membri
2795 3855 3013 3912 egerere
3045 3840 3302 3907 deberet,
3351 3848 3608 3910 tanquam

2019 3931 2267 4001 phlegma
2292 3932 2357 3986 de
2389 3933 2613 3986 naribus
2643 3933 2963 4003 projiceret;
3006 3935 3096 4004 qui
3128 3933 3196 3989 ob
3242 3933 3294 3987 id
3327 3941 3382 3987 et
3409 3932 3596 3986 daemo-

2016 4022 2174 4076 nibus
2199 4023 2458 4090 moriens,
2483 4025 2695 4079 vidente
2714 4025 2882 4088 socio,
2911 4025 3138 4077 traditus
3166 4033 3267 4078 est.
3299 4021 3433 4077 Tum
3464 4022 3604 4076 idem

2016 4111 2195 4166 socius
2225 4121 2434 4168 reatum
2467 4113 2582 4182 ejus
2609 4115 2899 4186 ignorans,
2927 4116 3028 4177 sed,
3060 4113 3320 4169 exercitia
3343 4113 3603 4167 virtutum

2018 4201 2263 4257 recolens
2289 4243 2304 4269 ,
2335 4219 2473 4273 pene
2501 4193 2868 4274 desperavit,
2901 4206 3085 4261 dicens
3115 4223 3126 4257 :
3163 4205 3207 4260 Ο
3248 4205 3369 4273 quis
3406 4205 3606 4273 poterit

2015 4292 2199 4348 salvus
2225 4295 2380 4349 esse?
2421 4296 2693 4365 quomodo
2726 4295 2829 4351 iste
2851 4296 3053 4366 periit?
3097 4295 3196 4350 Cui
3227 4310 3352 4350 mox
3381 4293 3604 4364 angelus

2017 4393 2224 4452 astans,
2250 4385 2424 4442 dixit:
2460 4387 2536 4443 Ne
2577 4389 2846 4455 turberis;
2895 4389 2997 4444 iste
3044 4388 3210 4454 enim,
3257 4386 3387 4442 licet
3431 4386 3601 4441 multa

2018 4477 2223 4542 fecerit,
2253 4488 2427 4533 tamen
2450 4495 2547 4548 per
2573 4479 2703 4544 illud
2731 4480 2940 4546 vitium,
2969 4480 3109 4550 quod
3131 4477 3422 4551 Apostolus
3445 4487 3605 4534 vocat

2017 4569 2411 4624 immunditiam
2444 4570 2622 4643 (Rom.
2650 4571 2712 4639 ι),
2743 4579 2936 4628 cuncta
2964 4572 3204 4629 fmdavit.

2589 4687 2816 4745 CAPUT
2854 4687 3018 4746 XXII.

2051 4775 2204 4840 Quod
2232 4792 2409 4830 omnes
2436 4787 2665 4848 quatuor
2698 4779 2777 4831 illi
2805 4781 2949 4833 modi
2973 4779 3212 4850 superius
3242 4778 3532 4839 enumerati
3561 4817 3578 4844 ,

2495 4858 2676 4901 contra
2701 4859 2943 4901 naturam
2970 4859 3111 4903 sunt.

2087 4934 2200 4990 Non
2228 4950 2356 5006 ergo
2382 4936 2438 4990 in
2466 4953 2530 4993 eo
2560 4937 2662 4992 sibi
2689 4938 2917 5007 quisque
2956 4937 3440 5006 blandiatur,.quia
3475 4953 3597 4993 cum

2013 5025 2117 5079 alio
2147 5041 2252 5082 non
2300 5028 2542 5092 corruit,
2573 5027 2616 5080 si
2659 5041 2757 5094 per
2784 5029 3130 5098 semetipsum
3162 5023 3247 5081 his
3273 5027 3602 5084 luxuriantis

2013 5117 2282 5171 illecebra:
2324 5116 2880 5173 contaminationibus
2926 5119 3072 5184 ﬂuit;
3108 5132 3232 5172 cum
3264 5119 3368 5174 iste
3417 5120 3600 5174 infelix

2010 5205 2236 5258 eremita
2282 5203 2378 5270 qui
2423 5202 2754 5259 dtemonibus
2781 5203 2836 5258 in
2867 5208 3060 5262 mortis
3082 5205 3317 5261 articulo
3344 5207 3599 5273 traditur,

2010 5296 2304 5361 nonalium
2346 5295 2608 5362 polluisse
2630 5333 2644 5356 ,
2676 5295 2769 5348 sed
2797 5300 3145 5364 semetipsum
3175 5298 3476 5364 perdidisse
3504 5315 3602 5364 per
