4106 6310
487 262 595 319 I85

953 241 1010 314 S.
1044 257 1248 313 PETRI
1285 255 1569 313 DAMIANI
1606 253 1757 313 OPP.
1785 253 2022 313 TOMUS
2063 254 2192 316 SEU
2227 255 2409 313 PARS
2444 254 2531 313 III.
2556 253 3012 313 -—0PUSCULA
3051 254 3259 312 VARIA

3640 258 3743 315 I86

484 373 739 426 oriuntur
771 386 784 421 :
817 377 876 422 ut
905 382 970 422 ex
1015 379 1338 435 quocunque
1366 379 1554 420 eorum
1600 363 1722 435 quis
1749 360 2061 434 pestiferum
2089 366 2140 426 Α
2167 363 2419 421 dentibus
2462 362 2659 419 inferni
2704 364 2975 421 detractos
3024 367 3180 440 172
3229 367 3283 423 in
3325 374 3589 425 tartarum
3611 350 3743 426 ἰη-

483 461 802 530 botryonem
833 464 1040 525 carpat,
1074 454 1319 524 protinus
1359 468 1566 509 veneno
1599 451 1828 508 infectus
1855 450 2061 507 indilfe-

482 558 668 605 renter
717 549 966 602 intereat.
1019 546 1095 600 Ex
1146 546 1301 600 vinea
1341 545 1485 600 enim
1533 545 1887 600 Sodomorum
1935 544 2063 600 vitis

480 656 667 697 eorum
695 680 710 703 ,
755 648 810 693 et
858 652 1097 709 propago
1125 652 1311 693 eorum
1365 652 1432 692 ex
1481 635 1784 692 Gomorrha
1828 653 1842 690 :
1892 653 1911 687 ι
1947 634 2060 692 Uva

473 745 712 795 eorum,
767 744 868 782 uva
923 727 1103 793 fellis,
1156 736 1211 781 et
1262 726 1451 782 botrus
1505 725 1880 781 amaritudinis
1927 724 2062 794 ipsis

471 808 659 894 (Deut.
677 819 871 888 χχχιι).
897 840 916 873 ι
938 819 1171 889 Serpens
1186 820 1329 873 enim
1345 820 1464 884 iste,
1479 833 1638 889 quem
1652 827 1851 873 nostrae
1878 817 2060 889 dispu-

471 912 701 967 tationis
727 912 860 967 sude
907 910 1155 980 frangere
1198 909 1425 964 nitimur
1446 950 1462 976 ,
1510 908 1834 979 quadriceps
1861 917 1976 973 est,
2005 917 2062 964 et

467 1000 845 1071 cujuscunque
868 1001 1062 1071 capitis
1083 1001 1245 1059 dente
1269 998 1578 1065 momordit,
1605 1006 1775 1053 totum
1797 1012 1922 1052 mox
1947 1010 2059 1053 sua:

416 1148 421 1151 .
466 1092 729 1162 nequitiae
758 1091 908 1151 virus
934 1089 1150 1145 infudit.

551 1180 677 1236 Sive
727 1196 856 1254 ergo
898 1180 1248 1250 semetipsum
1282 1180 1405 1250 quis
1442 1177 1675 1249 polluat,
1725 1177 1841 1233 sive
1890 1175 2056 1235 alium

466 1284 800 1341 quocunque
829 1271 990 1325 modo
1013 1309 1029 1337 ,
1054 1270 1183 1324 licet
1213 1270 1540 1324 discretione
1567 1277 1782 1324 servata
1807 1309 1822 1334 ,
1866 1267 2058 1338 procul

477 1364 642 1418 dubio
676 1372 854 1417 tamen
900 1360 1295 1416 Sodomiticum
1330 1359 1506 1415 scelus
1538 1367 1883 1429 perpetrasse
1928 1373 2054 1414 con-

473 1452 729 1506 vincitur.
770 1451 952 1521 Neque
982 1451 1126 1506 enim
1159 1450 1385 1521 legitur,
1421 1451 1563 1518 quod
1596 1450 1668 1502 illi
1700 1447 2056 1504 Sodomorum

474 1540 666 1597 incolae
696 1542 1034 1596 solummodo
1073 1542 1207 1595 alios
1245 1548 1622 1596 consummato
1647 1549 1769 1596 actu
1802 1556 2058 1610 corrupe-

473 1633 611 1697 rint;
643 1633 736 1687 sed
760 1633 938 1703 potius
967 1633 1295 1688 credendum
1326 1642 1411 1688 est
1434 1633 1576 1703 quod
1599 1632 1755 1703 juxta
1781 1632 2056 1689 etfrenata:

2165 455 2299 510 didit
2324 455 2666 522 cruciandos,
2703 454 2758 509 in
2792 455 3055 527 judicium
3081 457 3366 513 reservari.
3398 458 3467 514 Et
3491 458 3742 518 civitates

2163 543 2519 598 Sodomorum
2549 551 2604 598 et
2641 542 3119 601 Gomorrhazorum
3142 545 3198 600 in
3220 546 3459 602 cinerem
3490 547 3740 620 redigens

2164 631 2314 702 (Gen.
2347 632 2482 703 xu),
2513 632 2793 690 eversione
2823 631 3121 698 damnavit,
3153 635 3400 705 exemplo
3427 651 3617 691 eorum
3647 639 3739 707 qui

2162 722 2323 794 impie
2354 722 2527 778 acturi
2553 732 2678 778 sunt
2698 721 2784 793 (11
2812 719 2960 776 Petr.
2980 722 3062 794 ιι).
3087 723 3266 791 ιριιίά
3284 734 3368 785 est
3387 726 3529 796 quod
3549 726 3739 783 beatus
3779 784 3794 798 ,

2160 813 2434 883 apostolus
2469 823 2758 885 postquam
2798 813 3079 870 diabolicae
3107 816 3469 872 damnationis
3495 819 3740 888 praecipi-
3801 884 3810 892 ι

2161 905 2293 963 timn
2325 904 2524 970 retulit,
2547 904 2614 960 ad
2637 904 2995 969 Sodomorum
3024 920 3257 977 quoque,
3289 915 3346 962 et
3365 906 3740 963 Gomorrhaeo-

2159 1011 2281 1051 rum
2328 1009 2388 1051 se
2425 1010 2554 1052 mox
2583 996 2851 1052 convertit
2899 997 3202 1065 excidium;
3234 997 3341 1053 nisi
3382 1006 3443 1052 ut
3487 1006 3740 1070 patenter

2157 1090 2508 1156 ostenderet,
2554 1090 2682 1161 quia
2712 1091 2806 1160 qui
2853 1105 3000 1147 nunc
3038 1099 3164 1146 sunt
3211 1091 3564 1147 immunditiis
3605 1091 3740 1147 vitio

2160 1179 2366 1246 traditi,
2391 1178 2552 1234 simul
2570 1179 2737 1234 etiam
2766 1195 2889 1235 cum
2917 1181 3208 1236 immundis
3234 1182 3515 1252 spiritibus
3533 1190 3740 1237 aeterna

2158 1277 2286 1323 sunt
2310 1269 2515 1324 ultione
2542 1270 2876 1327 damnandi?
2914 1270 2984 1327 Et
3020 1287 3156 1343 quos
3181 1288 3326 1328 nunc
3354 1273 3520 1330 ardor
3560 1271 3735 1335 Sodo:

2158 1360 2360 1416 mitica:
2387 1360 2633 1417 libidinis
2661 1370 2854 1428 vexat,
2896 1365 3243 1434 postmodum
3271 1365 3435 1419 etiam
3467 1380 3592 1420 cum
3620 1365 3739 1433 ipso

2159 1452 2325 1508 totius
2368 1453 2675 1522 iniquitatis
2720 1462 2945 1511 auctore
2972 1453 3187 1511 Ilamma
3216 1466 3489 1528 perpetuae
3515 1457 3739 1512 combu-

2155 1542 2349 1599 stionis
2376 1543 2605 1598 exurat?
2627 1542 2725 1597 Cui
2749 1544 3034 1600 sententiae
3064 1545 3227 1600 etiam
3256 1545 3423 1602 Iudas
3462 1544 3738 1616 apostolus

2158 1636 2437 1706 aptissime
2461 1636 2733 1700 concinit,
2765 1636 2955 1693 dicens
2988 1654 3001 1691 :
3037 1657 3057 1688 ι
3103 1637 3372 1708 Angelos,
3413 1637 3618 1708 inquit,
3642 1638 3736 1706 qui

475 1721 717 1778 libidinis
745 1722 1036 1793 impetum,
1072 1723 1301 1778 diversis
1350 1723 1525 1778 modis
1554 1723 1664 1777 sint
1689 1722 1740 1777 in
1771 1738 1858 1788 se,
1891 1722 1977 1779 vel
2003 1724 2058 1779 in
2088 1720 2133 1780 Β
2161 1738 2269 1777 non
2319 1725 2750 1778 observaverunt
2779 1739 2936 1779 suum
2967 1726 3330 1796 principatum
3358 1767 3373 1793 ,
3416 1725 3508 1783 sed
3542 1725 3738 1784 dereli-

471 1816 605 1870 alios
633 1816 1017 1885 turpitudinem
1044 1816 1274 1886 operati.
1298 1815 1465 1870 Plane
1495 1816 1537 1870 si
1571 1816 1692 1886 quis
1711 1815 1882 1871 venia:
1906 1814 2056 1872 locus

469 1905 527 1960 in
577 1905 736 1973 hujus
762 1905 880 1960 vitii
910 1905 1067 1960 ruina
1109 1904 1463 1975 praeberetur,
1493 1905 1579 1960 cui
1611 1905 1928 1974 propensius
1964 1920 2052 1962 re-

470 1996 658 2050 missio
697 1995 1022 2066 indulgenda
1066 2003 1436 2064 competeret,
1485 2010 1647 2065 quam
1691 1994 1763 2048 illi
1808 1994 2056 2051 videlicet

468 2086 708 2139 eremitae
729 2124 745 2150 ,
787 2084 880 2154 qui
906 2083 1196 2140 nesciendo
1224 2084 1509 2154 peccavit?
1539 2083 1630 2153 qni
1668 2098 1765 2153 per
1791 2084 2052 2155 simplici-

471 2175 597 2229 tatis
642 2174 968 2243 imperitiam
999 2174 1235 2229 cecidit?
1270 2175 1359 2245 qui
1400 2174 1501 2231 sibi
1541 2174 1643 2229 hoc
1674 2173 1837 2229 licere
1861 2213 1877 2241 ,
1909 2174 2055 2230 velut

472 2264 736 2319 naturalis
759 2265 920 2321 otIicii
948 2265 1211 2333 debitum,
1245 2266 1576 2321 aestimavit?
1598 2265 1819 2321 Discant
1845 2266 2052 2333 miseri,

468 2356 680 2412 discant
712 2371 771 2411 se
797 2372 826 2410 a
860 2364 968 2410 tam
998 2357 1333 2412 detestabilis
1357 2358 1470 2412 vitii
1493 2365 1645 2428 peste
1671 2372 2015 2427 compescere
2034 2398 2051 2430 ,

470 2446 865 2502 lcmcinanlem
907 2446 1144 2504 libidinis
1173 2447 1447 2504 lasciviam
1494 2447 1722 2503 viriliter
1762 2449 2049 2515 edomare,

467 2538 763 2606 petulantia
791 2538 971 2592 carnis
995 2537 1262 2593 incentiva
1298 2539 1616 2609 reprimere,
1650 2540 1889 2595 terribile
1913 2540 2049 2595 divi-

470 2641 552 2680 nte
581 2625 933 2681 districtionis
952 2624 1218 2693 judicium
1267 2627 1575 2682 medullitus
1613 2625 1947 2695 formidare;
1984 2629 2050 2687 ad

468 2716 790 2772 memoriam
823 2732 1038 2787 semper
1063 2727 1380 2773 revocantes
1405 2718 1551 2773 illam
1575 2719 1882 2790 apostolicae
1905 2736 2049 2776 com-

466 2809 782 2864 minationis
812 2809 1173 2874 sententiam,
1205 2825 1311 2880 qua
1339 2811 1541 2867 dicitur
1567 2830 1580 2865 :
1619 2830 1638 2863 ι
1679 2811 1944 2868 Terribile
1968 2821 2053 2869 est

468 2899 709 2957 incidere
758 2899 813 2955 in
858 2915 1052 2954 manus
1100 2900 1193 2954 Dei
1228 2900 1474 2983 viventis.
1505 2900 1701 2972 (Hebr.
1732 2901 1822 2972 χ).
1857 2921 1877 2956 ι
1916 2901 2048 2959 Illud

467 2992 632 3044 etiam
664 2990 1011 3047 formidolose
1037 2991 1339 3047 recolentes
1360 3035 1374 3057 ,
1416 2994 1557 3063 quod
1585 2994 1845 3063 propheta
1877 2997 2049 3049 mina-

2157 1822 2391 1882 qnerunt
2417 1828 2574 1868 suum
2603 1812 2961 1880 domicilium,
2988 1814 3042 1868 in
3066 1815 3333 1884 judicium
3377 1819 3559 1889 magni
3595 1820 3735 1883 diei,

2154 1901 2387 1957 vinculis
2406 1901 2626 1957 aeternis
2650 1901 2752 1956 sub
2776 1901 3007 1974 caligine
3035 1905 3313 1961 Servavit:
3342 1907 3482 1962 sicut
3503 1905 3735 1983 Sodoma

2153 2001 2209 2047 et
2237 1992 2537 2049 Gomorrha
2562 2032 2578 2061 ,
2610 2001 2666 2049 et
2691 1991 2938 2051 finitima:
2966 1996 3214 2053 civitates
3241 1997 3403 2054 simili
3450 1998 3613 2053 modo
3641 2013 3737 2052 ex-

2153 2083 2457 2152 fornicatre,
2485 2094 2541 2141 et
2586 2086 2848 2143 abeuntes
2871 2096 2993 2158 post
3021 2105 3240 2145 carnem
3288 2089 3547 2157 alteram,
3578 2092 3736 2146 facta:

2152 2185 2283 2234 sunt
2322 2177 2628 2248 exemplum
2655 2219 2671 2244 ,
2722 2180 2861 2248 ignis
2906 2182 3095 2237 aeterni
3144 2198 3359 2252 penam
3400 2183 3737 2239 sustinentes

2155 2270 2307 2339 (iud.
2338 2270 2399 2341 ι).
2446 2290 2465 2322 ι
2497 2270 2652 2327 Patet
2685 2286 2816 2344 ergo
2837 2313 2851 2338 ,
2882 2274 3006 2343 quia
3035 2275 3177 2329 sicut
3220 2274 3395 2345 angeli
3438 2290 3592 2329 suum
3625 2290 3733 2329 non

2151 2361 2502 2419 observantes
2522 2362 2907 2432 principatum,
2937 2371 3189 2420 tartarem
3217 2365 3465 2436 caliginis
3486 2379 3737 2420 meruere

2151 2452 2503 2523 supplicium;
2536 2454 2610 2509 ita
2637 2455 2728 2524 qui
2758 2470 2787 2508 a
2817 2456 2957 2511 sacri
2988 2457 3193 2513 ordinis
3218 2456 3496 2529 dignitate,
3531 2459 3585 2511 in
3614 2473 3736 2511 car-

2152 2540 2291 2595 nalis
2319 2541 2435 2595 vitii
2470 2542 2782 2614 voraginem
2803 2553 3088 2610 corruunt,
3124 2547 3177 2600 in
3201 2556 3472 2618 perpetuae
3505 2548 3732 2603 damna-

2152 2630 2314 2685 tionis
2344 2631 2660 2686 barathrum
2690 2633 2885 2688 merito
2908 2634 3281 2692 devolvuntur.

2223 2722 2306 2784 Et,
2346 2732 2406 2779 ut
2432 2724 2671 2779 breviter
2712 2734 2904 2780 cuncta
2934 2727 3291 2795 concludam,
3324 2727 3571 2799 quisquis
3597 2743 3731 2798 quo:

2151 2812 2282 2868 libet
2307 2829 2493 2870 eorum
2516 2815 2695 2881 modo,
2723 2814 2860 2885 quos
2887 2831 3047 2886 supra
3078 2816 3454 2885 distinximus,
3486 2819 3732 2877 nefanda:

2153 2905 2498 2974 turpitudinis
2525 2920 2584 2960 se
2611 2907 2933 2977 contagione
2962 2908 3267 2975 foedaverit,
3296 2910 3403 2965 nisi
3435 2911 3731 2967 fructuosa:

2152 2994 2480 3063 poenitentiae
2505 2994 2663 3050 fuerit
2695 2996 3065 3053 satisfactione
3106 3009 3365 3069 purgatus
3392 3040 3406 3065 ,
3451 3016 3726 3069 nunquam

468 3084 604 3136 citer
629 3082 879 3147 intonat,
916 3082 1101 3137 dicens
1130 3098 1146 3136 :
1200 3100 1219 3134 ι
1259 3082 1392 3150 Quia
1436 3083 1490 3138 in
1523 3084 1644 3155 igne
1688 3084 1790 3139 zeli
1838 3085 2048 3141 Domini
2079 3068 2122 3126 (εἶ
2152 3082 2353 3138 habere
2376 3084 2469 3138 Dei
2491 3086 2717 3155 gratiam
2741 3086 2959 3154 poterit,
2983 3068 3255 3156 nunquam
3277 3088 3477 3144 Christi
3505 3068 3732 3158 corpore

466 3172 814 3227 devorabitur
834 3174 1009 3227 omnis
1035 3183 1200 3238 terra,
1223 3184 1276 3229 et
1304 3176 1354 3228 in
1376 3175 1553 3246 gladio
1580 3174 1695 3243 ejus
1720 3178 1897 3233 omnis
1924 3193 2054 3234 caro

469 3260 723 3330 (Sep/ton.
756 3260 817 3331 ι).
841 3280 858 3312 ι
877 3261 934 3316 Si
954 3263 1096 3316 enim
1125 3264 1371 3318 carnales
1398 3265 1645 3320 homines
1668 3265 1850 3321 divino
1871 3266 2050 3337 gladio

469 3353 763 3415 devorandi
793 3361 946 3415 sunt,
972 3362 1027 3407 nt
1056 3355 1182 3423 quid
1209 3371 1351 3409 nunc
1382 3355 1554 3425 ipsam
1578 3371 1800 3411 carnem
1825 3357 2049 3412 damna-

466 3444 649 3499 biliter
686 3444 957 3515 diligunt?
1003 3456 1061 3499 ut
1109 3445 1237 3515 quid
1276 3446 1458 3501 carnis
1486 3446 1854 3516 voluptatibus
1893 3462 2051 3502 ener-

465 3536 607 3591 vitcr
644 3535 875 3592 cedunt?
918 3535 1011 3591 Ille
1051 3536 1305 3591 nimirum
1335 3547 1417 3590 est
1456 3537 1705 3608 gladius,
1741 3552 1903 3607 quem
1940 3539 2046 3597 Do-.

466 3628 649 3683 minus
676 3643 775 3698 per
818 3628 1036 3698 Moysen
1080 3628 1318 3682 intentat
1357 3627 1771 3698 peccatoribus,
1815 3629 2045 3684 dicens:

473 3736 494 3773 ε
515 3718 785 3772 Exacuam
799 3717 1133 3788 velutfulgnr
1157 3718 1389 3789 gladium
1408 3734 1585 3775 meum
1602 3719 1779 3791 (Deut.
1805 3719 1999 3790 xxx").
2024 3740 2042 3774 ι

469 3810 539 3864 Ει
571 3810 814 3864 iterum:
874 3826 894 3861 ι
936 3808 1193 3874 Gladius,
1246 3809 1457 3880 inquit,
1504 3825 1658 3865 meus
1705 3809 2050 3865 manducabit

470 3916 666 3957 carnes
693 3899 914 3972 (Ibid.);
948 3919 966 3952 ›
998 3900 1052 3955 id
1077 3908 1182 3964 est,
1214 3899 1366 3955 furor
1389 3915 1539 3957 mens
1567 3900 1827 3972 deglutiet
1847 3900 1902 3956 in
1928 3917 2048 3958 car—

470 3994 558 4049 nis
585 3993 938 4048 delectatione
964 3991 1223 4049 viventes.
1269 3990 1421 4047 Sicut
1446 3993 1589 4047 enim
1621 3993 1656 4046 ii
1682 4033 1698 4059 ,
1725 3992 1820 4062 qui
1860 3993 2051 4048 adver-

469 4099 562 4138 sus
602 4082 856 4139 vitiorum
883 4088 1125 4135 monstra
1165 4083 1497 4152 confligunt,
1542 4096 1788 4150 supernae
1832 4081 2049 4136 virtutis

469 4173 668 4228 auxilio
694 4171 1021 4237 fulciuntur;
1055 4172 1129 4226 ita
1166 4187 1196 4227 e
1230 4172 1442 4227 diverso
1482 4172 1663 4227 carnis
1693 4172 2048 4227 immunditim

467 4265 657 4332 dediti,
679 4264 777 4321 soli
807 4264 1001 4318 divinae
1022 4262 1243 4318 ultionis
1262 4260 1468 4331 judicio
1499 4273 1864 4319 reservantur.
1892 4263 2046 4318 Unde

466 4366 523 4410 et
558 4355 784 4409 Petrus:
822 4372 841 4404 ι
877 4353 1062 4415 Novit,
1093 4354 1299 4423 inquit,
1329 4354 1585 4409 Dominus
1614 4354 1729 4422 pios
1762 4354 1828 4409 de
1870 4363 2041 4409 tenta-

2150 3179 2204 3225 et
2246 3173 2507 3241 sanguine
2547 3173 2740 3244 dignus
2767 3174 2905 3239 erit,
2951 3190 3227 3245 nunquam
3271 3176 3508 3233 cmlestis
3541 3179 3728 3247 patria:

2150 3259 2314 3315 limen
2361 3262 2624 3327 intrabit,
2655 3264 2796 3332 quod
2825 3265 3100 3333 apostolus
3143 3265 3378 3322 Joannes
3418 3267 3472 3321 in
3520 3268 3729 3336 Apoca-

2151 3346 2287 3419 lypsi
2314 3350 2600 3408 manifeste
2626 3353 2887 3419 declarat,
2920 3354 3011 3423 qui
3043 3356 3170 3410 dum
3212 3358 3280 3411 de
3305 3356 3541 3412 caelestis
3575 3358 3727 3427 regni

2149 3438 2317 3508 gloria
2346 3440 2678 3510 loqueretur,
2702 3443 2931 3508 addidit,
2963 3445 3150 3500 dieens
3178 3462 3190 3498 :
3229 3462 3248 3496 ι
3278 3444 3393 3500 Non
3425 3444 3647 3500 intrabit
3672 3446 3728 3501 in

2150 3526 2296 3582 illam
2323 3529 2518 3599 aliquis
2538 3531 2940 3603 coinquinatus,
2966 3545 3023 3590 et
3049 3534 3253 3591 faciens
3274 3536 3725 3609 abominationem

2150 3617 2334 3688 (Apoc.
2368 3619 2504 3688 χχι).
2542 3638 2562 3672 ι

2713 3709 2939 3767 CAPUT
2978 3712 3162 3770 XXIII.

2221 3798 2531 3854 Exhortatio
2557 3799 2692 3871 lapsi
2715 3802 2771 3855 in
2798 3814 3011 3872 peccato
3036 3804 3283 3871 hominis,
3315 3814 3367 3859 ut
3399 3815 3653 3875 resurgat.

2220 3892 2493 3963 Exsurge,
2529 3905 2760 3965 exsurge
2779 3934 2792 3957 ,
2827 3909 3027 3965 quaeso,
3056 3897 3449 3968 expergiscere,
3479 3912 3512 3951 o
3541 3897 3721 3962 homo,

2148 3983 2241 4052 qui
2279 3983 2491 4039 misera:
2520 3984 2811 4055 voluptatis
2837 4001 3029 4055 sepore
3074 3988 3421 4058 deprimeris;
3463 3988 3724 4044 revivisce

2149 4075 2363 4130 tandem
2388 4114 2404 4140 ,
2432 4075 2523 4146 qui
2550 4076 2735 4131 lethali
2772 4092 2954 4132 coram
2998 4077 3237 4142 inimicis
3266 4079 3372 4134 tuis
3397 4080 3575 4151 gladio
3596 4096 3721 4134 (ιον⁴

2147 4169 2325 4225 ruisti.
2363 4169 2533 4226 Adest
2567 4169 2843 4241 apostolus
2890 4170 3117 4235 Paulus;
3162 4170 3289 4224 audi
3332 4169 3479 4223 illum
3521 4169 3723 4224 vocife-

2148 4270 2382 4326 rantem,
2428 4261 2764 4332 pulsantem,
2792 4261 3224 4326 concutientem,
3250 4260 3519 4331 clarisque
3561 4276 3723 4331 super

2151 4359 2203 4406 te
2249 4352 2470 4407 vocibus
2519 4351 2941 4406 inclamantem:
2988 4369 3009 4404 ι
3061 4351 3336 4422 Exsurge,
3388 4350 3599 4420 inquit,
3628 4352 3718 4419 qui

468 4447 615 4500 tione
639 4448 881 4513 eripere,
912 4444 1123 4512 iniquos
1165 4460 1296 4499 vero
1340 4445 1391 4498 in
1421 4445 1508 4499 die
1545 4444 1733 4511 judicii
1765 4459 2043 4499 reservare
2076 4416 2122 4474 ί)
2147 4441 2387 4505 dormis,
2434 4450 2490 4495 et
2534 4455 2766 4510 exsurge
2813 4455 2845 4496 a
2889 4442 3150 4508 mortuis,
3183 4450 3237 4496 et
3278 4440 3629 4496 exsuscitabit
3670 4450 3722 4495 te

467 4536 793 4591 cruciandos
822 4552 836 4587 :
869 4534 1042 4602 magis
1072 4544 1248 4589 autem
1269 4575 1283 4598 ,
1314 4535 1408 4603 qui
1435 4544 1556 4603 post
1583 4549 1800 4590 carnem
1829 4535 1882 4589 in
1909 4550 2041 4589 con-

471 4624 800 4695 cupiscentia
817 4624 1168 4677 immunditim
1184 4624 1461 4677 ambulant
1484 4623 1569 4692 (II
1585 4621 1728 4677 Patr.
1748 4623 1831 4693 ιι).
1859 4643 1876 4675 ι
1898 4624 2043 4690 Quos

467 4720 630 4774 etiam
649 4717 774 4772 alibi
790 4717 1096 4788 increpans,
1117 4717 1225 4769 air:
1253 4734 1271 4767 ι
1299 4717 1701 4781 Existimantcs,
1727 4717 1921 4786 inquit,
1937 4718 2039 4772 diei

467 4808 689 4865 delicias
709 4808 1197 4880 coinquinationes,
1211 4818 1265 4862 et
1281 4809 1503 4863 maculae
1516 4808 1724 4864 deliciis
1738 4807 2037 4875 allluentes,

465 4899 730 4955 conviviis
755 4899 867 4954 suis
892 4898 1223 4953 luxuriantes
1248 4897 1299 4951 in
1324 4897 1623 4962 vobiscum,
1648 4898 1833 4953 oculos
1848 4899 2044 4954 haben-

470 4997 554 5044 tes
576 4987 766 5057 plenos
795 4986 1093 5049 adulterio,
1124 4997 1180 5041 et
1217 4986 1524 5042 incessabili
1560 4988 1755 5043 delicto
1789 4988 1978 5060 (Ιὺὶά.)
2017 5007 2037 5042 ι

535 5077 646 5132 Nec
677 5078 993 5147 glorientur,
1018 5079 1108 5146 qui
1138 5080 1189 5132 in
1234 5094 1388 5134 sacro
1409 5077 1598 5133 ordine
1625 5079 1786 5148 positi
1818 5064 1967 5144 sunt,
1992 5079 2039 5134 si

467 5166 875 5225 exsecrabiliter
901 5168 1089 5220 vivunt
1121 5184 1134 5220 :
1172 5168 1297 5236 quia
1346 5183 1452 5237 quo
1479 5167 1639 5222 altius
1667 5176 1873 5223 stantes
1908 5167 2042 5222 emi-

464 5265 625 5323 nent,
676 5271 741 5313 eo
783 5254 1100 5325 profundius
1144 5266 1459 5313 corruentes
1504 5257 1688 5325 jacent
1731 5274 1743 5310 :
1798 5266 1854 5312 et
1897 5255 2042 5312 sicut

466 5351 600 5405 alios
640 5348 898 5403 deberent
944 5362 1087 5402 nunc
1136 5348 1187 5402 in
1239 5357 1441 5404 santtte
1484 5348 1907 5404 conversationis
1933 5348 2045 5403 vita

465 5439 792 5509 praacedere,
837 5438 910 5492 ita
944 5438 1288 5508 postmodum
1322 5439 1591 5494 atrociora
1629 5446 1893 5508 coguntur
1919 5454 2044 5509 sup-

464 5530 625 5599 plicia
667 5529 963 5596 sustinere;
1011 5532 1135 5602 quia
1177 5528 1333 5598 juxta
1372 5529 1516 5586 Petri
1565 5543 1750 5584 vocem
1784 5544 1801 5585 :
1844 5548 1863 5581 ι
1905 5528 2046 5585 Deus

465 5623 628 5681 etiam
681 5622 885 5695 angelis
924 5623 1275 5695 peccantibus
1320 5638 1426 5679 non
1480 5621 1758 5692 pepercit,
1807 5622 1904 5679 sed
1957 5639 2044 5678 ru—

2145 4530 2394 4587 Christus
2424 4532 2640 4604 (Epiros.
2683 4533 2760 4604 v).
2799 4554 2817 4585 ι
2849 4534 2947 4601 Qui
2979 4533 3251 4590 Christum
3279 4534 3719 4589 resuscitatorem

2145 4624 2329 4687 audis,
2372 4639 2471 4678 cur
2512 4625 2579 4680 de
2624 4634 2712 4679 tua
2756 4626 3169 4681 resuscitatione
3212 4623 3440 4680 difﬁdis?
3467 4624 3607 4679 Audi
3654 4639 3720 4680 ex

2143 4726 2239 4767 ore
2284 4714 2453 4783 ipsius
2484 4732 2497 4768 :
2533 4732 2551 4765 ι
2602 4713 2704 4782 Qui
2736 4716 2942 4779 credit,
2971 4715 3142 4784 inquit
3169 4755 3185 4780 ,
3234 4714 3289 4768 in
3337 4729 3455 4776 me,
3483 4713 3642 4768 etiam
3673 4714 3718 4767 si

2143 4816 2389 4860 mortuus
2419 4805 2604 4871 fuerit,
2631 4806 2777 4861 vivet
2811 4805 2997 4877 (Joan.
3045 4805 3145 4877 ιι).
3183 4825 3202 4859 ι
3234 4804 3291 4860 Si
3329 4805 3436 4859 vita
3475 4804 3717 4858 vivifica-

2141 4894 2248 4948 trix
2309 4903 2360 4949 te
2410 4895 2602 4964 quaerit
2642 4895 2893 4965 erigere,
2946 4904 3003 4950 tu
3050 4911 3149 4950 cur
3197 4894 3425 4949 ulterius
3463 4892 3608 4947 feras
3663 4892 3716 4946 in

2143 4991 2232 5038 tua
2284 4992 2458 5040 morte
2492 4984 2718 5053 jacere?
2761 4986 2943 5052 Cave,
2992 5002 3126 5043 cave
3163 5002 3293 5057 ergo
3317 5027 3332 5050 ,
3382 5000 3452 5040 ne
3476 4993 3526 5039 te
3554 4985 3714 5039 bara-

2140 5073 2325 5128 thrum
2364 5074 2762 5145 desperationis
2814 5076 3121 5132 absorbeat.
3168 5076 3317 5132 Mens
3360 5084 3449 5130 tua
3488 5073 3714 5161 ﬁducia-

2141 5167 2264 5223 liter
2290 5183 2358 5224 ex
2385 5168 2565 5223 divina
2596 5169 2798 5238 pietate
2841 5178 3167 5239 praesumat,
3199 5184 3266 5224 ne
3303 5184 3401 5239 pro
3448 5166 3715 5237 magnitu-

2141 5258 2268 5314 dine
2331 5258 2575 5314 criminis
2640 5260 2987 5330 impmnitens
3040 5261 3381 5316 obdurescat.
3444 5259 3561 5313 Non
3632 5263 3715 5311 est

2140 5349 2282 5403 enim
2329 5358 2673 5418 peccatorum
2715 5351 3038 5420 desperare,
3087 5350 3183 5406 sed
3233 5349 3559 5420 impiorum;
3613 5360 3713 5403 nec

2141 5441 2455 5510 magnitudo
2524 5440 2811 5496 criminum
2879 5442 2933 5495 in
2997 5441 3427 5511 desperationem
3493 5436 3713 5493 adducit

2141 5532 2415 5597 animam,
2472 5533 2568 5589 sed
2609 5532 2880 5603 impietas.
2933 5530 2990 5587 Si
3043 5533 3187 5588 enim
3232 5541 3440 5587 tantum
3467 5526 3713 5585 diabolus

2140 5622 2353 5692 potuit,
2404 5633 2462 5679 ut
2499 5633 2550 5682 te
2590 5624 2641 5680 in
2690 5623 2848 5692 hujus
2885 5623 3000 5679 vitii
3026 5623 3286 5692 profunda
3310 5625 3708 5690 sulimcrgcret;
