4106 6310
318 346 426 406 185

1291 337 1534 397 OPUSC.
1569 336 1680 396 VII.
1708 367 1777 380 -—
1801 333 2004 391 LIBER
2041 333 2612 393 GOMORRHIANUS.

3476 332 3577 385 186

317 465 524 528 quanto
569 467 740 524 magis
797 459 852 507 te
900 451 1072 507 virtus
1127 448 1329 506 Christi
1377 451 1573 522 poterit
1616 450 1682 506 ad
1736 465 1858 506 eum
1884 489 1899 516 ,
1930 450 1979 510 Α
2004 449 2308 518 pendantur
2333 449 2562 518 denique
2588 446 2739 502 nervi
2760 445 2937 518 rigidi,
2965 445 3154 501 dentes
3175 445 3326 511 nudi,
3353 445 3576 512 ossium,

322 546 481 616 173
516 544 583 599 de
611 558 717 613 quo
740 543 922 611 lapsus
949 557 1029 607 es,
1073 541 1331 596 verticem
1373 541 1664 596 revocare?
1699 559 1718 592 ‹
1748 540 1898 595 Nun-

323 635 454 707 Quid
487 634 578 704 qui
634 633 850 698 cecidit,
880 647 986 687 non
1021 630 1240 699 atljieiet
1268 640 1329 686 ut
1357 631 1639 700 resurgat?
1669 650 1687 683 ›
1723 629 1896 708 (Psal.

315 722 432 792 at.)
469 721 676 777 Cecidit
709 721 895 776 asinus
921 719 1102 775 carnis
1127 726 1230 773 tute
1259 720 1312 774 in
1343 719 1454 774 luto
1498 719 1597 774 sub
1628 720 1895 790 pondere;

315 823 400 866 cst
427 810 676 866 stimulus
703 809 1058 880 paenitentia,
1078 809 1168 878 qui
1192 817 1424 879 pungat;
1455 818 1537 865 est
1571 823 1761 865 manus
1785 810 1866 880 spi
1885 839 1900 849 -

317 904 473 966 ritus,
499 916 618 971 qua:
637 900 868 954 viriliter
886 899 1156 953 extrahat.
1179 897 1406 953 Samson
1433 898 1523 956 ille
1548 897 1894 966 fortissimus,

317 992 443 1060 quia
468 991 611 1044 male
633 988 926 1048 blandienti
944 987 1155 1042 mulieri
1177 995 1441 1042 secretum
1465 987 1547 1042 sui
1568 987 1748 1042 cordis
1769 1002 1900 1058 ape-

315 1083 444 1146 ruit,
484 1096 588 1137 non
627 1081 800 1134 solum
838 1087 1042 1148 septem
1077 1079 1274 1141 crines,
1301 1079 1492 1147 quibus
1520 1079 1693 1134 virtus
1722 1079 1902 1134 aleba-

315 1183 426 1236 tur,
455 1171 658 1235 amisit,
687 1170 782 1226 sed
812 1170 973 1224 etiam
1007 1169 1186 1238 prteda
1229 1167 1402 1222 factus
1427 1167 1741 1239 Allophylis,
1771 1184 1902 1223 ocu-

313 1264 396 1317 los
427 1262 660 1332 perdidit
682 1277 697 1314 :
721 1260 1065 1331 postmodum
1088 1274 1219 1313 vero
1250 1258 1458 1328 capillis
1479 1256 1590 1325 jam
1613 1272 1902 1314 renascen-

314 1355 482 1418 tibus,
534 1353 745 1408 Domini
803 1353 898 1407 Dei
945 1351 1029 1408 sui
1079 1351 1338 1406 auxilium
1389 1350 1665 1407 humiliter
1720 1351 1899 1422 petiit,

313 1443 574 1513 templum
622 1444 806 1514 Dagon
843 1443 1074 1509 stravit,
1125 1451 1182 1497 et
1208 1441 1377 1497 multo
1429 1442 1690 1513 majorem
1735 1457 1900 1512 quam

309 1534 464 1603 prius
488 1533 745 1602 .hostium
797 1534 1198 1590 multitudinem
1233 1534 1505 1588 interemit
1535 1534 1734 1605 (Judic.
1763 1533 1896 1604 xvr).

384 1623 441 1678 Si
463 1640 596 1694 ergo
625 1634 676 1679 te
705 1626 971 1694 impuiica
1001 1640 1130 1680 caro
1161 1635 1251 1678 tua
1291 1625 1471 1680 mollia
1505 1626 1779 1681 suadendo
1807 1625 1896 1680 de-

311 1715 480 1781 cepit,
503 1713 548 1766 si
575 1724 782 1784 septem
819 1715 960 1769 dona
992 1715 1165 1770 sancti
1214 1715 1446 1785 Spiritus
1473 1717 1716 1782 abstulit,
1746 1718 1788 1772 si
1818 1717 1900 1772 lu-

2000 539 2460 608 articulorumque
2489 553 2748 610 compago
2779 536 3381 605 divulsa,,omniumque
3411 552 3578 591 mem-

1999 630 2223 685 brorum
2248 631 2570 700 compositio
2600 630 2895 685 enormiter
2941 631 3220 698 dissipata.
3265 628 3424 700 174
3453 629 3576 694 Sic,

2001 721 2079 778 sic
2111 721 2385 785 informis,
2414 730 2574 790 atque
2600 720 2838 776 confusa:
2882 721 3133 791 imaginis
3160 730 3459 775 monstrum
3487 737 3581 775 ex-

2001 811 2180 864 trahat
2219 810 2288 863 ab
2342 811 2579 865 humano
2624 812 2788 866 corde
2840 810 3190 880 pra‘stigiunt.
3219 809 3390 863 Pensa
3416 810 3582 879 igitur

1999 915 2161 970 quam
2185 900 2502 970 periculosae
2545 901 2931 956 vicissitudinis
2965 900 3035 953 sit
3063 901 3407 964 permutatio,
3437 899 3579 968 quod

2001 1004 2096 1064 per
2116 1000 2552 1045 momentaneam
2581 991 3023 1054 delectationem,
3049 1005 3153 1060 qua
3182 991 3236 1043 in
3277 999 3474 1060 puncto
3495 1005 3580 1044 se-

2002 1093 2124 1132 men
2166 1076 2402 1146 ejicitur,
2433 1094 2611 1149 pmna,
2643 1095 2762 1148 qua:
2792 1081 3056 1148 sequitur,
3087 1095 3185 1148 per
3214 1078 3379 1132 millia
3413 1094 3581 1132 anno-

2001 1183 2122 1222 rum
2158 1169 2426 1224 curricula
2472 1185 2578 1224 non
2627 1171 2832 1224 linitur.
2865 1170 3052 1239 Cogita
3102 1185 3265 1239 quam
3319 1170 3578 1223 miserum

2000 1259 2094 1324 sit,
2134 1260 2277 1329 quod
2326 1274 2424 1330 per
2484 1277 2650 1316 unum
2715 1262 3053 1326 membrum,
3101 1260 3253 1329 cujus
3293 1275 3438 1314 nunc
3485 1274 3581 1313 vo-

1999 1350 2176 1420 luptas
2196 1351 2466 1421 expletur,
2489 1361 2658 1407 totum
2681 1352 3021 1422 postmodum
3051 1366 3246 1420 corpus
3275 1349 3436 1404 simul
3461 1365 3584 1404 cum

1999 1441 2181 1495 anima
2223 1442 2586 1496 atrocissimis
2633 1440 2974 1496 ﬂammarum
3019 1441 3284 1495 incendiis
3325 1449 3587 1508 perpetuo

1998 1532 2293 1587 cruciatur.
2323 1531 2440 1596 His,
2483 1542 2535 1586 et
2577 1530 2882 1601 hujusmodi
2916 1529 3418 1602 impenetrabilibus
3441 1527 3587 1596 cogi-

1999 1624 2260 1677 talionum
2283 1622 2485 1693 clypeis
2504 1623 2841 1677 imminentia
2867 1620 3004 1674 tnala
3032 1619 3286 1689 propelle,
3313 1617 3586 1688 przeterita

1998 1727 2096 1782 per
2125 1712 2500 1782 ptenitentiam
2552 1712 2693 1766 dele.
2737 1711 2930 1766 Carnis
2974 1711 3283 1780 superbiam
3323 1708 3585 1776 jejunium

312 1819 439 1856 men
473 1819 578 1856 non
611 1803 802 1860 frontis
841 1806 934 1859 sed
977 1805 1158 1860 cordis
1185 1807 1475 1872 exstinxit,
1505 1824 1610 1862 non
1640 1809 1892 1865 concidas

2001 1801 2248 1870 lrangat;
2280 1815 2435 1854 mens
2490 1801 2718 1854 assidua:
2762 1798 3030 1854 orationis
3077 1798 3305 1866 dapibus
3342 1796 3584 1864 saginata

309 1894 517 1960 animo,
567 1892 678 1947 noli
723 1893 965 1948 funditus
993 1895 1311 1965 desperare,
1342 1898 1519 1952 adhuc
1578 1907 1628 1953 te
1671 1900 1724 1953 in
1755 1895 1900 1955 vires

310 1981 528 2050 collige,
578 1982 806 2038 viriliter
837 1993 1050 2050 excute,
1079 1985 1239 2040 fortia
1272 1995 1485 2042 tentare
1527 2004 1808 2056 praesume,
1845 1999 1898 2045 et

304 2071 388 2130 sic
419 2087 519 2141 per
557 2071 652 2126 Dei
693 2075 1119 2129 misericordiam
1169 2076 1236 2130 de
1281 2076 1517 2132 inimicis
1561 2079 1666 2133 tuis
1695 2080 1898 2150 poteris

307 2163 668 2231 triumphare.
697 2164 762 2218 Et
790 2175 939 2219 certe
974 2164 1229 2220 Pbilistzei
1254 2165 1436 2221 crines
1458 2165 1684 2223 Samson
1711 2178 1898 2238 potue-

306 2263 436 2306 runt
464 2255 683 2323 quidem
707 2255 923 2321 radere,
947 2256 1042 2310 sed
1073 2271 1177 2311 non
1208 2256 1458 2322 evellere,
1489 2259 1612 2328 quia
1641 2268 1697 2314 et
1725 2260 1895 2330 iniqui

303 2344 532 2412 spiritus
556 2343 684 2400 licet
710 2360 741 2398 a
771 2355 822 2399 te
847 2346 1177 2400 charismata
1207 2348 1380 2401 sancti
1410 2347 1642 2418 Spiritus
1667 2351 1734 2404 ad
1763 2359 1896 2405 tem-

307 2451 412 2506 pus
441 2435 791 2501 excluserint,
819 2453 1155 2508 nequaquam
1191 2449 1368 2494 tamen
1390 2443 1684 2508 praevalent
1703 2443 1896 2498 divinae

307 2527 771 2584 reconciliationis
833 2531 1128 2584 remedium
1183 2529 1680 2599 irrecuperabiliter
1730 2534 1896 2589 abne-

306 2631 464 2684 gare.
511 2615 771 2682 Qualiter,
803 2619 1052 2681 obsecro,
1090 2617 1157 2673 de
1184 2619 1488 2689 largissima
1542 2619 1754 2675 Domini
1800 2637 1894 2675 va-

305 2707 422 2760 leas
472 2707 842 2763 misericordia
885 2708 1198 2776 desperare,
1228 2709 1322 2778 qui
1353 2709 1523 2762 etiam
1555 2708 1893 2765 Pharaonem

304 2798 529 2868 arguit,
579 2799 703 2868 quia
747 2808 871 2868 post
916 2811 1194 2868 peccatum
1251 2799 1317 2854 ad
1354 2802 1689 2870 poenitentiae
1723 2817 1898 2858 reme-

304 2891 456 2943 dium
489 2906 596 2945 non
647 2891 927 2961 confugit?
968 2891 1108 2946 Audi
1151 2902 1305 2946 certe
1327 2893 1455 2962 quid
1484 2893 1630 2948 dicat
1659 2910 1672 2946 :
1707 2912 1726 2944 ‹
1762 2892 1896 2947 Bra-

306 2983 461 3046 chia,
506 2982 715 3052 inquit,
746 2982 1046 3038 Pharaonis
1084 2983 1228 3054 regis
1283 2982 1504 3055 [Egypti
1549 2985 1812 3049 contrivi,
1845 2993 1899 3038 et

311 3087 418 3124 non
451 3079 533 3124 est
556 3071 876 3142 deprecatus
904 3081 961 3125 ut
989 3071 1212 3127 daretur
1239 3071 1294 3126 in
1339 3087 1404 3126 eo
1431 3074 1670 3139 sanitas,
1699 3083 1753 3128 et
1779 3076 1896 3129 red-

2001 1891 2338 1961 pinguescat.
2367 1891 2478 1945 Hoc
2523 1890 2705 1959 itaque
2734 1890 2891 1944 modo
2924 1887 3117 1959 praesul
3149 1887 3374 1955 spiritus
3403 1883 3585 1952 subje-

1997 1991 2138 2036 ctam
2162 1995 2384 2034 carnem
2415 1981 2709 2050 disciplime
2743 1979 2894 2032 freno
2921 1987 3192 2040 coerceat,
3218 1985 3272 2029 et
3297 1976 3364 2028 ad
3387 1988 3582 2042 super-

1997 2089 2122 2128 nam
2163 2071 2464 2128 Jerusalem
2510 2073 2765 2142 quotidie-
2794 2071 3054 2126 ferventis
3099 2069 3352 2125 desiderii
3389 2069 3570 2140 gradi-

1997 2163 2097 2218 bus
2127 2163 2391 2218 festinarc
2413 2163 2720 2218 contendat.

2558 2281 2786 2336 CAPUT
2827 2252 3015 2334 xXtv.

1998 2370 2152 2438 Quod
2178 2371 2248 2425 ad
2271 2372 2618 2427 adornandum
2649 2373 2916 2424 libidinem
2941 2371 3068 2424 satis
3095 2369 3295 2436 prosint
3327 2368 3584 2422 castitatis

2478 2443 2698 2512 pra'mia
2729 2440 3089 2510 contemplari.

2065 2529 2256 2600 Operte
2282 2532 2514 2602 pretium
2559 2546 2774 2600 quoque
2816 2539 2899 2584 est
2941 2538 2998 2582 ut
3045 2527 3308 2597 promissa
3341 2524 3582 2582 castitati

1992 2623 2215 2691 praemia
2243 2623 2583 2677 incessanter
2607 2622 2860 2690 aspicias,
2885 2637 3116 2690 quorum
3142 2621 3424 2675 dulcedine
3451 2634 3578 2688 pro-

1998 2722 2245 2778 vocatus,
2278 2712 2538 2782 quidquid
2571 2713 2806 2766 versutia
2841 2712 3021 2766 callidi
3066 2711 3397 2765 insidiatoris
3418 2726 3584 2784 oppoe

1998 2805 2164 2870 nitur,
2208 2805 2381 2860 libero
2415 2806 2535 2860 fidei
2566 2805 2700 2876 pede
2732 2806 3103 2861 transcendas.
3137 2805 3192 2860 Si
3220 2806 3362 2860 enim
3403 2815 3581 2860 atten-

1999 2897 2157 2950 datur
2186 2895 2442 2962 felicitas,
2466 2895 2532 2949 ad
2563 2911 2724 2964 quam
2749 2911 2855 2950 non
2879 2896 2996 2950 sine
3023 2897 3250 2949 transitu
3279 2896 3582 2966 attingitur,

1999 2984 2114 3039 leve
2168 2984 2228 3037 ﬁt
2271 2987 2412 3053 quod
2462 2986 2791 3039 transeundo
2838 2984 3137 3047 laboratur,
3182 2995 3238 3039 ct
3284 2986 3584 3040 conductus

2003 3073 2177 3128 fossor
2206 3075 2419 3127 taedium
2450 3073 2650 3128 laboris
2674 3073 2920 3138 alleviat,
2951 3074 3076 3128 dum
3121 3075 3422 3127 mercedem
3455 3088 3584 3142 ope-

307 3163 534 3218 drretur
577 3162 627 3216 ei
678 3163 852 3218 virtus
896 3165 963 3217 ad
1022 3163 1587 3234 comprehendendum
1657 3164 1890 3233 gladium
1923 3153 1967 3214 C
2001 3169 2108 3227 ris,
2159 3181 2278 3234 quae
2325 3165 2579 3228 debetur,
2634 3165 2906 3219 inhianter
2959 3172 3256 3232 exspectat.
3307 3162 3584 3232 Perpende

303 3252 424 3321 (Ill
445 3252 574 3323 Reg.
599 3253 734 3323 xxi).
770 3274 787 3305 ι
807 3255 948 3321 Quid
968 3255 1142 3310 dicam
1163 3255 1351 3309 Achab
1374 3269 1555 3324 regem
1577 3254 1778 3308 Israel?
1800 3255 1889 3325 qui

302 3353 593 3412 postquam
633 3344 774 3399 idola
828 3344 1124 3400 fabricatus
1169 3355 1295 3410 est,
1338 3353 1620 3414 postquam
1681 3343 1890 3400 Naboth

302 3429 684 3487 Jezrahelitem
705 3417 869 3505 impie
899 3434 1214 3499 trucidavit,
1242 3435 1456 3490 tandem
1483 3435 1624 3490 sicut
1642 3450 1706 3489 ett
1736 3445 1890 3505 parte

303 3522 621 3578 htuniliatus
642 3533 743 3588 est,
771 3526 847 3579 ita
879 3525 1044 3580 etiam
1077 3541 1143 3580 ex
1171 3535 1328 3596 parte
1353 3536 1436 3581 est
1465 3527 1890 3582 misericordiam

303 3623 649 3670 consecutus.
678 3614 840 3670 Teste
869 3617 1012 3671 enim
1041 3615 1353 3687 Scriptura,
1411 3627 1693 3688 postquam
1724 3626 1893 3672 terro-

304 3720 421 3760 rem
446 3706 643 3761 divinae
662 3709 1108 3764 comminationis
1139 3709 1368 3780 accepit,
1398 3711 1560 3766 scidit
1586 3720 1809 3775 vestem,
1839 3722 1893 3764 ct

304 3795 516 3864 operuit
540 3796 718 3852 cilicio
743 3814 961 3854 carnem
993 3813 1169 3864 suam,
1187 3799 1557 3869 jejunavitque
1575 3840 1589 3864 ,
1613 3809 1667 3855 et
1691 3801 1892 3855 dormi-

306 3889 384 3940 vit
411 3887 461 3940 in
493 3903 652 3943 sacco
676 3900 730 3944 et
760 3890 1071 3945 ambulabat
1109 3891 1348 3946 demisso
1383 3892 1580 3960 capite.
1622 3891 1759 3958 Quid
1793 3893 1893 3946 ita-

305 3990 412 4043 que
437 3987 558 4046 post
584 3978 733 4034 htec?
765 3999 783 4031 ε
814 3980 1011 4034 Factus
1046 3989 1128 4034 est
1169 3995 1350 4035 sermo
1379 3982 1590 4036 Domini
1625 3983 1691 4035 ad
1720 3983 1889 4038 Eliam

307 4067 639 4132 Thcsbitcm,
659 4072 843 4127 dicens
871 4091 884 4126 :
910 4071 1098 4127 Nonne
1131 4073 1308 4128 vidisti
1341 4074 1680 4130 humiliatum
1706 4076 1891 4131 Achab

307 4174 493 4213 coram
521 4161 793 4228 meiQuia
828 4164 992 4233 igitur
1022 4163 1336 4218 humiliatus
1360 4167 1890 4234 estmeicausannon

293 4249 560 4302 inducam
606 4251 808 4306 malum
851 4253 903 4307 in
950 4252 1139 4309 diebus
1171 4253 1289 4323 ejus
1313 4252 1458 4325 (Ibid
1487 4254 1527 4325 ).
1587 4274 1605 4306 ι
1638 4255 1802 4325 Igitur
1843 4254 1888 4308 si

291 4350 346 4394 et
390 4340 535 4396 illius
565 4346 881 4414 poenitentia
929 4362 1034 4400 non
1071 4349 1385 4417 despicitur,
1414 4350 1504 4418 qui
1551 4364 1886 4418 nequaquam

291 4446 683 4499 perseverasse
710 4439 1092 4506 cognoscitur;
1117 4453 1214 4494 cur
1251 4449 1303 4494 tu
1332 4455 1396 4494 ex
1428 4440 1623 4495 divin-.e
1669 4440 1888 4495 misera-

293 4524 370 4577 tio
386 4525 472 4578 nis
503 4523 752 4597 largitate
779 4529 1008 4595 diﬂidas,
1032 4533 1076 4584 si
1103 4531 1505 4601 infatigabiliter
1539 4548 1888 4602 perseverare

291 4618 642 4675 contendas?
683 4619 873 4677 Statue
916 4637 1131 4693 quoque
1163 4624 1257 4678 tibi
1298 4633 1572 4679 certamen
1611 4625 1887 4680 assiduum

292 4709 568 4767 adversus
614 4729 856 4780 carnem,
903 4730 1144 4772 armatus
1195 4731 1412 4786 semper
1457 4718 1650 4774 assiste
1700 4728 1887 4773 contra

291 4801 667 4869 importunam
698 4803 935 4860 libidinis
967 4805 1191 4861 rabiem.
1219 4807 1275 4861 Si
1316 4807 1544 4862 luxuriae
1585 4807 1800 4862 ﬂamma
1833 4809 1886 4863 in

295 4905 354 4943 os
371 4890 524 4945 sibus
565 4903 795 4959 aestuat,
854 4897 1098 4965 protinus
1151 4896 1299 4953 illam
1336 4900 1597 4954 memoria
1640 4899 1885 4970 perpetui

296 4981 449 5050 ignis
495 4985 838 5055 exstinguat;
889 4989 934 5042 si
997 4989 1224 5044 callidus
1285 4989 1570 5046 insidiator
1622 4992 1884 5046 lubricam

297 5074 488 5129 carnis
533 5080 770 5148 speciem
808 5079 1018 5148 objicit,
1047 5082 1190 5138 illico
1238 5097 1390 5138 mens
1437 5083 1506 5137 ad
1547 5092 1882 5138 mortuorum

298 5168 555 5235 sepulcra
587 5172 804 5226 oculum
835 5173 1058 5244 dirigat,
1100 5182 1157 5229 et
1201 5174 1331 5244 quid
1361 5173 1472 5229 illic
1498 5189 1665 5229 suave
1695 5182 1843 5228 tactu
1867 5213 1883 5238 ,

299 5261 434 5328 quid
463 5263 783 5319 delectabile
811 5266 926 5319 visu
959 5267 1282 5335 reperiatur,
1311 5266 1542 5321 solerter
1569 5266 1836 5320 attendat.

373 5354 698 5410 Considerct
726 5356 904 5425 itaque
934 5357 1060 5426 quia
1090 5356 1262 5422 virus,
1291 5357 1433 5426 quod
1465 5371 1607 5411 nunc
1638 5355 1892 5411 intolera-

303 5447 489 5500 biliter
512 5446 667 5512 fetet,
699 5449 843 5518 quod
877 5450 1087 5512 sanies,
1112 5463 1231 5518 quae
1255 5462 1468 5503 vermes
1493 5449 1682 5518 gignit,
1715 5455 1770 5504 et
1795 5464 1889 5518 pa-

303 5537 428 5600 scit,
457 5537 601 5608 quod
629 5539 887 5608 quidquid
921 5538 1158 5609 pulveris
1177 5578 1192 5603 ,
1229 5537 1492 5608 quidquid
1519 5538 1656 5593 arldi
1688 5539 1888 5594 cineris

305 5624 414 5681 illic
442 5626 626 5695 jacere
653 5630 1006 5700 conspicitur,
1033 5629 1162 5685 olim
1189 5629 1307 5684 laeta
1339 5644 1466 5685 caro
1487 5629 1611 5693 fuit,
1641 5644 1762 5699 qua:
1790 5631 1885 5684 hu-

296 5714 536 5782 jusmodi
565 5722 907 5790 passionibus
935 5722 987 5777 in
1014 5738 1107 5778 sua
1139 5721 1414 5776 viriditate
1445 5719 1727 5788 sulvjacuit.
1759 5720 1882 5775 Per-

1999 3269 2127 3325 ergo
2165 3254 2309 3323 quod
2339 3254 2403 3308 de
2434 3255 2692 3309 militibus
2724 3255 2994 3309 castitatis
3022 3270 3116 3323 per
3146 3253 3462 3322 prophetam
3502 3253 3584 3306 di-

1998 3345 2142 3398 citur
2175 3361 2188 3396 :
2227 3362 2246 3395 ι
2281 3343 2376 3398 llic
2407 3344 2542 3398 dicit
2565 3344 2825 3398 Dominus
2853 3345 3145 3405 eunuchis,
3187 3343 3278 3412 qui
3313 3341 3586 3397 custodie-

1998 3437 2108 3490 rint
2151 3435 2376 3491 sabbata
2424 3452 2540 3491 mea
2568 3478 2581 3500 ,
2625 3446 2681 3491 et
2718 3437 2980 3506 elegerint
3009 3436 3151 3505 quod
3191 3435 3371 3500 volui,
3413 3443 3469 3489 et
3501 3443 3580 3489 te-

1997 3529 2216 3582 nuerint
2245 3527 2423 3583 fmdus
2451 3544 2626 3583 meum
2665 3548 2677 3583 :
2719 3529 2858 3584 dabo
2884 3529 2962 3583 cis
2998 3529 3048 3583 in
3081 3529 3240 3582 domo
3270 3542 3388 3582 mea
3427 3535 3482 3579 et
3527 3525 3582 3579 in

1998 3621 2167 3674 nutris
2198 3621 2332 3676 meis
2367 3621 2563 3686 locum,
2601 3630 2654 3676 et
2685 3637 2878 3676 nomen
2911 3621 3102 3676 melius
3144 3637 3172 3673 a
3193 3619 3331 3683 ,filiis
3358 3627 3412 3674 et
3441 3618 3582 3672 filia-

1995 3710 2098 3765 bus
2123 3710 2257 3781 (Isa.
2288 3711 2420 3781 LVI).
2447 3731 2466 3764 r
2502 3711 2746 3766 Eunuchi
2772 3712 2968 3780 quippe
2992 3718 3138 3772 sunt,
3172 3709 3264 3778 qui
3294 3707 3584 3762 insolentes

1994 3801 2178 3856 carnis
2230 3801 2460 3870 impetus
2510 3802 2839 3871 reprimunt,
2868 3798 3227 3872 elfectumque
3255 3813 3285 3850 a
3314 3813 3370 3851 se
3399 3811 3580 3865 pravae

1995 3893 2326 3962 operationis
2368 3893 2710 3969 abscindunt.
2771 3892 3017 3961 Plerique
3046 3899 3226 3943 autem
3256 3904 3440 3943 eorum
3490 3887 3582 3956 qui

1993 3985 2251 4054 voluptati
2296 3983 2562 4038 illecebrze
2604 3983 2838 4037 carnalis
2891 3982 3224 4044 inserviunt,
3263 3977 3578 4038 memoriam

1995 4076 2076 4129 sui
2125 4074 2362 4128 nominis
2393 4083 2508 4144 post
2545 4089 2603 4128 se
2634 4074 2940 4142 relinquere
2970 4087 3065 4140 per
3089 4070 3457 4140 posteritatem
3495 4084 3586 4122 so-

1991 4166 2130 4220 bolis
2156 4165 2578 4233 concupiscunt;
2613 4173 2666 4219 et
2721 4164 2823 4218 hoc
2876 4171 2985 4217 toto
3034 4162 3230 4215 mentis
3261 4159 3451 4213 affectu
3506 4158 3583 4211 id-

1993 4256 2138 4309 circo
2169 4255 2512 4317 desiderant,
2550 4254 2681 4322 quia
2718 4266 3062 4322 nequaquam
3109 4265 3167 4303 se
3211 4249 3336 4303 huic
3382 4249 3581 4300 mundo

1993 4346 2134 4400 mori
2156 4344 2398 4399 funditus
2431 4344 2719 4414 deputant,
2746 4344 2790 4397 si
2835 4341 3068 4395 nominis
3100 4339 3182 4392 sui
3229 4337 3439 4392 titulum
3485 4353 3581 4406 per

1991 4437 2315 4505 superstites
2356 4435 2586 4490 residua:
2621 4433 2785 4504 prolis
2823 4447 3042 4502 germen
3085 4429 3396 4484 extendant.

1920 4503 1968 4563 υ
2060 4503 2169 4584 Sed
2220 4526 2389 4583 multo
2435 4503 2637 4582 clarius
2685 4525 2961 4594 multoque
3000 4522 3211 4577 felicius
3251 4522 3352 4576 hoc
3407 4520 3578 4590 ipsum

1993 4622 2206 4678 caelibes
2246 4634 2441 4673 munus
2489 4617 2800 4687 accipiunt,
2852 4615 2918 4668 ad
2972 4613 3114 4682 quod
3167 4611 3442 4682 proletarii
3475 4620 3582 4664 tam

1992 4715 2210 4771 fervida:
2236 4711 2547 4766 ambitionis
2586 4710 2805 4765 aestibus
2841 4707 3262 4767 inﬂammantur,
3292 4703 3414 4771 quia
3442 4703 3582 4769 apud

1995 4809 2141 4862 illum
2171 4821 2356 4862 eorum
2392 4803 2654 4858 memoria
2685 4815 2902 4870 semper
2932 4799 3094 4857 vivit,
3127 4797 3215 4865 qui
3248 4809 3345 4863 per
3364 4792 3582 4846 aeterni-

1992 4901 2116 4954 tatis
2141 4906 2339 4953 statum
2373 4895 2516 4950 nulla
2551 4903 2849 4964 temporum
2891 4891 3005 4959 lege
3041 4885 3350 4957 pertransit.
3374 4881 3578 4935 Nomen

1989 4990 2151 5059 igitur
2184 4986 2448 5042 eunuchis
2477 4985 2665 5040 melius
2689 5000 2719 5038 a
2753 4982 2873 5036 filiis
2896 4989 2950 5036 et
2988 4977 3198 5032 filiabus
3226 4975 3406 5029 divina
3441 4987 3575 5027 voce

1986 5077 2343 5149 promittitur,
2375 5075 2501 5146 quia
2533 5073 2849 5130 memoriam
2884 5067 3118 5124 numinis
3145 5080 3304 5134 quam
3342 5063 3576 5117 filiorum

1991 5168 2280 5239 posteritas
2303 5183 2400 5236 per
2427 5167 2592 5220 breve
2640 5159 2894 5230 temporis
2920 5158 3151 5226 spatium
3192 5154 3455 5224 potuisset
3482 5165 3578 5205 ex-

1993 5257 2236 5320 tendere,
2285 5255 2372 5309 isti
2403 5261 2679 5308 merentur
2715 5249 2918 5317 absque
2945 5246 3053 5299 ullo
3082 5244 3369 5298 oblivionis
3390 5243 3573 5296 obsta-

1992 5348 2112 5403 culo
2156 5347 2208 5400 in
2253 5355 2568 5416 perpetuum
2601 5341 2873 5411 possidere
2902 5357 2914 5392 :
2950 5358 2966 5389 ι
2998 5338 3051 5391 lu
3096 5335 3376 5398 memoria,
3405 5333 3572 5396 enim,

1994 5449 2195 5494 aeterna
2227 5439 2334 5494 erit
2364 5437 2541 5506 justus
2566 5433 2740 5506 (Paul.
2764 5431 2934 5502 om).
2969 5450 2986 5482 ι
3024 5429 3088 5502 Et
3111 5431 3305 5482 iterum
3345 5426 3398 5480 in
3425 5425 3572 5491 Apo-

1995 5532 2194 5602 calypsi
2227 5545 2323 5601 per
2350 5528 2608 5585 Joannem
2639 5527 2836 5584 dicitur
2873 5543 2886 5580 :
2921 5543 2939 5574 ε
2978 5521 3340 5578 Ambulabunt
3364 5533 3577 5581 mecum

1997 5627 2047 5680 in
2081 5625 2237 5687 albis,
2263 5623 2386 5694 quia
2420 5621 2564 5692 digni
2595 5627 2740 5686 sunt,
2763 5628 2819 5676 et
2847 5634 2954 5675 non
3007 5613 3193 5676 delebo
3232 5611 3451 5667 nomina
3477 5623 3578 5674 en-

1993 5733 2110 5772 rum
2140 5717 2204 5771 de
2233 5716 2368 5770 libro
2402 5715 2522 5768 vitae
2549 5714 2731 5784 (Apoc.
2766 5712 2869 5780 in).
2912 5731 2928 5762 ›
2967 5707 3067 5762 Ubi
3111 5706 3305 5760 iterum
3332 5701 3571 5761 dicitur:
