4110 5364
507 315 608 372 187

970 309 1026 367 S.
1050 308 1257 365 PETRI
1297 302 1583 363 DAMIANI
1622 307 1771 365 OPP.
1806 305 2043 365 TOMUS
2070 303 2202 364 SEU
2242 304 2422 362 PARS
2459 303 2547 360 111.
2578 334 2647 346 -
2675 301 3039 362 OPUSCULA
3069 303 3298 363 VABIA.

3660 309 3763 369 £88

513 447 532 480 ι
562 427 627 483 lli
658 433 783 483 sunt
815 423 906 494 qui
929 438 1052 479 eum
1082 423 1402 480 mulieribus
1428 440 1535 481 non
1567 433 1692 480 sunt
1717 423 2083 494 coinquinati;
2117 423 2165 480 Α
2191 423 2462 479 homicida
2485 421 2674 477 alienae
2702 422 2914 488 animm,
2940 432 3151 479 servata
3187 438 3413 480 censura
3440 422 3662 495 silentii,
3686 431 3765 487 di-

507 519 747 589 \irgines
766 514 910 569 enim
933 521 1080 579 sunt,
1105 515 1198 585 qui
1218 510 1518 588 sequuntur
1535 507 1744 586 Agnum
1769 514 2090 584 quocunque

507 609 632 663 ierit
644 607 825 678 (Apoc.
841 603 975 675 xiv);
990 623 1007 656 ι
1025 606 1229 682 etquod
1242 606 1511 660 canticum
1527 612 1766 669 cantant,
1780 600 1919 672 quod
1934 597 2090 657 nemo

483 697 675 769 tpossit
702 697 901 759 dicere,
925 694 1027 750 nisi
1057 695 1145 750 illa
1165 684 1749 766 centum‘quadraginta
1775 693 1933 765 175
1952 707 2089 762 qua-

511 797 636 841 tuor
647 784 832 840 millia.
866 783 1149 855 Singulare
1175 786 1371 862 quippe
1393 785 1665 841 canticum
1685 784 1837 855 Agno
1859 783 2093 854 virgines

507 883 748 940 cantant,
778 875 905 945 quia
929 890 1048 928 cum
1066 865 1133 929 eo
1160 874 1214 928 in
1242 883 1557 946 perpetuum
1587 889 1698 944 prae
1721 872 1934 929 cunctis
1963 871 2093 928 ﬁde-

507 968 649 1022 libus
666 1007 680 1030 ,
710 965 875 1021 etiam
901 965 967 1021 de
990 965 1390 1036 incorruptione
1413 966 1593 1020 carnis
1619 964 1913 1037 exsultant.
1937 963 2092 1033 Quod

508 1055 761 1111 videlicet
801 1054 890 1109 alii
924 1052 1063 1124 justi
1103 1055 1282 1111 dicere
1315 1062 1618 1126 nequeunt,
1653 1055 1779 1133 licet
1820 1054 1873 1109 in
1902 1052 2090 1111 eadem

486 1144 847 1222 Jbeatitudine
872 1146 1035 1217 positi
1067 1154 1378 1202 mereantur
1415 1148 1639 1213 audire;
1670 1146 1794 1217 quia
1836 1134 1934 1216 per
1959 1147 2089 1219 cha-

509 1237 727 1293 ritatem
751 1237 966 1314 quidem
996 1237 1210 1292 illorum
1237 1234 1609 1293 celsitudinem
1638 1246 1920 1308 gratanter
1950 1237 2093 1307 aspi-

510 1330 681 1391 ciunt,
707 1328 773 1382 ad
796 1343 981 1383 eorum
1016 1337 1194 1384 tamen
1224 1330 1443 1400 praemia
1474 1345 1580 1384 non
1609 1337 1915 1402 assurgunt.
1945 1327 2092 1401 Qua.

509 1425 732 1486 propter
770 1418 1103 1486 pensandum
1129 1427 1242 1489 est,
1269 1428 1429 1489 atque
1453 1420 1511 1493 in,
1529 1429 1708 1474 mente
1740 1426 1921 1497 nostra
1947 1414 2095 1472 omni

510 1502 689 1585 studio
717 1501 1135 1585 'revol'vendUm,
1177 1520 1394 1579 quantae
1437 1510 1734 1581 dignitatis,
1773 1502 2094 1579 quantmque

514 1582 586 1652 sit
616 1582 950 1675 excellentiae
992 1597 1103 1655 illic
1144 1597 1259 1653 fieri
1304 1615 1573 1675 summum
1599 1640 1613 1664 ,
1658 1599 1757 1653 ubi
1776 1594 1984 1653 Summa
2016 1587 2099 1652 fei-

414 1740 425 1745 -
511 1672 690 1771 licitas
739 1697 825 1744 est
870 1680 992 1745 esse
1030 1688 1114 1746 vel
1148 1677 1395 1745 ultimum
1433 1708 1448 1744 ε
1481 1672 1590 1745 nnc
1632 1680 1905 1761 privilegii
1948 1688 2091 1743 celsa

2189 513 2326 567 vittae
2354 512 2708 568 districtionis
2732 512 2957 568 audeam
2982 514 3319 570 ratiocinium
3345 522 3767 589 exspectarent

2187 601 2333 657 illius
2363 610 2546 659 reatus
2574 601 2692 657 ﬁeri
2716 602 2966 673 incipiam
2998 604 3228 675 debitor,
3246 604 3398 677 cujus
3418 598 3761 679 nequaquam

2189 702 2377 750 auctor
2394 694 2745 749 exstiteram?
2785 694 2851 749 Et
2896 680 3017 750 cum
3048 685 3337 765 Scriptura
3366 697 3513 754 dicat
3541 718 3555 753 :
3587 701 3767 758 «Male

2189 780 2392 847 dictus,
2421 782 2511 852 qui
2540 781 2796 859 prohibet
2821 783 2984 854 176
3012 783 3245 854 gladium
3269 799 3425 839 suum
3448 801 3480 841 a
3505 791 3767 860 sanguine

2190 868 2326 941 (Jer.
2350 873 2573 942 XLVIII);
2619 889 2638 924 ι
2670 869 2907 926 hortaris
2933 885 3019 926 me
3042 881 3098 927 ut
3121 872 3327 944 gladius
3342 875 3537 946 lingua:
3551 893 3685 934 mea:
3712 881 3767 934 in

2189 960 2573 1022 taciturnitatis
2600 963 2757 1037 theca
2788 963 3078 1034 repositus,
3101 971 3154 1018 et
3170 964 3383 1021 sibimet
3405 954 3613 1038 pereat,
3639 970 3767 1025 dum

2189 1049 2500 1107 oﬂ'ensionis
2529 1051 2832 1129 rubiginem
2858 1049 3169 1129 eontrabit;
3215 1063 3269 1109 et
3308 1052 3433 1125 aliis
3454 1072 3561 1113 non
3602 1059 3773 1129 proti-

2191 1143 2321 1209 ciat,
2349 1144 2474 1199 dum
2503 1144 2690 1216 culpas
2718 1159 2884 1215 prave
2913 1131 3209 1201 viventium
3239 1162 3346 1202 non
3366 1138 3617 1229 contigit.
3643 1148 3771 1206 Gla-
3840 1219 3847 1229 ν

2192 1226 2340 1315 dium
2382 1234 2583 1311 quippe
2613 1250 2645 1313 a
2671 1226 2933 1306 sanguine
2956 1237 3275 1307 prohibere,
3308 1248 3395 1294 est
3418 1226 3772 1315 correctionis

2192 1314 2419 1379 verbum
2450 1340 2480 1379 a
2510 1324 2747 1380 carnalis
2775 1325 2897 1381 vitae
2928 1318 3274 1397 percussione
3300 1314 3664 1402 compescere.
3695 1334 3774 1389 De

2191 1425 2298 1480 quo
2324 1411 2513 1491 gladio,
2549 1428 2764 1493 rursum
2808 1412 3006 1470 dicitur
3036 1433 3055 1493 :_
3086 1435 3105 1468 ι
3143 1408 3219 1491 Es
3243 1433 3339 1475 ore
3374 1410 3517 1477 enim
3564 1422 3775 1491 gladius

2193 1517 2259 1556 ex
2298 1490 2526 1572 utraque
2552 1490 2708 1581 parte
2728 1512 2919 1560 acutus
2947 1490 3130 1561 exibat
3153 1508 3334 1579 (Apoc.
3362 1509 3423 1581 ι).
3466 1529 3487 1564 ι
3531 1490 3778 1580 Qualiter

2194 1591 2337 1646 enim
2356 1581 2665 1662 proximum
2691 1607 2868 1671 meum
2897 1591 3036 1671 sicut
3076 1597 3339 1669 meipsum
3371 1599 3555 1671 diligo,
3586 1602 3630 1656 si
3659 1602 3777 1657 vul-

2196 1671 2297 1736 nus
2317 1695 2426 1752 quo
2452 1698 2574 1737 eum
2606 1697 2711 1738 non
2744 1683 2956 1761 ambigo
2979 1677 3274 1742 crudeliter
3303 1690 3464 1756 mori,
3486 1688 3775 1763 negligen-

512 1770 899 1854 conscendere,
937 1779 1028 1834 ubi
1075 1776 1445 1835 beatissimum
1488 1788 1572 1851 est
1611 1770 1795 1849 patria
1827 1778 2097 1854 aequitatis
2128 1770 2170 1828 Β
2201 1781 2280 1827 ter
2309 1772 2424 1862 fero
2450 1772 2500 1826 in
2525 1773 2644 1843 ejus
2666 1773 2829 1829 corde
2856 1777 3125 1843 grassari?
3164 1778 3359 1849 videns,
3386 1795 3516 1863 ergo
3548 1782 3775 1837 vulnera

504 1866 630 1937 jura
688 1883 927 1925 servare.
978 1868 1242 1925 Nimirum
1299 1872 1438 1927 sicut
1487 1880 1779 1927 attestante
1825 1862 2091 1936 veritate,

509 1948 614 2013 non
637 1973 828 2015 omnes
848 1951 1069 2029 capiunt
1086 1960 1313 2039 verbum
1338 1961 1442 2017 hoc
1462 1962 1515 2016 in
1535 1961 1639 2016 hoc
1659 1960 1855 2035 saeculo
1874 1954 2094 2031 (Matth;

512 2042 776 2122 διῇξεἰο
805 2050 874 2106 ad
902 2042 1051 2106 illam
1096 2052 1333 2123 εει-θεῖαι
1373 2053 1829 2126 remunerationis
1862 2044 2104 2125 gloriam

510 2154 619 2195 non
660 2154 850 2195 omnes
892 2141 1215 2210 perveniunt
1257 2141 1312 2196 in
1361 2141 1565 2197 futuro.
1710 2140 1713 2141 ⁷
1873 2128 1880 2136 ’
2092 2156 2096 2160 ‘

588 2228 734 2292 Haec,
760 2235 814 2283 et
859 2228 962 2283 alia
1009 2229 1180 2284 multa
1210 2229 1536 2299 huiusmodi,
1563 2229 1881 2285 charissime
1904 2229 2100 2296 frater,

516 2317 764 2387 quisquis
790 2332 870 2384 es,
905 2318 1044 2373 intra
1073 2320 1269 2376 mentis
1296 2329 1399 2376 tuae
1426 2329 1633 2375 secreta
1661 2320 1942 2375 considera
1964 2359 1978 2383 ,
2010 2328 2094 2383 to;-

436 2456 442 2460 .
514 2408 697 2477 lisque
723 2406 930 2463 viribus
954 2422 1174 2463 carnem
1209 2416 1354 2463 tuam
1391 2409 1459 2464 ab
1487 2408 1632 2463 omni
1668 2420 1820 2477 peste
1860 2406 2098 2462 libidinis

520 2484 814 2552 immunem
839 2486 1059 2553 servare
1086 2496 1314 2565 festina,
1347 2496 1607 2570 ut,-juxta
1645 2490 1956 2566 apostolicae
2002 2487 2101 2552 do—

518 2589 710 2643 ctrina:
762 2590 1127 2654 sententiam,
1184 2590 1326 2646 scias
1382 2578 1480 2645 vas
1530 2598 1679 2654 tuum
1718 2589 1997 2659 possidere
2041 2587 2107 2642 in.

476 2752 479 2754 η
515 2675 963 2741 sanctificatione,
985 2687 1040 2733 et
1066 2679 1292 2743 honore,
1322 2695 1429 2736 non
1461 2679 1514 2732 in
1538 2665 1789 2748 passione
1811 2676 2095 2742 desiderii;

517 2768 660 2823 sicut
688 2759 757 2824 et
792 2763 1000 2838 gentes,
1051 2784 1171 2840 quae
1220 2769 1471 2841 ignorant
1515 2770 1683 2825 Deum
1709 2769 1757 2841 (Ι
1787 2768 1968 2822 Thess.
1998 2766 2097 2837 tv).

524 2858 582 2914 Si
612 2860 791 2915 adhuc
813 2871 947 2927 stas,
977 2861 1335 2931 praecipitium
1367 2876 1498 2917 cave
1524 2880 1538 2915 :
1571 2863 1711 2931 quod
1740 2862 1783 2916 si
1812 2861 1991 2932 lapsus
2017 2877 2098 2926 es,

521 2950 589 3003 ad
615 2965 815 3006 uncum
838 2952 1191 3020 poenitentiae,
1224 2952 1319 3023 qui
1348 2944 1562 3023 ubique
1600 2963 1799 3024 praesto
1837 2939 1938 3020 est,
1982 2940 2101 3015 mae

519 3054 649 3094 num
695 3040 1021 3096 ﬁducialiter
1067 3042 1257 3109 tende;
1305 3050 1369 3099 ut
1415 3043 1511 3114 qui
1554 3058 1662 3099 non
1708 3044 1933 3114 potuisti
1976 3028 2098 3100 cum

518 3128 795 3187 Abraham
825 3132 1077 3201 procula
1118 3132 1369 3191 Sodomis
1394 3124 1624 3208 degere,
1668 3135 1827 3195 liceat
1865 3135 1951 3191 vel
1979 3152 2102 3192 cum

522 3219 657 3275 Loth
699 3221 1017 3291 propinquae
1063 3225 1459 3282 combustionis
1503 3210 1967 3294 excidio'jatnjam
2015 3242 2105 3280 ur-

522 3317 704 3379 gente,
754 3311 1012 3380 migrare.
1055 3313 1269 3383 Quique
1295 3316 1420 3370 navi
1462 3316 1749 3372 incolumis
1775 3319 1957 3372 subire
1997 3333 2103 3375 non

521 3399 773 3454 valueras
800 3410 1039 3469 portum,
1066 3402 1299 3459 sufﬁciat
1328 3404 1518 3461 saltem
1547 3406 1737 3477 perlati
1766 3406 1957 3462 fluctus
1981 3392 2107 3463 eva-

524 3488 664 3543 sisse
697 3488 1039 3558 naufragium
1087 3508 1101 3545 :
1145 3499 1201 3546 et
1230 3492 1323 3562 qui
1366 3508 1472 3549 non
1503 3495 1747 3550 meruisti
1797 3496 1863 3549 ad
1908 3495 2106 3550 littoris

524 3582 703 3637 sinum
728 3583 845 3637 sine
862 3583 1075 3653 jactura
1098 3584 1425 3655 pertingere,
1450 3585 1613 3642 libeat
1640 3587 1818 3640 arenis
1841 3588 2103 3657 exposito,

524 3678 648 3740 post
689 3671 988 3740 periculum
1038 3672 1208 3729 alacri
1256 3688 1389 3730 voce
1439 3675 1571 3730 illud
1618 3675 1761 3731 beati
1811 3673 1961 3731 Iona:
2013 3664 2110 3731 ce?

526 3757 730 3817 leusma
759 3768 1024 3816 cantare:
1059 3779 1077 3812 ‹
1118 3761 1317 3817 Omnes
1361 3764 1597 3834 gurgites
1638 3763 1751 3830 tui,
1798 3771 1854 3818 et
1909 3762 2108 3821 ﬂuctus

527 3849 606 3902 tui
637 3864 799 3920 super
825 3865 913 3905 me
942 3851 1302 3917 transierunt;
1325 3860 1379 3907 et
1404 3867 1504 3924 ego
1530 3852 1641 3908 dixi
1666 3866 1682 3907 :
1704 3851 1966 3923 Abjectus
1988 3868 2107 3910 sum

527 3955 556 3992 a
585 3950 876 4010 conspectu
906 3942 1189 3997 oculorum
1220 3952 1433 3999 tuorum
1457 3985 1472 4010 ,
1511 3952 1886 4001 verumtamen
1919 3961 2108 4002 rursus

527 4029 722 4085 videbo
752 4030 1010 4101 templum
1041 4042 1285 4089 sanctum
1324 4043 1474 4090 tuum
1506 4035 1656 4107 (Jon.
1686 4035 1773 4109 tt).
1808 4054 1829 4089 ι

1090 4124 1319 4181 CAPUT
1370 4126 1536 4182 XXV.

799 4209 901 4266 Ubi
929 4214 1154 4284 scriptor
1179 4216 1516 4286 probabiliter
1534 4234 1588 4272 se
1610 4226 1846 4274 excusat.

600 4299 660 4356 Si
684 4303 892 4368 vero:in
921 4303 1209 4373 cujuslibet
1230 4323 1423 4363 manus
1441 4308 1654 4365 libellus
1678 4310 1781 4366 iste
1807 4308 2104 4377 devenerit,

446 4460 453 4463 ἡ
527 4394 616 4450 cui
656 4395 992 4451 conscientia
1023 4399 1246 4453 minime
1295 4399 1647 4470 sutl'ragante,
1677 4402 1926 4471 superius
1965 4415 2110 4456 com-

528 4482 801 4551 prehensa
831 4483 967 4540 forte
989 4486 1340 4556 displiceant,
1362 4503 1555 4557 meque
1576 4489 1907 4559 proditorem
1926 4530 1941 4554 ,
1964 4490 2110 4545 dela-

531 4579 815 4641 toremque
838 4571 1063 4628 fraterni
1088 4575 1331 4631 criminis
1359 4586 1585 4646 arguat,
1610 4578 1825 4634 noverit
1847 4592 1932 4633 me
1959 4577 2108 4633 favo-

531 4677 646 4717 rem
676 4663 874 4718 interni
896 4662 1103 4720 Iudicis
1125 4673 1238 4721 toto
1266 4666 1585 4724 intentionis
1621 4668 1801 4724 studio
1823 4683 2102 4739 quarere;

529 4768 824 4822 pravorum
852 4769 984 4810 vero
1023 4755 1148 4811 odia
1186 4755 1270 4811 vel
1312 4757 1524 4828 linguas
1560 4758 1955 4814 detrahentium
1997 4775 2104 4817 non

532 4844 746 4901 timere.
770 4844 911 4902 Malo
932 4847 1130 4919 quippe
1151 4863 1275 4904 cum
1310 4847 1529 4919 Ioseph,
1560 4850 1652 4920 qui
1692 4850 1968 4907 accusavit
1995 4851 2106 4908 fra-

532 4944 645 4990 tres
666 4937 807 5005 apud
829 4946 1042 5008 patrem
1069 4939 1297 4996 crimine
1312 4938 1559 5009 pessimo
1574 4979 1592 5006 ,
1620 4941 1674 4995 in
1697 4940 1995 4997 cisternam
2022 4943 2108 4997 in-

532 5036 737 5079 nocens
761 5025 949 5094 projici
993 5025 1147 5090 (Gen.
1198 5028 1438 5099 xxxvii);
1483 5043 1646 5099 quam
1684 5045 1805 5084 cum
1848 5030 1988 5096 Heli,
2015 5032 2108 5102 qui

534 5120 767 5177 ﬁliorum
809 5122 951 5178 mala
978 5125 1131 5191 vidit,
1161 5135 1217 5182 et
1248 5128 1435 5195 tacuit,
1460 5128 1625 5184 divini
1667 5126 1865 5184 furoris
1909 5128 2113 5185 ultione

533 5209 782 5266 mulctari
805 5211 858 5281 (Ι
868 5210 992 5283 Reg.
1009 5217 1172 5285 tt,tv).
1197 5214 1331 5273 Cum
1356 5219 1502 5274 enim
1525 5234 1623 5290 per
1643 5234 1705 5274 os
1728 5218 2005 5289 prophetae
2025 5218 2109 5273 di-

823 5303 1138 5332 οΛ-ικξιιξιεολ..
1164 5309 1517 5332 ΑΑ-ΑΨΞ--ΑΙ---
1580 5311 1753 5332 39--..-
1780 5327 1793 5332 -
1833 5328 1844 5332 -

536 5301 664 5332 παῖ-ιιι
691 5317 794 5332 “Av
823 5303 1138 5332 οΛ-ικξιιξιεολ..
1164 5309 1517 5332 ΑΑ-ΑΨΞ--ΑΙ---
1580 5311 1753 5332 39--..-
1780 5327 1793 5332 -
1833 5328 1844 5332 -

2198 1858 2456 1917 mentium
2478 1902 2493 1928 ,
2531 1877 2723 1918 curare
2745 1864 3008 1935 negligam
3033 1867 3272 1924 sectione
3302 1858 3630 1938 verborum?
3655 1870 3776 1927 Non

2196 1970 2284 2011 me
2317 1956 2392 2009 ita
2416 1955 2664 2026 egregius
2686 1953 3010 2025 praedicator
3037 1944 3215 2029 docet,
3240 1960 3420 2030 quieo
3448 1976 3509 2031 se
3538 1977 3569 2017 a
3587 1964 3775 2033 proxi-

2197 2060 2412 2101 morum
2454 2045 2714 2115 sanguine
2758 2047 3018 2101 mundum
3059 2049 3322 2117 credidit,
3369 2039 3485 2123 quo.
3522 2052 3779 2110 feriendis

2194 2150 2382 2191 eorum
2410 2136 2558 2190 vitiis
2603 2152 2711 2189 non
2758 2138 3027 2206 pepercit;
3062 2138 3192 2194 dicit
3217 2140 3361 2196 enim
3391 2160 3406 2196 :
3444 2160 3463 2195 ι
3491 2142 3781 2200 Contestor

2195 2239 2293 2279 vos
2339 2212 2609 2303 hodierna
2644 2224 2763 2290 die,
2813 2225 2939 2293 quia
2986 2222 3220 2283 mundus
3264 2244 3383 2307 sum
3436 2246 3469 2286 a
3517 2233 3783 2304 sanguine

2197 2316 2439 2371 omnium
2466 2332 2483 2369 ι
2510 2331 2614 2369 non
2646 2311 2791 2371 enim
2820 2317 3140 2389 subterfugi,
3165 2335 3272 2389 quo
3300 2321 3478 2379 minus
3498 2323 3784 2377 annuntiat

2196 2421 2313 2460 rem
2335 2420 2495 2461 omne
2525 2405 2809 2461 consilium
2851 2408 2944 2463 Dei
2989 2408 3141 2464 vobis
3170 2411 3308 2479 (Act.
3332 2412 3450 2484 xx).
3505 2432 3526 2467 ι
3558 2413 3674 2469 Νοιι
3704 2415 3780 2468 ita

2200 2509 2289 2550 me
2316 2493 2552 2550 Joannes
2575 2495 2852 2563 instruxit,
2881 2498 2966 2552 cui
2996 2491 3247 2554 videlicet
3274 2501 3516 2572 angelica
3537 2502 3782 2557 admoni-

2201 2585 2349 2640 tione
2374 2576 2686 2656 praecipitur
2715 2602 2731 2639 :
2762 2603 2782 2636 ι
2831 2585 2933 2653 Qui
2981 2586 3154 2653 audit,
3203 2589 3384 2643 dicat:
3412 2590 3547 2646 Veni
3594 2591 3776 2661 (Apoc.

2200 2675 2365 2746 χχιι).
2396 2695 2414 2728 ι
2449 2675 2522 2731 Ut
2573 2675 2829 2730 nimirum
2880 2676 2965 2731 cui
3019 2692 3078 2731 se
3111 2692 3216 2732 vox
3253 2678 3462 2734 interna
3509 2679 3781 2746 insinuat,

2200 2764 2325 2821 illuc
2347 2756 2508 2820 etiam
2539 2756 2841 2832 clamando,
2867 2766 3002 2821 alios
3025 2782 3134 2837 quo
3162 2768 3276 2839 ipse
3305 2770 3534 2840 rapitur,
3568 2770 3779 2836 trahat;

2201 2871 2270 2910 ne
2299 2844 2513 2911 clausas
2556 2856 2699 2912 fores
2724 2856 2888 2911 etiam
2918 2866 3164 2925 vocatus,
3195 2859 3456 2928 inveniat,
3484 2860 3532 2916 si
3560 2863 3782 2916 vocanti

2202 2960 2404 3005 vacuus
2430 2932 2849 3016 appropinquat.

2279 3034 2422 3090 Sane
2446 3035 2489 3091 si
2521 3052 2609 3092 me
2640 3044 2817 3091 ratum
2841 3036 2994 3093 ducis
3008 3037 3389 3109 corripientem
3416 3038 3710 3110 corripere,
3730 3048 3788 3096 et

2207 3134 2265 3182 ut
2307 3128 2381 3182 ita
2426 3127 2645 3201 loquar,
2686 3129 3110 3198 praesumptoriaa
3155 3130 3454 3200 argutionis
3517 3145 3786 3201 arguere,

2205 3232 2303 3271 cur
2332 3232 2439 3272 non
2483 3217 2872 3289 Hieronymum
2919 3204 3150 3287 corripis
3191 3220 3283 3290 qui
3325 3229 3516 3276 contra
3543 3220 3787 3276 diversas

2207 3306 2586 3360 bmreticorum
2632 3312 2810 3360 sectas
2861 3314 2970 3360 tam
3002 3308 3343 3363 .mordaciter
3371 3310 3644 3379 disputat?
3678 3309 3788 3365 Cur

2205 3413 2313 3452 non
2365 3397 2711 3452 Ambrosium
2755 3396 2963 3452 laceras
2990 3437 3005 3463 ,
3059 3398 3152 3468 qui
3196 3399 3250 3452 in
3294 3399 3528 3456 Arianos
3572 3402 3789 3471 publice

2206 3489 2594 3544 concionatur?
2622 3489 2733 3544 Cur
2777 3504 2884 3544 non
2914 3498 2970 3545 et
2994 3489 3377 3560 Augustinum,
3404 3491 3497 3561 qui
3526 3491 3581 3548 in
3617 3493 3790 3548 Mani-

2206 3580 2386 3635 clizeos
2408 3586 2570 3648 atque
2602 3577 2909 3633 Donatistas
2942 3587 3051 3632 tam
3081 3587 3333 3636 austerus
3357 3579 3599 3652 litigator
3638 3582 3792 3638 inve-

2207 3668 2389 3723 hitur?
2434 3668 2580 3723 Dicis
2611 3668 2742 3722 mihi
2777 3686 2789 3721 :
2821 3666 2952 3724 Jure
2981 3669 3078 3737 illi,
3111 3670 3237 3740 quia
3261 3681 3447 3727 contra
3479 3671 3785 3738 hmreticos,

2209 3769 2397 3814 contra
2446 3758 2821 3828 blasphemos;
2867 3767 2922 3814 tu
2976 3758 3155 3816 autem
3200 3777 3307 3817 non
3355 3762 3517 3819 times
3563 3777 3793 3834 carpere

2209 3849 2571 3906 Christianos.
3249 3927 3252 3931 ν

2277 3941 2359 3996 Ad
2387 3940 2531 4012 quod
2557 3954 2658 4011 ego
2686 3942 2786 3997 sub
2826 3941 3092 4000 brevitate
3129 3946 3457 4016 respondeo;
3488 3945 3617 4017 quia
3646 3945 3787 4001 sicut

2210 4031 2284 4087 illi
2313 4032 2624 4087 nitebantur
2666 4047 2916 4104 egressos
2941 4042 2997 4090 et
3020 4035 3131 4104 jam
3157 4046 3403 4092 errantes
3429 4038 3498 4092 ad
3531 4035 3673 4092 ovile
3700 4051 3787 4092 re-

2210 4124 2439 4189 ducere;
2492 4124 2566 4179 ita
2615 4125 2778 4180 etiam
2822 4135 3019 4183 nostra:
3052 4128 3367 4183 intentionis
3396 4136 3513 4193 est,
3542 4143 3659 4194 eos,
3691 4125 3785 4196 qui

2209 4215 2659 4285 qualitercunque
2699 4214 2986 4280 intersunt,
3021 4231 3087 4270 ne
3124 4226 3340 4282 exeant,
3366 4218 3673 4287 prohibere.
3705 4214 3787 4268 llli

2210 4308 2499 4364 dicebant:
2550 4326 2571 4360 ι
2617 4307 2697 4362 Ex
2726 4306 2883 4361 nobis
2912 4307 3161 4362 exierunt
3185 4349 3199 4372 ,
3244 4309 3339 4364 sed
3371 4324 3477 4364 non
3523 4317 3681 4363 erant
3718 4323 3788 4362 ex

2136 4425 2186 4484 ι)
2212 4399 2389 4465 nobis,
2429 4411 2554 4453 nam
2594 4397 2639 4453 si
2665 4405 2851 4452 essent
2894 4413 2963 4453 ex
3012 4399 3187 4463 nobis,
3233 4400 3557 4455 mansissent
3604 4398 3787 4468 utique

2215 4489 2495 4544 nobiscum
2550 4488 2604 4559 (1
2632 4487 2792 4543 Joan.
2837 4488 2922 4559 1t).
2961 4509 2980 4542 ι
3033 4490 3097 4544 Ει
3128 4507 3225 4546 nos
3270 4493 3499 4549 dicimus
3540 4509 3553 4545 :
3597 4490 3788 4546 Nobis-

2214 4594 2335 4634 cum
2358 4578 2576 4649 quidem
2605 4586 2756 4644 snnt,
2784 4579 2879 4636 sed
2906 4580 3065 4636 male.
3090 4581 3415 4639 Studeamus
3440 4598 3570 4655 ergo
3596 4583 3644 4639 si
3672 4597 3789 4652 pos-

2212 4668 2371 4725 sibile
2416 4677 2532 4736 est,
2559 4677 2627 4724 ut
2663 4668 2917 4740 deinceps
2964 4670 3101 4726 bene
3144 4672 3257 4727 sint
3304 4673 3602 4728 nobiscum.
3656 4671 3785 4726 Illud

2211 4760 2375 4815 etiam
2398 4759 2668 4825 addimus,
2696 4759 2819 4831 quia
2851 4760 2895 4816 si
2932 4762 3166 4830 pessima
3190 4772 3270 4818 est
3297 4763 3656 4834 blasphemia,
3688 4777 3785 4816 ne-

2210 4850 2343 4915 scio,
2367 4849 2420 4904 in
2445 4865 2553 4920 quo
2574 4851 2648 4905 sit
2669 4850 2862 4906 melior
2883 4853 3145 4907 sodomia.
3177 4854 3268 4907 llla
3291 4856 3435 4911 enim
3462 4854 3593 4910 facit
3614 4854 3789 4909 homi-

2211 4951 2342 4995 nem‘
2361 4955 2575 5007 errare;
2612 4942 2716 4997 ista
2742 4944 2940 5013 perire.
2971 4942 3062 4997 llla
3091 4960 3121 4999 a
3148 4945 3256 5001 Deo
3281 4948 3518 5003 animam
3560 4945 3783 5004 dividit:

2212 5031 2427 5088 diabolo
2451 5032 2554 5088 ista
2575 5032 2874 5103 coniungit.
2907 5034 2997 5088 llla
3024 5035 3089 5090 de
3116 5038 3367 5106 paradiso
3399 5036 3573 5105 ejicit;
3600 5037 3704 5092 ista
3729 5035 3783 5090 in

2216 5133 2477 5179 tartarum
2510 5125 2726 5196 mergit.
2758 5125 2850 5179 illa
2875 5126 3071 5181 mentis
3098 5128 3283 5182 oculos
3312 5138 3509 5194 caecat;
3538 5128 3591 5183 in
3617 5126 3786 5182 ruina:

2212 5216 2527 5287 voraginem
2560 5216 2663 5271 ista
2691 5216 3009 5286 praecipitat.
3048 5217 3116 5272 Et
3153 5219 3195 5272 si
3231 5219 3502 5273 subtiliter
3530 5219 3784 5289 indagare

3425 5320 3437 5332 ι
3450 5327 3468 5332 -
3482 5319 3587 5332 ι---
3624 5309 3779 5332 Δε--ε..ε

2279 5316 2509 5332 ..ιηῖ-ιιισιρ
2565 5316 2701 5332 ι-..ΑΑ
2727 5316 2972 5332 ...αΣ-.-ηι-

3075 5325 3278 5332 --Α--..-ι-
3307 5327 3353 5332 ι..
