4106 6310
293 335 399 395 189

1243 331 1488 392 ΟΡΙΞΞΟ.
1530 333 1726 389 Vll.-—
1750 333 1950 388 LIBER
1991 333 2560 394 GOMORRHIANUS.

3455 339 3556 390 190

289 444 578 505 Periuntur
607 445 854 500 incendio
883 444 1125 500 devorati
1169 442 1317 516 (Gen.
1375 447 1513 512 nx).
1557 445 1736 515 Neque
1766 462 1864 516 ego
1893 451 1939 510 Α
1970 445 2070 500 tire
2100 462 2202 501 non
2248 448 2610 511 erubesceret,
2641 449 2902 517 sepiatur.
2917 449 3033 502 Non
3058 450 3200 503 enim
3227 449 3382 503 facile
3411 458 3558 518 patet

292 547 514 596 sanctos
549 539 801 592 doctores
845 537 1046 592 idcirco
1086 539 1373 607 proposui,
1421 549 1480 591 ut
1518 538 1870 610 fumigantem

294 641 499 685 torrem
519 629 722 683 clarius
742 644 1065 698 prmsumam
1093 629 1339 694 conferre
1360 631 1624 700 sideribus
1643 673 1656 697 ,
1679 632 1873 704 quippe

292 719 386 787 qui
423 718 515 771 vix
539 717 756 786 indigno
789 732 884 783 ore
917 727 1026 772 tam
1057 718 1537 788 excellentissimos
1569 721 1715 773 viros
1757 723 1872 775 sine

291 808 592 864 offensione
622 824 1006 876 commemoro,
1032 811 1122 864 sed
1145 811 1248 864 hoc
1277 808 1420 874 dico,
1450 812 1573 878 quia
1605 813 1744 879 quod
1771 813 1870 881 ipsi

289 902 424 954 vitia
449 900 794 969 corrigendo,
817 909 873 956 et
889 899 1272 956 confundendo
1294 899 1552 959 fecerunt.
1579 903 1681 956 hoc
1711 904 1871 958 etiam

283 991 554 1060 juniorcs,
576 1000 638 1046 ut
657 990 899 1048 facerent
918 994 1212 1048 docuerunt
1235 1010 1246 1046 :
1271 1003 1326 1048 et
1349 994 1393 1051 si
1417 1009 1603 1047 eormn
1631 1003 1872 1064 tempore

292 1098 417 1135 cum
451 1090 601 1136 tanta
644 1082 987 1151 impudentiae
1032 1083 1280 1138 libertate
1333 1086 1443 1140 lucc
1482 1089 1645 1154 pestis
1687 1089 1874 1142 fuisset

292 1175 506 1237 oborta,
542 1174 698 1242 177
731 1189 838 1227 non
869 1175 1028 1228 dubie
1052 1176 1340 1239 credimus,
1365 1179 1505 1244 quod
1535 1178 1736 1247 prolixa
1770 1181 1872 1232 ho-

295 1263 384 1315 die
413 1262 726 1316 viderentur
754 1275 944 1319 contra
973 1278 1094 1319 eam
1142 1265 1409 1320 volumina
1452 1259 1699 1322 codicum
1731 1255 1874 1325 (estf-

294 1361 436 1406 rata.

359 1462 533 1522 Nemo
574 1477 660 1519 me
697 1479 828 1536 ergo
859 1464 1132 1533 dijudicet,
1186 1467 1310 1530 dum
1346 1468 1602 1526 adversus
1648 1471 1873 1526 mortale

287 1553 480 1607 vitium
511 1554 758 1622 disputo:
783 1554 873 1609 ubi
906 1570 1011 1610 non
1034 1558 1404 1626 opprobrium,
1431 1560 1523 1613 sed
1558 1570 1868 1629 provectum

285 1644 468 1722 potius
497 1641 749 1699 fraternae
771 1643 963 1699 salutis
986 1636 1220 1716 inquiro,
1247 1661 1313 1701 ne
1339 1647 1464 1702 dum
1487 1650 1868 1720 eorripientem

286 1735 656 1803 persequitur,
713 1736 1042 1806 delinquenti
1097 1725 1279 1793 favere
1331 1739 1596 1794 videatur.
1655 1741 1759 1796 Sed
1811 1750 1870 1796 ut

285 1824 457 1892 Moysi
485 1825 663 1879 verbis
689 1832 838 1880 utar:
876 1844 895 1876 ‹
932 1825 988 1882 Si
1032 1829 1154 1896 quis
1211 1837 1296 1882 est
1337 1828 1567 1893 Domini,
1612 1828 1870 1902 jungatur

289 1928 507 1968 mecum
544 1914 749 1981 (Exod.
784 1917 978 1987 xuii).
1015 1937 1033 1970 ι
1072 1919 1410 1974 Videlicetut
1437 1921 1525 1990 qui
1555 1936 1613 1975 se
1636 1921 1729 1976 Dei
1775 1923 1873 1976 mi-

281 2006 437 2059 litem
484 2009 841 2074 recognoscit,
869 2010 935 2064 ad
963 2010 1399 2067 confundendum
1431 2013 1533 2068 hoc
1574 2014 1768 2068 vitium
1815 2030 1874 2072 se

285 2095 568 2150 ferventer
593 2099 854 2170 accingat,
887 2101 988 2155 hoc
1013 2102 1140 2156 totis
1170 2103 1375 2157 viribus
1409 2119 1718 2174 expugnare
1765 2123 1870 2162 non

281 2186 530 2239 desinat:
558 2195 614 2242 et
666 2189 970 2260 ubicunque
999 2193 1161 2247 fuerit
1199 2204 1490 2263 repertum,
1542 2198 1872 2254 acutissimis

281 2275 580 2330 verborum
607 2277 828 2346 spiculis
858 2281 1167 2349 confodere,
1191 2293 1247 2339 et
1268 2285 1538 2341 trucidare
1559 2290 1869 2356 contendat;

282 2376 559 2434 quatenus
589 2367 714 2422 dum
742 2371 1046 2438 eaptivator
1074 2374 1238 2428 densa
1269 2391 1565 2433 cuneorum
1611 2380 1727 2434 acie
1768 2381 1876 2434 cir-

282 2457 678 2526 cumfunditur,
708 2464 952 2532 captivus
977 2466 1170 2532 abhis,
1201 2468 1396 2536 quibus
1421 2471 1706 2538 servierat,
1755 2473 1874 2526 vin-

281 2546 426 2603 Culis
453 2547 792 2616 absolvatur;
819 2561 874 2606 et
902 2553 1028 2608 dum
1046 2556 1306 2611 adversus
1330 2567 1619 2628 tyrannum
1635 2576 1872 2617 consona

280 2651 392 2690 vox
418 2640 659 2693 omnium
688 2643 1018 2700 unanimiter
1040 2645 1258 2712 clamat,
1307 2650 1352 2705 is
1389 2650 1482 2719 qui
1531 2652 1870 2719 trahebatur,

280 2729 469 2796 praeda
498 2729 615 2784 fieri
648 2731 874 2790 furentis
893 2740 1118 2793 monstri
1140 2741 1385 2808 protinus
1411 2743 1722 2800 erubescat:
1756 2746 1874 2816 qui—

282 2833 393 2886 que
422 2819 488 2873 ad
515 2832 740 2878 mortem
770 2841 828 2881 se
856 2829 971 2898 rapi
999 2829 1354 2898 plurimorum
1392 2835 1703 2891 testimonio
1751 2853 1871 2908 per-

283 2908 507 2964 hibente
533 2928 639 2966 non
662 2915 892 2983 dubitat,
923 2921 975 2974 in
1002 2923 1348 2992 semetipsum
1375 2942 1647 2996 reversus,
1685 2930 1750 2984 ad
1793 2931 1870 2986 vi~

281 3009 394 3072 tam
422 3003 600 3059 redire
632 3010 953 3075 quantocius
983 3027 1088 3068 non
1127 3014 1414 3085 pigrescat.

857 3162 1083 3219 CAPUT
1125 3165 1314 3222 XXVI.

467 3287 570 3366 Ubi
591 3291 664 3345 ad
689 3292 954 3369 dominum
984 3317 1171 3370 papam
1193 3319 1361 3358 sermo
1389 3307 1687 3375 reﬂectitur.

352 3411 512 3510 {hunc
539 3430 716 3477 autem
739 3426 807 3481 ad
839 3435 912 3494 te,
935 3445 1070 3499 papa
1094 3432 1421 3499 beatissime,
1453 3437 1504 3490 in
1530 3437 1695 3506 ipsius
1718 3439 1863 3510 Opu-

281 3505 419 3568 sculi
451 3511 603 3567 calce
629 3518 980 3583 recurrimus,
1006 3522 1073 3576 ad
1123 3532 1174 3577 te
1211 3525 1338 3594 styli
1387 3505 1864 3594 hujusiarticulum

281 3608 624 3667 revocamus,
655 3614 711 3658 ut
729 3608 814 3660 cui
841 3609 1148 3680 incipientis
1163 3614 1595 3687 origodirigitur,
1623 3618 1675 3672 in
1693 3621 1862 3688 ipsum

282 3693 480 3743 merito
506 3695 710 3761 peracti
750 3700 931 3767 operis
958 3702 1196 3758 clausula
1229 3708 1564 3763 terminetur.
1621 3711 1863 3765 Petimus

282 3777 468 3845 igitur,
495 3788 551 3833 et
578 3780 852 3841 humiliter
876 3789 1248 3858 imploramus,
1277 3804 1334 3846 ut
1358 3795 1642 3852 clementia
1666 3810 1862 3864 vestra,

282 3867 326 3919 si
348 3865 532 3922 dicere
575 3869 656 3925 fas
683 3881 786 3938 est,
837 3891 1114 3934 sacrorum
1164 3897 1428 3936 canonum
1481 3887 1714 3950 decreta,
1745 3904 1865 3955 qua:

287 3963 465 4011 tamen
487 3960 640 4014 vobis
673 3964 952 4021 notissima
983 3982 1128 4034 sunt,
1161 3972 1390 4027 solerter
1430 3975 1710 4043 inspiciat;
1752 3979 1862 4046 spi-

283 4049 505 4104 rituales
528 4061 581 4107 et
609 4057 901 4123 prudentes
925 4062 1069 4117 viros
1089 4066 1154 4119 ad
1198 4067 1499 4120 consultum
1553 4069 1712 4138 hujus
1765 4087 1862 4126 ne-

281 4142 533 4196 cessariae
568 4144 928 4218 indagationis
962 4154 1225 4224 asciscat;
1276 4159 1536 4228 nobisque
1577 4177 1738 4228 super
1781 4163 1866 4217 his

279 4232 529 4296 capitulis
554 4235 630 4291 ita
660 4245 1003 4309 respondeat,
1035 4255 1093 4298 ut
1119 4262 1280 4302 oume
1321 4251 1386 4304 de
1414 4261 1602 4305 nostro
1643 4264 1864 4322 pectore

281 4322 573 4382 dubietatis
603 4334 912 4400 scrupulum
939 4337 1105 4391 tollat.
1134 4338 1316 4408 Neque
1334 4341 1434 4396 hoc
1455 4341 1637 4398 dicere
1665 4344 1864 4401 idcirco

279 4417 677 4482 praesumimus,
703 4431 762 4474 ut
787 4425 852 4478 ad
877 4426 1003 4489 hoc,
1034 4429 1141 4482 Deo
1165 4441 1406 4496 auctore,
1429 4433 1673 4489 sufficere
1692 4437 1860 4490 solam

279 4504 667 4570 profunditatis
714 4521 908 4567 vestrae
938 4518 1186 4583 peritiam
1238 4521 1573 4591 ignoremus;
1614 4525 1705 4580 sed
1734 4527 1858 4580 dum

279 4608 451 4692 sacra:
476 4600 815 4656 auctoritatis
846 4607 1208 4663 testimonium
1236 4612 1542 4676 adhibetur,
1572 4615 1697 4668 dum
1737 4617 1856 4685 pitt-

279 4698 544 4738 rimorum
577 4702 839 4747 consensu
871 4703 924 4749 et
945 4696 1150 4766 judicio
1179 4717 1268 4754 res
1315 4703 1538 4771 geritur,
1571 4721 1856 4775 perverso-

278 4787 397 4828 rum
423 4775 703 4835 hominum
736 4786 974 4855 querela,
1007 4804 1126 4858 quae
1153 4791 1400 4848 fortassis
1423 4811 1453 4849 e
1481 4795 1695 4853 diverso
1739 4814 1856 4853 mu-

1972 539 2214 608 querela,
2248 541 2390 607 quod
2421 540 2708 598 multorum
2745 541 2947 612 judicio
2997 542 3361 614 constituitur.
3405 540 3558 608 Smpe

1973 639 2151 695 autem
2174 630 2462 693 sententia,
2495 645 2612 698 quae
2642 632 2708 685 ab
2730 647 2837 685 uno
2869 632 3207 687 considerata
3231 629 3373 698 juris
3395 631 3558 700 aequi-

1973 729 2080 773 tate
2111 721 2463 789 depromitur,
2501 722 2567 777 ab
2589 722 2709 775 aliis
2729 721 3092 792 prrejudieium
3134 723 3439 792 deputatur.

2047 811 2207 878 178
2221 809 2462 876 Quatuor
2484 812 2646 881 igitur
2669 813 2825 882 hujus
2846 813 2960 866 vitii
2978 813 3396 878 diversitatibus,
3421 828 3556 880 quas

1973 901 2221 969 superius
2243 902 2702 964 enutneravimus,
2736 902 3024 969 diligenter
3053 903 3330 971 inspectis,
3363 902 3552 972 digne-

1973 998 2059 1057 tur
2089 1004 2174 1042 me
2199 990 2472 1043 beatitudo
2524 1001 2700 1061 vestra
2729 991 2983 1047 deere'tali
3015 991 3210 1060 pagina
3260 993 3554 1045 clementer

1971 1081 2262 1145 instruere,
2286 1082 2368 1136 cui
2394 1097 2578 1135 earum
2595 1083 2860 1138 obnoxius
2877 1085 3066 1138 debeat
3088 1085 3155 1137 ab
3190 1083 3556 1138 ecclesiastico

1971 1175 2161 1229 ordine
2187 1175 2649 1230 irretractabiliter
2677 1175 2876 1245 adjici;
2917 1177 3003 1231 cui
3046 1192 3176 1230 vero
3203 1177 3424 1244 praelato
3477 1177 3560 1230 di-

1972 1268 2256 1321 scretionis
2287 1268 2507 1330 intuitu,
2551 1268 2719 1337 possit
2745 1270 2845 1322 hoc
2872 1268 3103 1337 officium
3136 1267 3558 1322 misericorditer

1973 1355 2274 1426 indulgeri;
2306 1371 2412 1424 quo
2433 1357 2866 1425 supradictorum
2894 1358 3073 1420 modo,
3102 1365 3155 1410 et
3183 1372 3302 1410 cum
3342 1356 3558 1424 quantis

1974 1444 2122 1514 lapso
2149 1446 2307 1501 liceat
2334 1447 2532 1516 cuique
2555 1447 2619 1526 in
2655 1448 3025 1503 ecclesiastica
3077 1447 3343 1518 dignitate
3388 1448 3558 1516 persi-

1974 1538 2411 1607 stere;qualiter
2436 1547 2642 1608 autem,
2685 1548 2742 1594 et
2784 1555 2906 1595 cum
2953 1541 3188 1610 quantis,
3245 1539 3290 1594 si
3321 1539 3557 1594 fcedatus

1973 1628 2155 1696 fuerit,
2185 1631 2586 1699 compellendus
2607 1640 2689 1686 est
2712 1632 2765 1685 in
2791 1631 2938 1686 dicta
2964 1632 3286 1687 necessitate
3319 1645 3553 1685 cessare.

1974 1717 2045 1773 Ut
2071 1733 2138 1773 ex
2161 1733 2244 1784 eo,
2274 1720 2413 1788 quod
2438 1720 2529 1772 uni
2553 1720 2834 1790 dirigitur;
2865 1721 3016 1774 multi
3040 1721 3225 1775 eadem
3251 1719 3558 1773 laborantes

1976 1806 2298 1875 ignorantia,
2329 1806 2643 1872 doceantur,
2671 1817 2938 1876 quatenus
2965 1808 3331 1877 ambiguitatis
3357 1817 3556 1862 nostra:

1975 1897 2280 1968 caliginem,
2311 1897 2650 1952 auctoritatis
2675 1906 2870 1953 vestrae
2892 1899 3109 1955 lucerna
3141 1897 3441 1961 dimoveat;
3472 1905 3554 1949 at—

1975 2003 2098 2057 que,
2123 1997 2182 2041 ut
2213 1989 2287 2042 ita
2332 1987 2544 2057 loquar,
2576 1989 2884 2057 apostolica:
2929 1990 3072 2042 sedis
3104 1987 3303 2042 ferrum
3330 2003 3394 2041 ex
3427 2002 3555 2058 agro

1975 2079 2216 2134 nutantis
2247 2078 2590 2137 conscientiae
2614 2079 2778 2134 totius
2806 2079 3296 2157 crrorislt‘adicitus
3331 2093 3553 2147 germen
3608 2141 3620 2160 κ

1975 2166 2187 2222 evellat.
3024 2154 3026 2157 ’

2041 2256 2256 2310 Annuat
2276 2255 2612 2326 omnipotens
2637 2258 2801 2322 Deus,
2822 2254 3267 2313 reverendissime
3293 2254 3476 2320 Pater,
3501 2263 3559 2307 ut

1974 2353 2216 2415 tempore
2245 2347 2577 2415 apostolatus
2603 2351 2786 2411 vestri,
2818 2357 2872 2403 et
2913 2345 3068 2414 hujus
3111 2347 3223 2400 vitii
3255 2356 3556 2400 monstrum

1973 2451 2195 2506 prorsus
2225 2435 2474 2502 intereat,
2501 2447 2554 2491 et
2573 2438 2806 2508 jacentis
2833 2437 3086 2493 Ecclesia:
3118 2446 3292 2495 status
3321 2436 3556 2509 undique

1972 2527 2038 2580 ad
2059 2527 2140 2581 sui
2165 2527 2365 2598 vigoris
2380 2528 2504 2599 jura
2534 2538 2797 2600 resurgat.

2607 2710 2891 2764 SCIIOLIA
2902 2750 2916 2763 .

2043 2799 2192 2868 Legis
2217 2808 2530 2869 prmceptum
2557 2809 2654 2865 est,
2684 2811 2737 2853 ut
2766 2817 2882 2853 cum
2921 2801 3036 2870 quis
3084 2799 3226 2869 lepra
3278 2799 3553 2869 perfundi-

1970 2902 2074 2957 tur,
2099 2891 2450 2946 sacerdotibus
2473 2892 2808 2946 ostendatur:
2831 2903 2952 2946 tunc
2975 2903 3146 2945 autem
3173 2908 3276 2945 non
3305 2892 3551 2944 sacerdo—

1970 2983 2127 3045 tibus,
2151 2983 2240 3035 sed
2271 2982 2474 3052 leproso
2521 2984 2695 3052 potius
2728 2983 3040 3047 ostenditur,
3093 2998 3211 3035 tum
3253 2981 3554 3035 immundus

1969 3075 2237 3128 immundo
2260 3084 2526 3143 peractam
2556 3092 2879 3131 communem
2925 3077 3204 3142 nequitiam
3255 3072 3550 3139 conﬁtetur.

1894 3131 1938 3191 C
1971 3164 2045 3219 De
2071 3164 2178 3228 his,
2201 3131 2320 3232 qua:
2368 3165 2471 3218 hoc
2509 3164 2564 3218 in
2593 3165 2864 3233 Opusculo
2917 3131 3105 3218 scribit
3135 3163 3194 3215 Β.
3237 3131 3549 3228 Daniianus,

1968 3259 2084 3328 ejus
2107 3273 2259 3312 mens
2287 3258 2466 3328 potius
2487 3258 2775 3327 spectanda
2805 3272 2964 3326 quam
2982 3256 3163 3311 verba.
3195 3253 3380 3322 Neque
3406 3253 3551 3306 enim

1971 3351 2058 3405 ille
2088 3350 2356 3422 significat
2384 3349 2780 3404 confessionem
2812 3349 2954 3418 ejus,
2981 3347 3070 3415 qui
3109 3343 3375 3399 sacerdoti
3409 3357 3553 3397 com-

1967 3447 2092 3516 plici
2139 3446 2448 3511 confitetur,
2490 3444 2560 3500 ob
2600 3444 2884 3514 potestatis
2927 3442 3216 3505 defectum,
3263 3438 3552 3493 invalidam

1967 3552 2107 3602 esse,
2135 3538 2177 3591 si
2205 3536 2292 3590 ille
2315 3537 2523 3606 justum
2550 3536 2763 3589 titulum
2791 3545 2954 3604 atque
2981 3533 3410 3601 iurisdictionem
3455 3531 3553 3586 ob-

1969 3628 2131 3690 tinet;
2164 3626 2256 3680 sed
2277 3625 2392 3679 vult
2414 3625 2596 3679 dicere
2618 3623 2923 3694 hujusmodi
2946 3621 3338 3676 confessionem
3371 3619 3551 3672 fructu

1966 3731 2173 3779 carere,
2204 3731 2268 3770 ac
2303 3715 2699 3784 quodammodo
2741 3712 3064 3767 deluseriam
3092 3725 3241 3774 esse;
3295 3709 3550 3778 quoniam

1964 3805 2302 3860 verecundiae
2352 3805 2606 3859 ruborem
2658 3805 2932 3872 paenitens
2973 3817 3071 3856 nec
3095 3801 3283 3863 sentit,
3333 3815 3433 3853 nec
3483 3799 3550 3852 ad

1966 3896 2430 3962 compunetionetn
2478 3893 2702 3948 excitari
2753 3901 2928 3961 potest
2979 3891 3047 3945 ab
3093 3906 3178 3956 eo,
3203 3889 3358 3957 cujus
3399 3888 3553 3958 pravi

1964 3984 2192 4052 exempli
2241 3984 2448 4053 species
2479 3992 2605 4037 ante
2653 3982 2836 4037 oculos
2891 3989 3155 4036 versatur.
3208 3978 3336 4045 Quae
3368 3979 3550 4034 omnia

1966 4084 2154 4128 auctor
2173 4076 2452 4142 expendit,
2483 4074 2628 4127 utin
2677 4082 2826 4128 textu
2856 4071 3042 4126 videre
3087 4079 3204 4134 est;
3251 4069 3341 4124 ubi
3383 4068 3549 4122 etiam

1966 4166 2071 4219 ait:
2105 4166 2507 4220 Confessionem
2537 4164 2733 4218 factam
2758 4162 3004 4232 complici
3033 4160 3320 4222 sacerdoti,
3352 4175 3455 4213 non
3487 4175 3549 4212 ea

1966 4256 2255 4310 severitate
2277 4255 2392 4308 ﬁeri
2419 4257 2486 4308 ob
2515 4254 2728 4307 facilem
2759 4252 3134 4323 paenitentiam
3161 4249 3542 4304 contionantis.

1965 4345 2144 4412 Quare
2164 4359 2352 4399 omnes
2380 4343 2688 4397 Summistae
2718 4342 2845 4396 licet
2873 4339 3264 4395 confessionem
3290 4337 3432 4390 illam
3455 4353 3545 4391 va-

1967 4433 2126 4487 lidam
2164 4448 2283 4486 esse
2306 4440 2542 4496 teneant,
2572 4446 2677 4485 non
2711 4439 2888 4486 tamen
2914 4430 3153 4493 laudant,
3201 4427 3246 4481 si
3297 4427 3410 4491 tiat',
3443 4426 3546 4480 nisi

1967 4529 2018 4582 in
2050 4542 2179 4583 casu
2223 4536 2480 4583 extremm
2535 4524 2896 4581 necessitatis.
2945 4522 3036 4578 Sic
3066 4518 3458 4576 censentGlos.
3493 4519 3545 4572 in

1963 4637 2082 4691 cap.
2112 4620 2323 4685 Omnes,
2347 4619 2438 4683 50,
2462 4627 2652 4687 quaest.
2675 4617 2735 4684 l;
2769 4616 3042 4688 Sylvester
3069 4611 3546 4682 verboﬂonlessio,

1968 4713 2021 4779 1,
2051 4729 2106 4766 n.
2133 4711 2220 4778 17,
2247 4719 2410 4779 atque
2431 4710 2542 4763 alii.

2287 4801 2368 4856 Sit
2401 4817 2583 4854 nomen
2615 4799 2824 4854 Donum
2849 4799 3191 4853 benedictum.
