4110 5364
577 288 670 342 l9!
1038 291 1094 345 S.
1126 291 1328 345 PETRI
1371 289 1649 344 DAMIANI
1687 291 1836 346 OPP.
1863 289 2098 347 TOMUS
2138 290 2267 348 SEU
2305 288 2480 346 PARS
2516 289 2600 344 Ill.
2629 319 2700 330 —
2728 288 3092 346 OPUSCULA
3136 288 3359 344 VARIA.

581 463 3376 489 ~—————__——-_—-———a—————_——_——-

3723 288 3824 342 192

1161 600 1514 670 "9-180
1586 620 2442 736 OPUSCULUM
2527 621 3268 754 OCTAVUM.

761 846 866 908 DE
909 847 1403 908 PARENTELxE
1447 843 1864 904 GRADIBUS.
1911 843 2019 902 AD
2062 840 2432 901 JOANNEM
2474 841 2910 902 EPISCOPUM
2953 841 3622 917 CIESENATENSEM,

1360 947 1457 1005 ET
1502 945 1576 1004 D.
1621 943 1696 1003 D.
1744 938 2411 1002 ARCHIDIACONUM
2453 940 3027 1003 RAVENNATEM.

977 1102 1214 1186 Addita
1251 1102 1516 1186 ejusdem
1560 1101 1908 1180 argumenti
1951 1099 2504 1163 dissertatiuncula
2545 1100 2700 1163 alibi
2741 1102 2814 1164 ab
2845 1113 3117 1166 .auctore
3155 1103 3388 1167 habita.

559 1411 960 1474 Aacdﬁssruu.
1021 1447 1090 1456 —
1137 1417 1335 1474 Contra
1363 1419 1498 1484 juris
1549 1419 1722 1473 civilis
1747 1393 2022 1474 consultos
2052 1417 2341 1480 invehitur,
2374 1417 2463 1485 qui
2487 1415 2685 1486 gradus
2707 1417 3188 1486 consanguinitatis
3213 1432 3280 1472 ex
3305 1415 3474 1472 latere
3493 1416 3824 1474 descenden-

633 1490 763 1542 tium
794 1489 1105 1557 longissime
1122 1491 1542 1542 ennmerabant:
1577 1501 1714 1557 quos
1739 1500 1914 1544 tamen
1943 1489 2226 1553 canonica,
2258 1497 2312 1541 et
2342 1487 2522 1540 divina
2553 1487 2637 1539 lex
2674 1486 2724 1538 in
2769 1497 2961 1557 quarta
2984 1488 3334 1557 generatione
3355 1487 3658 1541 constituit.
3703 1487 3818 1541 Hac

633 1559 707 1611 illi
734 1556 1172 1627 pravaepinione
1197 1559 1406 1622 imbuti,
1429 1574 1535 1614 non
1567 1556 1884 1612 dubitabant
1913 1574 2182 1614 asserere.
2209 1558 2349 1627 inter
2379 1565 2702 1627 pronepotes
2731 1556 3132 1627 matrimonium
3153 1558 3379 1627 invicem
3399 1557 3540 1610 licite
3564 1559 3817 1612 contrahi

633 1624 810 1696 posse.
843 1630 895 1682 Id
919 1624 1080 1696 quam
1110 1629 1180 1682 sit
1203 1629 1516 1690 absurdum,
1551 1643 1817 1696 quamque
1837 1628 2117 1682 catholicae
2131 1626 2384 1681 Eeelcsim
2416 1624 3060 1690 traditionicontrarium,
3086 1626 3264 1680 multis
3290 1627 3500 1696 probat,
3530 1637 3582 1681 et
3632 1627 3824 1681 adver-

632 1699 898 1753 sariorum
918 1699 1238 1752 sententiam
1253 1698 1492 1767 pluribus
1516 1698 1813 1751 rationibus
1830 1698 2088 1750 confluat.

631 1852 1113 1908 Reverendissimls
1145 1853 1197 1906 in
1227 1852 1443 1908 Christo
1461 1853 1612 1915 viris,
1641 1852 1829 1908 JOANNI
1874 1854 2137 1909 Ctesenati
2168 1855 2214 1915 Α
2245 1853 2404 1918 vina}.
2429 1862 2483 1908 et
2516 1852 2697 1908 smculi
2729 1852 2876 1923 leges
2902 1853 3330 1924 consanguineos
3357 1853 3646 1922 appellant,
3685 1865 3744 1909 et
3766 1856 3819 1912 in

556 1944 829 2012 episcopo,
856 1951 911 1996 et
932 1943 991 1995 D.
1033 1943 1096 1995 D.
1127 1942 1509 1997 archidiacono
1539 1943 1860 2008 Ravennati,
1918 1945 2136 1998 Parens

555 2043 806 2103 peccator
828 2034 1122 2088 monachus
1145 2034 1288 2104 digni
1313 2034 1602 2090 famulatus
1629 2035 1970 2104 obsequium.

627 2147 957 2208 Ravennam,
989 2154 1048 2197 ut
1087 2145 1282 2207 nostis,
1314 2159 1487 2213 nuper
1511 2145 1640 2208 adii,
1669 2160 1829 2213 quam
1876 2160 2002 2199 mox
2044 2161 2138 2216 pe-

556 2234 776 2289 riculosi
799 2234 998 2288 erroris
1035 2235 1288 2302 scrupulo
1322 2235 1589 2288 turbatam
1617 2235 1867 2288 vacillare
1888 2237 2131 2304 cognovi.

558 2325 683 2378 Erat
707 2333 884 2378 autem
912 2324 977 2378 de
1005 2325 1490 2396 consanguinitatis
1520 2325 1772 2395 gradibus
1800 2326 2031 2396 plurima
2058 2329 2134 2381 di-

553 2413 849 2482 sreptatio;
883 2413 1172 2481 atquejam
1202 2429 1289 2468 res
1337 2429 1404 2468 eo
1452 2428 1620 2483 usque
1667 2425 2028 2483 processerat,
2076 2424 2137 2470 ut

555 2507 830 2573 sapientes
859 2505 1094 2560 civitatis
1124 2507 1173 2560 in
1207 2524 1370 2561 unum
1398 2508 1804 2574 convenientes,
1855 2510 2135 2564 sciscitan-

556 2597 702 2650 tibus
731 2596 1165 2652 Florentinomm
1195 2598 1509 2664 veredariis,
1535 2599 1586 2652 in
1611 2614 1895 2653 commune
1935 2601 2131 2655 rescri-

554 2686 779 2753 pserint,
811 2687 1093 2755 septimam
1114 2689 1513 2757 generationem
1538 2690 1794 2744 canonica
1812 2693 2135 2749 auctoritate

556 2775 829 2842 prmlixam
879 2777 948 2830 ita
987 2779 1183 2831 debere
1207 2779 1452 2848 intelligi,
1508 2789 1567 2832 ut
1594 2781 1891 2836 numeratis
1935 2762 2000 2835 ex
2028 2801 2133 2838 uno

553 2865 768 2934 generis
801 2866 966 2919 latere
991 2877 1220 2934 quatuor
1265 2869 1536 2936 gradibus,
1581 2878 1744 2938 atque
1805 2887 1870 2927 ex
1899 2872 2002 2926 alio
2034 2875 2130 2928 tri-

551 2953 565 3005 l
592 2951 811 3019 us,jure
833 2953 940 3021 jam
967 2955 1368 3009 matrimonium
1397 2972 1556 3026 posse
1575 2959 1819 3028 contrahi
1838 2961 2128 3017 videretur.

549 3045 630 3098 Ad
653 3047 995 3100 astruendam
1023 3062 1234 3116 quoque
1257 3059 1598 3119 prmposterze
1617 3051 1776 3120 hujus
1799 3051 2132 3123 allegationis

550 3137 831 3204 ineptiam,
882 3137 1008 3192 illud
1040 3140 1204 3194 etiam
1262 3141 1315 3194 in
1370 3142 1734 3196 testimonium
1772 3143 2125 3212 deducebant,

550 3226 692 3293 quod
713 3224 1048 3282 Justinianus
1077 3229 1189 3283 suis
1212 3230 1489 3284 interserit
1518 3231 1784 3288 Institntis
1811 3233 1934 3304 (lib.
1968 3252 2005 3297 ι.
2043 3237 2128 3292 tit.

547 3314 626 3368 De
657 3315 847 3381 Nu;:t.,
878 3333 1088 3385 paragr.
1116 3319 1264 3372 Inter
1288 3319 1407 3389 eas)
1438 3339 1450 3373 :
1481 3339 1499 3372 ς
1532 3321 1636 3375 Sed
1665 3339 1761 3378 nec
1791 3335 2028 3393 neptem,
2054 3327 2136 3380 in-

549 3403 689 3470 quit,
710 3403 911 3468 fratris,
943 3406 1024 3458 vcl
1053 3409 1254 3461 sororis
1279 3408 1474 3463 ducere
1512 3409 1633 3478 quis
1657 3419 1854 3477 potest,
1886 3413 2133 3480 quamvis

549 3495 602 3547 in
626 3504 819 3563 quarto
851 3499 1015 3564 gradu
1049 3499 1136 3552 sit.
1178 3519 1195 3550 ι
1227 3500 1301 3553 Ex
1329 3500 1524 3568 quibus
1554 3500 1806 3554 nimirum
1829 3503 2008 3557 verbis
2047 3503 2130 3556 in-

549 3585 795 3639 ductoria
826 3589 1069 3656 qnzedam
1119 3589 1442 3659 colligebant
1493 3600 1808 3658 argumenta
1853 3591 2128 3645 dicentes:

553 3694 572 3726 ι
609 3675 665 3729 Si
695 3678 870 3746 neptis
895 3677 1078 3733 fratris
1111 3679 1210 3732 mei
1236 3689 1430 3748 quarto
1453 3678 1564 3748 jam
1589 3694 1617 3731 a
1651 3695 1737 3734 me
1766 3681 1932 3749 gradu
1986 3680 2128 3734 divi-

548 3763 714 3827 ditur,
746 3779 1138 3835 consequenter
1169 3769 1331 3821 etiam
1367 3769 1506 3821 ﬁlius
1530 3781 1681 3821 meus
1724 3769 1932 3836 quinto,
1966 3785 2133 3840 nepos

549 3857 675 3910 item
702 3868 872 3921 sexto,
899 3875 1167 3928 pronepos
1197 3870 1374 3914 autem
1406 3876 1557 3914 meus
1584 3869 1789 3929 septem
1817 3863 1885 3915 ab
1907 3876 1967 3917 ea
2004 3880 2132 3932 pro-

546 3947 630 4000 cui
664 3948 944 4017 elongatns
969 3950 1222 4017 gradibus
1252 3951 1540 4003 invenitur.
1573 3970 1591 4002 ι
1643 3951 1708 4003 Ει
1761 3951 1979 4020 quidem
2031 3969 2131 4024 ego

547 4039 705 4092 nudis
731 4041 908 4094 verbis
942 4042 1040 4094 ista
1105 4041 1594 4110 dogmatizantilms
1645 4042 1839 4104 restiti,
1865 4058 1929 4097 ac
1974 4056 2132 4113 prout

546 4128 598 4181 in
633 4131 971 4200 expeditione
1001 4132 1245 4194 licuerat,
1273 4143 1658 4203 emergentem,
1693 4143 1753 4189 ut
1810 4135 1883 4188 ita
1937 4135 2127 4202 fatear,

545 4221 793 4277 hzeresim
821 4225 1094 4280 canonicm
1145 4226 1470 4282 testimoniis
1519 4227 1860 4283 auctoritatis
1911 4229 2125 4283 attrivi:

545 4328 651 4378 quo
685 4323 861 4368 tamen
893 4331 987 4369 vos
1014 4317 1233 4371 minime
1257 4317 1517 4381 contenti,
1553 4319 1771 4387 dignum
1803 4334 1923 4373 esse
1945 4320 2130 4375 decre—

549 4403 720 4465 vistis,
757 4413 815 4456 ut
842 4408 983 4472 quod
1011 4422 1104 4460 ore
1131 4409 1483 4476 protuleram,
1535 4409 1780 4477 apicibus
1823 4410 2125 4473 traderem;

546 4500 704 4559 atque
734 4493 807 4545 ita
849 4509 953 4546 non
982 4498 1187 4563 paucis,
1237 4501 1328 4551 sed
1360 4499 1610 4551 omnibus
1662 4499 1764 4552 hoc
1814 4513 2000 4553 errore
2030 4515 2127 4552 nn-
2156 4530 2196 4588 ρ

545 4580 804 4646 tantibus,
833 4582 974 4636 facili
1009 4586 1326 4655 compendio
1349 4589 1752 4658 responderem.

1069 4717 1296 4772 CAPUT
1331 4717 1618 4773 PRIMUM.

545 4803 698 4866 Quod
720 4805 854 4858 inter
883 4822 1011 4876 quos
1040 4818 1114 4860 est
1143 4808 1958 4890 lex/Hereditnriujsuccessionis,
1977 4814 2121 4867 nulla

1067 4889 1182 4932 sunt
1204 4881 1329 4948 jura
1354 4881 1606 4950 conjugii.

614 5003 725 5072 Ego
757 5014 936 5060 autem
968 5009 1140 5074 vobis,
1181 5019 1240 5063 ut
1292 5011 1344 5064 in
1384 5014 1658 5077 omnibus,
1707 5013 1868 5068 etiam
1923 5015 1973 5068 in
2016 5015 2119 5068 hac

540 5102 695 5158 parte
721 5091 949 5148 libenter
972 5098 1313 5168 obtempero;
1339 5101 1432 5154 sed
1482 5103 1607 5157 huic
1648 5103 1992 5174 disputationi
2042 5105 2118 5158 nil

540 5196 762 5249 prorsus
785 5182 1138 5248 adiiciendum
1173 5189 1340 5251 video,
1402 5191 1502 5246 nisi
1545 5195 1686 5262 quod
1739 5210 1767 5246 a
1823 5195 2116 5263 majoribus

545 5271 798 5324 traditum
826 5288 946 5326 esse
978 5281 1262 5345 perpendo.
1289 5281 1327 5333 A
1377 5284 1572 5350 quibus
1601 5287 1854 5340 nimirum
1908 5288 1978 5340 ita
2029 5295 2114 5339 est

2238 1937 2610 1997 haereditatem
2633 1942 2956 2010 suscipiunt,
3013 1957 3114 1996 nec
3158 1941 3338 2010 repelli
3369 1950 3612 2010 possunt.
3665 1960 3684 1992 ι
3735 1944 3822 1998 ln-

2239 2035 2582 2101 terrogentur
2614 2031 2780 2101 igitur
2801 2031 2889 2101 qui
2921 2030 2972 2084 in
3005 2029 3366 2084 tribunalibus
3406 2029 3674 2097 judicant,
3724 2035 3819 2101 qui

2236 2140 2524 2179 causarum
2572 2125 2783 2194 negotia
2829 2126 3107 2190 dirimunt,
3158 2125 3250 2194 qui
3288 2125 3597 2180 scrutandis
3639 2126 3819 2195 legum

2236 2217 2766 2281 decretisinsistunt,
2791 2216 3034 2284 nunquid
3064 2217 3109 2270 si
3151 2216 3563 2286 propinquiores
3608 2217 3815 2282 desint,

2237 2325 2407 2379 usque
2432 2311 2499 2364 ad
2530 2310 2814 2378 septimum
2843 2309 3064 2380 gradum
3091 2310 3270 2380 agnati
3295 2309 3407 2364 sive
3436 2309 3489 2364 in
3526 2309 3815 2363 haeredita-

2238 2409 2366 2463 tem,
2393 2399 2506 2454 sive
2539 2400 2591 2453 in
2629 2399 2848 2454 tutelam
2881 2415 2987 2454 non
3012 2400 3412 2454 admittuntur?
3444 2400 3497 2454 in
3544 2401 3698 2469 cujus
3723 2415 3822 2454 au—

2239 2497 2344 2544 tem
2373 2489 2741 2544 hmreditatem
2767 2505 2832 2544 ex
2855 2489 2976 2558 jure
2991 2491 3470 2560 consanguinitatis
3490 2492 3814 2555 admitteris,

2235 2596 2342 2650 quo
2365 2589 2523 2650 pacto
2548 2581 2693 2635 velut
2715 2591 3006 2637 extraneus
3035 2581 3150 2650 ejus
3183 2583 3490 2653 coniugium
3534 2583 3818 2638 sortiaris?

2237 2671 2306 2726 Ut
2347 2671 2474 2740 quid
2508 2672 2668 2726 etiam
2720 2680 2827 2727 tam
2873 2688 3099 2742 Operosa
3143 2675 3285 2728 inter
3331 2689 3516 2728 sacros
3576 2689 3816 2729 canones

2239 2761 2406 2831 ﬁgura
2438 2761 2762 2831 depingitur,
2791 2771 2849 2816 ut
2878 2778 2982 2816 non
3011 2763 3169 2818 modo
3216 2777 3378 2832 supra
3400 2763 3485 2818 vel
3522 2761 3681 2827 infra,
3713 2763 3812 2817 sed

2234 2869 2300 2907 ex
2331 2863 2560 2922 utroque
2594 2853 2758 2907 etiam
2787 2853 2974 2917 latere,
3003 2869 3094 2908 sex
3118 2855 3376 2923 gradibus
3400 2854 3735 2917 terminetur,
3763 2853 3811 2907 si

2235 2942 2461 3011 septima
2483 2943 2780 3012 generatio,
2806 2951 2863 2995 ut
2884 2952 3156 3006 asserunt,
3207 2943 3377 2997 tribus
3433 2943 3560 2996 hinc
3584 2957 3813 2996 enume-

2236 3030 2367 3085 ratis
2390 3031 2653 3100 personis,
2675 3040 2839 3100 atque
2860 3032 3004 3087 illinc
3031 3041 3261 3100 quatuor
3281 3032 3591 3102 expleatur?
3625 3031 3814 3101 Neque

2235 3124 2378 3177 enim
2399 3123 2767 3178 coaditoribus
2796 3139 3062 3179 canonum
3095 3125 3392 3178 cavendum
3417 3123 3536 3186 fuit,
3561 3139 3626 3177 ne
3654 3123 3815 3176 tritas

2235 3229 2332 3266 vus
2363 3213 2517 3277 avize,
2549 3229 2668 3281 qua:
2698 3213 2949 3266 nimirmn
2979 3214 3082 3269 sibi
3113 3214 3360 3284 trineptis
3403 3223 3517 3278 est;
3548 3213 3632 3266 vel
3665 3211 3814 3267 ﬁlius

2235 3303 2472 3373 trinepti,
2516 3304 2600 3357 cui
2650 3312 2705 3357 et
2755 3304 2869 3373 ipse
2917 3305 3142 3358 tritavus
3191 3313 3296 3368 est,
3362 3306 3416 3358 in
3467 3304 3816 3358 matrimonio

2237 3395 2389 3463 181
2425 3391 2760 3463 iungeretur.
2824 3393 2938 3462 Ipsa
2970 3408 3204 3463 namque
3242 3409 3422 3447 rerum
3469 3403 3662 3447 natura
3703 3410 3813 3449 non

2232 3485 2452 3554 palittlr,
2508 3493 2566 3536 ut
2600 3499 2848 3553 suprema
2881 3497 3112 3552 persona
3155 3483 3390 3550 inﬁmm,
3419 3483 3585 3538 etiam
3614 3485 3659 3540 si
3700 3499 3812 3539 non

2232 3582 2376 3627 esset
2400 3573 2705 3637 Inhibitum,
2740 3573 3040 3641 copuletur.

2303 3659 2406 3714 Sed
2433 3661 2573 3729 quod
2603 3661 2773 3714 sancti
2803 3661 3050 3716 doctores
3083 3661 3333 3716 humanae
3372 3661 3813 3730 consanguinita-

2234 3751 2300 3804 tis
2326 3750 2519 3805 lineam
2550 3759 2628 3805 tot
2653 3753 2904 3822 gradibus
2928 3761 3229 3812 numerant,
3265 3753 3328 3806 ad
3358 3753 3459 3806 hoc
3485 3751 3771 3806 enituntur
3793 3792 3810 3816 ,

2233 3857 2298 3894 ne
2342 3856 2585 3910 personat
2615 3857 2680 3896 ex
2711 3841 2878 3896 latere
2921 3843 3198 3897 venientes
3239 3856 3407 3909 usque
3434 3841 3499 3894 ad
3527 3839 3808 3909 praeﬁxum

2232 3930 2518 3982 terminum
2543 3944 2604 3985 se
2634 3931 2861 3985 invicem
2888 3929 3137 4002 iungant,
3166 3930 3401 4000 alioquin
3436 3939 3716 4000 postquam
3739 3929 3810 3983 ad

2201 4057 2207 4070 .
2230 4020 2572 4089 abnepotem,
2599 4035 2719 4089 qua:
2747 4021 2996 4076 videlicet
3027 4023 3152 4075 hinc
3180 4029 3371 4091 quarta
3415 4033 3642 4088 persona
3665 4027 3749 4072 est
3775 4033 3806 4072 a

2231 4113 2361 4178 ﬁlio,
2389 4123 2442 4170 et
2468 4123 2838 4185 pronepotem,
2863 4131 2982 4184 qua:
3007 4115 3150 4169 illinc
3179 4115 3350 4176 tertia,
3378 4128 3443 4166 ex
3467 4113 3655 4166 ordine
3681 4126 3807 4180 per—

2228 4205 2467 4268 venitur,
2498 4220 2594 4258 cur
2645 4206 2709 4256 ad
2741 4206 3137 4259 enumerandas
3183 4205 3360 4258 adhuc
3415 4203 3548 4256 alias
3600 4202 3804 4257 frustra

2229 4295 2527 4357 descendit,
2560 4295 2602 4348 si
2629 4294 2770 4347 nulla
2800 4309 2891 4347 cas
2913 4295 3313 4363 propinquitate
3353 4295 3492 4348 inter
3533 4308 3591 4347 se
3635 4293 3803 4347 alter-

2228 4394 2409 4440 utrum
2456 4383 2725 4453 pertinere
2772 4385 3072 4437 noverunt?
3131 4385 3297 4438 Porro
3335 4383 3465 4439 satis
3513 4398 3801 4438 onerosum

2229 4481 2408 4536 esset,
2476 4481 2636 4540 atque
2683 4471 3006 4541 superﬂuum
3058 4473 3111 4527 in
3167 4474 3490 4544 genealogis:
3544 4474 3803 4543 gradibus

2233 4561 2618 4623 describendis,
2666 4561 2785 4616 illas
2825 4562 3162 4618 extrinsecus
3209 4564 3468 4618 adhibere
3515 4577 3798 4632 personas,

2230 4668 2349 4723 quae
2396 4652 2572 4707 nullas
2619 4653 2758 4706 inter
2783 4669 2838 4707 se
2879 4653 3151 4708 afﬁnitatis
3191 4654 3432 4708 obtinent
3466 4668 3803 4721 consequen-

2233 4745 2354 4798 tias.
2386 4743 2491 4798 Sed
2524 4759 2645 4798 cum
2679 4743 2961 4798 inferiores
2989 4745 3184 4814 gradus
3215 4746 3281 4799 ab
3302 4745 3489 4799 eodem
3521 4745 3801 4798 videamus

2227 4852 2378 4904 teque
2406 4835 2766 4898 denominari,
2799 4849 2828 4886 a
2877 4850 2984 4903 quo
3021 4843 3076 4887 et
3121 4836 3427 4904 superiores
3471 4833 3796 4889 relationum

2227 4942 2448 4981 suarum
2480 4924 2738 4980 vocabula
2768 4925 3084 4988 sortiuntur,
3115 4925 3370 4980 nimirum
3391 4933 3451 4978 ut
3484 4925 3637 4992 cujus
3671 4933 3797 4978 sunt

2229 5015 2338 5080 isti,
2371 5015 2530 5079 ﬁlius,
2555 5027 2738 5083 nepos,
2783 5029 3067 5084 pronepos,
3103 5014 3360 5084 abnepos,
3408 5012 3547 5068 idem
3579 5027 3796 5082 quoque

2226 5105 2591 5169 nihilominus,
2620 5112 2676 5158 et
2703 5103 2777 5157 illi
2810 5105 2921 5157 sint
2943 5105 3196 5172 adnepos,
3223 5105 3480 5172 trinepos,
3505 5103 3643 5157 sicut
3670 5117 3790 5172 pos.

2223 5213 2404 5252 sumus
2439 5196 2648 5267 genitos
2699 5212 2727 5248 a
2784 5196 3125 5265 progenitore
3171 5195 3451 5260 dividere,
3503 5195 3582 5250 sic
3627 5195 3789 5249 etiam

2720 5285 2785 5316 ηιι
2815 5298 2922 5316 "nn
2950 5282 3203 5314 ιιίιιῖηηηη
3248 5283 3627 5314 ,ἶΛρΛΛηᾹΛ-ηοιιο
3656 5297 3755 5310 ΛΑ.-

2260 5285 2375 5322 nfqg
2403 5285 2648 5322 ᾼεεε-ἱςῃεεε
2720 5285 2786 5322 9h
2815 5298 2922 5322 smn
2950 5285 3203 5322 euq-inane
3247 5285 3629 5322 εἰςιρειρεξξὲρεξεριξ
3654 5297 3785 5322 92:2-

2891 5319 2922 5335 υ
2953 5319 3026 5335 υιι
3043 5319 3203 5350 ΙΙΙῚυυ
3247 5319 3629 5338 υυουυιιυνιιινο
3654 5319 3755 5336 ννιι

2224 5299 2376 5339 uetas
2403 5299 2679 5350 GHCimiiS,
2718 5299 2786 5338 ῗιῧ
2815 5300 2885 5336 ii}:
