4106 6320
269 353 374 410 195

899 454 1124 512 CAPUT
1160 455 1224 509 ll.

381 553 538 621 Quod
581 559 750 606 instar
795 548 1012 621 humani
1069 547 1299 621 corporis
1354 561 1444 598 seu:
1503 544 1748 613 gradibus

671 618 1094 687 consanguinitas
1135 616 1458 668 terminelur.

349 737 440 791 Sic
468 734 614 789 enim
646 745 834 786 onmes
862 729 915 783 hi
949 728 1147 797 gradus
1191 728 1257 780 ad
1285 737 1522 782 veterem
1550 729 1856 783 referuntur

262 826 562 897 originem,
612 830 667 875 ιιι
711 820 1129 874 commeantium
1179 832 1359 873 secum
1407 833 1598 872 novam
1629 834 1732 871 non
1762 817 1854 872 de—

264 924 460 970 serant
488 911 824 973 afﬁnitatem,
869 908 963 963 sed
1011 924 1078 962 ne
1111 923 1196 962 res
1221 909 1272 961 in
1303 908 1568 962 inﬁnitum
1605 907 1852 977 prodeat,

265 1014 591 1076 competens
640 1017 670 1056 a
727 1000 930 1055 sanctis
981 999 1294 1053 doctoribus
1345 1007 1486 1051 meta
1536 997 1852 1066 praeﬁgitur,

273 1099 486 1152 scilicet
533 1102 593 1147 ut
625 1105 904 1162 quousque
937 1100 1018 1144 est
1047 1089 1450 1144 successionum
1498 1089 1734 1155 reperire
1763 1101 1856 1141 vo-

275 1187 507 1247 cabula,
559 1185 716 1238 duret
749 1181 914 1235 etiam
963 1178 1312 1233 nihilominus
1359 1176 1650 1248 parentela.
1704 1175 1855 1230 Unde

275 1293 394 1332 mos
432 1275 694 1337 inolevit,
745 1281 805 1326 ut
850 1270 950 1325 sub
1004 1269 1174 1339 ﬁgura
1220 1268 1439 1322 humani
1480 1267 1720 1335 corporis
1768 1266 1855 1320 illa

275 1362 766 1436 consanguinitatis
794 1360 1084 1428 descriptio
1137 1359 1471 1428 pingeretur.
1522 1356 1673 1411 Sicut
1710 1357 1854 1410 enim

275 1471 476 1524 corpus
505 1452 735 1508 hominis
763 1466 855 1506 sex
893 1449 1052 1515 infra,
1097 1449 1426 1516 totidemque
1457 1461 1637 1514 supra,
1676 1445 1768 1515 qui
1801 1453 1858 1500 et

276 1547 378 1617 ipsi
409 1547 665 1600 dicuntur
693 1557 759 1597 ex
787 1543 976 1608 latere,
1006 1539 1251 1594 articulis
1287 1547 1539 1602 constat;
1569 1536 1710 1590 unde
1736 1544 1790 1590 et
1815 1537 1856 1606 -ι-

275 1653 441 1691 scxus
473 1636 686 1699 dicitur,
718 1633 807 1702 qui
835 1632 886 1685 in
916 1629 1092 1684 medio
1123 1638 1224 1695 est,
1264 1629 1418 1699 quasi
1449 1635 1670 1692 sextus;
1715 1625 1856 1694 quod

276 1730 536 1784 nimirum
581 1743 610 1780 a
656 1724 908 1779 secundis
953 1737 1240 1787 manuum,
1293 1722 1406 1776 sive
1451 1721 1644 1790 pedum
1676 1719 1856 1789 digitis

1177 343 1417 400 Ol'USC.
1452 341 1582 396 Vill.
1618 373 1679 381 -
1706 343 1790 396 DE
1829 340 2260 396 ΡΑΒΕΝΤΕΙΑΕ
2297 341 2664 398 GRADIBUS.

3430 343 3528 398 194

1881 473 1927 528 Α
1965 462 2119 506 terra:
2149 453 2447 507 secundum
2486 453 2696 522 species
2733 466 2858 506 suas
2895 448 3046 521 (Ceu.
3077 451 3172 514 nl;
3205 469 3224 504 ι
3267 467 3392 507 mox
3437 454 3533 508 ho-

1957 544 2188 606 minem,
2222 558 2326 598 non
2358 543 2578 608 multos,
2623 543 2717 597 sed
2762 558 2925 596 unum
2965 542 3224 609 condidit,
3274 553 3436 612 atque
3463 560 3533 600 ex

1954 635 2069 703 ejus
2113 635 2280 690 latere
2335 645 2584 700 costam,
2639 650 2708 689 ex
2757 649 2862 704 qua
2913 635 3110 689 mulier
3158 634 3530 703 formaretur,

1953 725 2160 779 eduxit.

2027 816 2095 872 Ut
2125 817 2252 886 quid
2295 817 2437 870 enim
2487 816 2828 885 omnipotens
2877 815 3020 869 Deus
3068 831 3188 869 cum
3217 834 3282 871 ex
3312 819 3525 873 caneris

1956 906 2324 959 animantibus
2373 904 2524 974 plbra
2575 905 2880 967 creaverit,
2932 920 3097 958 unum
3139 915 3425 961 contentus
3448 918 3532 961 est

1959 998 2233 1052 hominem
2269 998 2477 1052 facere:
2507 1012 2571 1050 ex
2601 1012 2708 1065 quo
2731 983 3010 1059 nimirum,
3041 1007 3296 1066 tanquam
3321 999 3534 1053 deesset

1959 1088 2185 1143 materia
2243 1087 2445 1158 figulo,
2491 1087 2806 1142 muliebrem
2867 1103 3082 1156 quoque
3129 1103 3318 1142 sexum
3367 1089 3536 1142 voluit

1953 1197 2284 1252 propagare;
2337 1181 2437 1236 nisi
2471 1189 2529 1234 ut
2555 1180 2876 1235 charitatem
2910 1180 3220 1234 hominibus
3261 1194 3537 1234 commen-

1957 1275 2136 1336 daret,
2164 1279 2218 1324 et
2248 1272 2300 1325 in
2326 1270 2551 1325 fraterni
2577 1271 2906 1326 amoris-eos
2935 1269 3141 1322 unitate
3165 1278 3536 1334 connecteret,

1963 1369 2232 1430 quatenus
2268 1360 2498 1430 propria:
2537 1359 2730 1429 origini
2782 1369 3166 1428 congruentes,
3197 1375 3534 1428 nequaquam

1955 1451 2153 1506 diversi
2194 1451 2466 1505 resilirent
2511 1459 2713 1513 mente,
2763 1449 2854 1516 qui
2885 1463 3050 1502 unum
3082 1449 3443 1516 probarentur
3471 1464 3538 1502 ex

1957 1543 2222 1613 corpore?
2252 1541 2404 1597 Unde
2434 1549 2489 1594 et
2517 1539 2712 1593 Paulus
2747 1539 2852 1593 ait:
2901 1558 2918 1589 ι
2944 1537 3122 1593 Unum
3154 1553 3369 1608 corpus,
3396 1554 3536 1592 unus

1957 1634 2214 1702 spiritus,
2262 1635 2403 1688 sicut
2444 1633 2619 1687 vocati
2663 1632 2794 1686 estis
2841 1632 2894 1685 in
2945 1646 3053 1684 una
3100 1647 3196 1700 spe
3237 1629 3538 1684 vocationis

1955 1734 2150 1781 vestrae
2181 1725 2396 1795 (Epltes.
2439 1727 2569 1795 tv)»
2606 1723 2992 1778 Verumtamen
3023 1737 3146 1777 cum
3189 1721 3420 1775 affinitas
3450 1737 3542 1792 ge-

275 1820 435 1875 facile
474 1828 556 1874 est
602 1815 872 1871 inveniri:
908 1815 980 1867 ita
1023 1813 1278 1866 nimirum
1304 1821 1358 1865 et
1385 1811 1472 1865 illa
1504 1810 1862 1866 successionis
1893 1816 1936 1874 Β
1966 1817 2111 1870 neris
2168 1815 2412 1885 elongata
2467 1813 2734 1876 discedit,
2786 1813 3035 1867 humana:
3082 1811 3365 1880 pravitatis
3407 1812 3548 1873 vitio

275 1910 527 1963 humana:
574 1906 741 1976 ﬁgura
785 1903 930 1958 senis
978 1903 1163 1972 utique
1211 1901 1461 1970 superius
1505 1908 1558 1954 et
1612 1897 1859 1965 inferius,

272 2008 440 2068 atque
469 1998 521 2050 in
553 1996 659 2060 his,
687 1994 778 2064 qui
807 2008 873 2048 ex
899 1992 1070 2046 latere
1114 1991 1358 2056 veniunt,
1389 1990 1645 2061 gradibus
1675 1988 1861 2042 terrui-

275 2101 477 2145 natur:
507 2100 814 2157 quanquam
843 2084 910 2138 ad
940 2082 1316 2154 propensionis
1345 2081 1567 2136 cautela:
1597 2080 1854 2150 gratiam,

274 2189 331 2236 et
387 2179 616 2248 septima
663 2175 748 2230 his
791 2175 864 2228 sit
920 2173 1198 2243 generatio
1243 2176 1636 2240 consequenter
1685 2183 1862 2221 annu-

275 2285 426 2324 mera
435 2277 509 2322 ta.

350 2356 607 2426 Quisquis
635 2369 765 2425 ergo
792 2353 908 2408 vult
936 2353 1076 2407 inter
1104 2366 1220 2417 eos,
1250 2351 1344 2421 qui
1384 2351 1452 2405 ab
1481 2363 1587 2403 uno
1617 2361 1681 2401 ex
1715 2354 1862 2400 utra-

275 2465 388 2520 que
425 2457 581 2518 parte
608 2445 962 2508 descendunt,
1017 2458 1188 2512 usque
1240 2442 1307 2496 ad
1358 2442 1604 2496 ultimum
1634 2438 1860 2508 gradum

277 2539 622 2613 cognationis
661 2539 783 2608 jura
824 2536 1163 2598 rescindere,
1209 2535 1481 2588 fateantur
1523 2545 1736 2600 quoque
1765 2543 1862 2583 ne-

278 2641 433 2688 cesse
459 2639 563 2696 est,
599 2631 822 2684 dextera
850 2627 1084 2682 hominis
1108 2625 1343 2681 membra
1369 2623 1627 2678 membris
1649 2618 1860 2676 sinistri

279 2727 468 2781 lateris
501 2723 722 2778 minime
763 2720 1072 2791 pertinere;
1109 2729 1272 2788 atque
1325 2725 1385 2771 ut
1439 2714 1581 2785 quod
1628 2713 1860 2768 dicimus

279 2814 539 2884 liquidius
578 2812 865 2871 elucescat,
898 2811 988 2878 qui
1040 2809 1356 2878 trinepotem
1399 2807 1467 2860 ab
1499 2819 1584 2868 ea,
1635 2819 1754 2872 qua:
1783 2803 1863 2855 al-

282 2907 554 2960 trinsecus
581 2910 696 2966 est,
725 2901 989 2970 trinepte,
1040 2897 1314 2952 afﬁnitatis
1357 2895 1571 2949 vinculo
1625 2893 1860 2947 solutum

281 2995 506 3064 iudicat,
538 2993 680 3046 inter
713 2990 926 3060 digitos,
958 2989 1154 3057 quibus
1184 2987 1298 3041 haec
1321 2986 1521 3049 scribo,
1551 2993 1604 3037 et
1630 2983 1862 3038 sinistra:

285 3099 478 3139 manus
531 3081 786 3137 articulos
837 3079 1268 3135 communionem
1315 3077 1501 3131 deesse
1550 3075 1857 3130 contendat.

1961 1905 2112 1974 quasi
2156 1907 2404 1958 submoto
2435 1902 2622 1956 fomite
2659 1901 2859 1956 amoris
2896 1900 3109 1954 flamma
3157 1901 3418 1970 frigescit.
3457 1899 3540 1953 Ad

1961 1994 2320 2061 reparandum
2345 2007 2474 2062 ergo
2495 2001 2693 2046 mutua:
2714 1991 2999 2045 charitatis
3026 1989 3316 2059 igniculum
3354 2004 3542 2043 accur-

1963 2091 2091 2138 runt
2119 2083 2346 2140 subinde
2375 2082 2580 2138 ftedera
2611 2082 2941 2150 nuptiarum.
2969 2081 3256 2136 Enimvero
3282 2083 3408 2152 quia
3444 2096 3540 2136 sex

1960 2175 2213 2229 aetatibus
2237 2183 2292 2229 et
2318 2175 2501 2228 mundi
2538 2183 2749 2243 tempus
2770 2172 3056 2238 evolvitur,
3097 2182 3153 2227 et
3184 2174 3542 2228 humanitatis

1960 2265 2070 2318 vita
2095 2265 2300 2329 ﬁnitur,
2325 2266 2439 2335 ipsa
2470 2277 2676 2318 natura;
2697 2265 2778 2318 vis
2799 2266 3023 2333 praabet,
3049 2275 3108 2320 ut
3128 2280 3300 2335 usque
3324 2267 3390 2320 ad
3417 2281 3542 2320 sex-

1964 2363 2076 2408 tum
2105 2353 2525 2424 propinquitatis
2569 2353 2797 2424 gradum
2829 2369 3121 2423 germanus
3147 2371 3315 2422 amor
3348 2357 3402 2410 in
3439 2357 3543 2409 hu-

1961 2445 2138 2499 manis
2170 2446 2468 2501 visceribus
2515 2447 2730 2515 sapiat,
2781 2456 2834 2500 et
2881 2447 3274 2515 quodammodo
3321 2448 3543 2502 odorem

1965 2536 2110 2590 inter
2135 2553 2193 2592 se
2219 2538 2466 2608 genuina:
2497 2538 2773 2592 societatis
2803 2539 3032 2593 emittat.
3072 2537 3172 2594 Ubi
3215 2548 3394 2594 autem
3430 2554 3547 2592 ma-

1963 2645 2064 2684 nus
2091 2631 2598 2702 consanguinitatis,
2649 2645 2770 2700 quae
2818 2640 3034 2700 captum
3084 2646 3114 2684 a
3159 2644 3219 2685 se
3269 2630 3542 2694 trahebat,

1962 2719 2183 2782 deﬁcit,
2231 2719 2374 2773 illico
2404 2719 2735 2772 matrimonii
2768 2733 2963 2783 uncus,
3009 2733 3118 2788 quo
3152 2717 3364 2789 fugiens
3389 2733 3547 2772 revo-

1961 2819 2137 2874 cetur,
2163 2810 2420 2864 occurrit.

2576 2898 2802 2953 CAPUT
2843 2898 2930 2951 IV.

1997 2993 2149 3059 Quod
2194 2992 2383 3063 quibus
2423 3000 2497 3046 est
2525 2992 2619 3060 jus
2658 2991 3018 3071 limi'editatis,
3059 2999 3132 3045 est
3163 2999 3212 3043 et
3251 2990 3474 3060 afﬁnitas

2643 3077 2867 3130 generis.

283 3176 391 3229 Sed
423 3174 546 3228 huic
575 3186 753 3241 prava:
776 3169 1060 3224 assertioni
1101 3167 1360 3223 reclamat
1392 3165 1696 3235 Apostolus,
1735 3180 1858 3219 cum
1889 3155 1932 3216 C
2037 3170 2178 3240 sed,
2218 3179 2280 3228 υι
2318 3171 2384 3227 de
2431 3171 2643 3226 umeris
2689 3170 2872 3224 sueam
2904 3209 2918 3235 ,
2967 3170 3136 3223 miro.-
3180 3169 3368 3223 sauem
3414 3168 3547 3237 legis

283 3266 447 3318 dicit:
482 3281 502 3314 ι
532 3261 685 3317 Sicut
713 3260 852 3315 enim
903 3274 1100 3328 corpus
1143 3274 1310 3313 unum
1361 3265 1466 3322 cst,
1519 3263 1572 3311 et
1618 3255 1860 3309 membra

285 3357 450 3412 habet
483 3355 682 3418 multa;
733 3353 913 3406 omnia
967 3359 1146 3406 autem
1189 3348 1430 3403 membra
1461 3347 1704 3418 corporis
1739 3361 1861 3400 cum

287 3447 449 3516 182
489 3445 598 3500 sint
644 3441 808 3496 multa
838 3479 853 3506 ,
907 3455 1070 3494 unum
1109 3453 1302 3508 corpus
1327 3447 1453 3492 sunt
1479 3435 1529 3508 (I
1552 3435 1674 3489 Cor.
1705 3433 1856 3504 χιι).›

287 3539 442 3591 Sicut
475 3549 603 3605 ergo
634 3533 796 3588 multa
849 3530 1089 3585 membra
1133 3545 1229 3599 per
1275 3527 1744 3598 participationem
1780 3525 1862 3579 sui

289 3627 452 3680 totius
477 3623 636 3679 simul
660 3629 875 3686 coeunt,
908 3628 968 3674 ut
994 3634 1158 3672 unum
1191 3619 1442 3673 dicantur
1466 3614 1862 3686 irreprehensi-

286 3716 469 3769 biliter
495 3728 724 3782 corpus;
759 3711 829 3764 ita
877 3709 1128 3762 nimirum
1177 3707 1407 3762 diversa:
1453 3720 1716 3776 personae,
1745 3718 1865 3773 qua:

287 3806 356 3861 ab
407 3819 514 3858 uno
555 3801 896 3873 progenitore
941 3797 1300 3855 communiter
1348 3797 1646 3867 prodeunt,
1698 3805 1864 3848 unum

287 3903 414 3950 sunt
440 3893 630 3963 procul
655 3891 815 3948 dubio
837 3905 1025 3961 genus.

906 4000 1132 4056 CAPUT
1170 3999 1256 4054 Ill.

361 4097 470 4150 Cur
498 4095 637 4150 Deus
663 4095 716 4148 in
737 4092 989 4214 primipilo
1015 4108 1174 4171 unum
1196 4088 1520 4144 solummodo
1546 4087 1794 4141 creaverit

963 4176 1226 4214 tonantem.

963 4176 1226 4216 toumtem.

357 4255 566 4310 Idcirco
589 4261 767 4308 autem
790 4250 1120 4306 matrimonii
1143 4250 1230 4304 lex
1259 4257 1404 4302 tanta
1431 4247 1728 4317 magisterii
1749 4253 1866 4301 arte

289 4347 393 4401 sub
443 4343 810 4400 ecclesiastica
853 4340 1138 4410 disciplina
1188 4338 1552 4409 componitur,
1584 4345 1642 4391 ut
1670 4346 1869 4391 mutua:

289 4437 578 4493 charitatis
602 4433 873 4490 vinculum
899 4435 1040 4487 inter
1073 4431 1321 4486 homines
1350 4429 1654 4485 necessario
1686 4436 1867 4481 tenea-

292 4537 400 4592 tur,
429 4525 701 4589 videlicet,
726 4534 784 4578 ut
805 4537 1082 4593 quousque
1111 4521 1470 4576 successionis
1495 4523 1628 4574 ordo
1658 4527 1865 4588 protra-

289 4623 463 4679 hitur.
493 4621 728 4675 vicarius
762 4633 916 4672 amor
954 4616 1185 4688 proximi
1226 4630 1291 4669 ex
1333 4617 1444 4684 ipsa
1491 4613 1867 4683 germanitatis

290 4713 692 4768 necessitudine
733 4709 1053 4780 praebeatur.
1099 4706 1232 4762 Cum
1264 4715 1447 4760 autem
1489 4704 1865 4758 deﬁcientibus

291 4803 570 4860 vocabulis
608 4801 789 4857 deﬁcit
831 4801 945 4871 jam
987 4813 1156 4869 genus
1206 4795 1582 4868 cognationis,
1628 4795 1866 4849 occurrit

293 4897 545 4965 protinus
572 4893 655 4947 lex
682 4890 1034 4956 matrimonii,
1071 4899 1124 4946 et
1165 4889 1390 4960 jamjam
1423 4887 1638 4958 longius
1665 4886 1868 4942 abeun-

293 4995 402 5039 tem
429 4983 585 5052 quasi
616 4981 908 5052 fugientem
939 4989 1177 5045 revocat,
1209 4989 1265 5033 et
1305 4978 1541 5046 antiqua:
1561 4975 1866 5031 dilectionis

296 5076 440 5129 inter
467 5088 636 5128 novos
660 5073 912 5126 homines
949 5069 1072 5138 jura
1111 5068 1389 5124 reformat.
1426 5067 1538 5123 Nec
1580 5067 1776 5122 mirum
1821 5066 1866 5120 si

298 5167 348 5219 in
375 5163 701 5237 generandis
732 5161 1037 5217 hominibus
1063 5160 1316 5215 charitati
1359 5159 1658 5214 consulitur
1681 5198 1694 5222 ,
1743 5172 1867 5212 cum

297 5257 350 5310 in
383 5255 632 5310 creandis
662 5267 877 5323 quoque
925 5252 1156 5322 idipsum
1205 5252 1347 5306 Deus
1399 5265 1580 5305 rerum
1627 5249 1866 5304 omnium

297 5345 583 5408 conditor,
633 5358 954 5414 procurasse
996 5343 1262 5398 videatur.
1314 5342 1446 5396 Nam
1494 5357 1615 5396 cum
1668 5343 1720 5395 in
1752 5341 1868 5410 ipso

297 5447 508 5492 natura:
533 5435 839 5506 incipientis
864 5435 1105 5497 exordio.
1142 5449 1211 5489 ex
1253 5434 1478 5502 singulis
1506 5434 1869 5487 animantibus

300 5543 406 5582 non
428 5541 560 5592 una,
591 5527 685 5581 sed
710 5525 876 5580 multa
900 5532 1160 5589 creasset,
1184 5523 1324 5578 sicut
1355 5523 1579 5594 legitur:
1617 5541 1634 5572 ε
1655 5522 1869 5576 (λτθθγίι

299 5616 443 5671 Deus
477 5624 598 5671 cete
625 5616 851 5686 grandia
883 5613 1036 5686 (Gen.
1070 5610 1142 5685 t)’;
1169 5633 1186 5664 ›
1218 5622 1271 5669 et
1298 5613 1456 5683 paulo
1484 5622 1606 5682 post
1641 5630 1654 5665 :
1700 5631 1718 5662 ι
1738 5612 1868 5666 Pro-

300 5705 485 5774 ducat,
518 5705 713 5776 inquit,
749 5703 1182 5774 terrajumenta,
1229 5711 1284 5758 et
1309 5703 1545 5774 reptilia,
1576 5711 1628 5757 et
1665 5701 1867 5757 bestias

1893 4489 1944 4547 D

1965 3262 2168 3331 peritos
2204 3263 2278 3316 ita
2307 3261 2546 3330 potuisse
2597 3260 2870 3328 desipere,
2917 3268 2977 3312 ut
3012 3260 3251 3328 subjecta
3294 3259 3452 3329 183
3487 3260 3549 3312 ti-

1965 3371 2095 3425 gura
2131 3395 2145 3419 ,
2208 3353 2383 3408 oculis
2439 3352 2726 3407 videantur
2779 3352 2833 3406 in
2882 3351 3236 3421 supputandis
3291 3353 3548 3421 gradibus

1965 3444 2220 3515 caligare.
2255 3444 2354 3509 Qui
2380 3442 2635 3496 nimirum
2665 3443 2792 3496 dum
2817 3451 3066 3510 quartum
3089 3441 3300 3512 generis
3324 3442 3547 3510 gradum

1964 3545 2210 3591 octavum
2245 3533 2468 3599 faciunt,
2517 3533 2646 3603 quid
2689 3547 2852 3601 super
2900 3533 3004 3587 hac
3050 3541 3202 3602 parte
3233 3532 3396 3586 etiam
3438 3548 3549 3586 sure

1966 3629 2112 3699 leges
2143 3626 2436 3692 deﬁniant,
2484 3640 2593 3680 non
2641 3625 2946 3679 attendunt.
2995 3623 3100 3679 Sed
3142 3633 3200 3678 ut
3241 3625 3306 3677 ad
3341 3623 3546 3678 exitum

1967 3719 2177 3775 facilius
2202 3717 2382 3772 valeat
2409 3715 2699 3786 pervenire
2720 3715 2861 3783 quod
2887 3713 3136 3776 dicimus,
3169 3727 3354 3767 sacros
3382 3727 3549 3766 cano-

1967 3821 2064 3862 nes
2097 3823 2222 3862 cum
2250 3806 2379 3874 ipsis
2411 3803 2696 3858 mundanis
2725 3801 2929 3871 legibus
2968 3803 3328 3857 conferamus.
3375 3800 3550 3854 liabet

1967 3910 2145 3954 autem
2194 3899 2295 3954 hoc
2335 3897 2604 3951 Meldense
2633 3894 2954 3949 concilium:
2994 3912 3012 3944 ι
3037 3894 3110 3947 De
3137 3892 3397 3946 afﬁnitate
3419 3930 3433 3957 ,
3469 3892 3552 3944 in-

1969 3990 2110 4059 quit,
2133 3989 2414 4056 sanguinis
2435 4002 2532 4056 per
2560 3986 2761 4055 gradus
2788 3985 3124 4053 cognationis
3153 3983 3351 4052 placuit
3378 3996 3548 4050 usque

1969 4079 2256 4148 septimam
2293 4077 2696 4146 generationem
2741 4075 3085 4130 observare.»
3129 4073 3260 4126 Nam
3290 4082 3341 4127 et
3372 4073 3549 4126 hrere-

1970 4171 2113 4225 ditas
2141 4185 2322 4224 rerum
2366 4185 2463 4239 per
2502 4167 2700 4238 legales
2743 4166 3083 4221 deﬁnitiones
3113 4165 3353 4218 sancitur
3376 4178 3548 4231 usque

1971 4260 2040 4316 ad
2065 4260 2350 4329 septimum
2394 4257 2617 4328 gradum
2648 4255 2982 4325 praetendere
3013 4253 3284 4307 haeredum
3328 4267 3546 4305 succes-

1973 4351 2212 4405 sionem:
2251 4364 2356 4402 non
2396 4347 2538 4401 enim
2574 4345 2958 4408 succederent,
3008 4343 3110 4396 nisi
3156 4342 3236 4395 eis
3260 4341 3326 4395 de
3352 4355 3548 4411 propa-

1974 4440 2098 4511 gine
2123 4436 2461 4510 c0gnationis
2495 4435 2800 4491 deberetur.

2047 4531 2352 4585 Secundum
2377 4530 2478 4584 hoc
2505 4529 2668 4597 igitur
2689 4526 2970 4581 sententia:
2994 4523 3264 4596 synodalis
3287 4525 3545 4588 edictum,

1976 4620 2063 4675 cui
2089 4619 2347 4689 competit
2365 4617 2456 4686 jus
2477 4616 2827 4681 Itasrcditatis,
2852 4615 3111 4684 competit
3142 4616 3304 4668 etiam
3331 4615 3549 4683 propin-

1978 4711 2157 4780 quitas
2185 4709 2418 4779 generis.
2447 4707 2633 4777 Neque
2657 4708 2822 4772 enim,
2849 4716 2908 4760 ut
2933 4707 3150 4784 dicitur,
3180 4707 3231 4759 in
3267 4706 3546 4761 haeredita-

1976 4809 2084 4854 tem
2117 4799 2509 4860 succederent,
2564 4797 2666 4851 nisi
2717 4796 2783 4850 ad
2817 4797 3155 4866 cognationis
3199 4795 3542 4864 propaginem

1974 4888 2326 4956 pertinerent.
2355 4888 2425 4939 At
2452 4887 2537 4939 hic
2564 4884 2787 4939 forsitan
2835 4887 3188 4955 respondetur
3207 4923 3221 4947 ,
3251 4884 3375 4952 quia
3403 4883 3544 4951 quod

1969 4977 2056 5032 his
2080 4976 2260 5031 verbis
2281 4985 2484 5045 septem
2509 4975 2883 5044 generationes
2911 4973 3188 5027 observari
3213 4971 3544 5040 praecipitur,

1971 5083 2313 5138 nequaquam
2346 5067 2449 5122 illis
2479 5067 2692 5130 attinet,
2723 5066 2813 5134 qui
2845 5081 2910 5120 ex
2963 5065 3129 5120 latere
3155 5064 3414 5119 veniunt:
3453 5065 3546 5118 sed

1970 5155 2038 5209 ad
2062 5171 2154 5210 eos
2181 5157 2376 5224 potius,
2405 5154 2498 5225 qui
2529 5163 2674 5208 recta
2699 5153 2840 5206 linea
2865 5168 2894 5206 a
2929 5169 3182 5222 supremo
3204 5155 3546 5223 progenitore

1972 5247 2327 5302 descendunt.
2360 5245 2464 5301 Sed
2495 5246 2540 5300 si
2568 5243 2872 5311 huiusmodi
2909 5246 3151 5315 personis
3200 5247 3282 5301 vel
3325 5246 3392 5298 ad
3424 5259 3547 5299 suc-

1976 5341 2293 5405 cedendum,
2323 5340 2406 5394 vel
2438 5339 2504 5394 ad
2531 5339 2924 5408 conjugandum
2951 5339 3239 5396 terminum
3270 5339 3545 5407 Scriptura

1977 5432 2300 5503 praeﬁgeret,
2324 5430 2566 5502 profecto
2591 5445 2703 5486 rem
2729 5430 2992 5486 inﬁnitam
3022 5433 3266 5503 angustis
3289 5432 3548 5486 limitibus

1978 5533 2308 5585 coarctaret,
2343 5522 2647 5579 Iustiniano
2699 5533 2872 5589 teste,
2916 5526 3006 5594 qui
3049 5526 3177 5582 dicit
3218 5523 3412 5595 (lnstit.
3453 5522 3543 5574 lib.

1978 5629 2018 5678 t,
2052 5615 2132 5668 tit.
2173 5614 2250 5668 De
2279 5623 2445 5683 nupt.,
2477 5629 2692 5685 paragr.
2741 5614 2880 5684 Ergo
2929 5633 3033 5670 non
3081 5618 3319 5683 omnes):
3365 5612 3549 5667 «lutet-

1978 5719 2072 5757 eas
2099 5719 2383 5776 personas,
2429 5719 2549 5774 qua!
2594 5717 2873 5774 parentqu
2904 5745 2918 5771 ,
2964 5704 3323 5762 liberorumve
3368 5701 3541 5755 locum
