4110 5364
501 275 606 332 195

961 274 1019 329 5.
1054 272 1256 330 PETRI
1295 269 1580 327 DAMIANI
1619 270 1770 328 OPP.
1801 267 2039 327 TOMUS
2079 264 2209 323 SEU
2243 267 2425 324 PARS
2463 262 2551 324 Ill.
2579 299 2644 307 ——
2666 258 3032 327 OPUSCULA
3073 270 3300 326 VARlA.

3661 275 3768 332 196

502 393 647 450 inter
665 407 726 448 se
745 389 1013 454 obtinent,
1039 388 1240 458 nuptiae
1260 386 1506 442 contrahi
1530 401 1636 440 non
1666 394 1888 457 possunt
1920 402 1932 437 :
1967 382 2079 437 vcl-
2108 381 2161 442 Α
2185 381 2348 436 etiam
2379 383 2509 452 quid
2538 384 2840 440 Romanum
2879 393 3098 441 censeat
3132 384 3200 441 de
3233 386 3551 457 cognatione
3584 390 3769 444 conci-

502 494 565 540 ut
617 486 758 538 inter
797 489 1010 552 patrem
1055 487 1112 534 et
1161 478 1324 532 ﬁliam
1350 517 1366 543 ,
1409 479 1584 531 aviam
1627 486 1683 532 et
1724 485 1994 546 nepotem,
2025 484 2080 528 et

504 589 673 644 usque
702 573 767 627 ad
795 558 1114 626 infinitumn
1169 569 1358 622 Restat
1407 583 1538 637 ergo
1583 577 1643 620 ut
1694 565 2077 634 intelligamus,

503 664 624 732 quia
649 663 701 716 in
730 661 813 716 his
836 658 1101 730 personis,
1126 672 1245 725 quae
1265 656 1586 710 altrinsecus
1611 655 1852 718 veniunt,
1875 663 2079 722 septem

503 751 883 823 generationes
918 741 1212 805 observare
1242 747 1517 801 debemus;

1126 843 1356 916 CAPUT
1399 860 1459 914 v.

555 956 617 1012 In
663 956 788 1028 legis
839 955 1033 1027 perilbs
1082 953 1378 1028 inre/titur,
1425 951 1552 1028 quos
1604 962 1651 1005 et
1711 945 1775 1004 de
1808 951 2033 1021 propriis

1074 1023 1268 1090 legibus
1292 1023 1542 1074 convenit.

574 1117 730 1172 Nunc
757 1117 923 1187 igitur
952 1114 1308 1182 inquit-alnus,
1360 1125 1390 1163 a
1433 1111 1641 1166 duobus
1671 1111 1942 1181 germanis
1968 1109 2078 1164 fra-

505 1207 676 1260 tribus
701 1205 1109 1266 descendentes,
1134 1210 1298 1270 qu‘oto
1340 1201 1508 1271 gradu
1555 1202 1659 1255 sibi
1692 1195 1920 1255 invicem
1956 1215 2082 1270 pos-

503 1305 629 1349 sunt
658 1296 709 1348 in
743 1293 1114 1348 haereditatem
1139 1291 1469 1345 succedere?
1496 1289 1602 1345 Vos
1630 1291 1826 1356 denuo,
1849 1290 2079 1358 judices,

503 1387 760 1454 alloquor,
785 1399 880 1438 vos
903 1383 966 1438 de
996 1383 1113 1454 lege
1143 1391 1322 1436 vestra
1352 1383 1614 1436 convenio
1640 1397 1655 1435 :
1693 1398 1806 1446 vos,
1835 1383 2077 1452 inquam,

502 1482 636 1554 legis
659 1482 836 1552 periti,
862 1481 952 1550 qui
977 1479 1098 1547 jura
1127 1479 1444 1533 scrutamini
1466 1519 1480 1543 ,
1510 1479 1598 1547 qui
1639 1495 1830 1533 causas
1865 1495 2082 1549 perora-

504 1573 592 1637 tis,
634 1573 847 1640 inquiro
876 1589 890 1624 :
934 1569 1122 1623 Utrum
1153 1569 1218 1632 is,
1248 1569 1339 1638 qui
1373 1577 1526 1622 sexto
1553 1569 1762 1623 Ioco’ab
1783 1586 1889 1624 uno
1917 1555 2082 1624 fratre

503 1662 804 1726 descendit,
831 1661 953 1731 jure
986 1668 1210 1713 vocetur
1258 1659 1310 1711 in
1357 1660 1723 1713 haereditatem
1775 1659 1942 1724 illius,
1988 1659 2080 1729 qui

2180 469 2330 526 lium.
2366 491 2383 525 ‹
2405 473 2462 528 Si
2503 474 2659 544 quis,
2706 475 2900 545 inquit,
2931 476 2997 531 dc
3038 471 3256 544 propria
3287 476 3642 545 cognatione,
3671 479 3763 533 vel

2181 576 2342 630 quam
2389 573 2652 633 cognatus
2693 564 2902 632 habuit,
2953 565 3007 619 in
3053 565 3303 636 conjugio
3345 565 3581 633 duxerit,
3626 581 3767 622 ana-

2183 651 2363 705 thema
2392 651 2480 706 sit.
2498 672 2515 705 ι

2797 743 3025 800 CAPUT
3065 745 3154 800 Vl.

2217 832 2370 900 Quod
2405 835 2761 906 generationes
2783 876 2797 899 ,
2823 851 2940 906 quia
2975 835 3215 905 utrinque
3234 835 3298 888 ab
3322 849 3424 890 uno
3445 837 3726 906 prodeunt,

2529 905 2743 958 debeant
2782 905 3086 974 simpliciter
3129 907 3416 960 numerari.

2253 1017 2556 1071 Debuerant
2586 1017 2798 1086 quidem
2844 1016 2959 1086 jam
2996 1019 3112 1075 haec
3153 1033 3325 1089 pauca
3352 1019 3616 1088 sufﬁcere,
3645 1021 3694 1076 si
3726 1021 3763 1077 ii

2180 1123 2303 1162 cum
2340 1108 2534 1178 quibus
2565 1123 2698 1178 ago,
2732 1117 2918 1178 utpote
2948 1109 3131 1164 litibus
3176 1113 3405 1176 assueti,
3451 1111 3655 1167 scirent
3711 1112 3765 1166 in

2183 1200 2615 1254 controversiam
2643 1215 2816 1270 pauca
2845 1215 3082 1256 movere.
3123 1200 3258 1255 Illud
3295 1201 3478 1271 itaque
3507 1203 3608 1258 sub
3633 1217 3768 1257 ocu-

2181 1290 2261 1345 los
2292 1306 2642 1356 revocamus,
2693 1292 2835 1362 quod
2862 1292 3167 1348 causidicos
3199 1302 3412 1349 nostros
3441 1308 3506 1347 ex
3539 1295 3652 1348 suis
3683 1293 3765 1346 le-

2184 1383 2340 1454 gibus
2363 1381 2520 1436 nobis
2543 1381 2806 1451 objccisse
2828 1398 2991 1453 supra
3021 1383 3322 1447 retulimus,
3346 1384 3597 1438 videlicet
3622 1383 3768 1453 quod

2183 1487 2399 1547 neptem
2427 1475 2640 1542 fratris,
2684 1477 2766 1532 vel
2797 1477 3001 1532 sororis
3031 1477 3229 1531 ducere
3259 1477 3382 1545 quis
3416 1492 3524 1531 non
3557 1485 3764 1546 potest,

2184 1567 2432 1636 quamvis
2462 1575 2656 1635 quarto
2700 1566 2866 1638 gradu
2915 1567 3004 1620 sit.
3055 1565 3298 1634 Cumque
3349 1566 3404 1620 in
3457 1565 3770 1621 astruendis

2183 1655 2414 1724 propriis
2451 1655 2864 1724 allegationibus
2890 1655 3087 1724 saepius
3125 1655 3288 1709 verba
3316 1655 3430 1709 hazc
3465 1656 3765 1710 iterarent:

503 1759 570 1806 ex
601 1751 772 1804 altero
817 1759 967 1804 sexta
1022 1763 1208 1802 rursus
1259 1749 1602 1816 generatione
1651 1750 1927 1817 procedit?
1976 1728 2082 1802 Sed
2112 1728 2155 1784 Β
2187 1747 2381 1802 deinde
2420 1747 2812 1813 ratiocinando,
2856 1746 3198 1809 assumenda,
3233 1746 3554 1816 colligendo,
3584 1745 3772 1800 multis

501 1848 652 1895 certe
682 1840 865 1908 negari
895 1840 1116 1894 omnino
1141 1854 1245 1891 non
1267 1847 1463 1907 potest,
1488 1839 1616 1907 quin
1643 1839 1686 1892 si
1713 1839 1850 1893 alter
1873 1850 2082 1902 eorum,

503 1943 638 1996 quos
665 1927 1042 1997 preposuimns
1069 1965 1083 1988 ,
1133 1925 1418 1979 intestatus
1467 1927 1696 1978 moritur
1720 1967 1734 1990 ,
1785 1943 1905 1980 eum
1940 1925 2084 1978 nulla

501 2026 677 2073 exstet
716 2031 948 2088 persona
997 2010 1357 2087 prepinquior
1384 2055 1398 2079 ,
1442 2014 1576 2068 alter
1617 2016 1667 2068 in
1715 2017 2084 2069 [nereditatem

501 2107 620 2176 ejus
644 2105 852 2176 legibus
879 2105 1199 2159 admittatur
1222 2146 1237 2170 ,
1290 2113 1472 2172 atque,
1507 2113 1563 2156 ut
1591 2104 1690 2173 ipsi
1719 2104 1960 2157 debeatis
1992 2121 2086 2172 ap-

503 2198 734 2266 probare
762 2198 907 2268 quod
937 2197 1199 2260 dicimus,
1249 2197 1314 2250 de
1363 2195 1559 2249 vestris
1587 2211 1776 2250 rursus
1819 2195 2086 2249 lnstitutis

506 2289 883 2344 testimonium
923 2289 1280 2360 proferamus.
1323 2285 1528 2338 Dicitur
1557 2287 1700 2339 enim
1745 2285 1859 2360 (lib.
1893 2301 1971 2351 ιιι,
2001 2285 2082 2338 tit.

504 2379 580 2434 De
609 2379 750 2450 legit.
778 2390 958 2449 agnat.
988 2395 1234 2443 success.,
1264 2391 1478 2445 paragr.
1517 2353 1800 2443 therumj
1831 2394 1841 2425 :
1885 2394 1901 2425 ι
1942 2376 2087 2430 Inter

505 2471 774 2525 masculos
801 2471 1108 2540 agnationis
1127 2470 1248 2540 jure
1280 2466 1585 2530 hmreditas,
1615 2466 1778 2520 etiam
1809 2466 1852 2520 si
1885 2465 2085 2534 lengis-

504 2563 642 2618 simo
673 2563 841 2633 gradu
873 2563 1002 2627 sint,
1034 2562 1209 2624 ultro,
1253 2560 1498 2628 citroque
1537 2558 1800 2627 capitur.»
1835 2557 1902 2611 Et
1930 2558 2091 2626 paulo

503 2662 666 2722 post:
713 2672 731 2704 ι
755 2651 978 2707 Maseuli
1027 2665 1156 2705 vero
1187 2649 1253 2703 ad
1289 2663 1472 2702 eorum
1518 2647 1765 2701 videlicet
1797 2646 2087 2702 mulierum

505 2747 872 2810 baereditates,
906 2744 1069 2799 etiam
1101 2742 1147 2796 si
1179 2741 1490 2811 longissimo
1518 2741 1684 2810 gradu
1715 2741 1844 2805 sint,
1893 2740 2090 2795 admit-

506 2846 743 2892 tantur.»
799 2837 856 2890 Si
899 2849 1027 2903 ergo
1067 2832 1382 2899 longissimo
1423 2831 1589 2901 gradu
1641 2846 1748 2886 non
1789 2831 1964 2895 infra,
2004 2829 2087 2884 vel

505 2942 707 2996 supra;
761 2926 856 2980 sed
904 2925 1049 2978 ultro
1089 2923 1334 2990 citroque
1377 2922 1667 2976 bacreditas
1711 2923 1964 2992 capitur:
2007 2929 2084 2986 et,

505 3019 648 3073 sicut
678 3017 1019 3087 praemissum
1048 3022 1152 3076 est,
1184 3028 1288 3068 non
1337 3022 1516 3081 potest
1560 3014 1682 3083 quis
1709 3014 1761 3068 in
1795 3015 2082 3070 ba‘rcdita-

506 3117 614 3164 tem
647 3099 901 3162 defuncto
949 3105 1273 3172 succedere,
1327 3105 1427 3158 nisi
1465 3120 1624 3175 quem
1673 3095 1974 3161 constiterit
2017 3107 2084 3160 ad

504 3197 750 3252 eamdem
790 3196 1103 3267 progeniem
1156 3195 1460 3263 pertinere;
1503 3195 1660 3250 valde
1695 3203 2082 3266 pra-posterum

504 3295 589 3340 est
632 3294 794 3356 atque
820 3286 1126 3349 confusum,
1161 3292 1220 3338 ut
1260 3284 1296 3338 ii
1337 3285 1429 3352 qui
1469 3295 1666 3354 quarto
1706 3285 1878 3354 gradu
1906 3302 1935 3339 a
1963 3301 2086 3354 ger-

507 3373 685 3428 manis
709 3373 968 3428 fratribus
991 3373 1276 3443 prodeunt,
1301 3372 1412 3441 jam
1439 3373 1580 3428 inter
1600 3389 1659 3428 se
1681 3374 2084 3429 matrimonium

505 3462 858 3528 contrahant;
893 3477 1015 3518 cum
1043 3463 1078 3516 ii
1110 3463 1200 3532 qui
1228 3463 1389 3534 184.
1421 3472 1540 3533 post
1561 3479 1656 3520 eos
1682 3472 1826 3528 sunt,
1856 3465 2085 3521 necdum

498 3552 589 3622 jus
609 3554 964 3609 hereditariae
990 3555 1348 3611 successionis
1369 3555 1639 3610 amittant.
1676 3557 1852 3612 Unum
1888 3558 2086 3627 quippe

498 3645 590 3715 jus
619 3646 848 3700 alterum
872 3645 1027 3712 tollit,
1058 3655 1116 3700 ut
1139 3646 1387 3701 videlicet
1415 3647 1500 3700 cui
1524 3656 1676 3716 potes
1711 3647 1941 3702 haeredis
1961 3647 2084 3716 jure

503 3739 816 3802 succedere,
847 3754 966 3793 eam
995 3737 1148 3794 nefas
1177 3740 1249 3793 sit
1271 3738 1538 3808 conjugali
1572 3740 1665 3795 tibi
1694 3739 1896 3795 fmdere
1922 3757 2087 3810 θορυ-

505 3827 618 3882 lare
644 3869 658 3893 ,
689 3836 744 3882 et
773 3843 802 3882 e
839 3829 1054 3884 diverso
1095 3830 1147 3883 in
1185 3844 1348 3898 quam
1393 3831 1651 3900 competit
1688 3829 1777 3900 jus
1825 3832 2082 3902 conjugii,

505 3927 682 3973 cessat
705 3933 901 3973 nomen
933 3920 1180 3974 haeredis.

574 4007 648 4061 At
674 4006 906 4062 fortasse
935 4009 1118 4063 dicitis
1138 4050 1151 4073 ,
1189 4010 1314 4079 quia
1356 4010 1700 4080 longissimus
1731 4013 1948 4082 gradus,
1979 4029 2086 4067 non

507 4096 801 4167 incongrue
830 4099 991 4152 etiam
1014 4110 1268 4169 quartus,
1304 4101 1397 4170 qui
1434 4103 1576 4171 apud
1603 4118 1700 4158 vos
1725 4112 1952 4158 octavus
1983 4114 2084 4169 est,

504 4187 677 4256 possit
705 4188 947 4258 intelligi.
978 4188 1317 4260 Quapmpter
1339 4191 1408 4246 ad
1436 4200 1644 4248 vestros
1673 4194 1909 4258 codices,
1937 4209 2085 4262 quae-

505 4290 584 4343 so,
614 4278 902 4345 recurrite,
935 4287 989 4333 et
1030 4287 1207 4333 utrum
1240 4280 1344 4334 hoc
1381 4280 1551 4336 limite
1582 4282 1654 4336 sit
1677 4291 1928 4337 contenta
1965 4299 2088 4353 pro-

2189 1840 2348 1894 moda
2393 1839 2795 1895 cavillationum
2847 1847 3168 1908 argumenta
3222 1846 3656 1907 componerent;
3712 1837 3768 1889 in

2188 1942 2338 1987 arcto
2374 1933 2602 2002 positus,
2656 1933 2759 1985 hac
2807 1946 2928 2001 quae
2971 1943 3036 1983 eo
3089 1928 3192 1982 loci
3246 1941 3532 1984 occurrere
3570 1926 3768 1996 potuit.

2185 2039 2316 2077 voce
2345 2022 2596 2092 respondi
2626 2038 2641 2076 :
2671 2021 2844 2086 Hanc,
2891 2021 3130 2089 inquam,
3164 2017 3621 2089 supputationem,
3647 2031 3771 2085 qua:

2185 2113 2390 2177 fratris,
2430 2115 2512 2168 vel
2552 2113 2755 2168 sororis
2791 2121 3004 2182 neptem
3049 2127 3078 2165 a
3120 2116 3332 2180 patruo,
3382 2109 3469 2165 vel
3503 2108 3780 2162 avunculo

2186 2217 2382 2271 magno
2413 2213 2606 2270 quarto
2635 2202 2910 2279 constituit
2935 2201 3137 2271 gradu;
3175 2200 3341 2254 filium
3371 2215 3498 2255 vero
3524 2198 3769 2268 ejusdem

2186 2295 2400 2363 patrui,
2441 2286 2528 2346 vel
2569 2293 2838 2356 avunculi,
2866 2293 3006 2347 sicut
3032 2292 3231 2356 dicitis,
3260 2292 3468 2361 quinto,
3517 2301 3770 2361 nepotem

2186 2392 2380 2446 sexto;
2421 2390 2769 2450 pronepotem
2803 2391 2980 2435 autem
3018 2382 3135 2452 ejus
3170 2381 3238 2435 ab
3267 2381 3453 2436 eadem
3480 2395 3599 2450 qua:
3632 2393 3774 2450 prae-

2185 2471 2351 2526 missa
2397 2480 2518 2536 est,
2563 2479 2721 2539 nepte
2751 2470 3042 2540 septimum
3069 2478 3347 2533 numerat;
3379 2467 3622 2523 forenses
3649 2469 3771 2537 qui-

2185 2563 2305 2617 dem
2340 2560 2483 2631 leges
2514 2558 2715 2614 habere
2737 2599 2751 2624 ,
2802 2560 2930 2629 quia
2978 2559 3047 2613 ad
3093 2558 3146 2613 id
3178 2566 3459 2628 tantopere
3489 2557 3771 2621 ins‘istitis,

2184 2660 2430 2722 possunt,
2471 2651 2564 2705 sed
2612 2664 2730 2705 eam
2762 2651 2899 2705 sacri
2947 2664 3182 2704 canones
3221 2663 3325 2704 non
3357 2648 3669 2703 admittunt.
3700 2647 3772 2702 Et

2187 2758 2370 2796 revera
2415 2755 2507 2795 eas
2561 2741 2866 2811 progenies,
2920 2755 3038 2810 quae
3078 2755 3174 2809 per
3211 2740 3453 2794 diversas
3497 2741 3670 2795 lineas
3701 2739 3773 2794 ab

2185 2847 2291 2886 uno
2321 2832 2536 2902 generis
2575 2840 2798 2886 auclore
2832 2831 3159 2900 procedunt,
3210 2845 3550 2900 nequaquam
3585 2831 3772 2886 divina

2185 2921 2271 2976 lex
2312 2922 2598 2991 dupliciter
2627 2930 2916 2976 numerat:
2956 2920 3049 2976 sed
3087 2921 3214 2975 licet
3251 2921 3432 2988 plures
3464 2920 3594 2974 hinc
3645 2921 3773 2974 inde

2185 3013 2732 3084 proﬂuantgeniti,ab
2756 3029 2862 3067 uno
2885 3022 3060 3065 tamen
3079 3011 3338 3082 genitore,
3369 3010 3411 3064 si
3443 3009 3775 3079 generaliter

2187 3104 2525 3172 colligantur,
2542 3103 2640 3158 sub
2657 3118 2758 3157 una
2783 3103 3124 3173 reperiuntur
3139 3099 3487 3169 generatione
3499 3098 3770 3154 concludi.

2257 3195 2362 3249 Sed
2418 3195 2547 3264 quia
2596 3209 2718 3248 cum
2777 3193 2911 3262 legis
2968 3191 3265 3262 peritorum
3318 3188 3496 3243 faceta
3549 3189 3774 3242 urbani-

2189 3293 2295 3339 tate
2358 3284 2733 3354 coulligimus,
2794 3283 2928 3352 legis
2991 3281 3220 3350 peritmn
3285 3294 3502 3348 quoque
3555 3279 3612 3333 in
3676 3293 3774 3331 no-

2187 3385 2312 3430 strae
2375 3377 2542 3446 partis
2631 3373 2996 3431 testimonium
3064 3371 3423 3439 producamus
3465 3385 3486 3424 τ
3546 3371 3769 3441 Moysen

2187 3467 2438 3532 scilicet,
2497 3482 2601 3520 non
2644 3463 3054 3535 improbaudum
3107 3473 3236 3513 sane
3283 3458 3768 3525 jurisconsultum,

2188 3553 2346 3623 185
2375 3554 2465 3608 sed
2506 3553 2616 3608 sive
2639 3555 2706 3608 ad
2744 3549 3137 3622 depromendos
3173 3547 3446 3615 judicialis
3485 3549 3772 3604 sententia:

2186 3645 2441 3709 calculos,
2473 3645 2586 3698 sive
2629 3645 2791 3698 etiam
2840 3645 2893 3697 in
2938 3642 3069 3712 ipsis
3111 3640 3315 3710 legibus
3361 3640 3772 3712 promulgandis

2186 3751 2292 3788 non
2316 3735 2609 3806 vulgaritcr
2633 3735 2924 3788 eruditum.
2947 3734 3003 3787 ιιι
3033 3732 3289 3802 magistro
3319 3732 3584 3800 siquidem
3611 3731 3771 3786 disci-

2187 3842 2329 3889 mus,
2377 3825 2504 3894 quid
2541 3823 2609 3877 de
2651 3839 2759 3878 non
2807 3826 3210 3878 contemnenda
3265 3821 3458 3877 indolis
3505 3821 3776 3892 discipule

2186 3921 2502 3977 sentiamus.
2529 3919 2721 3994 Veniat
2750 3932 2900 3988 ergo,
2935 3926 2989 3970 et
3018 3917 3167 3970 litem
3199 3916 3339 3970 inter
3360 3931 3485 3982 nos,
3507 3930 3626 3985 qua:
3651 3929 3774 3968 ver-

2186 4024 2371 4078 satur,
2402 4013 2468 4067 de
2517 4011 2869 4080 generatione
2915 4008 3137 4063 deﬁniat
3170 4025 3184 4060 :
3223 4008 3300 4060 ait
3328 4019 3562 4075 namque
3588 4006 3656 4061 de
3679 4003 3774 4059 Jo-

2185 4105 2315 4172 scph
2351 4121 2364 4156 :
2405 4121 2421 4152 t
2472 4102 2724 4170 \‘ixitque
2764 4109 2978 4155 centum
3038 4112 3243 4163 annos;
3313 4116 3331 4149 ι
3388 4097 3580 4152 deinde
3613 4099 3772 4171 sub-

2178 4196 2402 4264 junxit:
2442 4215 2459 4246 ι
2504 4195 2568 4248 Et
2617 4195 2753 4248 vidit
2813 4192 3072 4262 Ephraim
3126 4191 3262 4245 filios
3325 4206 3494 4259 usque
3554 4191 3621 4245 ad
3663 4200 3772 4245 ter-

2189 4292 2317 4344 tiam
2357 4289 2756 4359 generationem
2795 4285 2946 4356 (Gen.
2999 4282 3073 4354 ι).
3114 4304 3132 4336 ›
3175 4284 3275 4350 Qui
3317 4284 3571 4337 nimirum
3627 4284 3672 4338 si
3714 4285 3768 4338 in

507 4374 855 4441 genies,quia
877 4374 1103 4429 forsitan
1129 4377 1350 4442 excidit,
1382 4378 1436 4431 in
1464 4380 1780 4434 memoriam
1811 4388 2082 4435 revocate.
2113 4396 2162 4455 ι)
2189 4377 2627 4450 generationibus
2675 4374 3029 4445 supputandis
3086 4388 3206 4427 cum
3261 4373 3460 4428 nostris
3499 4372 3770 4442 iudicibus

506 4461 597 4513 Ait
626 4475 858 4530 namque
886 4465 976 4517 ubi
1014 4481 1175 4534 supra
1206 4466 1346 4521 idem
1383 4467 1718 4524 Justinianus
1743 4471 1858 4540 (lib.
1885 4487 1966 4536 ιιι,
2001 4475 2082 4528 tit.

508 4549 585 4602 De
607 4566 828 4604 success.
855 4569 1028 4622 cogn.,
1046 4570 1290 4624 paragr.,
1320 4557 1435 4611 Hoc
1466 4559 1599 4631 loco)
1620 4573 1633 4612 :‘
1656 4581 1672 4612 ι
1698 4562 1807 4616 Hoc
1831 4563 1965 4628 loco,
2001 4565 2084 4617 in-

509 4637 644 4704 quit,
671 4647 725 4691 et
756 4639 883 4692 illud
929 4644 1234 4697 necessario
1263 4645 1580 4701 admonendi
1613 4665 1818 4715 sumus,
1847 4651 2087 4720 agnatio-

511 4727 594 4781 nis
631 4729 847 4797 quidem
883 4727 1008 4796 jure
1049 4733 1259 4786 admitti
1299 4734 1526 4810 aliqucm
1577 4739 1643 4791 ad
1693 4739 2058 4796 htereditatcm

510 4817 614 4870 etsi
643 4818 850 4872 decimo
880 4820 1046 4887 gradu
1080 4821 1168 4874 sit.
1210 4841 1228 4873 ι
1261 4823 1394 4877 Cum
1425 4840 1552 4896 ergo
1579 4838 1817 4894 constet,
1863 4831 1985 4899 quia
2027 4831 2086 4884 in

511 4905 877 4961 haereditatem
907 4908 1144 4964 intestati
1168 4911 1345 4971 nullus
1375 4914 1692 4982 admittitur,
1718 4919 1818 4972 nisi
1851 4919 2079 4974 aliinila-

512 4995 582 5047 tis
609 4993 679 5046 illi
707 4995 828 5064 jure
851 4996 1136 5068 jungatur,
1162 5017 1267 5069 quo
1300 5010 1458 5074 pacto
1503 5005 1742 5059 decimus
1775 5008 1824 5059 in
1857 5009 2081 5064 haeredi-

515 5092 678 5137 tatem
705 5087 1006 5154 agnationis
1029 5090 1148 5159 jure
1177 5093 1440 5159 succedit,
1469 5110 1589 5148 eum
1610 5095 1722 5164 jam
1751 5107 1995 5164 quartus,
2024 5111 2087 5155 ut

512 5174 712 5241 dicitis,
744 5191 866 5231 cum
897 5179 1200 5244 lmjusmodi
1230 5185 1474 5239 nersonis
1503 5185 1650 5238 licito
1679 5188 2086 5241 matrimonium

2187 4469 2582 4532 concordaret,
2641 4467 2708 4521 ad
2788 4465 3086 4520 Manassem
3157 4479 3368 4534 quoque
3446 4463 3767 4534 respiciens,

2187 4559 2440 4627 prraim
2469 4556 2777 4628 progeniem
2801 4547 3044 4626 non’jam
3073 4555 3307 4620 tertiam,
3327 4555 3418 4608 sed
3443 4567 3650 4609 sextam
3673 4570 3770 4624 po-

2191 4649 2294 4702 lius
2339 4649 2678 4702 astruxisset.
2738 4644 2871 4698 Nam
2929 4655 2984 4698 et
3040 4659 3161 4697 mox
3213 4644 3477 4711 sequitur,
3528 4645 3764 4698 dicens:

2195 4755 2212 4787 ι
2252 4737 2369 4790 Filii
2415 4752 2626 4804 quoque
2665 4735 2872 4790 Machir
2898 4733 2989 4787 ﬁlii
3021 4733 3263 4787 Manasse
3289 4734 3401 4786 nati
3433 4743 3555 4787 sunt
3586 4734 3638 4787 in
3674 4750 3768 4803 ge-

2188 4828 2344 4880 nibus
2370 4825 2566 4892 Joseph
2595 4825 2800 4895 (lbid.).
2840 4844 2858 4875 ι
2893 4823 3027 4879 Cum
3081 4824 3243 4890 igitur
3275 4823 3433 4876 tertia
3479 4823 3767 4892 progenies

2189 4916 2464 4985 Ephraim,
2493 4916 2727 4984 itemque
2757 4915 2914 4968 tertia
2968 4915 3212 4968 Manassc
3250 4929 3594 4983 nequaquam
3635 4929 3763 4982 pro-

2188 5015 2309 5074 pter
2331 5005 2642 5060 alterutram
2691 5005 2831 5058 inter
2878 5019 2935 5058 se
2959 5004 3329 5059 habitudinem
3385 5005 3638 5068 tenditur,
3670 5006 3762 5059 sed

2187 5095 2505 5170 simpliciter
2542 5098 2793 5168 utrinque
2827 5099 3019 5163 tertia,
3060 5103 3290 5150 testante
3338 5111 3494 5151 sacro
3525 5096 3760 5166 eloquio,

2189 5191 2533 5250 perhibetur:
2567 5205 2670 5256 qua
2718 5187 3059 5252 auctoritate,
3089 5201 3191 5254 qua
3242 5187 3478 5241 novitate
3500 5188 3762 5242 doctrina:
