4106 6320
242 316 346 372 197

1208 311 1449 369 OPUSC.
1482 307 1613 364 Vlll.
1645 337 1711 346 —
1734 304 1822 360 DE
1861 303 2296 360 PARENTELAS
2328 303 2696 362 GRADIBUS.

3393 309 3497 367 198

243 434 334 480 tur
352 423 462 480 huc
486 423 640 495 (Gen.
674 421 786 492 xv).
818 441 836 475 ι
869 421 1027 477 Enim
1062 437 1191 478 vero
1235 423 1280 477 si
1307 434 1496 476 omnes
1518 416 1822 490 generatio-
1852 425 1902 482 Α
1931 432 2083 473 ruens
2108 428 2444 490 argumento,
2474 420 2840 486 Florentinus,
2865 430 3012 490 puto,
3047 423 3224 480 verbis
3249 440 3336 482 me
3355 427 3500 483 beati

238 529 360 578 nes,
390 529 511 583 qua:
563 513 663 567 sub
692 510 873 582 Moyse
909 511 976 566 de
1022 509 1259 582 {Egypto
1306 511 1358 564 in
1387 520 1531 564 terra
1571 506 1827 560 Chaman

241 618 480 659 reversa:
509 610 655 668 sunt,
681 599 837 669 juxta
885 602 1185 656 sententias
1213 609 1523 655 nostrorum
1556 596 1824 665 judicum,

239 710 348 749 vox
367 685 560 748 divina
585 693 867 757 divideret,
893 707 998 746 non
1021 691 1421 761 generationem
1446 695 1713 758 quartam,
1735 684 1829 738 sed

240 785 595 839 millesimam
640 784 840 852 p0tius,
871 782 957 836 vel
1003 782 1314 838 ulteriorem
1356 788 1504 835 certe
1541 792 1830 834 numerum

240 875 580 945 protulisset.
611 875 744 930 Illud
791 874 978 940 etiam,
1009 873 1152 944 quod
1184 888 1282 943 per
1306 869 1646 927 Psalmistam
1697 867 1830 923 dici-

241 975 332 1020 tur
361 984 375 1018 :
414 983 434 1017 ‹
478 964 683 1020 Memor
711 963 814 1019 fuit
842 962 992 1019 verbi
1038 963 1211 1018 sancti
1251 963 1354 1027 sui,
1385 961 1528 1031 quod
1556 958 1834 1014 mandavit

244 1055 298 1105 in
351 1053 502 1108 mille
549 1052 930 1124 generationes
959 1049 1134 1122 (Psal.
1159 1050 1301 1120 crv);
1341 1069 1358 1102 ι
1389 1064 1497 1105 non
1526 1047 1591 1102 ad
1621 1046 1832 1101 illarum

249 1144 490 1201 refertur
529 1145 938 1215 generationum
995 1143 1414 1207 multitudinem,
1450 1157 1570 1213 qua:
1597 1139 1696 1196 sub
1727 1155 1834 1195 uno

250 1247 498 1305 tempore
527 1236 578 1288 in
607 1235 710 1290 hac
738 1236 848 1288 vita
875 1235 1176 1290 subsistunt
1207 1252 1218 1286 :
1261 1233 1358 1287 sed
1389 1233 1455 1288 ad
1486 1233 1604 1288 illas
1634 1233 1831 1303 potius,

249 1341 372 1393 qua:
403 1326 507 1380 sibi
555 1325 783 1379 invicem
837 1339 934 1393 per
964 1324 1160 1379 saecula
1192 1323 1486 1394 prolixiora
1516 1323 1832 1379 succedunt.

250 1417 388 1469 Nam
413 1417 457 1470 si
481 1413 856 1486 generationes
884 1413 1219 1483 singulorum
1265 1421 1550 1482 parentum
1581 1412 1684 1467 hoc
1717 1411 1836 1467 loco

253 1507 526 1577 Propheta
574 1505 834 1560 voluisset
877 1505 1124 1574 intelligi,
1155 1503 1330 1558 nullus
1353 1511 1435 1558 est
1476 1503 1614 1569 dies,
1643 1518 1749 1573 quo
1781 1503 1837 1557 in

149 1646 160 1653 .
254 1598 454 1667 populo
484 1597 579 1651 Dei
607 1596 750 1651 mille
780 1595 1157 1666 generationes
1188 1610 1294 1649 non
1325 1595 1540 1649 valeant
1570 1595 1834 1665 reperiri:

252 1696 418 1756 atque
448 1687 566 1740 ideo
592 1685 724 1740 nihil
754 1685 873 1754 plus
892 1694 1039 1740 esset
1064 1685 1320 1740 mandare
1351 1686 1575 1741 verbum
1605 1685 1660 1740 in
1691 1685 1836 1739 mille

1927 507 2171 577 Gregorii
2217 509 2512 564 insolenter
2542 511 2766 580 urgebat
2796 529 2809 564 :
2837 512 3030 580 quibus
3075 513 3330 570 nimirum
3365 532 3503 587 pra:-

1928 598 2068 666 cepit
2098 597 2251 668 (Reg.
2280 598 2317 651 l.
2343 598 2444 653 ult.
2468 614 2554 668 ep.
2583 599 2675 661 5|)
2729 601 2932 670 Anglos
2979 603 3091 672 jam
3141 613 3332 673 quarta
3356 644 3372 670 ,
3416 603 3504 659 vel

1927 689 2110 758 quinta
2133 689 2330 744 debere
2347 691 2690 759 generatione
2705 689 2972 760 conjungi.
2999 712 3016 744 ι
3043 693 3214 758 Licet,
3230 693 3503 764 inquiens,

1929 791 2148 836 sanctus
2174 781 2258 836 ille
2282 782 2364 835 vir
2390 783 2492 836 hoc
2518 783 2802 852 necphytae
2831 784 2978 852 genti
3000 783 3362 853 dispensative
3376 801 3505 840 con-

1930 871 2155 926 cesserit
2181 887 2196 936 ;
2231 880 2407 925 tamen
2433 873 2477 926 si
2509 873 2948 942 consanguinitas
2978 883 3257 944 tantopere
3283 886 3426 931 esset
3451 877 3503 934 in

1932 962 2316 1016 matritnoniali
2341 963 2682 1033 copulatione
2704 965 2964 1031 cavenda,
2996 982 3332 1036 nequaquam
3365 969 3506 1022 inter

1933 1061 2041 1106 tam
2065 1053 2393 1122 propinquos
2428 1053 2782 1110 conveniendi
2811 1055 3025 1109 licentia
3053 1056 3238 1111 fuisset
3268 1057 3506 1112 indulta:

1933 1151 2143 1198 constat
2165 1143 2374 1212 utique,
2396 1145 2521 1213 quia
2551 1158 2714 1215 super
2740 1145 2844 1199 hoc
2866 1145 3262 1214 conjunctionis
3284 1148 3512 1203 articulo

1934 1235 2324 1304 temperantius
2353 1235 2559 1301 sensit,
2588 1236 2680 1306 qui
2713 1236 2838 1291 licet
2868 1238 3092 1292 rudibus
3119 1249 3324 1307 quarta:
3352 1253 3516 1309 gene-

1935 1323 2159 1377 rationis
2187 1323 2492 1394 conjugium
2521 1340 2626 1380 non
2659 1325 2895 1395 negavit.
2918 1345 2936 1378 ›
2967 1325 3074 1382 Nos
3099 1335 3278 1383 autem
3303 1337 3514 1383 utram-

1935 1428 2038 1482 que
2061 1414 2408 1480 sententiam,
2444 1413 2735 1469 Justiniani
2775 1415 3002 1481 scilicet,
3031 1426 3085 1470 et
3117 1418 3365 1488 Gregorii
3390 1433 3518 1472 conc

1935 1503 2174 1559 feramus
2208 1522 2221 1558 :
2253 1513 2308 1558 et
2341 1513 2592 1574 tanquam
2637 1505 2771 1560 duos
2813 1506 3038 1575 lapides,
3068 1508 3156 1576 qui
3199 1509 3252 1562 in
3297 1524 3397 1564 nos
3449 1524 3518 1562 cx

1936 1595 2118 1650 hostili
2171 1595 2287 1650 acie
2321 1595 2544 1664 jaculati
2577 1606 2720 1662 sunt,
2751 1597 2979 1653 invicem
3020 1599 3356 1666 collidamus,
3388 1617 3521 1670 qua-

1939 1695 2099 1742 tenus
2143 1701 2208 1742 ex
2252 1702 2441 1742 eorum
2494 1691 2906 1758 repercussione
2938 1691 3207 1762 igniculus
3229 1702 3404 1757 exeat,
3425 1693 3519 1761 qui

253 1776 658 1843 generationes,
700 1790 862 1844 quam
907 1775 1038 1830 dare
1069 1774 1240 1845 legem
1281 1774 1356 1828 illi
1378 1775 1596 1845 populo,
1627 1774 1718 1830 ubi
1753 1790 1840 1829 es-
1871 1765 1913 1824 Β
1941 1777 2142 1830 eisdem
2176 1778 2377 1832 nostris
2421 1777 2750 1832 adversariis
2804 1794 2910 1832 non
2957 1779 3132 1836 dicam
3188 1781 3523 1835 czecutienti-

253 1875 384 1920 sent
426 1866 571 1920 mille
618 1876 818 1934 patres.
863 1865 940 1919 De
979 1866 1140 1921 beato
1189 1881 1405 1936 quoque
1453 1865 1554 1920 Job
1595 1865 1837 1936 legitur:

262 1975 280 2007 ι
321 1957 462 2024 Quia
509 1957 645 2012 vidit
689 1957 830 2012 ﬁlios
875 1972 1024 2023 suos,
1069 1967 1124 2012 et
1169 1957 1308 2013 ﬁlios
1346 1957 1582 2013 ﬁliorum
1621 1974 1843 2013 suorum

259 2063 434 2116 usque
470 2049 536 2102 ad
587 2057 831 2117 quartam
860 2048 1261 2119 generationem
1304 2049 1425 2120 (Job
1461 2047 1613 2120 xui).
1645 2069 1664 2102 ι
1706 2047 1842 2103 Nam

260 2144 387 2193 eum
442 2138 719 2209 Scriptura
751 2153 858 2192 non
902 2138 1066 2204 dicat,
1099 2139 1296 2194 vidisse
1347 2140 1552 2194 scilicet
1575 2139 1674 2195 Job
1706 2139 1844 2194 ﬁlios

262 2227 361 2284 fllii
409 2231 516 2296 sui,
547 2230 614 2285 ab
649 2246 755 2285 uno
785 2230 1040 2285 nimirum
1080 2232 1424 2301 progenitore
1454 2231 1754 2301 simplicem
1781 2229 1847 2284 li-

267 2328 428 2376 neam
459 2323 872 2377 descendentem
909 2339 922 2374 :
947 2323 1040 2376 sed
1071 2321 1210 2377 ﬁlios
1238 2323 1471 2377 ﬁliorum
1497 2338 1740 2388 suorum,
1767 2331 1848 2376 at-

264 2416 373 2482 que
435 2428 530 2468 eos
583 2429 772 2467 omnes
824 2429 931 2468 non
980 2413 1047 2466 ad
1087 2422 1306 2483 quartas
1339 2415 1848 2483 generationes.sed

263 2504 336 2555 ad
400 2512 647 2570 quartam
711 2502 1054 2572 singulariter
1087 2503 1487 2572 generationem
1521 2504 1754 2568 veniSsc,
1785 2519 1850 2556 co

264 2593 509 2655 vivente,
557 2591 906 2660 pronuntiet:
939 2599 1086 2660 patet
1130 2589 1370 2669 profecto
1428 2592 1554 2660 quia
1613 2591 1849 2644 auctori-

268 2690 386 2734 tate
415 2680 582 2734 divini
614 2679 837 2748 eloquii,
865 2679 1262 2748 generationes,
1290 2696 1409 2749 qua:
1430 2696 1460 2734 a
1485 2679 1743 2734 fratribus
1765 2695 1854 2734 ve-

269 2772 455 2835 niunt,
481 2786 588 2845 non
632 2771 840 2835 divisae,
877 2770 968 2825 sed
1005 2771 1321 2839 simpliciter
1361 2778 1731 2825 numerantur.
1777 2771 1854 2825 De

274 2859 443 2913 Tobia
472 2861 637 2913 etiam
661 2860 738 2913 sic
766 2860 964 2914 dicitur
991 2874 1006 2912 :
1042 2879 1060 2910 ι
1098 2861 1349 2930 Viditque
1380 2860 1578 2917 Tobias
1613 2862 1853 2932 quintam

272 2952 674 3021 generationem
708 2951 934 3005 ﬁliorum
961 2967 1180 3006 suorum
1209 2951 1360 3021 (Tob.
1399 2954 1533 3025 xw).
1579 2974 1597 3006 ι

347 3039 557 3095 Videtis
595 3042 794 3110 itaque,
819 3057 851 3096 ο
871 3042 1102 3112 judices,
1127 3058 1244 3109 quae
1265 3043 1553 3097 dicuntur:
1583 3043 1854 3109 videlicet,

1942 1867 2066 1928 bus,
2112 1872 2299 1932 utpote
2351 1865 2655 1919 reverentia
2699 1876 2932 1930 servata,
2977 1864 3297 1934 judicibus:
3339 1877 3521 1923 tamen

1941 1952 2309 2023 lippientibus,
2342 1964 2398 2008 et
2417 1953 2773 2024 caligantibus
2799 1954 2976 2020 lumen
3011 1957 3267 2012 ostendit.

2012 2042 2208 2096 Audite
2253 2042 2433 2113 igitur,
2471 2042 2707 2110 judices,
2755 2044 3035 2114 utriusque
3081 2045 3322 2100 doctoris
3357 2047 3523 2101 verba

1944 2131 2227 2204 diligenter
2257 2133 2519 2188 attendite
2542 2147 2556 2186 :
2578 2143 2740 2203 atque
2767 2134 2894 2189 illud
2922 2136 3359 2190 tumultuantium
3381 2154 3526 2193 mur-

1945 2239 2086 2289 mur,
2116 2240 2222 2294 quo
2248 2226 2301 2280 in
2330 2225 2470 2291 foro,
2501 2224 2584 2279 vel
2626 2225 2984 2280 tribunalibus
3023 2228 3226 2282 assueti
3256 2229 3408 2294 estis,
3440 2228 3528 2283 hic

1948 2314 2002 2368 in
2053 2315 2296 2370 Ecclesia
2340 2316 2456 2371 ﬁeri
2488 2316 2790 2386 prohibete.
2840 2317 3092 2388 Litigiuni
3135 2330 3378 2374 nostrum
3419 2335 3526 2374 non

1948 2406 2170 2462 confusa
2194 2409 2426 2477 partium
2449 2408 2750 2478 loquacitas
2776 2419 2987 2480 augeat,
3013 2411 3104 2464 sed
3131 2411 3323 2466 intenti
3349 2413 3529 2466 cordis

1950 2497 2086 2550 ratio
2115 2507 2393 2566 sequestra
2433 2507 2740 2567 componat.
2787 2498 3094 2553 Clamemns
3121 2514 3250 2570 ergo
3276 2500 3434 2556 simul
3464 2500 3531 2554 ad

1951 2586 2258 2652 Dominum,
2289 2598 2452 2657 atque
2480 2589 2554 2643 illi
2577 2605 2703 2659 pars
2729 2598 2957 2659 utraque
2986 2589 3265 2645 dicamus:
3295 2610 3314 2643 ι
3336 2590 3530 2662 Surge,

1952 2677 2126 2744 Deus,
2185 2677 2369 2747 judica
2420 2695 2639 2739 causam
2691 2690 2838 2735 tuam
2887 2681 3060 2753 (Psal.
3093 2682 3310 2751 Lxxm).
3349 2703 3370 2738 ›
3423 2683 3537 2753 Age

1953 2769 2117 2838 igitur
2149 2784 2163 2822 :
2196 2771 2336 2825 Dicit
2378 2786 2572 2841 nempe
2600 2771 2942 2827 Justinianus
2968 2782 3166 2840 vester,
3193 2781 3253 2828 ut
3281 2788 3422 2844 saepe
3448 2790 3538 2828 su-

1954 2860 2134 2929 perius
2171 2861 2372 2915 dictum
2415 2871 2536 2916 cst:
2572 2883 2589 2914 ι
2626 2863 2762 2929 Quia
2814 2864 2988 2932 neptis
3019 2864 3206 2919 fratris
3243 2865 3318 2919 tui
3344 2873 3539 2935 quarto

1949 2947 2059 3016 jam
2084 2966 2113 3003 a
2139 2959 2188 3005 te
2214 2954 2379 3021 gradu
2406 2953 2688 3017 dividitur,
2727 2973 2746 3004 ›
2783 2954 3038 3008 nimirum
3086 2965 3140 3009 tu
3185 2971 3346 3022 unus,
3373 2957 3541 3010 frater

1962 3048 2084 3094 tuus
2113 3042 2401 3106 secundus,
2428 3042 2569 3096 ﬁlius
2602 3043 2718 3111 ejus
2741 3043 2931 3096 tertius
2956 3060 2970 3108 ;
3015 3046 3193 3113 neptis
3220 3053 3398 3098 autem
3425 3045 3541 3112 ejus

276 3141 333 3189 et
367 3155 384 3186 ι
417 3135 844 3205 generationem,
874 3155 891 3186 ›
935 3143 990 3190 et
1020 3153 1038 3186 ε
1078 3135 1217 3190 ﬁlios
1262 3135 1497 3189 ﬁliorum
1550 3151 1792 3192 suorum.
1832 3155 1851 3188 ι
1884 3118 1928 3180 C
1960 3139 2154 3200 quarto
2190 3147 2220 3184 a
2252 3141 2304 3185 te
2337 3132 2682 3202 distinguitur
2726 3133 2916 3202 gradu.
2960 3133 3101 3202 Ergo
3129 3134 3175 3186 si
3202 3134 3274 3187 ita
3295 3143 3398 3198 est,
3435 3149 3541 3188 non

275 3230 334 3283 In
364 3229 503 3284 ﬁlios
535 3231 699 3300 igitur
732 3230 960 3285 ﬁliorum
1003 3230 1181 3297 plures
1215 3228 1652 3284 descendentium
1685 3227 1857 3282 lineas

279 3329 678 3388 consequenter
703 3320 962 3374 attendite
988 3337 999 3372 :
1028 3321 1079 3372 in
1106 3319 1506 3389 generationem
1531 3326 1711 3371 autem
1740 3332 1859 3386 qua:

281 3411 505 3474 dicitur,
538 3426 726 3465 omnes
773 3393 936 3465 simul
990 3419 1244 3480 tanquam
1293 3410 1452 3464 unius
1499 3407 1860 3464 successionis

281 3501 530 3554 ordinem
581 3501 852 3570 deputate.
899 3501 1100 3554 ldioma
1143 3499 1408 3568 siquidem
1455 3507 1540 3554 est
1569 3497 1862 3566 Scriptura:

283 3607 474 3655 sacrre,
509 3593 650 3661 quod
688 3592 1021 3646 diversorum
1055 3589 1282 3644 fratrum
1318 3591 1395 3644 sic
1431 3589 1484 3642 in
1507 3603 1669 3642 unum
1697 3603 1860 3654 gene-

285 3682 424 3736 ratio
473 3680 969 3750 comprehenditur,
1003 3689 1256 3750 tanquam
1302 3681 1349 3735 si
1392 3681 1458 3734 ab
1499 3695 1606 3733 uno
1649 3678 1865 3732 homine

286 3773 665 3839 descendentis
716 3772 1074 3827 successionis
1115 3773 1285 3826 series
1326 3780 1689 3826 contexatur:
1723 3770 1866 3823 unde

287 3864 330 3916 si
355 3880 476 3932 qua:
508 3864 560 3916 in
602 3863 772 3917 sacris
797 3863 1158 3918 voluminibus
1194 3864 1560 3932 reperiuntur,
1589 3861 1748 3916 velim
1779 3861 1866 3916 hic

293 3951 457 4023 186
482 3963 674 4007 cuncta
713 3953 982 4022 colligere,
1012 3961 1136 4006 ante
1175 3952 1262 4006 lux
1293 3953 1358 4006 ad
1395 3966 1672 4016 occasum,
1705 3965 1866 4019 quam

291 4048 534 4117 exempla
566 4049 879 4118 perveniant
905 4047 969 4100 ad
993 4047 1262 4102 effectum.
1294 4045 1743 4100 Animadvertitis
1771 4043 1870 4114 igi-

293 4149 402 4203 tur,
432 4138 708 4206 ojudices,
737 4139 860 4208 quia
891 4139 1016 4192 dum
1041 4138 1179 4192 male
1207 4138 1529 4202 numeratis,
1553 4151 1872 4192 numerosos

291 4235 580 4284 adversum
631 4246 727 4284 vos
784 4231 1140 4284 reclamantes
1178 4230 1317 4284 sacri
1358 4228 1556 4298 eloquii
1603 4238 1766 4283 testes
1793 4229 1873 4282 in-

291 4321 516 4374 curritis
543 4339 556 4372 :
589 4329 643 4374 et
671 4320 795 4374 dum
825 4321 923 4374 sub
950 4319 1130 4373 colore
1157 4318 1389 4389 conjugii
1426 4319 1664 4372 incestus
1687 4317 1873 4373 sordes

292 4413 571 4476 inducitis,
609 4411 988 4467 ecclesiasticae
1025 4411 1288 4465 castitatis
1324 4409 1642 4464 munditiam
1669 4408 1875 4464 fuadare

1963 3229 2068 3274 tam
2101 3219 2311 3292 longius
2343 3220 2653 3291 fatigcmur,
2678 3231 2864 3291 utpote
2919 3223 3009 3292 qui
3043 3225 3264 3293 prOpins
3299 3224 3544 3279 invenire

1959 3325 2268 3379 possumus,
2285 3314 2425 3380 quod
2447 3312 2514 3365 ad
2536 3313 2678 3366 hanc
2698 3327 2809 3366 rem
2827 3313 3190 3368 necessarium
3214 3313 3542 3382 judicanms.

2033 3398 2164 3454 Cum
2193 3401 2356 3472 igitur
2382 3412 2456 3466 tu,
2495 3402 2634 3456 sicut
2689 3402 2889 3458 dictum
2926 3413 3030 3467 est,
3055 3420 3085 3456 a
3115 3403 3226 3458 filio
3255 3402 3441 3459 fratris
3471 3404 3547 3459 tui

1964 3496 2039 3549 sis
2072 3496 2281 3561 tertius,
2326 3506 2723 3566 consequenter
2766 3497 2929 3550 etiam
2965 3494 3070 3549 ﬁlia
3119 3504 3207 3549 tua
3249 3496 3317 3550 ab
3353 3496 3546 3551 eodem

1965 3587 2074 3642 ﬁlio
2101 3589 2286 3644 fratris
2311 3589 2387 3643 tui
2410 3597 2636 3659 quartus
2663 3598 2747 3643 est
2787 3588 3018 3658 gradus;
3049 3587 3197 3643 salvo
3225 3589 3435 3644 scilicet
3457 3605 3546 3655 eo,

1967 3681 2106 3732 sicut
2149 3681 2413 3746 asseritis,
2454 3681 2596 3750 quod
2651 3681 2851 3749 gradus
2897 3689 2952 3734 et
2976 3681 3253 3750 generatio
3279 3681 3422 3736 idem
3453 3682 3545 3736 sit.

1968 3768 2121 3836 Quod
2164 3768 2406 3839 profecto
2431 3771 2476 3823 si
2507 3785 2690 3823 verum
2722 3779 2825 3833 est,
2859 3778 3028 3824 totum
3057 3769 3211 3835 illud,
3246 3771 3388 3839 quod
3417 3770 3551 3825 Gre-
3639 3812 3646 3819 .

1969 3860 2152 3931 gorius
2190 3860 2455 3929 permittit
2496 3869 2689 3928 quarta
2719 3859 2876 3928 187
2902 3859 3248 3928 generatione
3278 3857 3552 3928 conjungi,

1972 3953 2104 4006 nihil
2132 3951 2405 4015 estaliud,
2438 3952 2541 4006 nisi
2577 3951 2702 4020 quia
2741 3950 2972 4006 duorum
3013 3949 3238 4004 fratrum
3270 3966 3554 4020 germano-

1972 4059 2110 4106 rum,
2139 4042 2225 4097 vcl
2251 4041 2479 4097 duarum
2528 4057 2775 4097 sororum
2836 4042 2975 4096 ﬁlios
3020 4053 3075 4097 et
3117 4041 3256 4096 ﬁlias
3286 4051 3468 4096 censet
3498 4042 3552 4094 in

1972 4132 2320 4185 matrimonio
2349 4132 2613 4200 copulari.
2652 4131 2758 4185 Sed
2798 4131 2888 4185 ubi
2926 4140 3039 4196 est,
3074 4132 3213 4201 quod
3252 4132 3392 4186 idem
3423 4131 3554 4186 Grc-

1973 4224 2157 4290 gorius
2182 4223 2402 4278 omnino
2428 4222 2703 4291 prohibet,
2744 4237 2810 4274 ne
2837 4222 3065 4275 duorum
3104 4221 3330 4274 fratrum
3356 4222 3437 4276 vel
3469 4238 3556 4276 so-

1977 4327 2160 4366 rorum
2192 4311 2331 4365 ﬁlius
2366 4320 2421 4364 et
2450 4310 2556 4364 ﬁlia
2587 4310 2919 4364 misceantur
2939 4311 2961 4363 ?
2981 4311 3061 4364 An
3089 4313 3416 4365 censendum
3447 4321 3550 4378 est,

1978 4403 2092 4471 ipse
2127 4401 2344 4456 sibimet
2373 4401 2649 4456 exstitisse
2675 4400 3001 4465 contrarius,
3033 4410 3092 4455 ut
3118 4401 3257 4470 quod
3281 4401 3556 4470 prohibuit

291 4503 536 4559 tenuius,
571 4503 866 4558 Erubescat
910 4518 1040 4572 ergo
1079 4511 1306 4557 terrena:
1335 4502 1612 4572 sapientia;
1641 4503 1871 4567 vanitas,
1904 4487 2120 4558 Dfieri,
2166 4493 2308 4547 illico
2352 4494 2682 4547 decrevisset
2731 4493 2987 4569 impleri?
3033 4492 3138 4547 Sed
3183 4493 3304 4562 quis
3347 4494 3448 4548 hoc
3493 4495 3559 4549 de

293 4611 394 4650 nec
433 4596 488 4650 in
515 4595 771 4650 Ecclesiae
801 4611 1021 4650 nemore
1066 4608 1312 4648 errorum
1361 4594 1577 4649 aculeos
1614 4603 1872 4664 spargat;

293 4689 387 4742 sed
442 4703 690 4758 repressa
721 4689 869 4758 pravi
897 4687 1119 4756 spiritus
1141 4687 1448 4756 arrogantia
1479 4701 1646 4740 sacra:
1689 4701 1747 4740 se
1785 4701 1880 4739 an.

294 4777 537 4830 ctoritati
594 4777 867 4830 humiliter
917 4774 1112 4830 snbdat
1158 4789 1172 4828 :
1222 4790 1322 4828 nec
1373 4775 1616 4843 protinus
1672 4775 1877 4838 credat,

296 4867 557 4935 quidquid
591 4867 692 4920 sibi
733 4865 1056 4920 luxuriantis
1086 4862 1387 4917 intellectus
1410 4862 1701 4931 petulantia
1730 4861 1880 4918 leno-

299 4957 544 5019 cinante,
588 4957 924 5026 suggeritur;
971 4955 1062 5008 sed
1105 4954 1247 5022 quod
1277 4969 1306 5006 a
1342 4954 1542 5007 sanctis
1568 4953 1879 5008 doctoribus

299 5043 583 5097 deﬁnitum
605 5054 708 5110 est,
736 5045 837 5099 hoc
859 5059 1070 5098 sacrum
1097 5042 1425 5097 intellectum
1453 5042 1776 5096 omnimodis
1795 5056 1884 5095 ar-

300 5135 556 5190 bitretur.

901 5222 1127 5280 CAPUT
1172 5223 1276 5277 Vll.

306 5310 406 5366 Ubi
442 5313 772 5368 adversarios
801 5313 1082 5367 inevitabili
1120 5313 1570 5382 argumentatione
1607 5312 1881 5366 convincit.

374 5405 506 5458 Post
552 5404 695 5457 illam
744 5413 926 5457 autem
959 5403 1047 5456 vix
1086 5401 1410 5456 cnatabilem
1440 5401 1727 5456 .Instiniani
1767 5415 1882 5456 scn-

308 5497 558 5560 tentiam,
588 5509 691 5563 qua
737 5493 986 5548 videlicet
1025 5493 1200 5562 neptis
1249 5491 1434 5547 fratris
1469 5501 1664 5561 quarto
1693 5492 1890 5546 dicitur

310 5602 430 5641 esse
478 5586 682 5656 gradu;
704 5586 921 5655 quidam
952 5584 1310 5655 proniptulus,
1341 5585 1680 5648 cerebrosus,
1717 5599 1779 5638 ac
1809 5584 1889 5636 di-

311 5694 433 5745 cax,
471 5664 846 5750 scilicct_acer
893 5677 1138 5748 ingenio,
1180 5677 1400 5730 mordax
1453 5675 1688 5744 eloquio,
1724 5675 1884 5729 vehe—

1979 4584 2240 4652 Grcgorio
2268 4581 2476 4646 credat,
2505 4583 2610 4637 nisi
2645 4582 2737 4652 qui
2759 4565 2990 4636 alienata
3025 4591 3202 4638 mente
3232 4600 3454 4652 prorsus
3477 4585 3558 4638 in-

1979 4674 2191 4728 saniat?
2228 4673 2612 4727 Verumtamen
2638 4672 2750 4742 ipse
2776 4671 3141 4743 Gregorianus
3165 4673 3336 4742 stylus
3357 4674 3422 4726 ad
3446 4687 3563 4728 me-

1982 4767 2126 4821 dium
2158 4766 2360 4828 veniat,
2391 4773 2446 4820 et
2490 4774 2671 4819 utrum
2708 4765 2926 4818 sibimet
2970 4773 3200 4823 constet.
3247 4779 3310 4816 ex
3344 4764 3456 4831 ipso
3486 4763 3562 4815 le—

1983 4856 2178 4911 etionis
2205 4856 2394 4910 ordine
2425 4854 2623 4909 clarius
2655 4855 2956 4906 innotescat
2987 4851 3196 4921 (Ibid.).
3234 4870 3252 4902 ‹
3283 4851 3558 4916 Quasdam,

1987 4946 2188 5014 inquit,
2220 4953 2435 5000 terrena
2463 4943 2550 4998 lex
2596 4945 2648 4997 in
2685 4943 2928 4996 Romana
2956 4940 3226 5010 republica
3275 4939 3560 5008 permittit,

1987 5043 2047 5091 ut
2075 5035 2188 5089 sive
2217 5033 2401 5088 fratris
2429 5042 2484 5088 et
2525 5032 2747 5095 sororis,
2785 5045 2879 5084 seu
2921 5029 3144 5083 duorum
3177 5026 3400 5096 fratrum
3449 5045 3564 5098 ger-

1989 5140 2294 5190 manorum,
2313 5124 2396 5179 vel
2412 5124 2636 5178 duaruni
2660 5136 2904 5176 sororum
2936 5118 3078 5174 ﬁlius
3095 5127 3149 5173 ct
3171 5119 3275 5172 ﬁlia
3301 5120 3567 5173 miscean-

1990 5225 2096 5269 tur.
2124 5214 2228 5269 Sed
2258 5214 2630 5283 experimento
2653 5210 2962 5274 didicimus,
2988 5225 3053 5263 ex
3090 5209 3180 5264 tali
3207 5209 3454 5280 conjugio
3480 5227 3562 5264 so-

1989 5312 2167 5368 bolem
2195 5326 2300 5364 non
2329 5323 2487 5380 posse
2515 5319 2895 5370 succrescere;
2943 5301 3083 5356 unde
3129 5317 3350 5356 necesse
3376 5311 3478 5367 est,
3509 5311 3566 5355 ut

1986 5405 2098 5475 jam
2144 5414 2360 5473 quarta,
2401 5401 2484 5454 vel
2529 5399 2714 5470 quinta
2745 5394 3090 5466 generatione
3119 5394 3304 5449 ﬁdeles
3341 5394 3566 5448 licenter

1992 5495 2092 5548 sibi
2119 5494 2431 5562 junguntur.
2467 5509 2484 5540 ι

2064 5577 2200 5631 Ecce
2250 5576 2365 5643 ipsa
2407 5572 2688 5640 scriptura:
2730 5569 2896 5624 series
2947 5571 3284 5637 comprobat,
3313 5569 3437 5636 quia
3471 5567 3565 5621 ﬁlii

1993 5682 2369 5738 germanorum
2422 5664 2670 5727 fratrum,
2724 5662 2776 5716 in
2835 5670 3025 5731 quarta
3069 5658 3415 5730 generatione
3462 5669 3565 5708 non
