4106 6320
563 338 668 395 499

956 347 960 352 ’
1033 337 1094 393 S.
1135 334 1339 392 PETRI
1377 332 1662 391 DAMIANI
1699 332 1848 392 OPP.
1889 332 2128 393 TOMUS
2166 331 2299 392 SEU
2326 334 2511 392 PARS
2541 333 2628 392 lll.
2652 322 3109 394 ——OPUSCULA
3141 336 3372 393 VARIA.

3718 339 3828 399 200

564 465 712 520 sunt,
744 454 870 510 dum
910 466 1015 522 qua
1050 449 1125 505 illi
1176 440 1535 519 prohibentur
1577 447 1907 504 auctoritate
1939 463 2145 504 connu-
2173 448 2219 508 Α
2249 464 2480 518 namque
2524 459 2626 516 est,
2656 452 2798 520 quod
2843 453 3210 509 Antichristus
3262 453 3487 510 veniens
3541 454 3828 526 iudaizarc

561 549 721 613 bere;
773 542 961 599 eadem
991 539 1101 605 isti,
1125 537 1219 608 qui
1260 539 1319 593 in
1350 547 1544 607 quarta
1592 536 1943 608 generatione
1990 544 2139 599 sunt,

561 638 931 696 conceduntur
951 635 1007 689 in
1030 631 1362 688 matrimonii
1392 630 1594 685 fmdera
1618 627 2074 685 convenire.Nam
2096 628 2141 683 si

560 740 939 802 germanorum
960 724 1056 778 filii
1085 724 1137 777 in
1166 729 1360 791 quarta
1383 721 1738 791 generatione
1758 719 2137 783 consisterent,

559 819 688 889 quid
730 825 878 872 esset
916 815 1060 869 aliud
1090 813 1295 877 dicere,
1339 810 1433 864 tilii
1485 824 1865 881 germanorum
1908 807 2140 863 fratrum

557 926 665 965 non
688 909 1006 979 iungantur,
1035 913 1089 961 et
1114 904 1332 959 tertium
1360 903 1415 957 in
1440 910 1631 971 quarta
1665 900 2014 971 generatione
2042 901 2141 955 ho-

557 1001 732 1055 mines
751 999 1044 1061 socientur,
1069 995 1169 1049 nisi
1194 1003 1447 1062 tanquam
1479 992 1555 1047 sic
1585 1007 1764 1046 sermo
1794 990 2136 1060 procederet:

557 1088 869 1145 consobrini
901 1086 1130 1141 invicem
1166 1094 1222 1139 et
1248 1098 1352 1137 non
1375 1079 1692 1152 iungantur,
1730 1089 1784 1136 et
1806 1080 2140 1151 iungantur?

557 1184 710 1251 Quod
736 1182 923 1250 utique
954 1177 1298 1233 ridiculosum
1351 1175 1533 1245 potius
1576 1188 1739 1244 quam
1765 1172 2139 1227 authenticum

555 1273 865 1328 haberetur.
918 1267 1070 1324 Unde
1114 1277 1168 1320 et
1214 1266 1357 1320 idem
1403 1263 1728 1318 venerabilis
1768 1262 1958 1317 doctor
1991 1269 2140 1331 post-

554 1382 716 1436 quam
766 1362 1024 1433 praemisit
1055 1377 1069 1413 :
1099 1377 1117 1410 ‹
1154 1358 1390 1413 Necesse
1434 1365 1537 1423 est,
1566 1365 1624 1410 ut
1657 1354 1769 1424 jam
1813 1364 2030 1427 quarta,
2052 1355 2139 1411 vel

553 1458 743 1529 quinta
769 1454 1118 1527 generatione
1148 1450 1330 1505 fideles
1358 1449 1586 1503 licenter
1614 1448 1715 1503 sibi
1743 1446 2073 1518 iungantur;
2114 1466 2132 1499 ι

552 1548 798 1618 protinus
838 1543 1059 1599 intulit:
1096 1561 1114 1592 ι
1155 1539 1290 1594 Nam
1322 1555 1352 1593 a
1382 1540 1640 1602 secunda,
1691 1554 1852 1609 quam
1883 1538 2140 1606 praedixi—

552 1655 694 1704 mus,
717 1635 1026 1692 omnimodo
1052 1633 1210 1688 debet
1232 1632 1515 1687 abstineri.
1553 1650 1571 1682 ι
1605 1630 1746 1686 Ecce
1763 1629 1876 1701 iam
1906 1630 2134 1699 lapides,

553 1708 689 1798 quos
718 1727 930 1783 hostilis
968 1739 1160 1779 manus
1193 1723 1505 1788 intorserat,
1538 1721 1739 1777 vicaria
1783 1721 1927 1776 inter
1951 1736 2009 1776 se
2039 1721 2135 1776 im-

2243 540 2489 596 homines
2527 543 2737 608 doceat,
2768 553 2823 599 et
2849 545 3042 600 vetusti
3079 545 3314 601 hominis
3344 552 3694 606 cmremonias
3725 568 3824 609 no-

2242 631 2323 686 vis
2360 633 2681 702 evangelica:
2709 636 2894 704 gratim
2923 637 3130 707 legibus
3154 645 3469 706 anteponat.
3504 640 3615 695 Vos
3641 652 3825 698 autem

2240 735 2347 775 non
2404 722 2515 786 sic,
2558 726 2651 779 sed
2708 726 2858 795 (licet
2907 727 3223 798 ignorantia“:
3273 728 3446 800 caligo
3497 731 3562 784 ad
3613 740 3825 801 tempus

2239 811 2560 884 obrepserit)
2597 815 2665 868 ad
2710 816 2852 871 sacri
2903 802 3101 886 eloquii
3157 818 3403 889 paginas.
3436 821 3582 877 velut
3616 826 3826 894 perspi-

2239 916 2399 956 cuum
2429 902 2606 957 lumen
2649 916 2844 972 praesto
2873 907 3157 971 recurrite,
3186 908 3392 978 proprii
3423 925 3614 967 sensus
3661 928 3820 968 erro-

2238 1009 2352 1048 rem
2394 1009 2517 1048 cum
2562 994 2865 1051 humilitate
2892 997 3160 1068 deponite,
3199 1007 3361 1069 atque
3390 1002 3456 1055 ad
3482 1012 3641 1057 recta:
3665 1005 3827 1060 intel-

2238 1084 2472 1153 ligenlire
2521 1086 2788 1140 tramitem
2833 1087 3152 1156 quantocius
3180 1092 3547 1157 repedatezut
3569 1093 3657 1161 qui
3683 1095 3828 1148 inter

2237 1176 2514 1231 clientium
2550 1178 2734 1235 turbas
2787 1180 2983 1233 tenetis
3022 1180 3076 1234 in
3126 1184 3411 1251 gymnasio
3443 1181 3690 1250 ferulam,
3716 1203 3824 1242 non

2237 1269 2531 1324 vereamini
2558 1269 2740 1323 subire
2769 1272 2820 1325 in
2849 1270 3088 1325 Ecclesia
3112 1272 3480 1341 disciplinam;
3509 1286 3561 1329 et
3587 1275 3679 1345 qui
3706 1284 3826 1331 tan-

2238 1373 2397 1429 quam
2421 1358 2564 1413 docti
2593 1360 2861 1429 peroratis
2886 1360 2940 1414 in
2969 1360 3330 1417 tribunalibus
3350 1379 3561 1428 causas,
3592 1364 3828 1422 sufﬁciat

2237 1448 2391 1504 vobis
2425 1449 2566 1504 sicut
2602 1450 2845 1505 docentis
2876 1450 2927 1504 in
2955 1451 3198 1505 oratorio
3228 1451 3428 1507 Christi
3472 1454 3661 1509 audire
3699 1471 3828 1510 sen-

2241 1542 2456 1598 tentias.
2483 1542 2778 1598 Honestum
2804 1544 3005 1614 quippe
3028 1553 3133 1610 est,
3153 1553 3211 1600 ut
3236 1545 3337 1615 ipsi
3368 1547 3530 1601 etiam
3557 1549 3609 1602 in
3634 1550 3828 1620 mysti-

2239 1634 2341 1699 cis,
2364 1650 2428 1690 ac
2449 1635 2819 1706 spiritualihus
2841 1636 3022 1692 causis
3055 1652 3116 1693 se
3139 1639 3417 1706 praebeant
3448 1640 3700 1708 humiles,
3727 1645 3825 1714 qui

2240 1726 2490 1781 humanis
2524 1727 2755 1798 negotiis
2793 1738 3191 1783 consueverant
3223 1730 3513 1797 praesidere
3543 1747 3823 1789 censores.

552 1790 802 1888 pactione
820 1816 1183 1877 contudimus,
1213 1812 1480 1868 scintillas
1508 1812 1811 1879 elicuimus,
1836 1812 2015 1867 lumen
2045 1813 2135 1866 ha-
2167 1790 2211 1849 Β
2240 1815 2503 1884 Quocirca
2527 1818 2772 1886 quisquis
2800 1832 2880 1882 es,
2904 1818 2996 1888 qui
3035 1817 3418 1888 cognationum
3450 1822 3649 1890 gradus
3688 1838 3827 1877 enu-

550 1910 760 1964 bemus.
820 1906 1176 1962 Ambulemus
1203 1918 1334 1974 ergo
1364 1904 1415 1957 in
1445 1902 1646 1958 lumine
1677 1903 1907 1968 Domini,
1942 1918 2010 1958 ne
2038 1918 2136 1958 nos

553 2004 788 2057 tenebrae
811 1998 1278 2069 comprehendant
1299 1995 1482 2064 (Joan.
1513 1998 1637 2067 xu).
1664 1996 1819 2064 Quod
1849 1996 1894 2051 si
1916 2011 2005 2051 me
2028 1995 2135 2051 for-

552 2101 697 2147 tasse
745 2090 1049 2154 consulitis,
1099 2087 1335 2157 qualiter
1390 2087 1479 2141 illa
1529 2087 1819 2142 Iustiniani
1869 2088 2137 2142 sententia

465 2189 482 2209 ⁸
549 2182 721 2252 possit
746 2180 974 2245 absolvi,
1014 2178 1148 2233 nihil
1175 2189 1361 2232 nostra
1402 2177 1649 2233 interest.
1685 2177 1849 2233 Vobis
1869 2177 2135 2246 siquidem

549 2280 730 2327 vestra
775 2269 1153 2340 relinquimus,
1179 2283 1281 2323 nec
1329 2266 1489 2322 alieni
1526 2268 1682 2323 nobis
1701 2266 1859 2322 ofiicii
1888 2267 2135 2337 peritiam

550 2379 888 2435 arrogamus.
930 2360 1046 2416 Hoc
1093 2368 1326 2423 tantum,
1353 2356 1495 2428 quod
1540 2357 1605 2413 ad
1644 2373 1742 2412 nos
1784 2358 1998 2422 attinet,
2029 2373 2137 2412 non

550 2454 869 2517 omittimus,
900 2452 1026 2521 quia
1054 2466 1160 2505 non
1196 2463 1411 2518 semper
1438 2448 1541 2501 ima
1568 2447 1815 2513 summis,
1843 2462 1951 2503 non
1979 2463 2137 2503 mun-

550 2546 687 2602 dana
731 2544 922 2609 sacris,
954 2558 1059 2598 non
1097 2539 1432 2597 concordant
1480 2538 1717 2593 humana
1749 2537 1965 2592 divinis.
1999 2536 2137 2592 Nam

550 2653 674 2694 cum
728 2637 817 2692 ille
868 2642 1083 2704 neptem
1142 2630 1327 2686 fratris
1371 2630 1425 2685 iu
1475 2638 1672 2700 quarto
1714 2628 1883 2699 gradu
1926 2631 2138 2684 asserat

551 2729 924 2791 constitutam,
955 2725 1017 2779 B.
1046 2722 1364 2794 Gregorius,
1412 2729 1473 2775 ut
1502 2720 1555 2774 in
1585 2727 1837 2790 promptu
1876 2726 1980 2783 est,
2005 2719 2137 2773 duo-

550 2835 672 2874 rum
724 2816 975 2879 fratrum,
1007 2813 1094 2869 vel
1122 2825 1373 2868 sororum
1402 2809 1540 2864 filios
1565 2818 1622 2863 et
1648 2808 1807 2871 tilias,
1837 2808 1980 2876 quod
2027 2807 2132 2861 uti-

551 2926 656 2982 que
700 2906 1047 2980 longinquius
1087 2912 1191 2970 est,
1217 2910 1382 2972 atque
1411 2904 1693 2967 remotius,
1725 2899 2017 2955 secundam
2045 2913 2139 2968 ge-

552 2999 889 3054 nerationem
918 3002 1101 3050 vocat.

1143 3080 1374 3139 CAPUT
1411 3079 1546 3134 Vlll.

551 3179 704 3247 Quod
730 3177 949 3242 septima
979 3173 1245 3245 generatio
1271 3172 1326 3224 in
1360 3167 1731 3240 pronepotibus
1765 3182 1867 3220 non
1893 3166 2132 3220 habetur.

620 3269 735 3324 Hoc
761 3268 925 3322 etiam
953 3280 1061 3319 non
1107 3262 1331 3317 minimo
1356 3268 1673 3331 argumento
1696 3266 1797 3322 est,
1829 3256 2134 3327 septimam,

550 3368 606 3416 et
650 3368 898 3415 octavam
949 3354 1356 3424 generationem
1404 3351 1458 3404 in
1503 3348 1729 3403 fratrum
1757 3361 2137 3418 germanorum

551 3451 965 3526 pronepotibus,
997 3456 1057 3502 ut
1107 3444 1331 3508 asseris,
1373 3456 1481 3496 non
1542 3438 1768 3510 expleri,
1820 3438 1945 3507 quia
1994 3438 2133 3492 sacri

548 3544 843 3615 prohibent
876 3550 1114 3594 canones
1146 3551 1159 3586 :
1193 3542 1253 3587 ut
1292 3529 1529 3601 quandiu
1563 3528 1700 3582 linea
1755 3527 2137 3596 consanguini-

548 3635 679 3690 tatis
727 3629 1059 3703 agnoscitur,
1084 3625 1170 3679 vel
1218 3624 1275 3678 in
1327 3620 1587 3676 memoria
1646 3619 1928 3682 retinetur,
1960 3617 2136 3674 nullus

548 3740 773 3781 uxorem
820 3723 887 3776 de
924 3718 1144 3792 propria
1178 3715 1501 3786 cognatione
1544 3719 1836 3783 prazsumat
1865 3712 2132 3781 accipere.

548 3816 616 3871 Et
631 3822 777 3869 certe
798 3809 1087 3867 nonnullos
1109 3807 1269 3861 hodie
1292 3805 1343 3858 in
1367 3818 1531 3858 carne
1555 3803 1794 3857 viventes
1821 3802 2132 3871 aspicimus,

553 3906 716 3976 188
740 3904 831 3974 qui
858 3918 916 3958 se
957 3900 1227 3972 gaudeant
1271 3903 1527 3966 nepotum
1584 3907 1805 3948 suorum
1836 3892 2012 3945 adhuc
2043 3905 2132 3945 so-

547 3999 671 4053 bole
709 3993 1011 4051 t'ecundari.
1050 3988 1294 4045 Censetis
1323 3988 1508 4060 igitur,
1553 3992 1610 4039 ut
1638 3985 1822 4038 senior
1844 3982 1953 4048 ille,
1984 3979 2136 4049 cuius

547 4083 973 4159 posteritasiam
1006 4082 1058 4136 in
1110 4086 1436 4150 pronepotes
1478 4075 1807 4136 extenditur,
1841 4088 1963 4128 cum
2016 4087 2137 4144 ger-

549 4197 711 4236 mano
737 4195 835 4234 suo
854 4192 1009 4248 aeque
1021 4174 1268 4229 videlicet
1284 4185 1486 4241 proavo
1508 4168 1742 4240 coniugii
1767 4167 1943 4224 fcedus
1967 4167 2131 4230 ineat,

547 4282 597 4327 et
624 4279 976 4343 pronepotem
1008 4267 1153 4322 illius
1191 4278 1291 4320 suo
1334 4261 1615 4332 pronepoti
1646 4260 1699 4315 in
1733 4257 2134 4314 matrimonium

548 4366 748 4421 tradat.
777 4362 930 4430 Quod
958 4358 1200 4430 profecto
1231 4370 1391 4425 quam
1426 4354 1495 4408 sit
1520 4353 1837 4412 absurdum.
1862 4363 2135 4419 quamque

550 4455 650 4524 ipsi
698 4461 906 4507 naturae
932 4450 1182 4503 videatur
1230 4443 1511 4508 horribile,
1563 4452 1725 4511 atque
1775 4439 2128 4502 contrarium,
2159 4471 2210 4531 Ι)

549 4545 693 4600 nulla
743 4543 947 4613 indiget
978 4537 1396 4609 exaggeratione
1428 4534 1738 4590 verborum.
1785 4532 1915 4598 Quae
1950 4541 2129 4585 autem

548 4634 836 4708 progenies
881 4641 989 4686 tam
1048 4627 1298 4698 ignobilis
1348 4626 1534 4690 lateat,
1567 4633 1628 4679 ut
1670 4623 1772 4678 vel-
1809 4622 1949 4677 inter
1987 4622 2131 4691 ipsos

547 4726 881 4798 pr0pinquos
907 4719 1170 4775 memoria
1197 4718 1264 4773 ad
1291 4730 1522 4786 proavos
1541 4730 1650 4769 non
1677 4712 1969 4768 recurrat?
1994 4726 2129 4782 pra:-

548 4817 735 4872 sertim
757 4830 881 4870 cum
907 4811 1010 4866 etsi
1041 4810 1156 4880 ipse
1184 4817 1534 4876 utrorumque
1560 4814 1939 4877 germanorum
1977 4812 2132 4872 pater

548 4906 726 4961 adhuc
753 4906 916 4967 vivat,
951 4900 1096 4972 quod
1122 4898 1288 4955 etiam
1308 4898 1482 4967 ipsum
1510 4897 1764 4963 vidimus,
1793 4912 1981 4955 omnes
2010 4899 2131 4955 illas

548 5012 813 5070 personas
862 4995 918 5049 in
965 5008 1061 5050 sua
1099 4998 1367 5062 potestate
1391 4990 1514 5061 iure
1559 4990 1732 5061 possit
1771 4991 1990 5061 habere,
2017 5007 2132 5048 om-

551 5099 754 5155 nesque
786 5083 941 5152 legali
965 5080 1234 5138 sententia
1263 5079 1404 5134 filios
1429 5078 1719 5150 appellare.

625 5177 755 5243 Quae
779 5184 959 5229 autem
983 5188 1164 5230 rerum
1195 5180 1278 5227 est
1309 5172 1541 5242 species,
1574 5173 1619 5227 si
1650 5182 1804 5244 pater
1831 5174 1971 5231 inter
1992 5174 2132 5232 ﬁlios

553 5277 828 5336 utcunque
876 5263 1199 5334 longinquus
1251 5262 1655 5319 matrimonium
1705 5265 2035 5320 contrahat:
2077 5276 2134 5322 et

553 5357 747 5427 quibus
777 5356 917 5410 inter
946 5368 1004 5407 se
1050 5351 1283 5407 invicem
1324 5351 1583 5409 fratribus
1610 5355 1724 5424 ipse
1757 5365 1912 5424 pater
1940 5364 2041 5421 est,
2075 5357 2130 5412 in

552 5445 848 5517 nuptialem
878 5442 1124 5513 copulam
1163 5440 1396 5512 iungat?
1417 5443 1624 5499 Videtis
1653 5445 1817 5515 igitur
1835 5444 1971 5516 iam,
2001 5446 2129 5516 quia

553 5554 676 5594 cum
736 5536 832 5591 lilii
880 5534 1002 5589 sitis
1052 5532 1328 5600 Ecclesiae,
1360 5534 1425 5588 ad
1462 5536 1650 5590 matris
1702 5535 1953 5605 iniuriam
1993 5538 2130 5592 ritus

553 5624 812 5684 inducitis
862 5622 1159 5694 Synagogas
1191 5638 1205 5676 :
1237 5632 1293 5677 et
1352 5622 1451 5678 sub
1504 5623 1838 5695 professione
1898 5625 2131 5680 nominis

552 5715 849 5775 Christiani
891 5712 1142 5772 haeresim
1187 5715 1522 5785 praacurritis
1558 5715 1898 5772 Antichristi.
1934 5713 2130 5772 Notum

2160 3136 2208 3198 ο

2240 1921 2454 1962 merare
2474 1907 2733 1978 disponis,
2755 1908 2860 1962 noli
2883 1906 3082 1963 lineam
3108 1908 3288 1973 lineae,
3313 1926 3376 1964 ac
3400 1910 3442 1964 si
3467 1910 3646 1965 licium
3670 1912 3825 1978 licio,

2239 1998 2293 2052 in
2343 1997 2677 2068 longitudine
2732 1998 3033 2067 adiiciendo
3082 2002 3435 2067 subnectere,
3467 2003 3561 2058 sed
3598 2004 3828 2060 descen-

2239 2088 2425 2142 dentes
2459 2088 2586 2143 hinc
2613 2089 2738 2143 inde
2779 2104 3038 2158 personas
3085 2089 3338 2146 unimoda
3372 2100 3577 2148 tantum
3618 2110 3827 2165 suppu-

2241 2178 2445 2233 tatione
2492 2179 2790 2235 conclude:
2819 2181 3073 2236 nimirum
3121 2191 3181 2236 ut
3233 2198 3337 2238 non
3379 2183 3547 2250 dicas,
3587 2196 3828 2256 quatuor

2238 2270 2367 2324 hinc
2404 2271 2802 2339 generationes,
2833 2282 2884 2328 et
2923 2282 3154 2341 quatuor
3188 2273 3331 2340 inde,
3363 2284 3484 2331 octo
3519 2279 3828 2347 generatio-

2238 2376 2334 2416 nes
2362 2359 2537 2426 ﬁunt;
2571 2361 2662 2415 sed
2686 2362 2862 2432 potius
2884 2364 2991 2428 dic,
3010 2365 3135 2434 quia
3159 2380 3403 2434 persona:
3434 2368 3550 2422 ista:
3574 2368 3626 2422 in
3655 2383 3826 2438 quar-

2239 2460 2292 2506 ta
2322 2451 2539 2507 sibimet
2576 2452 2925 2521 generatione
2962 2455 3286 2510 consistunt.

2850 2563 3077 2620 CAPUT
3116 2564 3206 2620 IX.

2239 2649 2391 2718 Quod
2427 2661 2587 2723 Juxta
2616 2650 2967 2725 praecedentis
2989 2670 3226 2720 personae
3254 2655 3498 2725 gradum,
3531 2656 3823 2711 communi:

2659 2724 2806 2777 debet
2829 2724 3055 2796 afﬁnitas
3076 2724 3385 2794 computari.

2308 2810 2365 2866 Si
2396 2827 2525 2868 vero
2552 2813 2790 2882 impares
2813 2812 2941 2877 sint,
2975 2812 3229 2868 nimirum
3258 2823 3315 2868 ut
3339 2814 3438 2871 iste
3478 2826 3633 2871 sexto
3666 2818 3821 2872 inve-

2236 2900 2419 2955 niatur
2467 2903 2658 2972 gradu,
2697 2902 2787 2957 illa
2816 2902 3068 2972 septimo,
3102 2902 3187 2956 vel
3224 2903 3480 2974 deinceps
3503 2943 3518 2969 ,
3564 2906 3630 2959 ad
3678 2917 3824 2975 prae-

2235 2991 2515 3050 cedentem
2542 2992 2788 3062 gradum,
2819 3002 2881 3047 ut
2904 2992 3035 3046 mihi
3063 2992 3299 3056 videtur,
3327 3004 3409 3049 σει
3452 2994 3596 3049 illico
3635 3009 3824 3050 recur-

2237 3085 2464 3141 rendum
2497 3098 2515 3138 :
2548 3092 2709 3153 atque
2746 3084 2891 3139 illius
2941 3083 3136 3139 intuitu
3190 3085 3588 3139 decernendum
3631 3094 3738 3152 est,
3767 3086 3822 3140 in

2237 3176 2642 3233 matrimonium
2670 3176 2806 3231 tales
2833 3176 3129 3231 convenire
3154 3191 3258 3231 non
3287 3192 3464 3246 posse.
3490 3177 3642 3232 Licet
3675 3179 3823 3234 enim

2235 3270 2357 3341 quis
2388 3269 2613 3323 limitem
2632 3269 2744 3338 iam
2791 3266 3133 3337 cognationis
3174 3268 3418 3335 excedat,
3467 3283 3571 3324 non
3597 3271 3821 3338 expedi-

2236 3370 2348 3415 tum
2378 3359 2592 3416 videtur
2619 3359 2764 3413 illam
2797 3359 3010 3421 ducere.
3053 3373 3215 3428 quam
3262 3359 3439 3414 adhuc
3471 3362 3704 3430 propria:
3756 3360 3821 3415 li-

2235 3464 2351 3504 nea:
2403 3464 2659 3504 mensura
2721 3457 2982 3505 coarctat.
3037 3448 3332 3518 Expleatur
3368 3449 3637 3516 siquidem
3666 3450 3821 3519 prius

2237 3546 2405 3592 totum
2458 3537 2697 3607 undique
2743 3538 3036 3606 parentelae
3083 3552 3303 3606 corpus,
3350 3547 3405 3593 et
3451 3539 3532 3593 sic
3572 3537 3684 3609 iam
3717 3538 3822 3593 fae-

2234 3626 2363 3699 dera
2420 3628 2644 3682 redeant
2692 3628 3024 3698 nuptiarum.
3057 3627 3258 3683 Verum
3310 3628 3354 3684 si
3406 3629 3492 3684 cui
3523 3644 3686 3699 super
3714 3630 3820 3685 hac

2235 3720 2505 3774 sententia
2580 3718 2826 3775 fortassis
2896 3720 3228 3790 ambigitur,
3290 3721 3450 3776 sedes
3520 3722 3820 3792 apostolica

2234 3809 2571 3863 consulatur.
2624 3808 2733 3864 Nos
2783 3810 2926 3864 enim
2978 3811 3263 3866 honestius
3326 3811 3574 3868 ducimus
3634 3813 3821 3883 inqui—

2237 3901 2402 3955 rendo
2431 3900 2591 3971 189
2619 3915 2739 3954 cum
2779 3900 2899 3955 aliis
2926 3901 3153 3964 discere,
3180 3918 3339 3971 quam
3376 3903 3475 3957 soli
3521 3903 3818 3960 nesciendo

2235 3989 2471 4045 docere:
2504 4000 2560 4044 et
2605 3991 2656 4044 in
2699 3990 2896 4060 quibus
2943 3990 3043 4061 ipsi
3089 3990 3370 4055 lueremus,
3414 3991 3630 4048 firmare
3679 3990 3817 4048 alios

2238 4081 2581 4134 temerarium
2639 4081 2964 4151 iudicamus.
3038 4081 3422 4136 Verumtamen
3478 4082 3603 4153 quia
3657 4083 3814 4153 iuxta

2234 4172 2624 4240 praecedentem
2656 4172 2915 4226 linearum
2939 4172 3163 4240 gradum
3196 4173 3452 4228 debemus
3479 4177 3815 4244 generationi

2234 4261 2496 4317 calculum
2522 4278 2741 4334 ponere,
2779 4263 2907 4317 illud
2932 4263 3093 4318 etiam
3123 4265 3281 4319 datur
3310 4265 3527 4329 indicio,
3556 4269 3696 4337 quod
3721 4284 3815 4324 su-

2234 4354 2418 4422 perius
2453 4353 2684 4408 Abrahae
2720 4353 3005 4408 Dominum
3035 4355 3347 4423 promisisse
3376 4357 3681 4421 retulimus.
3729 4359 3813 4412 vi-

2235 4445 2430 4501 delicet
2457 4463 2469 4499 :
2500 4445 2651 4513 Quod
2689 4446 3035 4515 generatione
3057 4457 3247 4517 quarta
3283 4458 3465 4502 essent
3489 4448 3579 4502 lilii
3607 4449 3723 4518 eius
3745 4450 3813 4505 de

2237 4535 2496 4590 servitute
2536 4535 2785 4605 Egyptia
2831 4534 3093 4590 liberandi
3147 4533 3297 4607 (Gen.
3347 4538 3500 4611 xxv).
3549 4537 3705 4606 Nam,
3757 4550 3818 4596 ut

2234 4629 2479 4701 egregias
2508 4627 2789 4683 lsraelitici
2828 4627 3041 4699 generis
3084 4628 3251 4683 lineas
3277 4645 3631 4701 apponamus,
3661 4647 3817 4702 rega-

2234 4717 2340 4773 lem
2386 4718 2635 4774 videlicet
2675 4728 2836 4789 atque
2877 4718 3264 4773 sacerdotalem
3290 4758 3305 4785 ,
3352 4719 3478 4774 Levi
3529 4722 3819 4791 progenies

2235 4818 2365 4865 tunc
2416 4820 2533 4865 erat
2571 4819 2783 4880 quarta.
2826 4809 2920 4865 sed
2963 4807 3114 4863 Iudae
3160 4810 3437 4879 generatio
3465 4809 3576 4879 iam
3625 4810 3818 4880 quinta

2234 4909 2601 4968 praecesserat.
2641 4900 2775 4954 Cum
2819 4912 2948 4969 ergo
2976 4914 3082 4953 mn
3111 4898 3427 4968 longiorem,
3470 4900 3561 4954 sed
3602 4896 3819 4954 brevio-

2236 5005 2349 5044 rem
2385 4989 2783 5044 successionum
2831 4988 3027 5043 lineam
3058 4988 3237 5043 divina
3287 4984 3397 5044 voti
3439 4990 3639 5059 posuit,
3680 5005 3820 5059 quo-

2235 5079 2543 5141 dammodo,
2568 5088 2628 5132 ut
2668 5077 3007 5147 coniicimus,
3039 5076 3274 5147 regulam
3311 5078 3467 5131 nobis
3515 5080 3566 5132 in
3608 5093 3815 5150 suppu-

2235 5174 2411 5227 laudis
2436 5188 2553 5242 gent
2570 5171 2869 5227 rationibus
2897 5186 2993 5226 sua
3022 5170 3342 5224 auctoritate
3368 5169 3597 5239 praeﬁxit
3621 5187 3637 5225 :
3670 5182 3729 5224 ut
3762 5173 3815 5225 in

2231 5280 2294 5320 ea
2351 5264 2473 5333 quis
2523 5264 2779 5333 progenie
2827 5277 2949 5318 cum
3005 5261 3111 5315 alio
3160 5270 3413 5316 constare
3475 5270 3764 5316 censeatur
3797 5302 3813 5326 .

2233 5353 2287 5408 in
2316 5369 2423 5424 quo
2444 5352 2696 5408 videlicet
2714 5353 2879 5424 gradu
2916 5368 3027 5406 sua:
3050 5352 3206 5407 linea:
3234 5352 3483 5423 superior
3515 5352 3812 5407 invenitur.

2843 5458 3068 5516 CAPUT
3125 5458 3194 5514 X.

2235 5555 2387 5626 Quod
2432 5554 2489 5608 in
2535 5552 2872 5608 numerandis
2901 5549 3151 5622 gradibus
3187 5568 3293 5606 una
3320 5550 3503 5605 debeat
3542 5550 3814 5603 abundare

2899 5637 3142 5691 persona.
3154 5650 3157 5653 -

2305 5714 2605 5772 Notandum
2631 5728 2843 5784 quoque
2862 5722 2966 5776 est,
2994 5712 3135 5782 quod
3153 5711 3211 5768 in
3235 5710 3615 5783 cognationum
3646 5720 3813 5777 gene-
