4106 6320
1139 247 1158 268 ι

1142 273 1168 292 d

272 331 408 388 eo:

1262 325 1505 383 OPUSC.
1539 328 1665 386 Vili.
1697 361 1762 372 -—-
1793 331 1880 386 DE
1918 331 2353 389 PARENTELJE
2390 335 2755 394 GRADlBUS.

3464 339 3572 395 ‘20:!

310 444 613 501 rationibus
636 445 980 500 numerandis
1019 460 1122 498 una
1165 461 1379 517 semper
1422 452 1580 500 debet
1618 454 1892 501 abundare
1923 454 1967 506 Α
1997 457 2150 501 IIODIS
2195 456 2425 513 videtur,
2478 468 2843 526 necessarium
2889 453 2988 511 sibi
3028 461 3110 509 est
3161 470 3350 510 novem
3403 465 3576 512 utrm‘

307 552 538 606 persona
571 554 585 591 :
619 551 716 590 nec
749 536 891 590 enim
919 550 986 590 ex
1020 551 1122 588 una
1150 551 1376 603 persona
1408 545 1584 605 potest
1616 537 1890 605 generatio

262 675 282 688 η
310 627 450 680 ﬁeri.
491 625 641 678 Tunc
693 625 958 693 siquidem
1009 625 1288 695 generatio
1329 626 1409 687 ﬁt,
1444 641 1564 678 cum
1605 625 1818 695 genitus
1862 640 1892 678 a

305 727 561 786 gignente
585 717 912 784 processerit
943 731 958 768 :
986 725 1147 784 atque
1187 727 1244 769 ut
1279 716 1580 785 exemplum
1627 716 1894 770 extrinse-

303 821 405 857 cus
437 819 542 856 non
571 818 898 871 quaeramus.
925 804 1152 858 sullieiat
1204 803 1324 866 hoc,
1381 804 1523 872 quod
1572 803 1746 856 adhuc
1785 818 1893 872 prae

306 895 560 948 ntanibus
619 904 885 948 tenemus.
949 894 1078 948 Levi
1141 910 1373 964 namque
1431 893 1616 964 genuit
1673 893 1888 960 Caath,

301 985 476 1038 Caath
507 987 692 1054 genuit
717 986 960 1056 Amr-am.
994 987 1212 1040 Amram
1255 987 1439 1056 genuit
1467 986 1670 1050 Aaron,
1708 988 1892 1044 Aaron

303 1077 492 1147 genuit
514 1077 754 1143 Eleazar,
781 1077 1005 1132 Eleazar
1029 1088 1209 1132 autem
1234 1078 1417 1148 genuit
1440 1077 1671 1132 Phiuees
1700 1076 1888 1149 (Nunt.

302 1173 479 1239 xm).
542 1172 710 1226 Caath
768 1187 895 1226 cum
950 1182 1099 1241 patre
1146 1187 1243 1226 suo
1298 1169 1422 1224 Levi
1477 1171 1753 1240 ingressus
1810 1181 1891 1224 est

301 1260 596 1329 JEgyptum
623 1277 636 1325 ;
665 1260 894 1314 l’hinees
921 1270 1098 1314 autem
1131 1270 1329 1315 terram
1356 1260 1787 1329 repromissionis
1813 1260 1890 1312 in-

303 1351 490 1404 travit.
547 1351 602 1404 Si
647 1365 776 1420 ergo
813 1366 1066 1405 numeres
1094 1366 1120 1404 a
1152 1352 1322 1403 (Jaath
1355 1351 1419 1402 ad
1452 1350 1700 1409 Phinees,
1731 1350 1890 1418 quiu-

300 1457 410 1508 que
441 1457 699 1510 personas
730 1441 998 1505 invenies;
1025 1457 1168 1504 cum,
1195 1449 1427 1496 testante
1450 1441 1628 1495 divino
1649 1441 1888 1506 oraculo,

300 1542 538 1600 qttatuar
561 1547 680 1586 esse
711 1533 940 1586 debeant
972 1533 1369 1602 generationes.
1531 1540 1533 1542 ’
1693 1589 1698 1592 .

375 1623 442 1675 Et
475 1623 600 1690 quia
628 1623 839 1693 Moyses
868 1623 919 1676 in
950 1623 1151 1686 Exodo,
1184 1623 1320 1678 filios
1351 1623 1510 1678 Israel
1545 1640 1610 1677 ex
1655 1622 1891 1693 Egypto

298 1715 491 1781 quinta
525 1714 874 1782 generatione
917 1721 1148 1767 tes1atur
1179 1729 1444 1782 egressos,
1477 1713 1712 1768 .Iudait-ze
1759 1730 1890 1782 quo-

297 1819 409 1872 que
441 1804 610 1856 tribus
637 1803 880 1857 ordinem
909 1804 1184 1858 videamus
1216 1819 1230 1857 :
1268 1822 1285 1855 ι
1317 1804 1484 1860 Judas
1543 1805 1750 1859 scilicet
1806 1821 1897 1875 ge-
1931 1803 1972 1861 Β

297 1896 422 1948 nuit
476 1894 697 1956 Phares,
749 1894 953 1948 Phares
999 1895 1186 1962 genuit
1237 1895 1427 1959 Esron,
1476 1895 1650 1949 Esron
1705 1897 1890 1966 genuit

295 1992 502 2053 Aram,
547 1988 709 2041 Aram
755 1988 939 2057 genuit
980 1989 1311 2054 Aminadab,
1359 1989 1658 2042 Aminadab
1709 1987 1893 2058 genuit

298 2076 566 2140 Naasson,
603 2075 839 2130 Naasson
867 2078 1049 2146 genuit
1089 2077 1307 2130 Salmou
1341 2077 1555 2146 (ΜαιιΙι.
1593 2080 1650 2146 ι).
1683 2096 1700 2128 ι
1756 2076 1892 2129 Pha-

301 2185 393 2222 res
420 2183 541 2221 cum
572 2178 722 2237 patre
753 2182 869 2231 suo,
900 2168 1150 2221 videlicet
1181 2168 1342 2232 Juda,
1371 2167 1659 2238 Egyptum
1703 2168 1888 2236 petiit;

299 2259 547 2312 Naasson
579 2275 703 2312 vero
740 2259 992 2328 princeps
1025 2258 1196 2312 tribus
1221 2257 1371 2312 Juda:
1398 2257 1564 2310 fuisse
1585 2257 1644 2310 in
1680 2257 1894 2310 tleSerto

298 2349 672 2403 describitur:
702 2349 855 2417 cujus
901 2347 1042 2401 hlius
1091 2346 1308 2400 Salmon
1359 2355 1559 2399 terram
1598 2346 1890 2414 repromis-

297 2440 474 2494 omnis
511 2442 785 2510 ingressus
814 2448 915 2493 est.
971 2438 1026 2492 Si
1061 2453 1438 2493 rccenseamus
1472 2438 1635 2507 igitur
1675 2453 1706 2490 a
1749 2436 1892 2490 Pha-

301 2547 392 2586 res
439 2546 607 2597 usque
652 2531 718 2584 ad
760 2532 977 2584 Salmon
1005 2572 1018 2594 ,
1067 2546 1158 2585 sex
1209 2530 1424 2600 quidem
1471 2545 1732 2598 personas
1775 2545 1894 2584 esse

283 2625 702 2694 «perpendimus,
732 2622 991 2690 sedjuxta
1022 2622 1234 2693 Moysen
1262 2621 1635 2690 generationes
1658 2622 1894 2689 quinque

302 2713 676 2767 tantummodo
737 2727 1095 2766 numeramus.
1157 2711 1212 2764 Si
1260 2727 1417 2778 quem
1471 2725 1600 2763 vero
1645 2717 1888 2772 moveat,

302 2804 471 2875 Moysi
519 2819 799 2858 numerum
836 2804 928 2868 illi,
975 2819 1132 2872 quem
1163 2802 1422 2855 llotniuus
1468 2811 1743 2870 posuerat,
1785 2817 1889 2853 non

299 2905 578 2956 constare,
620 2895 744 2964 quia
792 2894 1014 2948 alterius
1067 2904 1149 2947 est
1202 2892 1442 2963 negotii:
1479 2891 1630 2946 salvo
1673 2892 1890 2959 quidem

301 2985 478 3038 altiori
511 2985 786 3055 mysterio,
817 2983 1028 3039 interim
1071 2983 1211 3036 seire
1250 2981 1497 3044 suﬁieiat,
1530 2983 1653 3050 quia
1686 2991 1891 3036 utrm:-

301 3091 408 3144 que
443 3092 628 3130 verum
675 3090 794 3129 esse
841 3075 1202 3142 cognoscitur,
1241 3074 1284 3128 si
1321 3074 1388 3126 ad
1418 3074 1657 3126 diversas
1695 3071 1885 3136 tribus,

299 3169 444 3220 sicut
484 3166 680 3220 dictum
717 3175 819 3228 est,
862 3164 1144 3218 referatur.

372 3254 430 3308 ld
481 3263 658 3306 autem
712 3253 854 3322 quod
909 3252 1165 3316 dit-iuius,
1219 3266 1478 3320 personas
1534 3253 1714 3322 plures
1770 3271 1889 3308 esse

300 3361 464 3415 quam
532 3345 730 3415 gradus
764 3385 778 3408 ,
834 3344 885 3396 iu
956 3345 1067 3416 ipsa
1129 3357 1342 3412 quoque
1401 3359 1664 3398 eanonmu
1721 3347 1887 3418 ﬁgura

299 3437 509 3506 liquido
563 3438 1008 3500 demonstratur,
1069 3450 1190 3486 etnn
1245 3435 1481 3498 dicitur,
1535 3438 1657 3503 quia
1716 3441 1888 3509 primo

297 3525 471 3596 gradu
531 3524 790 3592 superiori
846 3522 984 3575 linea
1040 3523 1386 3586 continetur,
1445 3533 1613 3592 pater.
1677 3536 1884 3591 matt-r;

301 3615 546 3669 Inferiori
573 3654 588 3678 ,
631 3615 808 3676 filius,
850 3612 978 3666 ﬁlia.
1031 3612 1165 3665 Cum
1207 3629 1334 3681 ergo
1373 3622 1526 3682 pater
1563 3623 1616 3666 et
1657 3614 1794 3668 filius
1835 3618 1886 3670 in

300 3723 410 3762 uno
447 3707 845 3760 constituantur
891 3705 1093 3774 gradu,
1141 3715 1355 3758 constat
1398 3705 1581 3774 procul
1633 3708 1795 3757 dubio
1835 3707 1888 3760 in

297 3798 784 3869 eonsanguinitatis
852 3798 993 3851 serie
1055 3805 1107 3850 et
1168 3796 1423 3866 gradibus
1495 3797 1653 3868 190
1709 3800 1890 3868 plures

297 3904 422 3942 esse
456 3902 734 3958 personas.
785 3887 936 3954 Quod
975 3895 1152 3940 autem
1195 3886 1302 3940 illic
1339 3885 1712 3956 subjungitur,
1762 3888 1887 3958 quia

300 3981 388 4035 his
441 3978 688 4048 personis
731 3977 887 4031 nullae
927 3977 1046 4030 aliae
1077 3972 1395 4046 junguntur.
1444 3977 1555 4030 tale
1602 3985 1683 4032 est
1745 3995 1807 4031 ac
1843 3977 1887 4031 si

301 4073 549 4124 diceret:
580 4085 645 4124 ex
700 4078 1008 4122 transverso
1056 4082 1162 4121 non
1214 4067 1450 4120 veniunt.
1493 4066 1623 4120 Nam
1685 4084 1784 4121 avo
1835 4077 1890 4121 et

301 4162 487 4230 nepoti
527 4201 542 4225 ,
601 4160 690 4230 qui
739 4160 792 4212 in
846 4157 1083 4212 secundo
1133 4165 1258 4210 sunt
1310 4158 1478 4226 gradu
1519 4197 1534 4220 ,
1592 4174 1658 4210 ex
1717 4169 1890 4212 trans-

301 4271 461 4309 verso
515 4253 598 4307 vel
642 4253 858 4322 obliquo
910 4250 1176 4314 veniunt;
1225 4249 1432 4312 frater,
1487 4263 1641 4302 soroz-
1687 4264 1888 4317 proavo

298 4345 389 4399 vel
437 4345 739 4415 pronepoti,
799 4343 1046 4398 similiter
1091 4357 1159 4394 ex
1207 4341 1424 4410 obliquo
1473 4341 1724 4402 veniunt,
1779 4339 1887 4393 fra-

1995 552 2100 605 qne
2146 555 2403 607 persooas
2451 545 2728 612 mqualiter
2777 562 3060 600 munerare
3101 565 3113 600 :
3152 561 3274 603 oe:o
3328 550 3574 616 scilicet,

1995 628 2190 694 quibus
2246 640 2452 698 septem
2497 634 2871 699 generationes
2921 635 3091 700 ﬁant;
3144 653 3284 692 nona
3332 639 3405 694 sit
3456 641 3571 704 illa,

1989 734 2115 787 .quze
2162 720 2212 773 in
2265 723 2663 776 matrimoniutn
2711 733 2967 779 transeat.

2067 810 2123 864 Si
2180 812 2300 879 quis
2351 821 2528 866 autem
2569 814 2721 882 juxta
2784 816 2944 870 aliam
3003 817 3366 875 deﬁnltionem
3420 829 3574 876 sexta

1994 899 2155 969 elegit
2199 917 2316 956 esse
2366 904 2715 972 generatione
2762 916 3044 960 contentus
3073 947 3089 970 ,
3141 924 3240 964 nos
3290 912 3575 966 austerita-

1997 997 2104 1039 tem
2154 1004 2345 1041 novam
2393 991 2628 1059 antiquis
2680 992 2974 1048 canoni'aus
3030 995 3284 1050 inducere
3335 1013 3439 1052 non
3484 997 3574 1067 ju.

1993 1079 2255 1132 (litamus.
2318 1079 2694 1136 Verumtamrn
2742 1085 2865 1153 quia
2901 1086 2992 1139 alii
3029 1088 3274 1142 doctores
3321 1099 3525 1144 sextam
3552 1131 3569 1156 ,

1993 1166 2085 1220 alii
2123 1170 2406 1237 septimam
2454 1175 2858 1240 generationem
2901 1177 3289 1230 ol.servandam
3326 1195 3448 1233 esse
3483 1180 3578 1234 de-

1992 1268 2258 1320 cernunt,
2311 1260 2425 1314 inec
2476 1262 2529 1315 in
2587 1264 2782 1318 talibus
2839 1275 2922 1318 est
2978 1269 3208 1321 tenenda
3259 1269 3516 1326 discretio
3553 1285 3572 1324 :

1992 1356 2052 1401 ut
2107 1349 2152 1402 si
2213 1366 2244 1403 a
2297 1350 2422 1406 ﬁliis
2470 1353 2696 1422 incipit,
2743 1355 2794 1408 in
2845 1365 2998 1411 sexta
3050 1359 3400 1426 generatione
3444 1375 3575 1432 sup-

1993 1441 2201 1508 putatio
2249 1441 2497 1507 desinat;
2553 1445 2599 1497 si
2657 1460 2784 1499 vero
2829 1461 2858 1498 a
2915 1448 3239 1514 nepotibus,
3296 1465 3465 1519 usque
3508 1453 3575 1505 ad

1992 1530 2274 1598 septimam
2334 1535 2537 1586 tendat.
2600 1535 2691 1589 Sic
2742 1535 2994 1589 nimirum
3050 1537 3401 1604 plurimorum
3455 1555 3579 1596 sen-

1993 1622 2157 1674 tentia
2219 1625 2523 1692 reperietur
2578 1643 2685 1680 una
2719 1668 2733 1691 ,
2786 1643 2906 1696 qua:
2958 1627 3013 1682 in
3069 1629 3368 1684 litterarum
3425 1632 3574 1686 vide-

1991 1713 2149 1766 batur
2194 1713 2561 1784 inaequalitate
2608 1719 2840 1772 diversa.

2602 1806 2831 1881 CAPUT
2887 1808 2973 1862 XL

1995 1897 2146 1963 Quod
2195 1899 2342 1952 aliud
2393 1899 2461 1952 sit
2509 1897 2792 1968 aliquando
2836 1898 3050 1965 gradus,
3102 1899 3248 1954 aliud
3291 1903 3577 1969 generatio.

1985 2013 1988 2016 ’
2063 1988 2195 2043 Illud
2251 1997 2429 2041 autem
2490 1987 2926 2056 praetereuudmn
2989 2002 3094 2042 non
3155 2000 3284 2052 est,
3343 1991 3469 2058 quia
3523 1992 3580 2045 in‘

1994 2080 2079 2135 his
2127 2080 2432 2148 scripturis,
2492 2095 2611 2147 qme
2649 2078 2716 2130 de
2761 2077 3142 2146 cognationum
3195 2078 3454 2135 allinitate
3495 2080 3579 2136 lo-

1992 2181 2253 2238 quuntur,
2295 2185 2401 2222 non
2447 2183 2660 2236 semper
2711 2167 2906 2234 gradus
2953 2183 3048 2235 pro
3096 2170 3443 2236 generatione
3479 2187 3580 2240 po-

1993 2261 2131 2314 situs
2175 2259 2464 2314 invenitur.
2517 2258 2770 2326 Alioquin
2819 2272 3158 2326 nequaquam
3207 2259 3580 2326 Justiuianus,

1991 2353 2134 2422 quoi
2179 2352 2428 2420 superius
2477 2349 2678 2404 dictum
2727 2359 2832 2411 est,
2885 2359 3100 2418 neptem
3149 2351 3331 2406 fratris
3385 2363 3580 2422 quarto

1993 2444 2335 2498 constituerit
2389 2441 2595 2512 gradu;
2648 2440 2944 2509 przesertim
2991 2456 3112 2494 cum
3152 2452 3204 2496 et
3245 2456 3309 2495 ex
3348 2454 3584 2512 quatuor

1994 2534 2334 2588 solummodo
2395 2533 2670 2603 personis,
2725 2541 2958 2601 quatuor
3012 2534 3390 2603 generationes
3462 2533 3584 2590 ﬁeri

1992 2625 2214 2678 omnino
2259 2640 2363 2678 non
2417 2623 2643 2693 possent
2695 2641 2707 2676 :
2766 2634 2822 2678 et
2871 2621 3040 2676 frater
3087 2627 3152 2677 ad
3207 2617 3428 2680 fratrem
3490 2642 3584 2694 ge-

1993 2715 2323 2768 nerationem
2360 2729 2467 2767 non
2507 2714 2716 2776 habeat,
2779 2722 2962 2782 utpote
3015 2729 3244 2782 quorum
3283 2725 3474 2768 neuter
3500 2716 3584 2768 ιιι-

1995 2816 2166 2859 terum
2220 2804 2422 2873 gignat.
2490 2802 2679 2868 Unde,
2737 2813 2791 2856 ut
2844 2803 2971 2856 mihi
3027 2803 3270 2887 videtur:
3328 2804 3576 2874 disputa-

1994 2905 2138 2951 tores
2186 2893 2278 2956 illi,
2330 2909 2466 2964 quos
2515 2909 2677 2962 supra
2727 2893 3144 2958 nominavimus,
3198 2892 3355 2961 hujus
3403 2895 3579 2950 notui-

1993 2984 2077 3036 nis
2117 2984 2430 3038 diversitate
2475 2983 2774 3039 falluntur:
2818 2983 2958 3052 quod
2999 2982 3249 3038 videlicet
3288 2983 3581 3052 aliquando

1992 3075 2412 3144 generationem,
2454 3073 2740 3142 aliquando
2779 3073 2952 3126 locum
2992 3073 3325 3127 solummodo
3373 3073 3584 3129 inverti-

1997 3173 2085 3220 tur
2137 3162 2443 3233 signiﬁcare
2493 3177 2753 3230 personas.
2809 3161 3162 3216 'l‘antumdem
3221 3178 3450 3231 namque
3495 3175 3584 3217 est

1992 3256 2190 3317 dicere,
2240 3263 2454 3322 neptem
2497 3252 2677 3306 fratris
2715 3266 2835 3306 esse
2875 3262 3068 3322 quarto
3096 3253 3286 3320 gradu,
3318 3261 3579 3321 tanquam

1989 3345 2032 3400 si
2081 3346 2283 3400 diceret
2345 3354 2540 3414 quarto
2591 3343 2731 3399 loco.
2791 3346 2888 3409 Liui
2970 3345 3224 3398 nimirum
3274 3344 3584 3414 litigatores.

1991 3438 2092 3490 mei
2136 3437 2180 3491 si
2215 3437 2299 3490 vix
2345 3437 2471 3490 dtttn
2509 3435 2793 3490 mitescere
2830 3435 3016 3499 nescii,
3054 3435 3196 3504 quod
3227 3443 3353 3488 tunc
3383 3434 3596 3508 mehe-1

1991 3529 2188 3582 bantur
2243 3526 2523 3594 objiccre,
2573 3541 2678 3579 non
2737 3535 3024 3579 vereantur
3085 3525 3336 3578 redivivis
3395 3525 3575 3579 adhuc

1992 3618 2384 3673 invectionibus
2416 3618 2635 3681 iterare,
2669 3631 2772 3670 non
2810 3617 2924 3669 sine
2965 3616 3194 3686 quodam
3227 3616 3431 3670 scilicet
3454 3617 3577 3684 jur-

1990 3711 2058 3780 gii
2090 3718 2300 3762 tmnore
2339 3709 2580 3763 dicentes
2613 3721 2626 3759 :
2657 3707 2784 3776 quid
2831 3716 2935 3758 tam
2976 3705 3212 3775 prolixas
3254 3693 3596 3797 aliinitatum:

1991 3799 2162 3853 lineas
2216 3799 2392 3864 texis,
2446 3800 2578 3854 doce
2634 3798 2793 3850 etiam
2842 3796 2885 3849 si
2934 3797 3203 3864 trinepos,
3257 3808 3314 3849 ut
3355 3796 3595 3860 ass.:ris,ﬁ

1991 3889 2056 3942 al
2106 3889 2388 3959 trineptem
2433 3905 2463 3942 e
2517 3888 2732 3956 regione.
2781 3886 3192 3940 descendentem
3237 3883 3326 3952 jus
3381 3901 3582 3955 cogna-

1992 3978 2151 4032 tionis
2200 3979 2386 4037 habet.
2441 3994 2546 4046 qtto
2604 3979 2744 4030 inter
2789 3991 2848 4029 se
2896 3974 3308 4044 propinquitatis
3359 3977 3582 4029 nomine

1989 4069 2388 4123 censebantur?
2424 4068 2672 4137 Nunquid
2704 4067 2855 4136 191
2886 4065 3112 4128 SOlM'llll,
3140 4065 3252 4118 sive
3281 4066 3578 4134 patrueles,

1990 4167 2083 4212 aut
2120 4158 2373 4212 amitini?
2421 4158 2571 4225 Quod
2612 4157 2654 4211 si
2697 4157 2840 4209 nullo
2874 4155 3011 4207 inter
3043 4170 3101 4208 se
3139 4154 3438 4223 hujusmodi
3485 4169 3584 4208 n0-

1991 4250 2137 4302 mine
2179 4248 2562 4311 conferuntur,
2594 4261 2698 4314 quo
2724 4254 2881 4312 pacto
2906 4255 3028 4297 sunt
3053 4241 3458 4312 consanguinei,
3486 4241 3580 4310 qui

1991 4339 2134 4392 nulla
2176 4354 2205 4391 a
2248 4353 2305 4392 se
2345 4338 2588 4390 videntur
2624 4336 2938 4387 alterutrum
2981 4333 3448 4402 coguominationc
3488 4325 3595 4405 re-z

301 4439 404 4492 tris
458 4435 766 4503 sororisque
818 4433 958 4488 ﬁlius
990 4472 1005 4497 ,
1049 4431 1153 4486 ﬁlia
1193 4473 1207 4496 ,
1257 4439 1418 4499 atque
1475 4429 1526 4482 in
1578 4429 1721 4482 hunc
1771 4445 1884 4482 mo-
1911 4462 1964 4520 υ
1993 4433 2128 4485 lati?
2176 4431 2256 4485 Ad
2287 4445 2421 4500 quos
2457 4444 2556 4496 ego
2588 4445 2600 4480 :
2633 4427 2677 4481 si
2718 4425 2784 4480 de
2821 4425 3146 4492 nominibus,
3190 4425 3428 4493 inquazn,
3467 4425 3584 4494 agi.
3638 4427 3659 4438 "

300 4533 430 4584 dum
483 4528 604 4582 aliis
659 4525 781 4580 alia.
850 4524 944 4578 llis
1005 4532 1187 4576 autem
1251 4520 1540 4590 personis,
1591 4535 1710 4589 quae
1761 4530 1887 4573 sunt

299 4631 461 4693 pater
496 4629 552 4676 et
590 4618 767 4680 ﬁlius,
807 4614 924 4669 alia:
963 4629 1066 4668 non
1100 4612 1398 4682 junguntur
1422 4652 1436 4674 ,
1483 4610 1608 4678 quia
1649 4618 1887 4677 ιιιηιτιιιιο

304 4725 470 4766 unum
539 4708 743 4761 faciunt
795 4703 1065 4773 gradum,
1128 4716 1190 4755 ac
1249 4716 1345 4771 per
1401 4700 1505 4754 hoc
1562 4700 1720 4754 nulla:
1770 4699 1889 4754 alia:

301 4817 546 4875 persona:
589 4806 815 4869 possunt
851 4795 928 4849 eis
980 4793 1181 4847 similes
1229 4791 1476 4846 inveniri.
1532 4791 1683 4858 Quod
1726 4795 1887 4846 etiam

304 4892 592 4949 l’salmista
643 4896 910 4951 testatur,
955 4900 1075 4938 cum
1124 4884 1253 4936 dicit
1294 4899 1306 4934 :
1353 4902 1369 4933 ι
1403 4875 1560 4937 Fiant
1617 4883 1728 4934 nati
1775 4881 1890 4949 ejus

303 4989 357 5042 iu
411 4986 713 5048 interitmn,
770 4983 822 5035 in
864 4996 966 5034 una
1007 4978 1355 5048 generatione
1405 4977 1650 5031 deleatur
1695 4992 1889 5030 tmtnen

303 5081 422 5150 ejus
475 5075 649 5148 (Psal.
704 5074 876 5144 cvm).
907 5091 924 5124 ›
979 5069 1143 5139 Cujus
1191 5069 1333 5123 enim
1379 5068 1518 5122 ﬁlios
1568 5067 1893 5139 impr-ecstor

305 5171 360 5226 in
406 5169 630 5225 interitu
681 5165 794 5220 ﬁeri
823 5205 837 5230 ,
887 5163 966 5219 eis
1017 5163 1244 5215 devovet
1289 5173 1484 5212 nomen
1526 5173 1630 5210 una
1667 5172 1895 5225 genera-

307 5263 455 5316 tione
491 5260 678 5314 deleri.
729 5260 933 5326 Quibus
972 5259 1214 5328 profecto
1245 5257 1423 5311 verbis
1475 5253 1761 5308 manifeste
1799 5253 1893 5306 de-

304 5351 516 5416 clarat,
576 5350 717 5420 quod
761 5359 914 5418 pater
956 5358 1009 5403 et
1061 5347 1201 5404 ﬁlius
1249 5361 1354 5402 non
1410 5346 1528 5398 duae
1558 5383 1571 5406 ,
1637 5342 1734 5397 sed
1789 5358 1891 5397 una

305 5439 630 5510 generatio-,
686 5453 930 5506 unusque
987 5437 1057 5492 sit
1108 5437 1322 5506 gradus.
1375 5434 1505 5489 Post
1567 5433 1662 5486 bas
1715 5436 1894 5484 autzm

304 5539 440 5602 quot
486 5540 614 5584 sunt
648 5544 910 5605 personze,
952 5543 1058 5584 non
1099 5535 1224 5580 stmt
1263 5523 1448 5594 procul
1486 5521 1648 5576 dubio
1677 5523 1892 5588 gradus.

307 5624 647 5692 Quapropter
699 5619 942 5688 quisquis
989 5618 1042 5671 in
1094 5614 1458 5671 contrahendo
1496 5613 1743 5679 conjugio
1773 5625 1898 5676 per-

307 5718 450 5770 fecte
511 5716 621 5766 vult
683 5716 965 5782 septimam
1014 5711 1416 5778 generationem
1471 5706 1716 5773 evadere,
1762 5705 1898 5757 sicut

554 5808 824 5866 Pareat.
874 5804 1111 5868 CXLV.

1992 4537 2095 4587 tur,
2143 4523 2246 4578 tale
2293 4521 2420 4592 quid
2469 4520 2662 4590 smpius
2699 4519 2987 4580 invenitur,
3045 4524 3102 4569 ut
3151 4516 3470 4586 quibusdam
3527 4526 3585 4574 et

1992 4615 2333 4671 necessitudo
2385 4611 2800 4684 propinquitatis
2842 4610 3072 4674 intersit,
3101 4619 3150 4663 e'.
3179 4607 3451 4663 alliuitatis
3493 4624 3587 4666 vo-

1993 4706 2242 4760 cabulum
2283 4704 2441 4759 desit.

2066 4797 2264 4865 Atque,
2327 4803 2385 4847 ut
2436 4793 2576 4862 quod
2627 4793 2855 4848 dicimus
2899 4809 3067 4846 sacrae
3113 4789 3450 4845 auctoritatis
3505 4798 3585 4843 te-

1997 4885 2252 4938 stimonio
2307 4885 2762 4951 comprobemus,
2829 4883 3136 4952 prteipitur
3189 4882 3240 4935 in
3295 4880 3582 4935 Levitico:

2003 4995 2019 5024 ι
2053 4974 2505 5044 Turpitudinem,
2568 4975 2782 5046 inquit,
2837 4975 3038 5026 sororis
3085 4972 3268 5024 uxoris
3321 4981 3421 5027 lnge
3450 5012 3464 5035 ,
3528 4985 3587 5027 et

1975 5055 2120 5117 tiliae
2169 5063 2283 5132 ejus
2338 5079 2444 5117 non
2501 5062 2803 5129 revelabis;
2865 5063 3026 5116 tiliam
3079 5062 3168 5116 ﬁlii
3219 5061 3373 5130 ejus,
3426 5073 3482 5119 et
3523 5065 3585 5122 ll-

1999 5152 2125 5206 liam
2177 5152 2299 5206 ﬁlia:
2349 5150 2489 5207 illius
2543 5168 2652 5206 non
2714 5167 2933 5215 sumes,
2986 5161 3043 5206 ut
3095 5152 3300 5206 reveles
3351 5152 3587 5221 ignomi-

2003 5248 2150 5302 niam
2196 5243 2332 5311 ejus,
2391 5243 2516 5311 quia
2563 5256 2690 5296 caro
2741 5234 2883 5296 illius
2929 5251 3077 5305 sunt,
3126 5251 3180 5296 et
3235 5241 3358 5296 talis
3407 5245 3584 5298 coitus

2001 5337 2364 5390 inccstus'est
2411 5334 2596 5404 (Levii.
2643 5342 2820 5405 xvzu).
2851 5353 2869 5384 ι
2930 5333 3068 5388 Ecce
3122 5334 3343 5388 vitricus
3392 5351 3420 5386 a
3476 5334 3586 5390 lilia

1997 5425 2226 5496 privigni
2272 5425 2552 5492 utriusque
2598 5437 2758 5478 sexus
2805 5423 2979 5476 divina
3027 5438 3158 5477 voce
3201 5423 3582 5492 compescitur,

1999 5528 2054 5572 et
2099 5528 2276 5572 tamen
2323 5515 2596 5568 atlinitatis
2636 5527 2851 5580 nomen,
2894 5528 2999 5584 (ίιο
3053 5514 3192 5567 inter
3245 5527 3303 5566 se
3359 5522 3585 5578 utraque

2000 5623 2228 5679 persona
2271 5605 2636 5674 eoguomiuari
2689 5602 2918 5666 debeat,
2976 5621 3080 5657 non
3137 5603 3382 5656 habetur.
3447 5600 3584 5657 (Τιιιις

2004 5701 2203 5756 setisne
2251 5714 2380 5766 ergo
2433 5697 2732 5769 lmjuszaodi
2781 5711 3038 5767 perituras
3104 5701 3288 5747 eontra
3339 5691 3581 5749 divinum

3197 5785 3232 5847 ’ἱ
3519 5793 3532 5806 ’
3560 5831 3578 5853 ι
