4106 6320
585 315 694 371 263

1055 315 1110 369 8.
1144 315 1343 370 PETRI
1385 313 1665 370 DAMMNI
1697 313 1846 370 OPP.
1884 311 2117 370 TOMUS
2157 322 2159 362 :

2259 313 2287 370 ιι
2332 282 2509 370 rans
2547 316 2630 371 tu.
2662 317 3113 377 -—0PUSCL'LA
3152 320 3381 378 \‘attlA.

3744 330 3856 386 θοι

583 441 911 506 praeceptum
959 430 1155 486 debere
1198 430 1470 501 conjungi,
1512 446 1634 485 cum
1682 447 1789 485 non
1835 432 2163 495 inveniatur,
2191 448 2235 502 Α
2266 445 2419 485 cessit
2471 441 2767 501 temporum
2819 433 3073 501 paulatim
3125 447 3341 502 semper
3387 435 3629 490 excrevit
3661 454 3677 492 :
3706 453 3855 495 nunc

566 542 695 596 =qno
718 522 1128 595 prOpinquitatis
1161 523 1370 590 possint
1394 521 1655 577 vocabulo
1691 522 2033 591 nuncupari?
2056 521 2163 575 Sed

572 616 762 670 Videte
812 611 937 683 quid
1002 610 1055 664 in
1114 610 1219 664 line
1265 609 1546 664 sentcntiae
1603 608 1822 673 dicitur,
1874 609 1998 679 quia
2040 609 2166 664 talis

570 704 759 759 ’coitus
803 701 1040 755 incestus
1091 706 1194 752 est.
1258 698 1313 752 in
1356 697 1599 754 Decretis
1638 712 1854 768 quoque
1906 699 2164 754 [oneren-

583 793 644 847 tii
697 804 848 860 papa:
894 789 1127 858 legitur:
1166 807 1184 839 ι
1217 786 1500 849 Relictam,
1557 787 1749 856 inquit,
1807 788 1974 845 patris
2029 803 2165 841 uxo.

584 882 665 937 ris
699 895 832 943 suas,
875 877 1116 935 relictam
1153 876 1338 930 fratris
1376 876 1559 930 uxoris
1605 891 1736 939 suae,
1785 879 2023 931 relictam
2066 876 2163 931 lilii

544 970 772 1025 -uxoris
810 984 941 1033 sum,
993 967 1232 1023 relictam
1281 966 1793 1037 consanguineorum
1821 969 2004 1022 uxoris
2029 983 2161 1032 suas,

584 1077 753 1131 usque
802 1061 856 1115 in
896 1060 1108 1114 tertiam
1162 1059 1471 1129 progeniem
1517 1072 1677 1112 nemo
1724 1057 1775 1111 in
1816 1072 2036 1111 uxorem
2074 1073 2167 1111 su-

586 1162 716 1209 mat.
746 1173 766 1207 ι
823 1152 994 1207 Porro
1049 1160 1229 1204 autem
1281 1149 1334 1203 in
1387 1149 1639 1204 omnibus
1688 1149 1774 1203 his
1826 1149 2070 1217 personis
2108 1156 2166 1203 et

581 1243 859 1299 allinitatis
902 1241 1217 1311 cognomina
1258 1255 1362 1294 non
1404 1240 1763 1307 reperiuntur,
1802 1249 1855 1295 et
1895 1241 2035 1295 inter
2070 1253 2167 1293 eas

580 1345 764 1391 tamen
811 1332 1053 1387 contrahi
1104 1330 1503 1384 matrimonium
1548 1329 1882 1399 prohibetur.

650 1424 805 1493 Quod
864 1424 911 1478 si
962 1423 1188 1477 necdum
1237 1422 1322 1476 his
1369 1421 1734 1490 acquiescitis,
1784 1430 1950 1490 atque
1989 1420 2164 1474 adhuc

570 1518 897 1586 impugnare
954 1513 1175 1568 levitatis
1203 1550 1221 1578 ,
1277 1527 1346 1565 ex
1405 1512 1602 1566 vestris
1652 1511 1897 1581 profecto
1947 1511 2165 1565 exedris

580 1606 857 1659 munimen
912 1602 1232 1671 arripimus,
1282 1602 1425 1670 quod
1483 1602 1675 1655 vestris
1738 1602 1923 1656 itidem
1970 1601 2163 1668 jacnlis

567 1708 931 1764 'cpponamus.
990 1691 1181 1747 Vester
1236 1706 1467 1761 namque
1504 1690 1840 1748 Justinianus
1875 1703 2159 1764 postquam

2265 530 2445 573 autem
2503 520 2686 575 divino
2732 521 2843 588 j-nn
2901 523 3215 577 imminente
3258 518 3503 593 judicio,
3550 537 3672 580 cum
3725 544 3857 584 sua.

2265 610 2422 664 detuli
2487 619 2669 666 essent
2728 612 2975 667 homines
3033 613 3258 668 omnino
3311 614 3495 667 carnis
3552 615 3858 684 \‘0'tlpllllt5

2264 701 2563 767 abscidere,
2599 700 2741 755 ultro
2784 703 2949 757 etiam
2994 713 3359 773 provocamur
3399 703 3703 761 incestuosa
3733 724 3851 763 ma-

2266 792 2514 845 trimonia
2561 791 2846 848 fmderare.
2907 792 3183 848 Adversus
3228 808 3362 864 ergo
3408 794 3713 864 huiusmodi
3758 813 3856 871 pe-

2266 888 2379 934 stes
2419 879 2771 935 sacerdotalis
2817 894 2882 936 se
2926 882 3221 935 auctoritas
3255 882 3446 953 erigat,
3486 891 3548 937 et
3593 884 3857 955 improbe

2266 969 2554 1025 temeritati
2604 969 2986 1025 ecclesiastiere
3042 970 3339 1038 disc’plime
3401 970 3552 1041 vigor
3596 974 3852 1031 obsistt.

2263 1050 2379 1113 Non
2438 1058 2597 1111 detur
2644 1073 2815 1113 cornu
2854 1060 3143 1128 peccaturi,
3195 1060 3340 1115 nulla
3380 1061 3715 1132 relinquatur
3748 1080 3856 1120 ao-

2264 1144 2417 1198 dacia
2467 1145 2722 1200 vanitati.
2789 1144 2945 1200 Vivat
3005 1148 3182 1201 adhuc
3235 1147 3292 1204 in
3347 1148 3595 1204 Ecclesia
3647 1149 3855 1207 Christi

2265 1233 2351 1288 iIle
2405 1234 2672 1290 Mosaicus
2726 1251 2951 1310 serpens
3013 1235 3202 1309 (Num.
3258 1239 3413 1309 ut),
3462 1240 3555 1309 qui
3607 1241 3861 1297 incanta-

2266 1332 2439 1378 torum
2493 1325 2745 1381 colubros
2802 1328 3063 1393 sorbeat;
3119 1328 3287 1393 vivat,
3344 1330 3588 1398 inquam,
3638 1333 3860 1401 spirita-

2232 1414 2333 1471 .lis
2379 1416 2689 1485 prudentia,
2730 1432 2849 1486 qua:
2888 1417 3121 1473 carnalis
3170 1419 3422 1480 versutire
3472 1432 3680 1486 venena
3720 1439 3856 1478 con-

2265 1515 2476 1571 sumat;
2529 1514 2587 1559 ut
2620 1522 2757 1575 quos
2804 1508 3006 1577 proprii
3056 1507 3264 1563 arbitrii
3318 1509 3537 1565 libertas
3585 1510 3858 1568 eﬂ‘renala

2263 1593 2586 1659 laxaverat,
2646 1597 2924 1653 canonica:
2989 1598 3293 1653 severitatis
3352 1615 3579 1656 censura
3637 1617 3861 1673 compe-

2265 1693 2426 1740 scat:
2466 1695 2523 1741 et
2566 1702 2701 1756 quos
2746 1696 3004 1757 tanquam
3050 1690 3287 1747 celebris
3339 1692 3495 1747 (annue
3524 1696 3733 1751 'tutnor
3770 1696 3858 1750 in-

580 1800 674 1837 sex
727 1783 962 1852 undique
1013 1781 1390 1851 cognationum
1439 1781 1640 1850 gradus
1683 1789 1981 1844 enumerat,
2034 1796 2159 1835 mox
2194 1784 2233 1842 Β
2262 1774 2502 1839 (laverat.
2551 1777 2774 1833 reddita!
2831 1779 3058 1836 rationis
3102 1783 3340 1852 gravitas
3394 1795 3605 1853 premat
3637 1803 3653 1839 :
3688 1799 3852 1857 quo.

564 1872 727 1928 addit
775 1871 997 1943 (Iastia,
1048 1869 1142 1925 lib.
1198 1885 1278 1930 ιιι,
1315 1870 1394 1923 tit.
1434 1869 1508 1922 De
1547 1869 1697 1937 grad.
1737 1886 1885 1940 cogn.
1922 1869 2160 1941 perag.):

556 1981 602 2013 υ(
635 1962 711 2017 Ex
763 1961 873 2026 bis,
932 1959 1122 2028 inquit,
1171 1958 1348 2028 palam
1397 1967 1482 2013 est
1541 1959 1861 2029 intelligere.
1898 1961 2159 2029 quemad-

573 2053 798 2108 modum
853 2049 1126 2105 ulterioris
1184 2063 1396 2118 quoque
1451 2049 1652 2119 gradus
1697 2065 2020 2105 enumerare
2071 2050 2164 2105 de-

566 2143 804 2197 beamus
847 2156 861 2197 :
912 2139 1109 2208 quippe
1170 2147 1422 2207 generata
1475 2153 1702 2206 qtueque
1756 2152 1987 2208 persona
2034 2155 2163 2210 gra-

579 2231 707 2285 dum
765 2230 1024 2300 adjiciat.
1084 2236 1142 2282 ut
1198 2229 1355 2297 longe
1430 2229 1642 2283 facilius
1696 2231 1767 2284 sit
1835 2232 2162 2301 respondere

574 2337 686 2391 quo
730 2321 959 2391 quisque
1020 2320 1189 2390 gradu
1240 2321 1355 2381 sit,
1411 2335 1571 2388 quam
1627 2320 1844 2390 propria
1887 2321 2162 2408 coggtatio-

579 2416 664 2468 nis
720 2413 1073 2482 appellatione
1127 2424 1454 2479 quemquam
1516 2409 1794 2464 denotare.
1835 2428 1854 2462 ι
1928 2410 1984 2464 St
2033 2425 2162 2480 ergo

574 2503 850 2576 iegislator
903 2504 1014 2572 ipse
1075 2501 1184 2556 illic
1236 2500 1716 2570 consanguinitatis
1777 2501 1975 2570 gradus
2031 2516 2163 2556 enu-

578 2603 771 2655 merat,
836 2594 926 2646 ubi
977 2591 1191 2646 nomina
1244 2590 1431 2644 deesse
1479 2599 1729 2652 testatur,
1785 2590 1916 2660 quid
1966 2590 2162 2644 mirum

576 2688 623 2739 si
670 2701 766 2740 nos
814 2686 1002 2739 eadem
1059 2681 1318 2737 facientes
1349 2722 1365 2746 ,
1400 2691 1476 2736 .et
1529 2682 1671 2736 inter
1723 2682 1842 2736 illos
1895 2696 2014 2736 esse
2071 2681 2163 2747 jus

574 2776 996 2855 propinquitatis
1049 2775 1345 2828 asserimus
1372 2814 1388 2837 ,
1432 2789 1661 2843 quorum
1719 2774 1969 2828 videlicet
2017 2772 2160 2827 rela-

564 2869 687 2922 tiva
741 2866 995 2921 voeabula
1053 2881 1161 2919 non
1206 2865 1514 2921 habentur?
1563 2862 1735 2919 Tanto
1782 2866 1899 2933 iam
1946 2864 2015 2921 de
2067 2880 2161 2934 βεδε

574 2956 780 3012 rentela
832 2970 919 3008 me
982 2955 1183 3009 dixisse
1245 2952 1474 3008 sulIiciat
1511 2995 1528 3020 ,
1595 2969 1664 3009 ne
1719 2969 1923 3025 pauper
1990 2954 2159 3023 stylus

574 3047 791 3102 modum
840 3046 939 3099 sibi
988 3060 1238 3114 congruae
1277 3045 1558 3100 brevitatis
1603 3046 1829 3100 excedat
1857 3063 1870 3098 :
1897 3045 2038 3116 quod
2080 3053 2159 3099 ta—

576 3152 698 3191 men
726 3146 786 3194 ut
808 3135 1066 3201 arbitror,
1092 3135 1141 3189 si
1164 3134 1444 3204 diligenter
1472 3135 1784 3198 attenditur,
1817 3136 2012 3198 omnis,
2040 3149 2161 3204 qua:
2184 3120 2231 3180 (ἶ

570 3241 734 3297 super
765 3226 864 3279 ltoc
904 3225 1116 3293 negotio
1142 3240 1314 3292 nuper
1340 3235 1658 3290 emerserat,
1680 3225 1905 3297 querela
1930 3226 2157 3297 sopitur.

1174 3335 1401 3391 CAPUT
1449 3335 1563 3389 XII.

932 3443 1216 3499 Excusalio
1262 3422 1508 3514 longioris
1553 3445 1809 3513 apirocali.

646 3556 850 3611 Dixerit
895 3572 979 3610 me
1029 3556 1293 3625 quispiam
1342 3557 1519 3611 verbis
1568 3545 1788 3612 liberius
1828 3568 2155 3629 evagatnm,

572 3648 667 3702 sed
718 3646 848 3701 tnilti
903 3646 1034 3700 tanti
1096 3655 1180 3700 est
1236 3648 1609 3716 proximorum
1664 3664 1903 3701 meorum
1969 3648 2152 3710 salus,

575 3744 637 3788 ut
694 3750 800 3789 non
861 3735 1091 3788 otiosum
1135 3735 1352 3787 credam
1403 3735 1694 3790 multorum
1751 3735 2014 3806 lignorum
2063 3751 2154 3805 [ty--

572 3840 689 3879 ram
735 3818 1067 3887 accendere,
1119 3840 1223 3892 qua
1281 3824 1625 3887 basiliscum,
1676 3824 1803 3879 licet
1861 3826 2151 3895 exiguntur,

571 3914 827 3972 incolumi
879 3915 1073 3985 populo
1126 3929 1347 3968 necesse
1398 3915 1469 3969 sit
1523 3915 1795 3968 interire:
1838 3930 1937 3970 nec
1985 3916 2153 3971 multa

560 4025 711 4081 aqua
758 4008 990 4062 inaniter
1027 4006 1269 4061 funditur
1312 4007 1356 4060 si
1403 4006 1627 4061 scintilla
1675 4007 1835 4077 ignis,
1882 4022 1985 4076 qua
2025 4008 2157 4062 urbs

569 4096 862 4153 cremanda
910 4096 1104 4160 fuerat,
1154 4096 1542 4165 exstinguatur.
1588 4094 1723 4149 Vilis
1769 4095 1927 4164 plauc
1957 4095 2150 4165 sagitta

560 4188 776 4257 pectori
829 4186 1078 4241 bellantis
1134 4185 1408 4255 inligitnr,
1459 4185 1552 4240 sed
1607 4194 1894 4254 antequam
1945 4195 2100 4239 exeat
2133 4225 2149 4249 ,

572 4279 740 4333 multo
791 4277 975 4332 labore
1040 4277 1283 4331 sudatur.
1340 4276 1723 4331 Verumtamen
1785 4278 1877 4346 qui
1934 4291 2020 4331 me
2074 4276 2153 4330 la-

558 4369 760 4424 ciniosi
808 4369 985 4437 operis
1043 4368 1237 4437 arguit,
1283 4370 1575 4437 perpendat
1618 4384 1740 4422 cum
1786 4369 1981 4439 quibus
2018 4370 2146 4424 Inibi

2264 1882 2368 1935 que
2417 1866 2540 1921 ﬁdei
2591 1867 2770 1922 unitas
2815 1878 3127 1939 congregat,
3170 1870 3428 1925 doctrinae
3465 1872 3702 1928 scissura
3741 1890 3859 1930 non

2263 1964 2500 2025 spargat.
2546 1953 2638 2010 Sic
2673 1956 2751 2010 sic
2784 1958 3037 2012 nimirum
3067 1968 3249 2014 vestro
3275 1960 3453 2014 studio
3481 1962 3549 2017 ad
3575 1963 3741 2019 sobrii
3772 1964 3860 2021 iu-

2263 2044 2510 2100 tellectus
2547 2044 2893 2101 concordiam
2945 2049 3185 2114 redeant,
3239 2058 3448 2119 etiam
3501 2052 3733 2109 lnnmles
3776 2053 3863 2114 fa.

2261 2138 2332 2193 cti
2360 2178 2376 2203 ,
2426 2153 2538 2193 uno
2573 2139 2769 2208 spiritu
2823 2153 2945 2193 cum
2988 2139 3353 2195 ecclesiastica
3399 2157 3461 2196 se
3507 2157 3644 2211 pace
3703 2159 3858 2200 com-

2260 2239 2511 2299 ponant;
2562 2243 2834 2300 quatenus
2890 2240 2945 2285 et
2998 2240 3311 2288 veternosus
3364 2234 3584 2290 coluber
3638 2237 3861 2292 desinat

2261 2322 2414 2391 pravi
2458 2322 2725 2392 dogmatis
2766 2323 2912 2377 virus
2959 2321 3207 2388 caluere,
3256 2333 3313 2379 et
3358 2324 3596 2381 Ecclesia
3646 2328 3864 2383 Christi

2260 2414 2330 2467 de
2378 2422 2573 2469 caetero
2619 2416 2826 2486 integra
2874 2416 3044 2485 possit
3089 2415 3145 2471 in
3189 2417 3272 2472 sui
3321 2418 3542 2486 pudoris
3591 2419 3863 2474 munditia

2261 2521 2605 2575 permanere.

2258 2619 3837 2644 Ἥ

2691 2683 3379 2741 DISSERTATIUNCULA

2543 2775 2633 2831 DE
2684 2775 3035 2831 GRADIBUS
3088 2776 3564 2835 COGNATIONIS.

2259 2853 2656 2921 Ακαωιειςτυὶι.
2696 2895 2767 2907 --
2801 2856 3099 2940 Quemdam
3148 2869 3518 2940 presbyterum
3580 2873 3858 2940 consulit,

2330 2951 2568 3009 quonam
2608 2944 2765 3006 pacto
2801 2938 3182 3009 cognationum
3216 2938 3415 3009 gradus
3453 2945 3725 2997 numerari
3756 2938 3858 2999 de;

2330 3006 2492 3059 beant
2539 3023 2551 3058 :
2598 3022 2700 3058 non
2754 3006 2899 3058 enim
2947 3007 3081 3059 adeo
3125 3006 3295 3061 tutum
3343 3008 3443 3063 sibi
3487 3011 3651 3065 videri
3697 3029 3856 3067 corn-

2333 3089 2552 3129 munem
2596 3089 2803 3129 morem
2852 3077 2941 3145 (eo
2980 3077 3182 3131 scilicet
3232 3080 3391 3133 modo
3435 3081 3751 3136 numerandi
3793 3093 3859 3137 ιιι

2331 3145 2505 3219 prima
2557 3160 2798 3219 persona
2838 3160 3052 3214 semper
3108 3148 3367 3219 abundet)
3423 3158 3481 3203 ut
3527 3151 3594 3204 ab
3646 3167 3713 3205 eo
3764 3166 3862 3206 re-

2331 3215 2524 3269 cedere
2561 3214 2711 3270 nefas
2755 3214 2846 3276 sit,
2893 3217 3188 3282 praesertim
3230 3214 3355 3271 cum
3402 3220 3655 3273 notmulla
3695 3221 3857 3276 Scri-

2329 3293 2501 3365 ptura;
2554 3283 2678 3365 loca
2702 3283 3006 3365 .videantur
3046 3287 3283 3341 obstare.
3347 3285 3485 3365 Petit
3532 3288 3697 3365 igitur
3722 3331 3764 3365 ,_
3791 3301 3865 3345 ιιι

2328 3352 2385 3406 in
2438 3352 2539 3406 hac
2592 3352 2924 3410 dubitatione
2973 3366 3126 3409 suam
3155 3359 3496 3424 sententiam
3537 3352 3855 3429 patefaciat.

2329 3461 2537 3519 Domno
2581 3461 2642 3520 S.
2682 3461 2932 3533 religioso
2972 3464 3307 3537 presbytero,
3324 3467 3563 3543 ,Ρετιιυε
3601 3480 3861 3540 peccator

2257 3555 2552 3610 monachus
2598 3556 2966 3611 indissolubile
3009 3557 3272 3628 glutinum
3307 3561 3607 3617 cbaritatis.

2326 3644 2592 3698 Admonet
2649 3645 2729 3698 vir
2780 3644 3043 3715 sapiens:
3090 3646 3269 3701 «Cum
3319 3649 3454 3712 viro,
3510 3651 3706 3720 inquit,
3762 3668 3857 3707 re-

2258 3733 2447 3803 ligioso
2474 3742 2647 3787 tracta
2684 3733 2750 3788 dc
2776 3736 3065 3790 sanctitate
3083 3776 3098 3800 ,
3125 3745 3179 3790 et
3210 3752 3331 3791 cum
3356 3737 3503 3805 justo
3542 3740 3607 3794 de
3635 3742 3856 3810 iustitia

2258 3823 2445 3893 (Eccli.
2501 3823 2708 3894 xxxvii)
2760 3824 2859 3894 (8}.
2886 3843 2904 3876 ι
2960 3825 3061 3889 Qui
3100 3825 3263 3878 etiam
3307 3828 3642 3895 postmodum
3685 3828 3854 3885 dicit.

2261 3935 2277 3963 ι
2304 3915 2435 3969 Cum
2458 3914 2572 3968 viro
2594 3925 2781 3968 sancto
2818 3915 3066 3969 assiduus
3087 3926 3205 3970 esto
3222 3957 3236 3981 ,
3259 3932 3632 3987 quemcunque
3651 3934 3857 3990 cogno-

2255 4005 2398 4059 veris
2417 4005 2793 4058 observantem
2829 4006 3074 4058 timorem
3098 4004 3193 4059 Dei
3223 4003 3382 4075 (Ibid.
3399 4008 3439 4076 ).
3466 4026 3485 4057 ι
3511 4005 3860 4078 Quapropter

2254 4111 2352 4163 ego
2379 4105 2447 4159 te,
2473 4094 2793 4148 venerabilis
2822 4089 3010 4155 frater,
3034 4109 3356 4165 agnoscens,
3376 4111 3674 4166 congruum
3690 4097 3855 4162 duxi,

2256 4202 2358 4238 non
2408 4184 2629 4240 consilia
2673 4193 2850 4238 tecum
2896 4193 3107 4238 terrena
3156 4187 3420 4250 conferre,
3458 4187 3553 4241 sed
3588 4189 3654 4242 de
3689 4189 3854 4257 spiri-

2257 4279 2344 4333 tali
2388 4279 2585 4347 potius,
2630 4285 2684 4331 et
2727 4276 3091 4332 ecclesiastica
3136 4279 3434 4347 qttaestionc
3481 4287 3733 4334 tractare.
3788 4280 3853 4335 In

2253 4369 2510 4437 opusculo
2566 4368 2862 4437 siquidezn.
2914 4369 3002 4421 ubi
3058 4371 3124 4423 de
3172 4370 3461 4438 parcntebe
3522 4348 3683 4442 195
3719 4389 3851 4444 gra-

551 4460 640 4512 sit
688 4458 741 4511 in
798 4458 896 4511 bac
935 4456 1322 4525 disceptatione
1377 4458 1539 4526 192
1589 4458 1860 4525 negotium
1894 4468 1988 4513 :et
2025 4474 2146 4516 mox
2178 4461 2410 4535 pdibus
2451 4459 2735 4527 disputavi,
2777 4458 2918 4513 inter
2960 4470 3154 4513 cmtera
3194 4460 3399 4515 dixisse
3440 4476 3526 4514 me
3573 4463 3791 4516 memini
3830 4482 3846 4517 :

552 4546 876 4605 necessitati
919 4546 1157 4614 deputet,
1205 4545 1346 4613 quod
1392 4545 1703 4599 verbositati
1757 4547 2014 4601 hactenus
2050 4550 2144 4603 ad-

536 4638 859 4695 :ttcribebat.
903 4636 1280 4690 Necessarium
1331 4651 1523 4705 nempe
1574 4639 1823 4695 (iunximus
1863 4639 1963 4694 ista
2014 4657 2144 4696 con-

538 4729 847 4792 uscribere,
890 4726 956 4781 ne
1003 4744 1238 4792 cancer,
1296 4730 1386 4797 qui
1440 4730 1495 4782 in
1551 4730 1665 4784 dies
1718 4742 1814 4801 per
1863 4746 2146 4804 augmenta

556 4822 838 4890 serpebat,
899 4819 1239 4889 pestilentius
1288 4819 1465 4873 adhuc
1506 4835 1565 4875 se
1611 4837 1709 4892 per
1760 4824 2012 4880 Ecclesia:
2064 4826 2147 4879 vi-

546 4929 720 4967 ~seem
771 4912 1043 4965 dilataret.

642 5003 748 5057 Vos
800 5012 1000 5063 autent,
1052 5002 1384 5058 serenissimi
1432 5004 1485 5058 in
1536 5004 1791 5066 Christo.
1836 5015 1894 5061 et
1940 5021 2162 5061 venera-

550 5088 702 5143 "biles
730 5089 854 5154 viri,
897 5089 1146 5145 videlicet
1182 5091 1273 5161 qui
1308 5107 1395 5147 me
1441 5093 1543 5152 hoc
1585 5107 1722 5162 opus
1769 5096 1984 5166 aggredi
2021 5112 2157 5163 pne-

564 5180 804 5250 ccpistis.
854 5189 1015 5236 tanta:
1058 5184 1429 5251 perversitatis
1478 5187 1650 5241 errari
1701 5200 1823 5240 cum
1864 5187 2012 5241 omni
2062 5203 2157 5240 au-

556 5272 816 5325 ctoritate
852 5260 1146 5327 resistite:
1188 5281 1243 5327 et
1287 5288 1354 5329 ne
1398 5290 1456 5330 se
1504 5290 1602 5343 per
1649 5291 1845 5344 corpus
1901 5276 2156 5332 Ecclesia:

556 5359 779 5414 lctltalis
822 5359 967 5431 lepra
1018 5362 1301 5429 diffundat,
1355 5365 1584 5419 viriliter
1634 5365 1867 5419 obviate.
1922 5367 2154 5423 Castitas

561 5466 755 5521 nempe
799 5454 1040 5523 quzedam
1088 5456 1334 5523 specialis
1381 5467 1464 5509 est
1522 5459 1711 5519 virtus,
1764 5472 1882 5524 qua:
1927 5458 1994 5511 ab
2037 5458 2153 5527 imo

558 5542 746 5598 mundi
791 5544 1083 5614 primordio
1125 5548 1175 5600 in
1222 5546 1312 5601 Dei
1363 5546 1663 5602 cultoribus
1709 5546 1895 5616 viguit,
1935 5558 1984 5603 et
2025 5564 2153 5619 pro-

2252 4550 2306 4603 ln
2363 4549 2782 4620 cognationum,
2836 4548 3095 4618 inquam,
3155 4544 3592 4621 generationibus
3657 4566 3853 4606 nume-

2255 4642 2436 4695 randis
2470 4656 2574 4695 una
2623 4655 2837 4711 semper
2873 4641 3034 4696 debet
3077 4640 3354 4698 abundare
3383 4658 3634 4713 persona.
3687 4644 3850 4712 Quod

2246 4732 2414 4785 etiam
2454 4731 2779 4802 approbatis,
2822 4731 3042 4786 addidi:
3074 4731 3258 4801 Neque
3296 4733 3439 4788 enim
3470 4748 3535 4787 ex
3577 4749 3681 4789 una
3722 4750 3849 4805 per-

2253 4836 2384 4875 sona
2435 4826 2607 4890 potest
2653 4821 2936 4891 generatio
2985 4821 3120 4876 ﬁeri.
3170 4822 3440 4877 Atihibitis
3478 4823 3641 4877 etiam
3691 4826 3848 4879 testi~

2258 4912 2455 4967 ntoniis
2486 4906 2887 4989 scripturarum
2904 4912 3099 4982 quibus
3129 4913 3229 4968 boc
3267 4913 3559 4981 disputatio
3576 4913 3845 4979 deﬁnivit,

2263 5012 2320 5055 ut
2342 5018 2463 5056 cum
2498 5003 2918 5072 propinquorum
2946 5005 3322 5073 generationes
3354 5004 3552 5061 fuerint
3577 5015 3842 5077 supputa-

2263 5103 2354 5156 ια’,
2379 5105 2483 5145 una
2531 5105 2741 5160 semper
2767 5106 2993 5160 persona
3035 5094 3339 5164 reperiatur
3366 5098 3645 5150 excedere.
3676 5093 3842 5150 Verbi

2260 5182 2429 5252 gratia
2464 5198 2478 5234 :
2507 5180 2596 5232 ubi
2623 5180 2860 5249 quinque
2895 5188 3018 5234 sunt
3048 5183 3445 5252 generationes,
3470 5197 3564 5238 sex
3592 5197 3845 5236 necessa-

2262 5274 2342 5327 tio
2371 5274 2598 5327 debeant
2631 5287 2751 5326 esse
2793 5286 3061 5342 personae.
3096 5272 3185 5327 Sic
3222 5283 3277 5328 ct
3316 5275 3369 5327 in
3401 5274 3611 5328 caeteris
3645 5287 3843 5327 nume-

2213 5354 2217 5359 ’
2262 5378 2379 5417 rum
2411 5362 2673 5431 graduum
2705 5360 2992 5415 mnidtudo
3020 5373 3237 5431 superet
3272 5376 3649 5430 personarum.

2331 5451 2436 5507 Sed
2466 5468 2562 5522 per
2590 5466 2866 5505 accessum
2910 5451 3166 5521 temporis
3203 5449 3399 5520 legenti
3443 5448 3569 5504 milii
3612 5447 3837 5517 aliquid.

2257 5557 2311 5601 et
2349 5546 2402 5599 in
2445 5543 2740 5615 Scripturis
2784 5543 3039 5606 occurrit,
3082 5544 3223 5613 quod
3264 5551 3475 5598 mutare
3506 5556 3664 5612 [osse
3696 5541 3843 5596 banc

627 5647 1074 5731 (8,).C0mral'itls
1121 5652 1331 5707 videtur
1378 5668 1591 5736 sensus
1640 5653 1798 5725 lutjus
1849 5654 1994 5722 loci,
2044 5668 2166 5713 cum
2195 5657 2249 5711 in
2301 5663 2449 5711 textu
2495 5655 2802 5711 habeatur:
2850 5671 2967 5709 cum
3038 5656 3144 5711 riro
3208 5654 3497 5731 irreligioso
3550 5661 3720 5708 (nota
3774 5655 3842 5709 dc

554 5720 861 5795 punctuate,
916 5728 1024 5772 etc.

1336 5800 1435 5835 ε-βτο

2450 5782 2509 5791 δ’...
