4110 5364
335 153 444 211 205

335 275 670 324 emimeratte
709 257 1043 331 cognationis
1091 254 1326 323 regulam
1368 261 1660 322 persuasit;
1693 267 1915 321 Itl'tDSCl'-
1943 261 1988 312 Α

332 365 434 417 tim
469 375 591 414 cum
631 355 872 425 plerique
913 348 1202 405 StBCtlltll‘CS
1233 346 1355 399 huic
1389 344 1680 398 deﬁnitioni
1721 342 1910 405 feram,

334 467 498 526 atque
540 453 888 507 inhumanam
937 451 1339 511 conquerantur
1397 440 1573 493 inesse
1623 436 1909 498 duritiam,

332 557 558 613 seseque
597 538 917 609 perhibeaut
973 533 1126 586 nobis
1179 531 1552 599 obtemperare
1592 544 1695 580 non
1733 540 1910 594 posse,

333 635 434 690 nisi
464 631 546 686 vel
577 628 828 683 nimirum
863 623 988 692 quid
1020 619 1448 688 acquievcrimus
1486 634 1548 671 ea:
1593 616 1746 682 hujus
1785 615 1912 682 legis

333 725 510 794 rigore
543 722 748 774 laxare.
784 717 896 769 lloc
925 713 1164 782 quotidie
1194 711 1412 776 bellum,
1437 710 1538 762 hoc
1565 708 1681 762 siue
1712 707 1911 760 hedere

332 813 625 866 toleramus
652 805 987 874 obloquium.

838 909 1065 970 ISAPUT
1105 906 1394 965 PRIMUM.

330 1033 398 1087 In
426 1030 843 1103 generationibus
883 1024 1225 1096 supputaiidis
1265 1039 1380 1092 qua!
1421 1020 1597 1090 regula
1632 1021 1905 1073 servando.

399 1141 626 1195 Videtur
667 1140 847 1207 itaque
893 1137 1044 1190 nobis
1103 1133 1508 1188 inlirmitatilnis
1562 1132 1906 1184 imbecillium

324 1233 441 1287 sine
472 1231 624 1300 culpa
649 1245 752 1282 non
779 1244 934 1298 posse
955 1226 1314 1279 conscendere
1337 1223 1400 1295 [ι’.
1426 1221 1905 1293 eoiulesceudere],

324 1333 384 1376 ut
412 1325 763 1375 decernamus
803 1317 1185 1383 cognationum
1236 1314 1395 1369 simul
1445 1328 1504 1364 ae
1554 1327 1904 1380 personarum

323 1428 607 1469 numerum
657 1413 885 1464 invicem
937 1408 1259 1470 convenire;
1303 1417 1570 1475 quatenus
1610 1414 1736 1472 quot
1781 1413 1907 1457 sunt

320 1518 589 1574 personae,
630 1501 849 1554 totidem
888 1513 1102 1566 quoque
1149 1497 1400 1550 dicantur
1437 1509 1554 1547 esse
1595 1493 1900 1563 generatio-

1226 141 1468 200 OPUSC.
1510 140 1639 197 VIII.
1663 173 1728 180 -——
1759 141 1844 195 DF.
1872 139 2303 197 PARENTELJE
2342 140 2706 199 GlUlilllL'S.

3486 143 3590 202 200

2646 253 2869 307 (ZM'lZ'l‘
2911 253 2972 306 11.

2021 335 2291 400 Quomodo
2334 353 2361 385 (ι
2409 336 2864 403 trmmnigmtionc
2902 335 3184 405 Buby’anis
3227 337 3296 390 ml
3325 335 3588 391 Christum

2291 405 2480 472 fuerint
2512 406 2864 474 generationes
2903 407 3312 473 qimtnordecim.

2087 497 2361 551 Addamus
2390 497 2584 558 adhuc,
2629 496 2770 564 quod
2816 497 3079 564 gravioris
3123 507 3204 552 est
3237 500 3508 567 ponderis,
3537 513 3594 555 et

2017 587 2320 640 inviolabile
2351 594 2494 639 tenet
2527 584 2688 638 rolmr
2731 585 3082 639 auctoritatis.
3127 586 3404 641 Mattiacas
3440 589 3588 644 enim

2013 676 2339 746 evangelista
2389 685 2670 743 postquam
2720 676 3083 742 generationis
3136 675 3333 730 C'iristi
3393 679 3588 743 lineam

2015 766 2205 827 texuit,
2241 766 2340 818 boe
2372 765 2422 817 in
2458 764 2802 817 conclusione
2832 765 3105 832 subiunxit.
3137 782 3149 816 :
3189 784 3206 816 ι
3236 767 3434 823 Omnes
3459 783 3591 840 ergo

2014 858 2391 924 generationes
2436 857 2503 909 ab
2533 857 2806 909 Abraham
2857 873 3024 924 usque
3063 859 3130 911 ad
3171 858 3334 912 David
3365 877 3588 928 genera-
3669 903 3677 906 ‹

2015 946 2186 999 tiones
2211 957 2334 998 sunt
2357 946 2785 1013 quattuordecim,
2812 955 2862 999 et
2890 963 2918 997 ει
2947 946 3111 1000 David
3137 964 3306 1016 usque
3327 951 3392 1002 ad
3420 961 3591 1006 trans-

2013 1037 2388 1102 migrationem
2431 1036 2717 1105 Babylonis
2747 1039 3122 1106 generationes
3155 1043 3586 1107 .piaiuonlecim,

2009 1135 2061 1177 ct
2093 1142 2120 1178 a
2157 1127 2626 1195 transmigratione
2668 1128 2954 1198 Babylonis
2999 1144 3167 1198 usque
3203 1133 3266 1182 ad
3313 1133 3587 1186 Christum

2008 1221 2379 1286 generationes
2409 1235 2511 1287 qua
2543 1220 3065 1296 [ltil'tiet'illl_(Jltlll/t.
3100 1223 3196 1288 xi).
3234 1242 3253 1274 ι
3286 1224 3416 1276 (Sum
3442 1226 3591 1280 vide-

2009 1311 2131 1364 licet
2162 1311 2303 1364 milia
2338 1313 2496 1366 trium
2535 1314 2804 1378 ordinum,
2841 1315 2929 1383 qui
2971 1315 3160 1381 digesti
3200 1327 3324 1370 sunt
3359 1330 3588 1383 tessera,

2008 1403 2288 1472 plusquam
2343 1407 2747 1473 quatuordecim
2797 1407 3099 1474 genitor-um
3129 1446 3144 1466 ,
3198 1408 3313 1461 sive
3365 1409 3577 1478 gignen-

2008 1493 2137 1544 tium
2175 1493 2480 1546 inveniatur
2524 1510 2846 1549 enumerare
2893 1510 3175 1563 personas.
3224 1499 3334 1550 lmu
3376 1500 3420 1551 si
3465 1499 3589 1552 dili-

321 1610 433 1648 ues.
475 1592 544 1648 Ut
573 1603 749 1645 autem
784 1591 881 1643 hoc
919 1605 1021 1642 nou
1066 1596 1247 1640 nostra
1291 1587 1584 1646 temeritas,
1630 1585 1720 1639 sed
1769 1600 1896 1637 sano
1935 1618 1974 1674 Β
2007 1591 2192 1650 genter
2231 1584 2549 1646 attenditur,
2586 1585 2796 1638 nonnisi
2847 1586 3103 1640 tredecim
3150 1588 3429 1642 continuere
3465 1603 3590 1657 per-

319 1693 528 1737 ctorum
559 1683 778 1735 Patrum
817 1680 1060 1732 videatur
1091 1677 1405 1735 auctoritas,
1437 1676 1497 1728 Β.
1541 1675 1898 1745 Hieronymus

317 1775 442 1827 dmn
489 1773 700 1827 solvere
744 1771 931 1824 nititur
969 1769 1320 1837 quzcstioncm
1357 1767 1605 1829 Genesis,
1649 1765 1737 1818 ubi
1767 1766 1900 1819 diei-

318 1873 448 1916 tur:
487 1882 504 1913 ι
539 1863 640 1928 Qui
682 1862 942 1916 occiderit
981 1859 1137 1922 Cain,
1168 1867 1371 1925 septem
1413 1858 1678 1909 vindietas
1717 1857 1896 1909 exsol-

314 1964 399 2008 vet
438 1952 594 2024 (Gen.
625 1964 730 2020 IV),
765 1972 782 2002 ι
836 1961 1042 2019 septem
1087 1949 1333 2018 perbibet
1369 1965 1489 2000 esse
1524 1947 1897 2016 generationes

236 2044 250 2054 ’
313 2045 381 2098 ab
403 2045 575 2098 Adam
608 2057 775 2112 usque
799 2041 1048 2100 Lamech,
1075 2055 1196 2093 cum
1226 2048 1401 2091 tamen
1429 2054 1532 2090 non
1559 2037 1898 2106 reperiantur

312 2133 412 2187 nisi
446 2132 689 2193 totidem,
727 2130 829 2183 hoc
858 2138 960 2192 est,
1005 2137 1210 2196 septem
1255 2141 1376 2180 esse
1414 2141 1679 2194 personae.
1722 2125 1810 2189 Et,
1840 2134 1898 2177 ut

310 2224 425 2293 ipsa
478 2222 823 2292 potissimum
882 2221 1014 2273 tanti
1074 2218 1312 2273 doctoris
1359 2218 1522 2271 verba
1586 2231 1894 2284 ponamus:

309 2314 596 2382 Majorum,
628 2314 818 2381 inquit,
854 2322 1162 2365 nostrorum
1196 2311 1294 2364 ista
1328 2310 1590 2364 sententia
1619 2319 1724 2373 est,
1755 2309 1895 2378 quod

308 2415 501 2474 putant
531 2403 585 2458 in
626 2403 852 2472 septima
889 2401 1236 2472 generatione
1275 2398 1507 2454 Lamech
1552 2398 1894 2453 interfectum

303 2498 474 2562 Cain;
507 2514 740 2567 moxque
771 2498 1041 2567 subjungit
1072 2512 1087 2550 :
1119 2497 1288 2558 Adam
1320 2498 1514 2565 quippe
1537 2497 1719 2566 genuit
1741 2495 1892 2558 Cain,

305 2589 440 2645 Cain
470 2591 658 2661 genuit
698 2589 935 2653 llenocb,
965 2590 1183 2642 llenocli
1212 2589 1395 2658 genuit
1432 2588 1662 2651 (Iainan,
1691 2586 1894 2642 Caiuaa

305 2683 492 2753 genuit
517 2681 821 2744 Malalebel,
856 2681 1130 2734 alalalebel
1156 2681 1339 2750 genuit
1372 2679 1751 2741 Matlmsalem,
1781 2678 1894 2731 Ma-

307 2771 578 2826 thusalem
608 2770 792 2841 genuit
816 2770 1067 2831 Lameeh,
1094 2771 1182 2838 qui
1212 2770 1474 2838 septimus
1508 2779 1587 2822 est
1613 2769 1680 2821 ab
1702 2767 1892 2821 Adam.

304 2859 371 2916 Et
401 2862 561 2931 paulo
594 2871 714 2929 post
747 2878 758 2913 :
802 2860 898 2914 llic
936 2861 1175 2930 quidem,
1229 2859 1422 2927 inquit,
1461 2858 1618 2921 Cain,
1667 2857 1809 2924 quod
1841 2857 1892 2908 in

304 2954 536 3022 septima
579 2953 928 3022 generatione
980 2952 1297 3005 interfectus
1338 2951 1425 3013 sit,
1465 2961 1518 3004 et
1544 2949 1696 3018 juxta
1731 2948 1888 3002 aliam
1922 2983 1964 3039 η

303 3045 596 3098 editionem
643 3059 854 3113 poenam
908 3044 988 3097 sui
1044 3043 1264 3097 sceleris
1308 3041 1518 3096 dederit
1569 3058 1582 3092 :
1627 3038 1714 3092 ubi
1761 3039 1889 3092 nihil

299 3135 518 3190 obscuri
557 3137 794 3190 arbitror
836 3136 1181 3190 remansisse.
1239 3134 1295 3187 lu
1341 3134 1535 3203 quibus
1577 3134 1760 3200 utique
1800 3133 1892 3184 do-

300 3229 529 3283 ctissimi
581 3231 681 3284 viri
728 3231 902 3284 verbis
941 3239 1187 3300 patenter
1227 3231 1554 3291 ostenditur,
1597 3229 1722 3298 quia
1765 3244 1887 3280 cum

299 3321 369 3373 ab
395 3322 566 3374 Adam
608 3337 778 3390 usque
819 3321 1054 3376 Lamech
1097 3331 1301 3391 septem
1345 3322 1718 3374 tantummodo
1767 3330 1892 3374 sunt

297 3423 547 3480 personte
573 3452 587 3475 ,
632 3421 835 3480 septem
878 3413 1227 3467 nihilominus
1254 3410 1458 3466 faciunt
1490 3413 1887 3483 generationes.

294 3508 340 3556 A
381 3520 491 3573 qua
525 3505 931 3573 generaliouum
971 3507 1407 3561 dimuneratione
1445 3508 1633 3560 beatus
1675 3522 1888 3576 qtiuqne

293 3596 592 3666 Gregorius
621 3611 727 3649 non
754 3597 1043 3651 discordat.
1077 3595 1209 3650 Nam
1241 3598 1294 3650 in
1327 3598 1660 3665 expositione
1685 3597 1885 3658 13.103),

294 3685 485 3741 Enoeh
530 3688 812 3756 septimam
853 3689 1100 3757 perhibet
1135 3704 1256 3742 esse
1295 3691 1731 3758 generationem,
1765 3705 1886 3742 cum

293 3790 390 3829 sex
433 3777 805 3830 tantummodo
835 3789 1048 3846 patrum
1077 3787 1200 3832 ante
1228 3779 1376 3832 illum
1404 3780 1743 3847 reperiantur
1766 3795 1886 3833 esse

292 3879 565 3933 persona}.
593 3864 716 3919 Haec
743 3867 992 3920 nimirum
1019 3869 1159 3921 beati
1193 3869 1290 3921 viri
1319 3871 1479 3921 verba
1508 3881 1633 3922 sunt
1665 3870 1885 3938 (.llorul.

291 3955 349 4023 κ)
385 3972 400 4008 :
435 3973 455 4006 ε
491 3953 710 4020 Electis,
754 3957 846 4022 ait,
895 3952 1114 4012 lleuocli
1165 3960 1218 4012 in
1259 3962 1486 4028 septima
1538 3964 1886 4029 generatione

291 4045 568 4108 nascitur,
599 4064 618 4097 ι
648 4047 771 4116 quia
799 4049 879 4102 sui
913 4048 1304 4104 dedicationem
1333 4051 1508 4119 gaudii
1545 4052 1596 4102 in
1629 4063 1885 4106 extremae

289 4132 669 4188 retributionis
698 4136 865 4205 gloria
903 4138 1210 4205 requirunt.
1241 4139 1309 4192 Et
1347 4150 1514 4201 certe,
1556 4139 1694 4192 sicut
1729 4155 1881 4193 saera

289 4221 571 4278 Geneseos
615 4225 816 4294 liquido
868 4236 1095 4282 testatur
1126 4229 1349 4283 historia
1383 4248 1397 4285 :
1433 4252 1448 4281 ι
1483 4229 1652 4284 Adam
1699 4235 1881 4301 genuit

2003 1690 2165 1728 sonas
2212 1675 2346 1728 ordo
2394 1675 2605 1737 tertius,
2648 1675 2739 1743 qui
2785 1685 2868 1729 est
2919 1686 2972 1728 et
3016 1676 3252 1739 ultimus,
3296 1678 3586 1733 invenitur.

2002 1765 2176 1834 Super
2210 1781 2318 1834 quo
2346 1766 2600 1820 nimirum
2643 1766 2882 1818 nonnulli
2912 1767 3190 1819 doctorum
3218 1768 3432 1821 diversa
3465 1787 3494 1821 a
3525 1784 3586 1822 se

2003 1857 2233 1910 invicem
2267 1857 2587 1919 sentientes,
2618 1855 2788 1925 longis
2820 1857 3376 1924 argumentatiouibus
3407 1859 3587 1927 dispu-

2003 1956 2138 2009 tant,
2171 1957 2230 2000 ut
2267 1947 2674 2016 qrmtuordceim
2723 1957 2778 2001 et
2822 1947 2875 2000 iu
2904 1948 3047 2010 .hoc,
3094 1949 3233 2002 sicut
3275 1950 3328 2003 iu
3370 1963 3584 2005 caeteris

2003 2039 2270 2090 habentur
2312 2038 2618 2098 ordinibus,
2672 2053 2792 2090 esse
2844 2038 3225 2107 generationes
3271 2051 3562 2095 ostendant

2001 2128 2233 2182 Sanctus
2257 2129 2454 2197 quippe
2493 2129 2849 2198 Hieronymus
2883 2129 3018 2182 duos
3054 2143 3174 2184 esse
3212 2132 3460 2198 perbibet
3488 2131 3583 2188 Je-

2000 2218 2244 2281 chonias,
2271 2229 2478 2286 patrem
2502 2218 2706 2272 scilicet
2735 2228 2791 2273 et
2817 2217 3016 2283 ﬁlium;
3053 2229 3106 2271 et
3129 2229 3337 2286 patrem
3363 2221 3580 2290 quidem

2001 2309 2053 2362 in
2104 2307 2208 2361 ﬁne
2247 2308 2468 2362 secundi
2506 2310 2735 2374 ordinis,
2791 2311 2958 2366 lilium
3009 2316 3204 2370 asserit
3250 2317 3482 2385 positum
3529 2317 3582 2372 in

1998 2401 2174 2470 capite
2203 2403 2364 2456 tertii.
2396 2403 2464 2454 At
2492 2402 2682 2456 beatus
2715 2403 2846 2458 dicit
2881 2403 3018 2474 Aug.
3053 2407 3175 2474 quia
3219 2423 3356 2462 unus
3385 2407 3585 2464 Jecino-

1999 2491 2116 2546 nias
2158 2493 2241 2546 bis
2277 2503 2612 2546 numeratur.
2645 2494 2796 2560 Quod
2829 2495 2872 2548 si
2914 2496 3240 2550 credemlum
3273 2500 3366 2562 sit,
3399 2500 3582 2554 nescio

1997 2600 2104 2653 quo
2134 2596 2291 2652 pacto
2314 2587 2483 2640 sancti
2511 2588 2855 2657 evangelista:
2877 2604 2999 2642 vera
3024 2589 3192 2643 videri
3220 2593 3386 2659 possit
3407 2606 3582 2647 asser-

2001 2679 2094 2740 tio,
2125 2693 2230 2748 qua
2263 2679 2412 2740 dicit,
2445 2680 2700 2748 quoniam
2725 2695 2752 2733 a
2789 2681 3263 2752 transmigratione
3295 2682 3584 2754 Ital-tinnis

1999 2788 2167 2839 usque
2194 2773 2258 2824 ad
2287 2771 2562 2825 Christum
2594 2773 2974 2842 generationes
2999 2783 3123 2826 sunt
3150 2775 3463 2842 quatuurdm
3485 2777 3578 2827 im.

1999 2861 2141 2915 Sane
2187 2864 2300 2916 sive
2348 2861 2461 2924 bis,
2505 2865 2619 2916 sive
2663 2863 2876 2932 quoties
2915 2863 3064 2923 libet,
3105 2864 3178 2922 id,
3224 2865 3365 2931 qmid
3411 2881 3576 2918 llltllttt

1998 2963 2100 3018 est,
2136 2963 2466 3016 numeretur,
2519 2969 2683 3006 unum
2736 2955 3086 3008 nihilominus
3133 2969 3451 3022 permanere
3489 2977 3582 3006 ιη.

1998 3045 2295 3112 guoseitur.
2347 3042 2476 3094 Nam
2523 3043 2622 3096 etsi
2676 3057 3046 3110 sarpenumero
3084 3042 3213 3110 quid
3255 3043 3472 3105 dicitur,
3500 3043 3578 3099 rei

1998 3143 2174 3187 tamen
2208 3135 2441 3187 essentia
2484 3148 2587 3186 non
2626 3140 2870 3200 augetur,
2915 3147 3010 3188 nec
3053 3133 3438 3201 multiplicatur
3475 3150 3580 3189 uu-

1997 3241 2201 3289 merus,
2258 3225 2385 3278 licet
2438 3240 2614 3279 sermo
2672 3222 2832 3278 fuerit
2887 3224 3133 3278 iteratus.
3191 3224 3378 3278 'l'imeo
3423 3224 3581 3292 pline

1993 3333 2156 3386 super
2183 3318 2462 3386 utriusque
2491 3319 2727 3371 doctoris
2765 3317 3056 3380 sententia,
3083 3332 3203 3385 qua:
3235 3316 3362 3370 mihi
3391 3317 3580 3370 dubie-

1995 3419 2076 3462 tas
2112 3408 2414 3471 oboriatur,
2443 3409 2778 3479 exprimere;
2810 3424 2876 3462 ne
2915 3417 3022 3462 tam
3070 3408 3364 3462 illustribus
3397 3409 3581 3462 laete.

1992 3503 2084 3556 SitB
2117 3503 2409 3571 magistris,
2443 3511 2498 3554 et
2527 3502 2888 3555 assertoribus
2917 3500 3160 3554 veritatis
3199 3500 3398 3560 videar,
3431 3498 3580 3568 qtth

1993 3595 2152 3658 absit,
2184 3593 2530 3662 aliquatenus
2564 3608 2906 3646 succensere.

2065 3687 2138 3740 De
2184 3687 2398 3739 illorum
2441 3687 2622 3754 itaque
2667 3684 2992 3740 venerandis
3033 3682 3436 3738 deﬁnitionibus
3479 3697 3578 3749 ego

1991 3779 2268 3846 disputare
2301 3796 2403 3831 non
2436 3779 2629 3840 audeo,
2675 3777 2992 3846 simpliciter
3034 3786 3239 3828 tantum
3277 3775 3406 3843 quid
3445 3771 3575 3826 Inibi

1990 3867 2262 3930 videatur,
2306 3883 2538 3936 expono.
2584 3867 2665 3920 Ab
2707 3881 2773 3920 eo
2820 3882 2969 3927 sane,
3017 3866 3170 3934 quod,
3204 3865 3425 3922 dicitur,
3456 3877 3580 3930 post.

1989 3959 2521 4027 trausmigratiouem
2554 3958 2840 4028 Babylonis
2878 3956 3167 4011 Jecbonias
3202 3955 3385 4023 genuit
3413 3954 3572 4005 Sala-

1991 4047 2137 4110 tbiel,
2192 4063 2361 4115 usque
2411 4049 2476 4098 ad
2527 4046 2677 4109 illud,
2721 4044 2888 4099 Jaeob
2935 4055 3114 4096 autem
3153 4043 3339 4112 genuit
3367 4039 3571 4108 Just-pa

1986 4139 2162 4191 virum
2192 4139 2393 4200 Mariae,
2427 4138 2682 4190 tredecim
2711 4146 2837 4189 sunt.
2861 4136 3258 4203 generationes.
3286 4133 3337 4185 ln
3369 4132 3474 4184 .losi
3496 4135 3570 4199 ph
3610 4129 3614 4133 λ

1990 4230 2254 4297 siquidem
2287 4229 2623 4290 duodecima,
2664 4229 2714 4280 in
2754 4226 2919 4279 Maria
2954 4225 3268 4293 intelligitur
3290 4224 3448 4277 tcrtia
3477 4223 3572 4276 de-

291 4311 452 4376 Setb,
485 4312 612 4368 Setb
644 4315 828 4384 genuit
852 4316 1016 4380 Enos,
1043 4318 1182 4371 Eoos
1213 4321 1397 4388 genuit
1426 4319 1652 4383 Caiuau,
1677 4322 1880 4375 (Zainan
1917 4323 1963 4378 1)
1991 4322 2151 4374 cinia.
2179 4319 2234 4373 Si
2266 4320 2409 4396 enim
2461 4318 2624 4372 Maria
2661 4319 2884 4386 Joseph,
2921 4318 3063 4372 sicut
3111 4331 3248 4370 uxor
3281 4315 3418 4377 viro,
3450 4329 3573 4368 car-

201 4446 205 4449 .
291 4403 484 4474 genuit
509 4403 810 4469 Malalehel,
841 4407 1489 4481 MalalebellQﬂgenuit
1518 4411 1737 4473 'l‘areth,
1776 4411 1882 4464 Ta.

291 4493 415 4546 reth
446 4495 629 4562 genuit
650 4493 1037 4566 Heuoeb((.‘cn.
1058 4501 1162 4566 ιιι).
1185 4517 1202 4548 ι
1235 4500 1384 4552 Sicut
1419 4516 1546 4570 ergo
1572 4501 1881 4569 perlineam

290 4581 426 4635 Cain
471 4594 675 4653 septem
739 4586 1074 4642 solummodo
1131 4588 1536 4642 succedentium
1585 4589 1686 4642 sibi
1734 4605 1884 4658 repe‘

291 4675 510 4728 riuntur
544 4692 665 4730 esse
698 4692 944 4745 personae
978 4679 1044 4732 ab
1073 4679 1242 4734 Adam
1287 4695 1458 4749 usque
1499 4680 1768 4745 Lameeh;
1806 4685 1877 4734 ita

290 4781 506 4834 quoque
545 4783 642 4838 per
670 4769 968 4823 electorum
999 4771 1192 4824 seriem
1232 4781 1437 4840 septem
1469 4775 1729 4824 duntaxat
1761 4787 1882 4838 per-

290 4870 441 4909 sona:
478 4865 841 4911 numerantur
883 4858 948 4911 ab
987 4861 1176 4913 eodem
1213 4861 1380 4914 Adam
1428 4878 1596 4930 usque
1636 4861 1878 4914 lle:;o.h.

289 4945 400 5000 Sed
447 4947 585 5002 sicut
624 4949 679 5002 in
727 4947 1038 5020 genealogia
1085 4949 1218 5006 Cain
1271 4967 1301 5004 a
1357 4953 1514 5006 beato
1551 4952 1882 5022 Hieronymo

287 5035 521 5092 Lamech
561 5039 839 5107 septimus
880 5049 961 5092 est
1013 5040 1081 5094 ab
1133 5039 1329 5104 Adam,
1370 5042 1442 5095 ita
1486 5043 1545 5094 Β.
1583 5041 1880 5109 Gregorius

289 5127 566 5195 septimam
595 5128 1009 5198 generationem
1038 5147 1160 5187 esse
1189 5140 1436 5186 testatur.

360 5239 414 5294 Si
445 5257 569 5311 ergo
621 5251 904 5296 tantorum
951 5246 1188 5300 virormn
1237 5245 1387 5314 sequi
1432 5261 1534 5313 non
1589 5243 1881 5297 abhorrea-

1118 5345 1188 5364 ιη.
1236 5337 1455 5364 ,Ιη1ιηηι-.ι
1502 5337 1878 5364 ηηιιιηισηιιὶηηοο

286 5345 399 5364 nunc
441 5331 754 5364 nun-nnlnvn
817 5341 976 5364 νηριηι
1019 5345 1070 5364 ..ι

1991 4411 2097 4465 nali
2149 4411 2474 4464 commercio
2519 4409 3016 4480 jungeretur.jure
3063 4424 3165 4461 una
3213 4407 3474 4460 duntaxat
3518 4405 3572 4458 in

1993 4501 2149 4572 195
2181 4512 2408 4569 utroque
2438 4502 2714 4570 generatio
2753 4500 3044 4553 videretur.
3092 4498 3198 4552 Sed
3240 4514 3361 4552 cum
3402 4496 3572 4549 Maria

1986 4594 2182 4663 Josi-ph
2225 4593 2530 4646 nullatenus
2572 4593 2641 4646 sit
2687 4591 2994 4660 conjuncta,
3039 4590 3403 4661 generationis
3444 4604 3574 4640 vero

1986 4683 2125 4739 linea
2157 4700 2326 4752 usque
2365 4683 2430 4735 ad
2458 4681 2656 4752 Joseph
2701 4696 2795 4747 per
2823 4681 3240 4749 praecedentium
3278 4677 3469 4732 seriem
3500 4677 3575 4729 sit

1989 4779 2264 4848 perducta,
2312 4787 2536 4844 repente
2580 4774 2854 4846 generatio
2899 4773 2950 4824 in
2995 4773 3214 4824 Mariam
3255 4769 3582 4822 altrinsecus

1985 4871 2215 4940 pesitaai
2257 4867 2471 4938 prosilit
2507 4890 2519 4921 :
2554 4868 2754 4922 etdum
2785 4879 2813 4916 a
2854 4879 2951 4915 sua
2998 4863 3288 4918 reflectitur
3325 4859 3485 4924 linea,
3523 4868 3586 4911 et

1986 4961 2038 5014 in
2066 4961 2227 5014 aliam
2264 4959 2481 5023 transit,
2513 4958 2800 5028 quenidam
2835 4958 2996 5022 quasi
3017 4953 3275 5024 angulum
3307 4951 3455 5005 facit.
3488 4947 3584 5001 Ille

1987 5058 2241 5109 nimirum
2287 5070 2354 5107 ex
2402 5069 2466 5106 ea
2502 5066 2662 5108 natus
2691 5061 2792 5111 est,
2827 5049 2918 5117 qui
2966 5059 3024 5104 et
3062 5048 3216 5116 juxta
3247 5045 3584 5115 Apostolum,

1986 5146 2123 5215 lapis
2161 5156 2244 5199 est
2276 5145 2560 5212 angularis
2590 5143 2814 5216 (Ep/tes.
2859 5141 2966 5210 n);
3013 5153 3068 5198 et
3110 5143 3248 5196 sicut
3301 5138 3590 5192 Psalmista

1989 5237 2173 5288 canit:
2211 5257 2230 5286 ί
2265 5236 2467 5288 Factus
2497 5244 2583 5287 est
2612 5235 2662 5287 in
2695 5239 2856 5299 caput
2891 5235 3079 5304 anguli
3121 5227 3290 5302 (erat.
3333 5223 3520 5290 cxvii).
3557 5237 3583 5274 9

1991 5327 2098 5364 Non
2142 5323 2592 5364 iumnnvonimnm-
2623 5337 2724 5364 una
2769 5321 2820 5364 in
2862 5319 3038 5364 Maria
3085 5320 3360 5364 ammralin
3387 5311 3592 5364 consti-
