4110 5364
500 232 506 238 ’
528 248 634 306 207

995 250 1053 307 S.
1093 247 1296 306 PETRI
1335 248 1617 305 DAMlANl
1657 246 1809 308 OPP.
1853 238 2086 295 TOMUS

2195 242 2255 297 :U
2291 244 2473 308 mas
2512 250 2596 309 ιιι.
2626 246 3079 339 -οιιίιδευιᾼ
3124 257 3348 315 vanu.

3662 243 3783 319 aes

511 368 701 423 -Porro
728 378 853 422 cum
883 363 1088 434 'J'oseph
1107 366 1245 418 οὶιίιιε
1283 379 1348 419 ex
1394 371 1541 418 recta
1578 374 1883 434 prepagata:
1912 375 2102 429 eogna-
2129 370 2178 431 Α
2206 365 2347 418 inter
2372 377 2628 436 parentes
2658 368 2773 438 ejus
2794 379 3051 439 Sltlpentla
3081 373 3323 440 «(amitam
3353 382 3405 425 et
3442 372 3786 431 admirabilis

527 459 693 516 tionis
719 458 857 512 linea
883 458 1137 527 pendeat,
1167 455 1312 510 illinc
1345 471 1409 509 ex
1443 454 1611 513 altera
1644 454 1883 524 ejusdem
1908 469 2105 525 cogna—

525 550 692 604 tionis
713 547 855 602 linea
876 545 1044 600 Maria
1072 546 1394 612 descendat;
1428 546 1541 616 ipse
1568 546 1635 600 de
1656 545 1794 599 linea
1825 545 1878 599 in
1904 544 2101 600 lineam

526 637 788 692 transitus
822 634 1207 706 .generationis
1254 642 1338 689 est
1392 634 1631 704 mysticae
1679 641 2098 690 satramentum.

512 726 665 792 Nam
704 727 831 797 quia
878 725 1048 779 Maria
1084 725 1287 795 Joseph
1343 740 1505 779 carne
1553 740 1661 779 non
1698 725 1966 795 jungitur,
1994 739 2100 778 non

521 826 755 886 utraque
786 830 893 870 una
928 823 1011 871 est
1045 814 1351 884 generatio;
1384 814 1481 869 sed
1512 829 1674 869 unam
1705 812 1936 885 Ioseph,
1966 814 2101 869 alte-

516 923 640 962 ram
676 906 846 961 Maria
884 895 1286 978 generationem
1323 905 1669 962 facit.-Plane
1696 922 1817 962 cum
1861 895 2120 976 Scriptu-i

508 1011 710 1079 ,rarpm
765 998 1100 1053 consuetudo
1151 1013 1258 1052 non
1316 1005 1525 1063 teneat,
1582 1006 1643 1051 ut
1690 1012 1802 1066 per
1845 997 2100 1053 mulieres

488 1135 495 1141 .
521 1084 861 1157 cognationis
890 1085 1084 1153 lineam
1116 1094 1284 1152 texat,
1316 1100 1412 1155 per
1439 1084 1585 1141 viros
1612 1086 1813 1141 Christi
1849 1086 2100 1157 genealo-

523 1178 610 1249 gia
636 1178 985 1248 producitur;
1019 1177 1072 1232 in
1108 1180 1226 1248 ejus
1275 1186 1454 1232 tamen
1493 1189 1617 1232 ortu
1656 1176 1829 1233 virilis
1871 1177 2097 1232 materia

482 1301 486 1307 τ
521 1288 632 1328 non
680 1272 960 1339 miscetur,
1008 1271 1236 1341 ideoque
1273 1286 1394 1326 eum
1440 1271 1506 1326 ad
1544 1269 1740 1341 Joseph
1781 1278 2097 1341 perventum

519 1373 625 1430 est,
655 1362 1013 1419 successionis
1032 1363 1168 1417 ordo
1195 1378 1299 1419 non
1323 1361 1546 1417 ulterius
1574 1363 1628 1417 in
1656 1362 1911 1418 inferiora
1932 1361 2100 1416 dedu-

493 1455 685 1519 citur,
715 1454 813 1509 sed
828 1468 932 1523 per
963 1463 1328 1508 transversum
1358 1454 1623 1525 protinus,
1654 1463 1708 1508 et
1745 1466 1811 1509 ex
1844 1453 2014 1531 latere
2042 1453 2097 1506 in

493 1545 784 1614 virginem
815 1543 1111 1599 derivatur.
1155 1542 1246 1599 Sic
1287 1552 1410 1614 post
1443 1543 1692 1599 carnales
1723 1544 2099 1612 generationes

481 1664 491 1673 -
518 1637 581 1691 lit
609 1636 886 1708 generantia
912 1634 1226 1706 Spiritualis,
1265 1644 1324 1689 ut
1350 1631 1474 1691 inox
1518 1646 1777 1706 sequatur
1810 1652 1901 1691 res
1924 1636 2102 1690 .inau-

2206 460 2481 524 generatio
2507 458 2772 527 videatur,
2801 461 2954 530 cujus
2977 461 3235 517 videlicet
3274 471 3329 517 et
3370 464 3649 531 generatio
3676 466 3785 521 sin-

2203 545 2426 617 gularis,
2475 550 2838 619 et'eonceptio
2886 567 3043 617 nova,
3085 560 3137 607 et
3181 553 3436 608 nativitas
3482 554 3786 624 depreixen-
3826 582 3831 586 θ

2202 635 2347 690 ditur
2395 638 2667 692 inaudita?
2691 638 2813 692 Haec
2835 648 3012 693 tamen
3044 640 3270 695 dicimus
3289 641 3437 696 salva
3458 644 3787 700 auctoritate

2201 734 2510 781 sanctorum
2546 728 2848 792 doctorum,
2872 744 3006 796 quos
3025 731 3274 800 superius
3303 733 3744 790 memoravimus.

2275 814 2342 870 Ut
2375 815 2539 886 igitur
2564 817 2630 871 ad
2662 832 2724 872 ea
2774 834 2895 887 qua:
2941 820 3208 888 coepimus
3243 831 3372 889 post
3402 823 3785 878 diverticulum

2201 913 2559 974 revertamur,
2606 908 2660 961 in
2690 907 2790 962 hac
2834 909 3178 979 generatione
3220 911 3497 966 Dominica
3539 927 3645 967 non
3691 913 3784 967 illa

2200 999 2532 1068 conspicitur
2585 1000 2767 1070 regula
2815 1000 2981 1056 fuisse
3023 1010 3277 1067 servata,
3325 1018 3486 1071 quam
3531 1004 3788 1060 videlicet

2200 1089 2323 1144 alibi
2363 1090 2730 1160 prteliximus,
2776 1100 2834 1145 ut
2863 1093 2917 1147 in
2948 1092 3300 1162 supputandis
3342 1094 3786 1163 generationibus

2200 1196 2305 1234 tnta
2340 1181 2687 1250 providentur
2714 1197 2996 1252 superesse
3024 1197 3253 1253 persona
3284 1199 3297 1236 :
3331 1198 3449 1253 qua:
3488 1184 3693 1239 scilicet
3736 1185 3786 1239 si

2197 1272 2309 1327 illic
2333 1282 2656 1340 servaretur,
2687 1290 2793 1329 una
2834 1274 3008 1329 adhuc
3047 1275 3291 1331 addenda
3318 1290 3546 1345 persona
3591 1292 3786 1333 neces-

2200 1364 2345 1418 sario
2386 1363 2682 1419 videretur.
2731 1366 2789 1419 ln
2842 1364 2931 1419 illa
2974 1365 3172 1435 quippe
3219 1367 3599 1436 cognationum
3638 1368 3784 1425 linea

2200 1456 2410 1510 tril'aria
2452 1455 2888 1512 dinumeratione
2917 1457 3159 1527 digesta,
3207 1458 3628 1530 uniuscujusque
3668 1472 3781 1515 tes-

2198 1563 2334 1602 sera:
2362 1546 2766 1616 quatuordeeim
2792 1547 3161 1602 tantummodo
3191 1555 3316 1601 sunt
3342 1562 3606 1617 personm,
3642 1551 3787 1602 sicut

2200 1650 2256 1694 et
2281 1639 2673 1709 generationes.
2716 1637 2827 1693 Nec
2853 1638 3260 1709 generationum
3288 1654 3573 1694 numerum
3600 1654 3788 1708 perso-

517 1728 631 1783 dita
687 1744 946 1798 prorsus,
996 1739 1053 1782 et
1094 1728 1405 1798 singularis.
1461 1727 1770 1798 Spiritualis
1830 1728 2097 1798 siquidem
2133 1727 2175 1784 Β
2204 1746 2398 1785 narum
2433 1728 2720 1785 multitudo
2768 1730 2981 1784 videtur
3022 1730 3306 1794 excedere,
3349 1731 3477 1785 dum
3517 1730 3592 1784 nil
3636 1730 3787 1809 aliud

480 1817 794 1883 generatio
845 1816 907 1870 lit
958 1816 1025 1870 de
1076 1814 1273 1886 Joseph
1324 1815 1377 1869 in
1424 1814 1670 1881 Mariam,
1709 1814 1996 1885 singularis
2032 1817 2097 1871 de

480 1905 684 1962 diaria
712 1906 766 1962 in
794 1907 1097 1963 Christum.

1134 1999 1362 2056 CAPUT
1399 2000 1484 2055 lll.

692 2093 966 2160 Quomodo
994 2092 1152 2146 Ozias
1178 2093 1378 2162 genitus
1408 2110 1438 2145 a
1469 2091 1651 2146 Joram
1684 2092 1908 2146 dicatur.

591 2188 697 2245 Sed
725 2188 859 2242 dicis
883 2186 1037 2250 inihi,
1060 2185 1305 2255 quisquis
1333 2201 1414 2249 es,
1439 2185 1707 2254 quomodo
1737 2186 1876 2240 inter
1894 2185 2093 2253 Joseph

482 2293 568 2338 ιρι
598 2282 1023 2351 ﬂerianrputest
1052 2281 1335 2352 generatio
1366 2280 1493 2344 dici,
1517 2294 1678 2348 quam
1703 2279 1952 2333 videlicet
1981 2278 2097 2348 ipse

483 2389 623 2429 ~non
649 2373 869 2445 genuit?
898 2373 1046 2426 Et-ztu
1083 2371 1213 2425 mihi
1245 2372 1518 2442 reciproca
1556 2370 1834 2424 consultus
1873 2368 2096 2439 inquisi-

514 2466 667 2520 tione
694 2464 960 2534 responde
991 2479 1006 2518 :
1033 2462 1142 2516 Cur
1180 2462 1319 2516 idem
1364 2462 1557 2516 beatus
1597 2459 1927 2530 evangelista
1962 2460 2096 2513 Mat-

513 2557 706 2621 thaus,
733 2555 800 2610 de
825 2554 979 2622 cujus
1002 2567 1145 2608 nunc
1173 2552 1435 2607 sententia
1462 2553 1818 2622 disputamus,
1846 2553 1923 2607 ait
1953 2554 2096 2606 inter

513 2653 710 2702 caetera
747 2661 761 2699 :
804 2663 827 2698 ί
861 2632 1042 2700 Joram
1086 2644 1273 2714 genuit
1319 2642 1505 2701 Oziam
1550 2642 1766 2714 (Matth.
1807 2645 1879 2715 ι);
1917 2663 1937 2697 ι
1972 2659 2094 2700 cum

513 2750 855 2806 nequaquam
886 2735 975 2790 sit
1017 2745 1173 2805 pater
1213 2733 1391 2800 Ozize,
1440 2735 1534 2790 sed
1579 2734 1760 2805 potius
1803 2733 2095 2790 Ochoziazi

515 2825 775 2896 Quisquis
817 2825 964 2881 enim
1007 2825 1186 2895 quarti
1222 2823 1582 2896 libri-Regum
1621 2823 1888 2894 percurrit
1925 2822 2095 2879 histo—

511 2914 685 2980 riam,
741 2913 1110 2969 indubitanter
1161 2912 1438 2983 agnoscit,
1493 2911 1619 2985 quia
1674 2911 1860 2968 Joram
1908 2914 2095 2985 genuit

509 3006 828 3072 Ochoziam,
859 3006 1125 3062 Oeliozias
1146 3005 1342 3077 genuit
1362 3004 1531 3072 'Joas,
1547 3003 1675 3061 Joas
1695 3006 1881 3077 genuit
1924 3008 2092 3061 Ama-

507 3097 669 3163 siam,
730 3098 981 3152 Amasias
1021 3097 1207 3167 genuit
1253 3095 1463 3161 Oziam,
1512 3096 1605 3166 qui
1651 3104 1707 3151 et
1744 3096 1852 3150 alio
1878 3098 2094 3150 nomine

509 3188 711 3242 dicitur
750 3188 973 3243 Azarias
1020 3186 1134 3258 (IV
1172 3186 1296 3258 Reg.
1322 3186 1503 3257 ~vm).
1551 3186 1660 3242 Cur
1709 3186 1873 3255 igitur
1911 3186 2094 3242 .lorain

507 3289 621 3331 non
670 3274 986 3341 Ociioziam,
1026 3275 1227 3330 dicitur
1256 3276 1510 3343 genuisse
1555 3290 1719 3344 quem
1748 3277 1966 3344 genuit;
2000 3277 2095 3333 sed

507 3365 690 3437 potius
715 3364 927 3430 Oziam,
955 3364 1047 3434 qui
1095 3363 1208 3433 jam
1248 3363 1438 3435 procul
1483 3364 1552 3420 ab
1582 3365 1673 3420 illo
1701 3366 1922 3435 quintus
1950 3366 2096 3420 absi-

509 3455 642 3512 stit?
668 3454 725 3511 Si
754 3469 884 3526 ergo
930 3455 1073 3510 inter
1114 3453 1298 3510 Joram
1344 3464 1399 3510 et
1429 3455 1615 3512 Oziam
1658 3471 1777 3511 esse
1813 3456 2092 3526 generatio

508 3548 728 3612 dicitur,
759 3563 865 3603 non
896 3547 1040 3616 quod
1069 3546 1229 3603 Ozias
1259 3547 1328 3602 ab
1350 3546 1532 3603 Joram
1562 3547 1632 3602 sit
1672 3547 1900 3615 genitus,
1928 3546 2092 3618 196

509 3637 605 3692 sed
628 3637 770 3706 quod
804 3636 871 3691 ah
898 3636 989 3695 illo
1018 3652 1117 3707 per
1143 3636 1357 3707 longam
1393 3638 1634 3694 continui
1665 3638 1879 3709 generis
1907 3640 2090 3695 tradu—

509 3742 630 3784 cem
655 3730 729 3785 sit
762 3731 1088 3800 productus;
1122 3730 1251 3799 quid
1278 3729 1531 3799 prohibet
1574 3729 1716 3784 inter
1759 3728 1984 3785 Mariam
2035 3740 2092 3784 et

509 3817 732 3888 Joseph,
763 3820 855 3889 qui
883 3819 1069 3889 procul
1094 3819 1258 3875 dubio
1283 3818 1665 3889 consanguinei
1696 3826 1841 3881 sunt,
1867 3834 2091 3888 genera-

510 3910 711 3964 tionem
740 3910 844 3965 dici
875 3926 970 3980 per
996 3911 1285 3980 quamdam
1315 3909 1525 3965 scilicet
1555 3909 1662 3966 vim
1692 3918 1745 3963 et
1776 3910 2092 3981 mysterium

2200 1821 2272 1875 ibi
2304 1820 2697 1890 generationes,
2725 1835 2886 1889 quam
2910 1819 3181 1889 simplie;s
3210 1820 3319 1874 sint
3340 1834 3602 1889 personae.

2271 1914 2646 1971 Considerauti
2671 1916 2869 1985 itaque,
2892 1923 2945 1969 et
2963 1929 3076 1969 rem
3103 1913 3408 1985 diligentius
3433 1913 3785 1983 perpen.'.enli

2198 2015 2449 2075 patenter
2476 2006 2740 2071 occurrit,
2762 2006 2905 2075 quod
2935 2003 2998 2058 Β.
3028 2004 3359 2074 evangelista
3390 2005 3785 2060 dinumerando

2178 2096 2536 2167 cognationis
2572 2097 2834 2166 regulam,
2873 2111 3035 2166 quam
3062 2095 3431 2165 praediximus,
3475 2110 3582 2150 non
3623 2099 3786 2150 modo
3811 2126 3828 2137 -

2196 2204 2302 2243 non
2324 2190 2518 2252 tenuit,
2544 2189 2638 2244 sed
2665 2197 2721 2242 et
2747 2195 2904 2242 caute
2929 2187 3135 2250 vitavit,
3164 2187 3406 2241 studiose
3434 2187 3784 2256 contempsit,

2196 2279 2492 2349 prudenter
2518 2277 2767 2333 exclusit.
2798 2275 2932 2331 Nam
2956 2292 3084 2331 cum
3110 2277 3163 2330 in
3194 2276 3505 2348 genealogia
3540 2275 3783 2341 Domini,

2196 2368 2329 2422 certi
2390 2383 2554 2422 causa
2606 2365 2853 2438 mysterii
2918 2365 3131 2421 tril‘ario
3177 2366 3543 2436 dispositionis
3591 2366 3786 2422 ordine

2196 2455 2603 2525 quatuordecim
2634 2455 2966 2511 decrevisset
2988 2456 3390 2526 generationes
3416 2465 3692 2522 attexere,
3724 2464 3788 2512 ut

2197 2562 2637 2618 unamquamque
2682 2563 2972 2618 personam
3023 2547 3428 2618 generationem
3475 2563 3596 2603 esse
3637 2565 3789 2604 mon-

2195 2647 2411 2700 straret,
2446 2646 2557 2692 tres
2587 2653 2723 2707 quos
2750 2637 3001 2707 superius
3023 2637 3278 2704 diximus,
3306 2636 3599 2693 Ochoziam
3633 2636 3786 2692 vide-

2197 2732 2339 2798 licet,
2362 2731 2489 2788 Joas
2518 2741 2573 2786 et
2594 2732 2871 2786 Amasiam
2895 2772 2911 2797 ,
2941 2732 3007 2787 de
3046 2731 3376 2787 narrationis
3408 2731 3601 2786 ordine
3629 2744 3790 2802 reges

2195 2823 2393 2894 abjecit
2426 2840 2441 2879 :
2467 2832 2522 2880 et
2548 2832 2628 2880 tot
2648 2837 2912 2894 personas
2931 2838 3221 2894 apponere,
3249 2833 3380 2893 quot
3405 2810 3789 2893 generationes

2195 2930 2519 2971 enumerare
2552 2923 2841 2970 contentus
2862 2913 3180 2970 fuit.Plane
3207 2930 3343 2970 cum
3383 2914 3483 2968 sibi
3522 2928 3787 2983 personae

2197 3021 2316 3058 rum
2350 3003 2636 3058 multitudo
2660 3010 2990 3073 suppeteret,
3016 3001 3187 3057 noluit
3217 3010 3277 3055 ut
3301 3017 3533 3072 persona
3559 3016 3789 3073 genera—

2121 3075 2166 3137 (ἶ
2198 3095 2432 3152 tionibus
2459 3103 2802 3164 superesset;
2835 3094 2929 3149 sed
2957 3104 3015 3149 ut
3043 3095 3471 3164 generationum,
3505 3108 3570 3148 ac
3597 3108 3790 3162 perso-

2200 3203 2392 3241 narum
2436 3187 2540 3242 sibi
2590 3187 2822 3241 invicem
2855 3199 3110 3239 numerus
3139 3183 3420 3252 aequaliter
3445 3183 3784 3237 conveniret.

2196 3274 2324 3331 Haec
2350 3278 2552 3346 itaque,
2586 3275 2890 3330 venerande
2914 3272 3103 3338 l‘rater,
3135 3283 3189 3327 et
3219 3273 3333 3343 ipse
3360 3272 3585 3342 pervigil
3612 3272 3788 3327 medi-

2197 3376 2335 3430 tare,
2384 3376 2440 3420 et
2484 3381 2605 3421 cum
2655 3364 2990 3435 sapientibus
3043 3364 3148 3419 tuis
3195 3363 3351 3418 stude
3401 3364 3675 3428 conferre,
3726 3369 3789 3416 ut

2196 3457 2422 3510 aliorqu
2451 3458 2581 3511 mihi
2610 3456 2779 3511 fultus
2817 3455 3039 3518 auxilio,
3085 3464 3291 3509 certum
3326 3455 3456 3523 quid
3488 3453 3673 3510 valeas
3700 3469 3787 3510 re-

2198 3547 2483 3614 spondere.
2525 3546 2785 3601 Rescribe
2816 3545 2998 3614 igitur,
3025 3544 3068 3599 si
3103 3545 3155 3597 in
3192 3543 3550 3616 supputandis
3590 3559 3789 3613 paren-

2197 3637 2317 3692 telae
2357 3637 2616 3705 gradibus
2639 3677 2654 3702 ,
2680 3636 2765 3690 vel
2797 3636 2851 3690 in
2879 3651 2943 3689 eo
2987 3649 3335 3702 perseverare
3365 3636 3613 3701 debeam,
3637 3633 3786 3709 quiod

2196 3737 2323 3783 ante
2367 3727 2665 3797 descripsi;
2712 3725 2798 3780 vel
2870 3741 3132 3794 usurpare
3181 3725 3361 3795 potius
3418 3723 3566 3795 quod
3610 3738 3788 3793 nuper

2197 3818 2399 3884 inveni,
2449 3828 2509 3873 ut
2557 3819 2682 3873 dum
2713 3833 2742 3871 a
2782 3827 2833 3871 te
2864 3816 2994 3870 mihi
3029 3815 3210 3872 multis
3257 3830 3485 3871 onerosa
3531 3815 3786 3871 dubietas

2198 3906 2484 3970 tollitur,_a
2525 3907 2709 3963 multis
2745 3906 2838 3962 tibi
2877 3920 2973 3976 per
3001 3920 3088 3961 me
3114 3906 3270 3976 digna
3298 3905 3599 3974 gratiarum
3639 3904 3785 3983 actio

508 3999 877 4055 sacramenti?
924 4000 990 4055 Et
1037 4001 1082 4056 si
1130 4000 1513 4071 comprehendi
1562 4016 1667 4055 non
1704 4008 1913 4069 potest,
1963 4015 2099 4071 quo-
2171 3996 2475 4053 referatur.

511 4088 674 4145 modo
713 4088 964 4146 Christus
1005 4104 1073 4146 ex
1117 4090 1327 4162 virgine
1367 4090 1639 4155 nascitur;
1663 4090 1794 4160 quid
1823 4090 2019 4145 mirum
2048 4090 2095 4145 si

514 4284 1764 4313 M—

2495 4087 2590 4144 -Sit
2623 4104 2808 4144 nomen
2838 4086 3049 4142 Domini
3072 4085 3417 4142 benedictum.

1180 4442 1541 4515 197-198

2195 4466 2463 4582 LUM
2549 4467 3095 4583 NONUM.

924 4682 1031 4749 DE
1070 4684 1631 4750 ELEEMOSYNA.
1679 4689 1790 4752 AD
1830 4688 2324 4752 MAINARDUM
2365 4690 2807 4754 EPISCOPUM
2849 4692 3343 4755 URBINATEM.
