4106 6320
341 260 449 316 203

1422 256 1663 320 opusc.
1705 258 1794 317 tx.
1835 293 1904 348 ε
1941 259 2026 316 DE
2069 256 2549 321 liLEEilOSYNA.

3494 263 3601 321 210

344 379 562 452 placere
593 375 882 449 plurimum
913 375 1118 442 valeat,
1150 383 1208 431 et
1231 378 1282 431 in
1315 388 1421 447 quo
1467 395 1526 433 se
1579 385 1777 449 reperit
1817 389 1933 431 atn-
1961 385 2005 440 Α
2034 381 2467 446 exsequendam?
2522 373 2768 446 Nunquid
2826 371 3127 446 jejunium?
3179 375 3283 430 Sed
3343 379 3602 431 continuo

345 467 716 541 pliusposse,
762 467 840 522 ibi
880 483 937 523 se
983 469 1178 537 satagit
1217 469 1428 523 enixius
1458 481 1732 526 exercere.
1780 469 1928 523 Alius

347 559 616 629 siquidem
655 560 927 615 robustior
951 567 1034 614 est
1067 559 1119 613 in
1168 560 1338 625 bello,
1371 561 1509 616 alius
1529 562 1844 631 prudentior
1875 562 1927 615 in

359 650 598 710 tonsilio.
631 649 720 704 Ille
747 650 873 703 dum
901 658 1122 719 perorat
1149 665 1370 716 causas,
1416 651 1714 708 luculenter
1754 665 1819 706 ac
1848 651 1926 705 le-

347 739 400 808 pi
415 740 471 792 .le
498 740 853 792 concionatur
881 740 932 794 in
976 739 1222 809 publico;
1252 740 1352 795 iste
1382 740 1506 794 dum
1542 742 1684 795 hunc
1714 756 1928 810 aequare

347 829 617 884 facundia:
642 831 945 885 urbanitate
976 845 1082 885 non
1113 831 1314 901 possit,
1362 830 1596 884 dictandi
1649 831 1786 885 forte
1815 839 1930 885 stu-

346 920 471 986 dio,
500 919 590 974 vel
615 921 780 976 etiam
811 920 1076 991 aucupio,
1129 922 1242 976 sive
1288 930 1434 975 certe
1466 921 1766 976 venationis
1811 931 1927 976 arte

345 1012 644 1084 prmcellit;
667 1021 723 1066 et
745 1020 804 1065 ut
829 1012 896 1064 ad
925 1020 1108 1066 nostra
1133 1013 1432 1076 veniamus,
1466 1011 1541 1065 ait
1569 1011 1778 1082 Moyses
1808 1012 1929 1067 liliis

345 1101 512 1157 lsracl
539 1118 603 1154 :1
626 1102 884 1176 Separate
905 1101 1046 1170 apud
1072 1117 1165 1157 vos
1187 1102 1454 1172 primitias
1481 1102 1734 1156 Domino:
1752 1103 1928 1157 omnis

344 1195 684 1250 voluntarius
710 1204 764 1250 et
791 1196 946 1264 proni
970 1195 1171 1260 animi,
1199 1195 1389 1250 offerat
1419 1211 1513 1250 eas
1545 1195 1795 1258 Domino,
1827 1210 1925 1248 au-

343 1304 487 1353 rum,
517 1295 822 1358 argentum,
849 1302 946 1353 tes,
977 1289 1327 1358 byaeinthum
1360 1296 1418 1342 et
1447 1303 1768 1357 purpuram,
1800 1303 1926 1344 coc-

339 1394 579 1448 eumque
604 1378 690 1432 bis
718 1378 974 1443 tinctum,
1000 1390 1056 1432 et
1083 1378 1328 1448 byssum,
1360 1379 1502 1447 pilos
1526 1393 1808 1447 caprarum
1833 1417 1849 1442 ,
1872 1386 1928 1432 et

340 1468 766 1536 pellesarictum
785 1506 800 1532 ,
828 1466 972 1536 ligna
997 1467 1218 1533 set'nim,
1247 1475 1298 1524 et
1336 1468 1513 1522 oleum
1542 1469 1608 1521 ad
1640 1468 1924 1522 luminaria

339 1558 719 1613 coneinnanda
748 1557 943 1628 (Exod.
993 1558 1180 1630 xxxv).
1223 1579 1242 1612 ι
1282 1560 1412 1626 Quae
1461 1560 1745 1626 nimirum,
1799 1559 1922 1630 quia

341 1662 537 1702 omnes
587 1648 767 1701 omnia
816 1663 923 1702 non
969 1649 1270 1716 habebant,
1311 1650 1507 1706 obtulit
1556 1651 1923 1720 unusquisque

2031 466 2408 534 respondebis:
2431 468 2486 521 Si
2523 467 2890 521 immoderatis
2915 481 3110 536 corpus
3159 481 3337 520 meum
3377 465 3602 535 jejuuiis

2030 565 2238 620 altero,
2272 557 2678 612 imminentibus
2733 567 2811 610 tot
2849 572 3128 610 causarum
3175 557 3606 611 discursionum-

2030 662 2134 716 que
2160 647 2434 703 laboribus
2461 664 2583 702 mox
2607 648 2917 703 succumbo.
2949 647 3003 702 Si
3030 648 3336 703 osalmodite
3368 649 3601 703 medita-

2031 739 2204 792 tiones
2227 739 2474 793 indixero
2496 779 2511 803 ,
2549 740 2616 791 ab
2651 738 2810 808 199
2838 739 3133 802 orationis,
3176 738 3416 806 inquies,
3466 740 3602 792 assi-

2029 828 2234 883 dui‘tate
2263 831 2579 899 prtepedior,
2609 831 2864 899 quoniam
2894 830 2958 882 ad
2989 831 3420 898 respondendum
3457 829 3600 883 salu-

2031 919 2324 972 tatiooibus
2346 918 2664 979 amicorum,
2691 933 2754 970 ac
2775 917 3046 972 miscenda
3067 917 3334 986 colloquia
3360 919 3600 986 quotidie

2030 1016 2254 1061 coactus
2281 1007 2543 1076 impellor.
2580 1005 2639 1062 Si
2668 1007 2828 1060 nttdis
2859 1015 2942 1072 te,
2969 1005 3121 1073 juxta
3154 1021 3356 1061 morem
3388 1015 3600 1077 aposto-

2031 1099 2229 1163 lorum,
2247 1100 2471 1168 pedibus
2495 1101 2682 1154 hortor
2704 1099 2976 1165 incedere;
3001 1095 3239 1164 siduris,
3256 1100 3422 1154 instar
3442 1098 3603 1154 Joan-

2031 1189 2146 1254 nis,
2179 1191 2418 1243 membra
2454 1202 2540 1242 tua
2570 1190 2760 1244 ciliciis
2787 1189 3068 1254 edomare;
3098 1189 3141 1242 si
3174 1190 3404 1260 denique
3448 1202 3500 1244 te
3550 1191 3601 1242 in

2029 1277 2276 1332 exsilium
2309 1278 2610 1346 proﬁcisci;
2644 1279 2686 1332 si
2724 1277 2984 1331 careerali
3017 1278 3263 1332 custodia
3298 1285 3347 1337 te
3381 1277 3600 1346 jubeam

2031 1371 2406 1440 ptenitentiutn
2458 1386 2608 1424 more
2649 1369 2928 1428 concludi.
2978 1369 3371 1430 imminentem'
3407 1378 3604 1436 przesto

2031 1462 2343 1516 causaberis
2388 1461 2794 1532 :Pgtittltlittetn,
2843 1460 2923 1515 vel
2977 1461 3154 1529 potius
3198 1477 3305 1514 non
3353 1469 3401 1514 te
3445 1475 3604 1529 posse

2029 1552 2271 1622 perferre
2317 1562 2430 1610 tam
2469 1553 2658 1607 duram
2705 1552 3000 1622 corporalis
3053 1551 3376 1607 incommodi
3423 1551 3603 1623 gravi-

2031 1653 2214 1704 tatem.

342 1737 487 1807 quod
518 1741 698 1807 potuit
718 1780 732 1804 ,
778 1747 829 1792 et
852 1739 928 1792 .in
958 1754 1022 1794 ea
1067 1755 1126 1795 re
1153 1708 1355 1811 ιετέῑοι-
1384 1741 1513 1807 (δαῖε,
1540 1758 1658 1812 qua,
1683 1708 1923 1808 εξδίάιξει,
1957 1723 2002 1782 Β
2099 1734 2199 1800 Qui
2233 1749 2361 1804 ergo
2410 1735 2649 1789 membra
2696 1733 2770 1787 tui
2818 1734 3061 1804 corporis
3090 1708 3267 1789 adhuc
3299 1733 3454 1788 times
3479 1731 3607 1786 allii-

341 1827 736 1883 exnberantius
783 1829 1120 1895 abundavit,
1153 1839 1219 1884 ιιι-
1254 1831 1380 1885 dum
1432 1847 1622 1887 omnes
1673 1830 1930 1887 offerrent

343 1919 488 1989 quod
521 1920 717 1989 singuli
745 1935 852 1974 non
887 1921 1182 1987 haberent,
1213 1937 1377 1975 unum
1407 1923 1560 1977 multi
1588 1922 1814 1977 Domino
1843 1929 1927 1975 ta-

344 2009 698 2064 bernaculum
744 2009 1096 2065 fabricarent.
1145 2010 1252 2064 Nos
1302 2013 1496 2077 etiam,
1546 2013 1636 2082 qui
1688 2029 1831 2068 nunc
1875 2013 1926 2067 in

344 2097 504 2166 hujus
535 2099 663 2153 vita:
707 2099 922 2154 deserto
966 2101 1371 2155 tabernaculum
1417 2104 1823 2165 constituimus,
1870 2113 1930 2157 ut

343 2189 572 2259 Ingressi
608 2197 805 2243 terram
835 2189 917 2244 lac
946 2198 1001 2244 et
1034 2191 1138 2244 mel
1168 2201 1498 2255 manantem,
1528 2193 1577 2247 in
1607 2193 1694 2246 illa
1723 2193 1926 2249 ctelcsti

345 2277 642 2332 Jerusalem
670 2279 926 2349 temptem
952 2280 1054 2334 sub
1083 2282 1196 2336 veri
1244 2281 1550 2339 Salomonis
1583 2285 1807 2354 imperio
1838 2287 1930 2340 de-

342 2365 587 2422 dieemus
615 2370 802 2437 :quod
845 2370 1098 2424 nimirum
1146 2387 1253 2426 non
1297 2371 1370 2426 sit
1417 2387 1483 2426 ex
1533 2373 1929 2430 insensibilibus

341 2457 651 2526 quibusque
678 2459 909 2514 metallis
929 2501 944 2525 ,
993 2460 1086 2516 sed
1129 2475 1195 2516 ex
1245 2461 1513 2532 lapidibus
1544 2464 1710 2531 vivis;
1740 2473 1794 2520 et
1821 2481 1926 2521 non

341 2550 631 2606 decusatur
648 2551 978 2606 rutilantium
1002 2553 1177 2607 nitore
1197 2568 1550 2623 gemmarum,
1567 2556 1660 2610 sed
1675 2557 1930 2626 spiritua-

341 2641 474 2696 lium
504 2641 683 2696 radiat
705 2642 900 2698 decore
925 2643 1203 2697 virtutum.
1231 2637 1483 2699 omnium
1509 2646 1724 2715 quidem
1756 2645 1927 2701 bono-

344 2748 466 2786 rum
494 2732 605 2788 Deo
641 2732 928 2805 largiente,
953 2734 1068 2790 fieri
1090 2736 1383 2806 participes
1405 2752 1720 2807 possumus.
1749 2738 1928 2793 omnia

347 2837 478 2877 vero
504 2824 786 2894 possidere
809 2825 1090 2894 aequaliter
1110 2842 1214 2880 non
1236 2827 1494 2882 valemus.
1525 2827 1657 2882 Nam
1680 2837 1732 2883 et
1757 2829 1930 2884 sancti

345 2912 565 2976 Patres,
597 2915 687 2983 qui
721 2931 817 2970 nos
848 2917 914 2970 ad
945 2917 1190 2972 coelestia
1218 2916 1628 2987 praecesserunt,
1661 2919 1787 2974 licet
1811 2935 1931 2974 ont-

344 3003 492 3056 n'um
525 3003 783 3058 virtutum
811 3020 878 3060 ex
908 3005 1085 3060 divina
1134 3005 1336 3061 fuerint
1372 3006 1724 3076 opitulatione
1759 3007 1924 3077 parti-

2029 1840 2186 1893 gere,
2219 1826 2326 1879 imo
2360 1826 2485 1894 quia
2532 1826 2872 1893 temetipsum
2918 1840 3016 1894 per
3051 1827 3400 1880 acrimoniam
3439 1823 3608 1893 ιιωιιί-

2031 1916 2213 1969 tentia:
2245 1917 2475 1970 necdum
2517 1915 2662 1970 vales
2707 1915 2815 1970 Deo
2858 1915 3180 1971 sacrificium
3215 1917 3504 1978 exhibere,
3539 1915 3606 1969 ad

2029 2023 2122 2070 ea,
2156 2022 2372 2074 quieso,
2432 2022 2551 2075 quae
2590 2007 2733 2062 circa
2777 2018 2828 2060 te
2873 2017 3026 2072 sunt,
3085 2023 3300 2062 manum
3357 2006 3603 2076 porrige,

2027 2099 2236 2167 etquid
2286 2114 2392 2151 non
2447 2107 2518 2162 te,
2564 2098 2752 2153 saltem
2799 2114 2918 2170 qua:
2951 2107 3036 2152 tua
3085 2107 3232 2162 sunt,
3279 2100 3601 2167 imprtire:

2027 2202 2245 2242 carnem
2273 2187 2481 2242 scilicet
2523 2187 2820 2253 incisurus,
2863 2189 2995 2244 satis
3027 2188 3117 2242 tibi
3147 2197 3376 2258 ptmsto,
3409 2188 3452 2242 si
3488 2197 3604 2241 tan-

2031 2289 2142 2334 tum
2173 2279 2394 2350 capillos
2436 2279 2721 2346 attondeo;
2760 2281 2849 2349 qui
2887 2296 3078 2339 manus
3120 2282 3471 2336 obtruncator
3509 2279 3606 2333 adv

2027 2378 2275 2433 venerat,
2309 2370 2435 2439 pius
2467 2379 2550 2424 est
2570 2409 2586 2434 ,
2613 2370 2669 2423 si-
2688 2370 2946 2440 unguium
2975 2371 3237 2424 duntaxat
3264 2380 3605 2426 excrementa

2027 2459 2302 2528 prazcidat.
2331 2457 2598 2526 Quantum
2625 2459 2790 2513 distat
2819 2459 2958 2515 inter
2982 2460 3176 2518 vulnus
3205 2460 3454 2519 humana:
3483 2473 3608 2514 ca:-

2029 2550 2114 2604 nis
2146 2559 2198 2603 et
2224 2550 2435 2613 vestis.
2461 2558 2670 2609 tantum
2715 2550 2856 2605 inter
2887 2551 3157 2607 hominem
3190 2560 3244 2606 et
3268 2551 3500 2608 hominis
3525 2548 3612 2604 fa-

2028 2639 2450 2702 cultatem..l-loc
2479 2643 2637 2697 modo
2683 2642 2954 2703 Abraham
3001 2657 3167 2712 pecus
3209 2642 3403 2697 obtulit
3451 2640 3604 2714 (Gen.

2029 2730 2166 2801 nu)
2212 2739 2272 2784 ut
2318 2730 2488 2785 lilium
2535 2739 2929 2798 conservaret,
2984 2733 3239 2789 mactavit
3285 2733 3512 2787 arietem
3551 2739 3610 2787 ut

2031 2823 2326 2878 custodiret
2374 2824 2665 2879 lueredem.
2714 2823 3030 2887 llocmodo
3083 2823 3280 2878 Michol
3331 2824 3508 2896 posuit
3555 2839 3608 2876 ιιι

2031 2911 2170 2970 lecto
2197 2912 2546 2973 simulacrum
2592 2923 2650 2967 ut
2687 2929 2716 2968 a
2761 2923 3002 2984 paterna:
3029 2913 3260 2968 vesania:
3291 2913 3480 2982 gladiis
3513 2913 3604 2966 de—

2035 3003 2279 3064 fenderet
2306 3004 2478 3061 virum
2511 3003 2561 3075 (I
2593 3003 2718 3074 Reg.
2748 3003 2861 3074 xtx)
2893 3021 2907 3057 :
2939 3012 2994 3057 et
3031 3012 3090 3057 ut
3137 3003 3298 3057 David
3344 3004 3613 3057 veraciter

345 3092 670 3160 cipes.‘non
710 3103 888 3148 tamen
933 3096 986 3149 in
1034 3096 1284 3151 omnibus
1315 3097 1594 3152 exstitisse
1631 3076 1927 3152 creduntur
1953 3076 1997 3138 (ἶ
2035 3099 2270 3162 viveret,
2303 3098 2455 3167 quasi
2485 3098 2800 3152 morientem
2827 3111 2950 3150 eum
2974 3095 3193 3165 caprina
3221 3095 3424 3148 studuit
3459 3095 3614 3164 pelli.

344 3182 598 3250 :eqnales.
644 3182 915 3239 Abraham
947 3186 1214 3253 siquidem
1263 3187 1473 3242 czeteris
1519 3187 1622 3242 fide
1669 3189 1828 3242 simul
1871 3196 1928 3244 et

344 3273 651 3327 obedientia
677 3273 921 3344 praefuit;
954 3275 1106 3331 Isaac
1133 3277 1301 3331 nitida
1327 3279 1680 3348 monogamite
1707 3281 1934 3335 castitas

345 3362 658 3428 decoravit;
703 3383 721 3414 ι
752 3364 998 3436 Moyses,
1032 3367 1172 3421 sicut
1202 3368 1279 3420 ait
1307 3367 1607 3438 Scriptura,
1642 3369 1725 3423 vir
1756 3371 1928 3424 mitis—

343 3451 518 3506 simus
538 3460 655 3506 erat
684 3468 844 3522 super
873 3470 1063 3510 omnes
1091 3455 1337 3512 homines
1359 3458 1452 3527 qui
1485 3460 1842 3513 morabantur
1875 3460 1926 3513 in

345 3552 497 3595 terra
529 3541 680 3613 (Gen.
728 3545 856 3615 xv);
903 3547 1075 3602 Eliam
1106 3547 1374 3604 libertatis
1421 3553 1718 3606 auctoritas
1754 3553 1931 3608 reddit

345 3633 616 3703 insignem
661 3635 852 3705 (Nam.
883 3637 1014 3710 xu);
1048 3639 1323 3695 rPhinees
1354 3642 1454 3696 zeli
1487 3642 1688 3710 fervor,
1714 3653 1767 3699 et
1798 3645 1930 3700 ultio

338 3725 469 3794 jure
498 3737 761 3796 perpetuo
793 3731 1076 3804 constituit
1104 3731 1158 3785 in
1193 3742 1483 3802 conspectu
1510 3735 1720 3789 Domini
1753 3751 1934 3790 sacer-

347 3817 530 3872 dotem
559 3818 746 3889 (Num.
777 3822 936 3893 xxv);
965 3821 1226 3879 Joannem
1253 3825 1319 3878 ad
1346 3827 1642 3880 recubitum
1666 3828 1932 3883 Dominici

348 3910 587 3978 pectoris
607 3909 891 3980 virginitas
913 3912 1119 3965 extulit
1152 3911 1333 3983 (Joan.
1366 3914 1518 3982 xm);
1552 3914 1770 3970 Petrum
1800 3931 1938 3971 vero

345 3999 654 4068 prmeipuus
689 4015 844 4054 amor
873 4002 924 4055 in
958 4002 1240 4056 Dominum
1273 4005 1339 4057 ad
1381 3990 1724 4076 percipienda
1769 4009 1936 4078 primi

346 4089 586 4158 pastoris
607 4088 1005 4160 juraprovexit
1031 4091 1216 4162 (Joan.
1252 4095 1389 4163 xxi).

861 4221 1087 4286 CAPUT
1126 4223 1422 4289 PRIMUM.

495 4333 649 4399 Quod
675 4351 740 4390 ea:
765 4334 1036 4391 virtutibus
1067 4355 1172 4418 uim
1201 4336 1437 4408 eligenda
1455 4379 1470 4406 ,
1510 4341 1596 4394 cui
1624 4342 1788 4412 magis

981 4424 1291 4462 servmmus.

422 4536 685 4603 Quamvis
713 4552 844 4608 ergo
872 4541 1242 4609 unusquisque
1287 4552 1509 4598 sanctus
1549 4543 1800 4599 omnibus
1839 4544 1934 4598 llo-

351 4641 477 4680 rcre
504 4626 798 4681 virtutibus
828 4630 1138 4683 necessario
1169 4630 1361 4684 debeat
1389 4634 1590 4700 (neque
1633 4633 1778 4687 enim
1820 4635 1933 4687 sin-

354 4717 476 4785 gula
509 4732 738 4786 qumque
764 4733 891 4773 vere
916 4719 1089 4773 virtus
1113 4728 1218 4784 est,
1243 4720 1290 4773 si
1314 4721 1470 4775 mista
1495 4722 1617 4777 aliis
1642 4723 1934 4780 virtutibus

355 4822 464 4860 non
513 4808 620 4880 est)
668 4825 772 4863 una
819 4819 996 4864 tamen
1028 4811 1199 4865 virtus
1241 4813 1435 4881 cuique
1464 4824 1545 4868 est
1573 4831 1683 4884 prie
1726 4817 1937 4870 eteteris

356 4903 603 4974 eligenda
624 4943 640 4967 ,
663 4906 756 4959 cui
778 4921 930 4960 mens
953 4904 1276 4962 familiarius
1303 4893 1614 4963 inluerendo
1641 4907 1931 4974 deserviat,

358 5003 527 5064 atque
553 4997 622 5050 ab
655 4994 806 5063 ejus,
833 5007 892 5050 ιιι
922 4998 996 5051 ita
1026 4997 1237 5067 loquar,
1265 4999 1526 5068 obsequio
1557 5015 1662 5053 non
1697 5000 1934 5055 recedat.

358 5083 415 5137 la
445 5085 658 5140 cunctis
679 5087 876 5156 quippe
899 5089 1191 5144 virtutibus
1232 5105 1386 5158 teque
1417 5105 1514 5145 nos
1541 5106 1797 5147 exercere
1831 5108 1937 5150 non

359 5191 682 5244 possumus,
730 5180 823 5234 sed
869 5182 995 5234 dum
1027 5198 1188 5234 unam
1239 5181 1443 5236 arctius
1487 5183 1851 5249 custodimus,
1885 5184 1937 5240 in

360 5268 494 5333 hac,
543 5270 687 5337 quod
718 5286 782 5325 ex
833 5272 1056 5341 reliquis
1086 5273 1264 5327 minus
1297 5281 1414 5338 est,
1461 5273 1847 5341 adimplemus:
1883 5283 1938 5328 et

358 5357 486 5410 dum
519 5358 659 5413 hanc
688 5359 1055 5415 indesinenter
1080 5361 1454 5430 amplectendo
1481 5362 1934 5432 constringitnus,

359 5447 514 5514 quasi
549 5455 720 5502 totum
754 5449 1014 5505 virtutum
1044 5466 1240 5521 corpus
1267 5451 1432 5511 unius
1461 5453 1684 5507 membri
1718 5453 1938 5522 partici-

360 5537 582 5604 patione
622 5547 892 5594 tenemus.

431 5631 605 5699 Quam
635 5632 819 5704 itaque
854 5634 1106 5692 virtutem
1160 5635 1254 5699 tibi
1287 5636 1586 5707 persuadeo
1612 5637 1938 5717 peculiaria;

1961 4423 2009 4481 D

2028 3187 2148 3242 cula
2181 3187 2440 3243 simulare
2473 3205 2486 3241 :
2522 3205 2541 3238 ι
2572 3187 2772 3242 Pellem
2815 3187 2960 3240 enim
2995 3200 3092 3256 pro
3120 3185 3287 3256 pelle,
3318 3195 3372 3240 et
3393 3195 3604 3248 cuncta

2027 3294 2146 3348 quae
2176 3279 2339 3334 habet
2371 3279 2532 3333 homo
2555 3277 2704 3333 dabit
2731 3292 2831 3347 pro
2860 3276 3039 3331 anima
3068 3289 3183 3336 sua.
3213 3275 3335 3346 (Job
3365 3275 3447 3343 ιι).
3481 3296 3497 3328 ι
3529 3276 3608 3328 Τιι

2027 3380 2241 3439 quoque
2285 3369 2628 3439 temetipsum
2673 3369 2890 3438 propria
2939 3366 3196 3430 facultate
3243 3376 3520 3437 pertuum,
3557 3377 3613 3420 et

2032 3469 2122 3514 tua
2154 3459 2238 3516 fac
2267 3460 2482 3514 interim
2516 3458 2866 3523 sacrificium,
2887 3468 2953 3519 ut
2988 3457 3102 3526 ipse
3124 3460 3462 3527 postmodum
3488 3453 3633 3512 sus?

2031 3553 2132 3621 αἱ.ρί
2163 3552 2424 3608 merearis
2472 3552 2528 3607 in
2569 3551 2960 3611 holocaustum.
3014 3549 3128 3604 Non
3177 3551 3320 3605 enim
3358 3551 3500 3604 Deus
3530 3551 3610 3604 sic

2031 3642 2224 3708 accipit
2253 3640 2579 3704 oblationem
2601 3681 2614 3706 ,
2647 3650 2705 3694 ut
2745 3640 3006 3710 despiciat
3033 3639 3348 3696 olferentem
3384 3659 3395 3693 :
3432 3651 3489 3694 ut
3518 3642 3610 3710 qui

2033 3747 2142 3787 sua:
2170 3731 2443 3786 facultatis
2472 3731 2683 3787 oblator
2715 3730 3018 3794 exstiterit,
3064 3745 3255 3784 secura
3285 3746 3407 3784 cum
3446 3745 3612 3784 uxore

2033 3822 2223 3882 Manue
2251 3822 2428 3877 valeat
2457 3838 2589 3877 voce
2618 3833 2880 3877 cantare:
2915 3839 2932 3872 ι
2977 3822 3032 3877 Si
3074 3822 3363 3885 Dominus,
3397 3819 3630 3892 inqtlit,_

2033 3927 2130 3968 nos
2158 3911 2318 3966 vellet
2342 3913 2626 3978 occidere,
2659 3913 2723 3966 de
2755 3912 3002 3966 manibus
3040 3913 3242 3966 nostris
3299 3913 3614 3975 holocausta

2033 4013 2088 4057 et
2113 4004 2403 4057 libamenta
2435 4019 2540 4058 non
2574 4003 2904 4073 suscepisset
2928 4001 3129 4072 (Judic.
3159 4003 3298 4071 xm).
3332 4023 3349 4054 ι
3379 4003 3628 4075 Suscipit.

2035 4094 2178 4147 enim
2207 4095 2343 4148 Deus
2359 4110 2453 4163 per
2467 4110 2658 4148 manus
2679 4094 2930 4163 pauperis
2951 4093 3366 4167 eleemosynam,
3385 4109 3618 4171 eamque.

2036 4185 2130 4238 tibi
2155 4199 2314 4237 recon
2338 4185 2485 4238 {itam
2509 4185 2560 4238 in
2585 4185 2672 4238 illa
2689 4184 2926 4238 cmlestis
2945 4184 3298 4252 promptuarii
3321 4185 3614 4244 securitate

2035 4283 2341 4328 conservat.
2402 4274 2552 4328 Unde
2599 4273 2860 4327 Dominus
2911 4273 2962 4326 in
3011 4272 3304 4341 Evangelio
3344 4290 3357 4324 :
3419 4293 3435 4324 ι
3467 4273 3613 4327 The-

2035 4364 2336 4428 saurizate,
2391 4363 2602 4433 inquit,
2658 4363 2811 4418 vobis
2861 4364 3144 4417 thesauros
3201 4362 3253 4416 in
3297 4361 3464 4427 caelo,
3518 4363 3609 4417 tibi

2039 4469 2211 4524 neque
2239 4469 2451 4519 aerugo,
2485 4469 2660 4522 neque
2693 4454 2834 4508 tinea
2866 4453 3190 4520 demolitur;
3238 4462 3287 4507 et
3334 4453 3421 4506 ubi
3471 4452 3617 4506 fures

2039 4561 2143 4599 non
2174 4545 2465 4610 eﬂodiunt,
2499 4561 2597 4600 nec
2624 4545 2880 4600 furantur
2927 4546 3139 4614 (Matth.
3185 4547 3318 4617 χιι).
3357 4565 3374 4613 9
3410 4546 3634 4610 Idcircq

2036 4637 2195 4706 plane
2230 4639 2366 4692 Deus
2392 4638 2736 4707 omnipotens
2768 4637 2904 4695 alios
2923 4645 3241 4714 paupertate
3269 4637 3611 4706 constringit;

2037 4730 2172 4782 alios
2201 4729 2510 4784 divitiarum
2539 4729 2692 4795 copia
2727 4729 3002 4792 dilatavit,
3052 4737 3111 4781 ιιι
3158 4737 3228 4791 et
3263 4727 3333 4780 illi
3385 4727 3620 4780 habeant

2038 4820 2180 4872 unle
2209 4821 2421 4888 propria
2458 4821 2690 4877 debeant
2719 4817 3329 4887 peccata.redimere,et
3361 4814 3445 4867 isti
3478 4816 3646 4870 unde

2040 4924 2193 4968 suam
2247 4911 2460 4962 valeant
2507 4909 2738 4977 inopiam
2787 4916 3109 4965 sustentare.
3158 4906 3310 4959 Sicut
3353 4905 3642 4982 scriptum

2038 5009 2121 5054 est
2155 5019 2166 5054 :
2223 5019 2241 5052 t
2298 4999 2617 5068 Redemptio
2660 5000 2852 5056 animm
2883 4998 3020 5062 viri,
3051 4997 3250 5050 divitia:
3288 5013 3398 5050 sua:
3435 4998 3644 5071 (Proca;

2045 5093 2184 5161 χιιι).
2226 5111 2244 5142 ι
2295 5090 2448 5154 Unde
2497 5100 2557 5148 et
2596 5091 2662 5145 ad
2707 5088 3204 5143 Nabuchodonosor
3249 5088 3327 5141 ait
3375 5087 3646 5157 Danielg,

2046 5200 2064 5233 ι
2099 5181 2503 5247 Quamobrem,
2535 5196 2624 5234 rex
2647 5221 2678 5244 ,_
2708 5177 2990 5232 consilium
3025 5193 3199 5232 meum
3232 5176 3443 5247 placeat
3488 5160 3633 5238 tibi,

2043 5282 2098 5328 ct
2128 5281 2343 5342 peccata
2394 5282 2479 5327 tua
2516 5271 2874 5342 elcemosyuis
2923 5271 3157 5332 redime,
3204 5280 3259 5324 et
3310 5269 3621 5350 iniquitates
3697 5289 3701 5293 ’

2045 5376 2164 5443 tuas
2196 5365 2585 5424 misericordiis
2633 5378 2959 5432 pauperum,
3012 5363 3057 5418 si
3095 5362 3341 5427 forsitan
3369 5360 3622 5428 ignoscat

2043 5454 2186 5508 Deus
2215 5449 2425 5507 delictis
2456 5452 2560 5506 tuis
2587 5451 2746 5523 (Dan.
2778 5452 2874 5522 tv).
2912 5472 2931 5506 ι

2115 5543 2216 5612 Qui
2261 5558 2393 5615 ergo
2439 5543 2634 5598 divites
2681 5551 2844 5611 sunt,
2875 5541 3494 5613 dispensatorespotius
3534 5538 3623 5608 ju-

2044 5638 2242 5695 bentur
2263 5648 2382 5699 esse
2400 5676 2414 5704 ,
2443 5649 2604 5706 quam
2631 5649 2969 5707 possessores
3000 5642 3097 5710 :_ct
3125 5650 3228 5696 non
3255 5633 3456 5709 proprii
3482 5628 3621 5705 juris
