4106 6320
2036 276 2108 290 νυν

978 411 1034 467 S.
1077 410 1279 466 PETRI
1319 408 1601 466 DAMIANI
1640 407 1790 464 OPP.
1827 403 2065 463 TOMUS
2102 405 2233 460 SEU
2274 400 2458 459 PARS
2488 400 2572 457 ΙΙΙ.
2605 431 2673 443 --
2701 396 3065 458 OPUSCULA
3109 399 3333 457 VARIA.

3667 398 3775 454 9i9

515 536 709 586 iterent
743 526 1000 594 deputare
1021 524 1162 593 quod
1188 525 1409 585 habent,
1439 523 1567 590 quia
1596 536 1705 575 non
1730 521 1801 574 ad
1820 521 1921 575 hoe
1945 520 2085 574 bona
2114 524 2162 583 Α
2188 529 2410 587 prorsus
2437 521 2687 579 omittat,
2716 515 2844 583 quin
2892 515 3132 568 omnium
3168 511 3550 569 necessitatum
3599 520 3776 573 modis

516 617 823 672 transitoria
866 623 1257 684 perceperunt,
1306 622 1362 666 ut
1398 612 1605 666 deliciis
1645 609 1896 675 aﬁluant,
1926 608 2009 664 vel
2040 609 2092 662 in

514 711 762 779 pmprios
802 707 915 761 lucc
949 719 1078 760 usus
1104 705 1375 758 insinuant
1400 745 1414 763 .
1447 704 1540 757 sed
1586 712 1645 755 ut
1671 701 2093 756 administratio-

517 801 600 855 nis
633 800 923 869 fungantur
945 796 1153 859 ofﬁcio,
1194 795 1318 850 dum
1350 796 1403 850 in
1449 796 1741 849 commisso
1772 801 2093 863 permanent

513 889 771 944 villicatu.
800 888 1139 958 Quapropter
1158 886 1249 955 qui
1275 886 1468 955 stipem
1493 886 1819 955 pauperibus
1843 891 2087 954 erogant,

510 974 686 1036 aliena
722 981 986 1044 reddunt,
1021 992 1126 1033 non
1162 992 1258 1031 sua
1295 976 1643 1030 distribuunt.
1687 974 1839 1030 Unde
1882 983 1937 1028 et
1980 974 2090 1029 Do—

510 1070 689 1124 minus
718 1070 1114 1138 cleemosynam
1152 1076 1519 1135 prmcepturus
1552 1065 1629 1119 ait
1664 1072 1692 1118 ἐ
1746 1083 1764 1115 ι
1813 1063 2092 1125 Attendite

511 1160 580 1217 ne
599 1161 868 1232 justitiam
911 1168 1146 1215 vestram
1193 1157 1406 1213 faciatis
1433 1173 1617 1212 coram
1663 1157 2006 1221 hominibus,
2033 1165 2092 1210 ut

512 1254 804 1309 videamini
834 1253 901 1308 ab
931 1253 1011 1307 eis
1038 1250 1364 1321 (Matt/Lm).
1397 1265 1419 1301 )
1443 1250 1559 1305 Non
1583 1250 1726 1305 enim
1751 1249 1902 1316 dicit,
1933 1250 2093 1303 mise-

511 1345 804 1399 ricordiam
828 1341 1463 1413 vestram,sedjustitiau
1500 1349 1761 1395 vestram.
1777 1340 1869 1395 Ille
1893 1340 2092 1410 quippe

511 1434 641 1490 facit
669 1434 831 1504 200
857 1432 1314 1491 misericordiam,
1350 1431 1440 1500 qui
1486 1431 1703 1500 propria
1739 1429 1957 1495 tribuit;
2003 1428 2092 1482 ille

512 1514 641 1580 vero
668 1524 931 1594 justitiam
975 1524 1143 1587 facit,
1168 1523 1259 1592 qui
1296 1524 1441 1592 quod
1474 1522 1711 1576 alienum
1740 1530 1855 1584 est,
1889 1520 2088 1576 reddit.

510 1617 665 1673 Unde
712 1627 766 1671 et
812 1617 1097 1672 Psalmista
1128 1632 1250 1671 cum
1298 1616 1652 1686 praemisisset
1686 1631 1698 1667 :
1735 1633 1754 1665 ι
1789 1612 2087 1684 Dispersit,

506 1707 658 1761 dedit
686 1708 1046 1776 pauperibus;
1084 1727 1103 1759 ι
1139 1722 1242 1760 ιιοη
1271 1707 1364 1769 ait,
1400 1705 1769 1760 misericordia
1797 1704 1935 1772 ejus,
1968 1704 2086 1768 sed,

509 1812 531 1848 ι
566 1794 817 1862 Iustitia,
852 1796 1061 1866 inquit,
1107 1794 1223 1864 ejus
1266 1803 1448 1850 manet
1498 1795 1555 1849 in
1601 1795 1855 1850 sreculum
1904 1794 2089 1848 εωοωί

504 1886 676 1957 (Psal.
711 1888 844 1960 cn).
885 1906 905 1940 ι

574 1981 710 2036 Cum
752 1996 882 2051 ergo
927 1979 1257 2051 pauperibus
1285 1979 1635 2033 subvenimus
1656 2018 1669 2040 ,
1702 1976 1876 2031 aliena
1902 1975 2088 2045 procul

503 2072 667 2127 dubio
713 2072 1019 2136 reddimus,
1058 2086 1163 2125 non
1210 2080 1399 2125 nostra
1441 2071 1763 2139 praebemus.
1813 2067 2092 2121 Verumta-

506 2177 631 2215 men
664 2161 802 2230 apud
832 2161 979 2229 pium
1010 2159 1246 2229 judicent
1282 2158 1662 2214 misericordes
1691 2172 1812 2211 esse
1839 2156 2088 2210 decerni-

506 2248 652 2312 mur,
684 2265 805 2305 cum
835 2251 949 2305 lucc
985 2251 1128 2320 ipsa,
1158 2265 1279 2319 quae
1319 2264 1425 2303 non
1459 2260 1643 2303 nostra
1664 2289 1678 2312 ,
1716 2248 1810 2300 sed
1843 2261 2089 2301 continu-

500 2340 595 2402 δίει
623 2349 781 2404 sunt,
808 2340 1041 2395 fideliter
1066 2340 1479 2410 dispensamus:
1511 2351 1561 2393 et
1588 2354 1712 2393 cum
1751 2338 1897 2408 justc
1917 2380 1931 2402 ,
1969 2352 2090 2406 quae

506 2431 685 2486 aliena
711 2441 875 2496 sunt,
908 2430 1185 2487 reddimus
1207 2471 1222 2496 ,
1252 2433 1391 2500 apud
1415 2446 1539 2485 eum
1569 2430 1660 2499 qui
1692 2430 1872 2484 cordis
1899 2429 2087 2484 intima

504 2518 804 2594 conspicit,
854 2523 1247 2580 misericordia:
1296 2525 1519 2593 praemio
1565 2538 1670 2576 non
1721 2536 1988 2582 caremus.
2018 2521 2090 2574 At

501 2622 723 2676 contra,
756 2615 844 2685 qui
876 2629 1019 2668 nunc
1041 2614 1370 2684 pauperibus
1401 2614 1685 2668 subvenire
1711 2620 2086 2675 contemmmt,

499 2707 558 2763 in
609 2709 900 2761 tremendis
939 2705 1295 2762 discussionis
1340 2704 1591 2759 examine
1631 2720 1735 2757 non
1784 2712 1890 2757 tam
1921 2717 2087 2757 accu—

503 2807 697 2852 santur
731 2797 974 2851 avaritia:
1012 2811 1176 2866 quam
1212 2795 1455 2866 rapinae:
1489 2809 1587 2848 nec
1621 2808 1842 2848 suorum
1869 2801 2086 2847 tenaces

503 2890 595 2944 sed
626 2889 924 2944 alienorum
954 2889 1135 2959 potius
1180 2888 1574 2943 convincuntur
1618 2887 1786 2942 fuisse
1816 2894 2083 2955 raptores.

502 2980 710 3046 Quibus
752 2981 936 3050 utique
967 2996 1210 3035 summus
1254 2980 1461 3033 arbiter
1488 2979 1731 3033 dicturus
1755 2987 1838 3032 est
1867 2978 1917 3031 in
1942 2977 2086 3047 judi-

505 3071 590 3125 cio
615 3089 629 3124 :
659 3090 681 3120 ι
709 3071 977 3126 Discedite
998 3087 1027 3124 a
1051 3084 1163 3136 me,
1190 3070 1483 3134 maledicti,
1512 3070 1563 3123 in
1593 3070 1769 3139 ignem
1797 3077 2080 3130 aeternum,

504 3162 596 3233 qui
642 3171 865 3232 paratos
914 3173 999 3218 est
1049 3163 1262 3217 diabolo
1320 3174 1373 3216 et
1419 3161 1625 3231 angelis
1677 3159 1813 3230 ejus.
1870 3157 2081 3213 Esurivi

428 3242 435 3245 ’
501 3257 685 3320 enim,
720 3266 774 3310 et
822 3270 928 3310 non
959 3256 1181 3311 dedistis
1224 3255 1355 3310 mihi
1406 3254 1761 3317 manducare;
1805 3253 1985 3317 sitivi,
2031 3262 2088 3307 et

504 3360 610 3400 non
640 3346 862 3401 dedistis
890 3345 1225 3400 ntihibibere
1256 3344 1470 3415 (Matth.
1499 3344 1648 3413 xxv).
1680 3363 1699 3397 ι
1731 3347 1808 3398 Ac
1830 3344 1875 3397 si
1897 3344 2078 3397 dicat:

499 3436 626 3504 quia
660 3435 910 3490 nohtistis
944 3452 1004 3491 ea
1039 3435 1351 3491 ministrare
1379 3436 1688 3499 conservis,
1734 3449 1863 3503 qum,
1898 3447 1996 3503 pro
2024 3431 2087 3485 il-

502 3534 676 3581 turum
725 3527 1009 3599 refrigerio
1039 3527 1386 3597 percepistis,
1431 3527 1642 3581 voracis
1687 3526 1947 3595 gehenme
1988 3537 2087 3578 vos

498 3618 608 3673 olla
639 3618 898 3689 deglutiat
920 3659 935 3682 ,
962 3634 1098 3687 quos
1130 3633 1225 3689 per
1251 3618 1568 3687 cupiditatis
1592 3617 1839 3671 ardorem
1882 3613 2088 3667 alieno-

501 3727 621 3764 rum
648 3710 912 3764 bonortnn
948 3712 1132 3779 rapina
1159 3710 1500 3765 condemnat.
1538 3709 1604 3762 Et
1640 3723 1760 3761 cum
1788 3705 2022 3760 alienum
2052 3718 2082 3756 ιι

500 3803 665 3857 nobis
687 3803 796 3868 sit,
821 3805 962 3873 quod
1008 3804 1060 3857 in
1106 3804 1205 3858 hac
1240 3802 1349 3856 vita
1394 3801 1817 3871 dispensandqu
1845 3798 2084 3867 suscepi-

500 3896 620 3946 mus
637 3908 651 3957 ;
671 3901 857 3947 uestra
878 3908 1004 3947 vero
1027 3894 1100 3946 sit
1118 3892 1357 3947 caelestis
1379 3892 1569 3961 gloria,
1586 3906 1748 3960 quam
1777 3904 2085 3958 speramus,

496 3994 867 4054 competenter
898 3985 984 4040 his
1030 3984 1117 4039 illa
1150 3986 1416 4039 sententia
1442 3986 1719 4054 congruit,
1768 3998 1929 4052 quam
1979 3981 2082 4037 De-

502 4078 682 4131 tninus
704 4077 755 4131 in
780 4077 1068 4149 Evangelio
1093 4079 1223 4132 dicit
1251 4096 1267 4130 :
1297 4096 1317 4128 ι
1354 4076 1455 4142 Qui
1486 4077 1537 4130 in
1561 4076 1737 4130 alieno
1765 4074 1948 4130 ﬁdeles
1971 4090 2077 4128 non

497 4171 855 4243 fuistis,quod
878 4180 1113 4226 vestrum
1132 4170 1349 4240 estquis
1364 4169 1510 4223 dabit
1525 4169 1714 4225 vobis?
1736 4190 1754 4220 ι
1772 4167 1923 4239 (Luc.
1941 4166 2081 4243 xvi.)

496 4259 588 4314 llie
613 4241 761 4317 certe
804 4261 977 4315 lidelis
1003 4260 1053 4314 iu
1083 4260 1273 4315 alienis
1301 4260 1618 4323 exstiterat,
1646 4259 1741 4328 qui
1768 4262 1835 4313 de
1863 4274 1922 4313 se
1950 4241 2080 4313 cons

496 4336 723 4405 fidenter
749 4349 928 4404 aiebat
962 4368 975 4404 :
1015 4367 1034 4401 ι
1068 4350 1381 4405 Benedictio
1410 4350 1639 4418 perituri
1667 4365 1832 4419 super
1863 4365 1948 4405 me
1986 4366 2078 4406 ve-

494 4442 715 4507 niebat,
742 4450 796 4494 et
838 4458 935 4496 cor
976 4442 1152 4495 viduae
1195 4442 1503 4497 consolatrs
1546 4458 1662 4494 sum
1711 4460 1723 4495 :
1770 4442 1959 4495 oculus
1999 4441 2075 4496 fui

495 4522 682 4600 casco,
741 4539 798 4585 ct
847 4545 944 4600 pes
1015 4531 1251 4594 claudo;
1325 4540 1480 4599 pater
1553 4545 1703 4584 eram
1740 4564 1743 4565 ν
1775 4545 2071 4600 pauperum

492 4598 615 4695 (Job
646 4621 824 4693 xxxx).
849 4598 882 4676 5

563 4709 609 4767 Ο
660 4725 823 4781 quam
882 4708 1057 4787 fidelis
1104 4708 1157 4762 in
1204 4707 1396 4762 alienis
1448 4709 1757 4773 exstiterat,
1805 4718 1859 4763 et
1910 4706 2071 4777 quam

491 4800 647 4857 firma
680 4815 776 4871 spe
831 4784 1161 4877 de'prdpriis
1204 4800 1476 4853 conlidere
1528 4808 1770 4867 poterat,
1831 4816 1953 4853 cum
2016 4810 2072 4854 et

491 4893 616 4948 alibi
660 4907 720 4947 se
767 4889 1077 4946 deuotando
1120 4888 1388 4944 clamabat
1421 4906 1433 4940 :
1492 4906 1509 4937 ι
1544 4887 1601 4942 Si
1631 4889 1842 4959 negavi,
1875 4889 2064 4958 inquit,

490 4986 633 5056 quod
662 4983 906 5039 volebant
930 5023 948 5051 ,
974 4983 1333 5052 pauperibus,
1359 4990 1413 5036 et
1454 4980 1637 5036 oculos
1664 4982 1837 5036 vidum
1880 4997 2069 5053 exspe-

487 5089 637 5134 ctare
667 5075 805 5142 feci;
837 5077 879 5129 si
909 5075 1118 5131 comedi
1146 5074 1441 5129 buceellam
1475 5088 1647 5127 meam
1680 5074 1933 5138 solus,'et
1958 5092 2062 5130 non

486 5164 722 5222 comedit
748 5165 981 5233 pupillus
1009 5180 1075 5219 ex
1111 5179 1207 5229 ea;
1239 5164 1365 5233 quia
1401 5164 1469 5217 ab
1494 5161 1715 5217 infantia
1746 5180 1861 5219 mea
1895 5167 2066 5220 crevit

487 5268 704 5312 mecum
729 5255 1033 5317 miseratio,
1081 5263 1137 5308 et
1180 5256 1245 5308 .ie
1275 5264 1431 5309 utero
1456 5255 1647 5309 matris
1676 5270 1809 5309 mete
1848 5272 2061 5327 egressa

485 5356 569 5403 cst
595 5363 806 5403 mecum
836 5346 957 5416 (Job
990 5350 1162 5413 xxxi).
1192 5367 1209 5398 ι
1238 5346 1340 5402 Ubi
1369 5346 1546 5400 adhuc
1572 5355 1696 5417 apte
1743 5346 2018 5417 subjungit
2046 5365 2060 5404 :

490 5453 511 5488 ι
545 5435 602 5489 Si
647 5435 869 5505 despexi
912 5443 1327 5505 praetereuntem
1379 5452 1442 5489 eo
1478 5436 1618 5505 quod
1668 5450 1772 5491 non
1819 5436 2066 5493 habuerit

484 5527 895 5590 indumentum,
936 5534 992 5580 et
1036 5526 1241 5594 absque
1284 5526 1620 5593 operimento
1662 5541 1983 5596 pauperem;
2020 5525 2066 5579 si

486 5634 592 5673 non
625 5618 1000 5672 benedixerint
1046 5617 1176 5670 mihi
1211 5616 1379 5672 latera
1415 5618 1533 5686 ejus
1554 5661 1567 5684 ,
1597 5629 1651 5673 et
1683 5620 1749 5673 de
1779 5619 2067 5673 velleribus

479 5696 667 5761 ovium
709 5723 955 5763 mearum
988 5706 1284 5763 calefactus
1312 5718 1395 5761 est
1426 5708 1632 5779 (lbid.).
1675 5729 1692 5761 ι
1739 5710 1874 5764 Vide
1901 5725 2064 5779 quam

487 5796 676 5870 longus
721 5797 792 5855 sit
853 5798 1350 5855 misericordiarum
1398 5801 1499 5855 istc
1545 5803 1858 5874 catalogus,
1902 5812 1958 5856 ut
1990 5799 2067 5855 nil

2195 618 2482 671 occurrat,
2515 610 2727 664 cunctis
2773 616 3072 679 egestatem
3115 608 3425 664 vulneribus
3470 608 3617 664 velut
3661 626 3775 666 tne—

2193 701 2367 756 dendo
2393 700 2696 756 subveniat.

2263 793 2433 847 Porro
2486 800 2664 846 autem
2716 790 2841 844 dum
2898 790 3265 861 indigentibus
3331 789 3386 845 in
3454 792 3777 848 necessitate

2194 886 2584 949 succurrimus,
2608 884 2890 939 veritatem
2908 884 3066 937 simul
3092 892 3145 938 et
3168 885 3591 940 misericordiam
3608 888 3777 941 adiut-

2192 978 2424 1047 plemus.
2481 975 2906 1030 Misericordiant
2940 974 3180 1037 scilicet,
3225 975 3350 1029 dum
3397 975 3647 1045 inopibus
3690 978 3779 1046 pie

2191 1066 2587 1136 compatimur;
2619 1065 2903 1120 veritatem
2938 1079 3100 1128 vero,
3129 1064 3181 1118 id
3213 1074 3296 1118 est
3318 1063 3584 1134 justitiam
3605 1106 3624 1131 ,
3646 1067 3777 1122 dum

2192 1174 2298 1212 non
2332 1158 2435 1212 illis
2464 1166 2688 1222 nostra,
2735 1157 2828 1211 sed
2876 1172 2995 1226 qua:
3040 1171 3138 1210 sua
3172 1166 3333 1223 sunt,
3380 1158 3778 1213 ministramus.

2192 1249 2329 1304 llinc
2359 1258 2443 1304 est
2470 1249 2615 1318 quod
2649 1249 2701 1303 iu
2731 1247 3149 1303 Proverhiorum
3182 1247 3321 1302 libro
3368 1246 3619 1303 Salomon
3648 1250 3729 1303 ait
3756 1267 3771 1303 :

2197 1363 2214 1394 ι
2252 1341 2619 1396 Misericordia
2650 1352 2705 1396 et
2728 1343 2929 1396 veritas
2955 1357 3059 1396 non
3095 1351 3147 1395 te
3175 1341 3430 1396 deserant
3456 1342 3779 1421 {circumda

2191 1449 2284 1488 eas
2313 1434 2514 1503 gutturi
2547 1442 2638 1486 tuo
2658 1473 2674 1494 ,
2702 1441 2757 1487 et
2784 1431 3032 1487 describe
3061 1432 3113 1485 in
3147 1432 3348 1486 tabulis
3377 1432 3557 1486 cordis
3583 1432 3693 1495 tui,
3722 1440 3780 1487 et

2192 1523 2434 1577 invenies
2461 1523 2694 1589 gratiam
2742 1531 2797 1578 et
2828 1523 3168 1593 disripl’iuam
3213 1523 3408 1578 bonam
3452 1537 3633 1578 coram
3666 1523 3779 1578 Deo

2191 1624 2245 1668 et
2278 1615 2585 1668 heminibus
2611 1612 2797 1684 (Prov.
2825 1615 2929 1685 ιιι).
2961 1635 2979 1667 ι
3011 1615 3355 1686 Rursumque
3372 1617 3632 1685 scriptum
3646 1626 3726 1671 est
3758 1634 3775 1671 :

2196 1723 2215 1754 ι
2251 1704 2620 1759 Misericordia
2656 1716 2711 1759 et
2758 1705 2963 1761 veritas
3012 1717 3321 1777 prteparant
3348 1708 3518 1772 bona;
3551 1708 3602 1761 in
3627 1707 3782 1763 omni

2190 1808 2354 1860 opere
2379 1794 2518 1847 bono
2543 1793 2989 1848 eritabundantia
3009 1795 3190 1863 (Prov.
3209 1795 3377 1867 11v).t
3394 1796 3460 1850 Et
3479 1812 3546 1850 ne
3560 1797 3781 1867 pietatis

2113 1872 2161 1932 B
2187 1879 2343 1949 201
2368 1896 2502 1949 opus
2527 1880 2781 1951 segnities
2803 1881 2995 1951 ignava
3025 1883 3320 1953 depreeiet,
3339 1884 3662 1938 seddevotio
3686 1901 3781 1940 eeo

2193 1972 2320 2027 leris
2345 1988 2407 2026 ac
2429 1983 2677 2042 prompta
2705 1974 3070 2035 commendet.
3098 1975 3225 2029 alibi
3260 1974 3392 2028 dicit
3419 1992 3432 2027 :
3472 1994 3490 2026 ι
3523 1973 3602 2029 Ne
3628 1975 3781 2030 dicas

2192 2062 2368 2116 amico
2396 2071 2504 2125 tuo,
2534 2061 2669 2116 vade
2697 2072 2753 2117 et
2776 2073 3073 2129 revertere,
3097 2073 3149 2119 et
3173 2078 3296 2118 cras
3322 2064 3463 2133 dabo
3494 2065 3610 2131 tibi,
3650 2081 3779 2120 cum

2192 2153 2376 2209 statim
2405 2154 2581 2223 possis
2605 2154 2735 2208 dare
2761 2151 2944 2225 (Prov.
2977 2157 3082 2224 tu).
3122 2174 3142 2208 ι
3178 2154 3385 2211 Tremit
3410 2156 3553 2210 enim
3582 2172 3779 2214 manus

2192 2243 2341 2296 avari
2371 2259 2492 2297 cum
2520 2244 2705 2297 tribuit
2735 2259 2749 2298 :
2777 2254 2832 2298 et
2858 2245 3009 2300 sicut
3034 2261 3178 2316 :rgcr
3214 2247 3513 2301 exltorrens
3563 2262 3779 2303 amare—

2191 2333 2392 2387 sccntis
2427 2333 2653 2407 antidoti
2682 2333 2862 2388 diﬂ’ert
2890 2335 3166 2405 poculum,
3198 2335 3277 2391 sic
3313 2336 3418 2392 iste
3437 2336 3661 2392 daturus
3678 2337 3779 2392 ali-

2190 2422 2317 2493 quid
2345 2422 2525 2478 differt
2549 2424 2601 2478 in
2638 2435 2939 2494 posterum.
2982 2426 3078 2483 llle
3103 2427 3368 2497 siquidem
3399 2428 3780 2497 exasperantis

2189 2522 2351 2583 potus
2378 2522 2604 2568 nauseat
2626 2514 3078 2583 amaritudinem;
3104 2516 3207 2571 iste
3238 2516 3282 2570 si
3316 2516 3525 2570 dederit
3569 2515 3781 2585 aliquid

2189 2605 2383 2659 metuit
2405 2614 2701 2674 egestatem
2728 2621 2742 2658 :
2772 2606 3001 2675 ideoque
3032 2606 3156 2662 licet
3190 2606 3273 2663 vel
3301 2607 3354 2661 in
3395 2607 3649 2673 bibendo,
3688 2606 3781 2662 vel

2190 2694 2242 2749 in
2279 2694 2566 2764 praebendo
2590 2697 2930 2752 necessitatis
2975 2706 3183 2767 tempus
3220 2697 3520 2762 immineat,
3544 2706 3782 2769 uterque

2189 2785 2446 2840 tamenin
2474 2794 2747 2854 posterum
2779 2786 2923 2861 quod
2972 2786 3250 2851 abhorret,
3304 2785 3585 2856 inlcljecla
3632 2785 3776 2841 dila-

2190 2876 2336 2931 tione
2367 2884 2628 2931 reservat.
2658 2875 2823 2930 Plane
2849 2876 3029 2946 largus
3051 2886 3105 2931 et
3133 2877 3373 2932 liberalis
3403 2878 3615 2932 animus
3641 2877 3779 2933 facit

2189 2966 2428 3031 divitem,
2462 2981 2629 3037 pavor
2649 2975 2810 3035 atque
2840 2968 3047 3022 tenacia
3081 2970 3255 3024 reddit
3295 2977 3563 3039 egentem.
3621 2967 3783 3023 Unde

2190 3060 2449 3129 scriptum
2478 3070 2563 3113 est
2596 3077 2611 3112 :
2643 3080 2661 3111 ι
2712 3059 3030 3114 Substantia
3063 3061 3244 3117 divitis
3267 3062 3395 3115 urbs
3418 3058 3778 3125 fortitudinis,

2189 3169 2357 3223 pavor
2384 3168 2679 3223 pauperum
2731 3162 2942 3224 egestas
2981 3168 3169 3208 eorum
3201 3151 3385 3221 (Prov.
3431 3153 3509 3221 ι).
3542 3171 3561 3205 ι
3596 3151 3780 3208 Pavor

2115 3232 2159 3292 C
2191 3245 2339 3298 enim
2376 3245 2694 3313 degenerem
2717 3245 2957 3299 animum
2981 3244 3259 3316 compellit
3281 3258 3460 3316 egere,
3484 3243 3610 3299 licet
3636 3242 3778 3298 divi-

2194 3334 2390 3388 tiarum
2412 3333 2584 3403 copiis
2605 3333 2851 3389 videatur
2877 3333 3123 3390 afﬂuere.

2789 3425 3018 3483 CAPUT
3042 3427 3103 3482 ll.

2439 3517 2799 3588 Eleemosymz
2823 3520 3096 3588 prcrmt'um
3121 3519 3385 3589 quodnam
3413 3518 3504 3573 sit.

2262 3608 2341 3663 Tu
2401 3618 2606 3673 autem,
2653 3609 3025 3674 dilectissime,
3071 3611 3180 3665 noli
3234 3609 3454 3665 fratrem
3513 3618 3661 3664 tuum
3711 3609 3767 3665 in

2187 3700 2439 3769 pra'seuti
2472 3700 2800 3754 necessitate
2822 3700 3117 3769 despicere,
3149 3700 3192 3753 si
3226 3700 3392 3754 Deum
3425 3700 3518 3753 tibi
3557 3700 3772 3753 deside-

2188 3805 2278 3843 ras
2308 3792 2358 3844 in
2390 3790 2590 3844 ultima:
2614 3790 2953 3845 necessitatis
2977 3790 3204 3845 articulo
3226 3792 3545 3846 subvenire:
3569 3809 3587 3840 ι
3614 3789 3771 3846 Beati

2185 3883 2451 3952 siquidem
2482 3884 2877 3945 misericordes,
2907 3882 3162 3952 quoniam
3202 3883 3302 3954 ipsi
3339 3883 3769 3938 misericordiam

2185 3984 2586 4042 consequentur
2618 3973 2831 4044 (Matth.
2879 3973 2955 4044 v).
2998 3994 3016 4027 ι
3049 3974 3217 4029 Porro
3245 3974 3290 4028 si
3316 3974 3528 4029 dederis
3558 3974 3768 4031 homini

2184 4067 2468 4136 pecuniam
2522 4076 2667 4121 tuam
2729 4066 2782 4121 in
2833 4065 3010 4130 fenus,
3054 4066 3403 4121 centesimam
3447 4067 3683 4137 recipis:
3715 4069 3767 4125 si

2184 4172 2315 4211 vero
2363 4156 2709 4227 pauperibus,
2752 4158 3044 4211 secundum
3074 4156 3258 4212 divina
3290 4160 3538 4213 utandata
3569 4170 3767 4216 centth

2183 4248 2331 4318 plum
2383 4248 2736 4319 consequeris
2765 4265 2785 4304 ε
2814 4247 2957 4317 quod
2988 4247 3030 4302 si
3064 4247 3167 4303 hoc
3199 4264 3401 4318 parum~
3434 4250 3664 4315 videtur,
3706 4260 3764 4309 et

2180 4341 2290 4395 vita
2324 4341 2419 4395 tibi
2456 4339 2765 4395 cumulatur
2806 4350 3030 4394 :etcrna.
3073 4338 3187 4395 Non
3211 4356 3347 4411 ergo
3367 4341 3556 4396 melius
3582 4352 3666 4397 est
3707 4354 3765 4399 te

2182 4431 2423 4499 recipere
2439 4430 2743 4500 centuplum
2773 4446 2932 4500 quam
2950 4430 3240 4485 centesima
3266 4446 3385 4487 esse
3413 4433 3764 4488 contenttun?

2181 4524 2299 4578 Noli
2329 4539 2459 4594 ergo
2494 4523 2772 4591 despicere
2804 4520 3128 4591 proximum,
3154 4523 3198 4578 si
3232 4538 3335 4576 non
3385 4523 3464 4578 vis
3510 4525 3619 4578 Deo
3668 4524 3761 4578 de-

2101 4608 2150 4667 D
2179 4613 2456 4685 spicabilis
2497 4626 2782 4683 apparere.
2839 4612 2987 4667 Unde
3032 4621 3087 4667 et
3116 4612 3481 4670 Salomourail
3521 4632 3537 4670 :
3573 4635 3593 4667 ι
3653 4618 3758 4684 Qui

2177 4704 2405 4774 despicit
2433 4704 2737 4771 proximum
2772 4717 2949 4767 suum,
2986 4714 3212 4771 peccat;
3240 4707 3330 4774 qui
3362 4716 3541 4762 autem
3593 4712 3761 4770 mise-

2176 4803 2327 4847 retur
2354 4793 2594 4863 pauperi,
2634 4794 2822 4846 beatus
2871 4794 2973 4846 erit
3003 4792 3185 4863 (Prov.
3229 4798 3361 4857 xw).
3399 4818 3418 4849 ι
3475 4797 3572 4854 Ubi
3627 4819 3756 4861 mox

2173 4885 2424 4939 additur:
2465 4904 2483 4935 ι
2515 4884 2615 4951 Qui
2645 4884 2819 4937 credit
2848 4885 2898 4937 in
2933 4886 3159 4939 Domino
3186 4887 3608 4946 misericordiam
3633 4896 3757 4948 dili-

2171 4978 2247 5047 git
2277 4975 2485 5046 (lbid.).
2519 4994 2538 5027 ι
2591 4973 2753 5028 l‘lane
2781 4975 2826 5028 si
2859 4976 2903 5029 is
2925 4976 3014 5045 qui
3051 4976 3224 5030 credit
3254 4977 3306 5031 in
3347 4980 3571 5034 Domino
3597 4984 3755 5037 misc-

2171 5064 2461 5118 ricordiam
2487 5063 2682 5134 diligit,
2728 5064 2990 5119 dicendus
3026 5074 3110 5119 est
3136 5065 3223 5121 ille
3245 5082 3351 5122 non
3384 5072 3625 5133 credere,
3658 5075 3750 5141 qui

2168 5156 2508 5211 convincitur
2542 5157 2973 5211 miserit-icordiam
3014 5174 3118 5213 non
3151 5175 3355 5216 amare:
3406 5161 3516 5217 Cur
3564 5176 3747 5221 autem

2167 5251 2268 5305 iste
2294 5264 2403 5303 non
2430 5249 2638 5312 credat,
2683 5248 2786 5302 alia
2817 5247 3056 5317 ejusdem
3101 5250 3222 5305 libri
3272 5254 3536 5308 sententia
3564 5257 3745 5310 decla-

2169 5348 2282 5405 rat;
2309 5340 2386 5393 ait
2410 5341 2600 5394 enim:
2631 5358 2649 5389 ι
2681 5339 2978 5395 Feneratur
3025 5341 3140 5397 Deo.
3166 5343 3256 5411 qui
3297 5344 3582 5400 miseretur
3608 5362 3744 5416 pau-

2166 5435 2303 5505 peri,
2336 5443 2391 5488 et
2417 5434 2842 5489 vicissitudinem
2867 5451 3020 5490 suam
3054 5436 3241 5491 reddet
3261 5437 3331 5491 ei.
3370 5457 3391 5492 ι

2237 5525 2350 5580 Νοιι
2381 5526 2562 5595 itaque
2591 5527 2764 5581 credit
2795 5527 2848 5580 in
2898 5526 3149 5592 Domino,
3201 5529 3292 5599 qtti
3338 5545 3433 5584 sua
3461 5531 3562 5585 sibi
3591 5533 3744 5589 timet

2161 5617 2302 5671 bona
2327 5619 2684 5680 committere,
2708 5618 2832 5670 dum
2850 5633 2911 5671 ea
2940 5634 3042 5672 non
3073 5619 3186 5673 vult
3209 5620 3571 5692 indigentibus
3583 5626 3739 5678 exitio

2162 5707 2308 5763 bere.
2334 5708 2475 5765 Nam.
2491 5711 2534 5765 si
2560 5712 2610 5764 in
2641 5710 2870 5765 Domino
2896 5711 3165 5766 veraciter
3192 5714 3458 5779 crederet,
3503 5713 3739 5771 [δηριννί

2164 5800 2265 5858 sibi
2298 5811 2548 5874 tanquam
2583 5803 2723 5860 fileli
2779 5802 2982 5858 scilicet
3023 5802 3252 5860 debitori
3312 5804 3583 5864 facultatis
3626 5823 3741 5864 suae
