4106 6320
295 333 410 390 213

1410 327 1653 385 orcsc.
1683 325 1772 381 Ix.
1804 355 1876 368 -
1909 322 1996 378 ne
2036 283 2553 380 ιιῖιαιειειιοξεγκριδ

3461 331 3566 384 ἓὶι

297 444 614 514 depositum
666 457 774 497 non
832 442 1047 495 timeret
1082 459 1094 494 :
1127 442 1192 495 de
1220 439 1372 507 cuius
1427 451 1604 495 autem
1649 439 1751 495 [Ede
1802 439 1891 508 qui
1920 436 1974 497 Α
2000 437 2308 507 centuplum
2339 437 2492 508 (Cen.
2520 439 2689 510 xxvi).
2725 459 2741 492 ι
2775 440 2878 494 Sed
2902 457 3062 510 quam
3089 441 3294 496 felicius
3318 443 3584 505 setninat,.

301 537 538 596 dulritat.
566 548 690 588 eum
723 532 1096 601 proculdubio
1121 547 1227 585 non
1267 532 1528 595 honor-az;
1577 544 1699 584 cum
1749 529 1888 582 scri-

298 636 459 698 ptum
507 626 577 680 sit
607 641 632 679 ς·
671 644 689 674 ‹
731 622 946 677 Honora
998 623 1283 677 Dominum
1328 623 1394 676 de
1450 632 1540 674 tua
1592 620 1889 675 substantia

299 718 494 788 (Prov.
551 716 656 786 ut).
692 733 713 766 ι
744 714 810 768 Et
859 714 995 767 alias
1030 713 1230 767 dicitur
1262 729 1275 766 ι
1325 731 1343 764 ι
1382 713 1484 777 Qui
1531 711 1892 766 calumniatur

295 817 574 878 egentem,
607 805 899 872 exprobrat
949 803 1140 858 factori
1187 801 1304 872 ejus
1348 821 1360 855 :
1419 803 1647 856 honorat
1707 809 1886 852 autem

301 913 431 953 eum
481 896 575 966 qui
629 895 920 949 miseretur
967 893 1189 962 pauperi
1242 891 1424 962 (Pror.
1454 893 1587 959 XIV).
1628 911 1646 942 ι
1680 890 1743 943 Et
1789 889 1891 943 ite-

306 1006 429 1045 rum
468 1003 488 1046 :
522 1007 541 1039 t
574 988 777 1042 Facere
803 985 1230 1041 misericordiam
1274 993 1330 1040 et
1379 983 1663 1051 judicium,
1720 982 1892 1051 magis

299 1084 488 1156 placet
532 1079 640 1135 Deo
685 1093 845 1148 quam
878 1077 1119 1130 victima:
1143 1072 1322 1143 (Prov.
1363 1075 1496 1144 xxi).
1533 1094 1550 1127 ι
1588 1074 1894 1143 Eleemosy-

302 1173 498 1226 uarius
525 1170 670 1224 enim
694 1168 922 1238 quisque
952 1165 1381 1220 misericordiam
1415 1163 1566 1225 facit.
1595 1165 1720 1220 dum
1754 1163 1891 1217 indi-

301 1262 562 1332 gentibus
617 1259 670 1311 in
710 1257 1033 1312 necessitate
1059 1256 1422 1325 compatitur;
1443 1253 1704 1322 judicium
1745 1269 1889 1312 vero.

301 1356 439 1406 dum
467 1353 548 1405 eis
586 1366 692 1404 non
716 1332 954 1418 propria,
992 1347 1087 1402 sed
1116 1362 1305 1402 eorum
1337 1347 1476 1402 bona
1509 1344 1752 1414 largitur.
1787 1344 1895 1398 Sed

300 1461 373 1500 ex
408 1445 494 1498 his
518 1444 642 1497 dum
673 1441 904 1495 alienam
947 1440 999 1493 in
1049 1439 1300 1509 praesenti
1335 1447 1602 1493 sustentat
1633 1437 1886 1504 inopiam.

303 1545 546 1589 atternas
569 1533 784 1586 sibimet
813 1531 864 1584 in
897 1529 1080 1583 futuro
1107 1529 1326 1583 divitias
1353 1536 1528 1597 parat.
1562 1526 1716 1581 Unde
1755 1525 1888 1580 scri-

303 1637 461 1699 ptum
479 1635 566 1680 est
596 1642 612 1678 :
645 1642 662 1675 ι
697 1623 796 1690 Qui
822 1622 1154 1691 datpauperi
1176 1620 1549 1688 nonimligebit
1575 1637 1587 1672 :
1609 1619 1896 1689 quidespi-

301 1720 386 1776 cit
408 1721 806 1789 deprecantem,
825 1715 1111 1768 sustinebit
1127 1713 1403 1782 penuriam
1429 1709 1609 1781 (Prov.
1628 1727 1657 1763 χ
1669 1727 1749 1763 xvi
1761 1708 1792 1763 ιί
1802 1725 1842 1778 ).
1877 1729 1892 1758 ι

1993 529 2082 598 qui
2132 531 2259 583 dum
2311 531 2549 585 subsidia
2602 531 2967 600 indigentibus
3011 533 3419 605 suluninist'ratf,
3473 550 3572 604 pro

1995 633 2166 674 avena
2195 621 2459 684 triticum,
2493 637 2589 690 pro
2615 622 2814 692 pugillo
2836 623 3078 684 chorum,
3112 639 3207 692 pro
3232 639 3396 694 grano
3419 625 3575 680 metit

1994 727 2284 766 acervum:
2319 713 2549 767 terr-mis
2585 714 2742 783 plane
2773 715 3033 778 caelestia,
3081 719 3408 774 transitoriis
3437 735 3574 774 mer-

1994 813 2152 856 catur
2173 812 2397 856 :eterna.
2427 803 2566 858 Dicit
2595 803 2876 874 Scriptura
2904 824 2916 860 :
2946 824 2963 856 ί
2996 805 3125 872 Quis
3152 817 3325 876 potest
3352 809 3531 863 dicere
3555 827 3570 862 :

1995 891 2250 946 Mundum
2284 903 2367 948 est
2393 910 2488 948 cor
2509 911 2710 960 meum,
2741 912 2906 965 purus
2937 913 3052 950 sum
3081 914 3107 950 a
3139 907 3362 967 peccato
3390 896 3575 966 (Prom

1996 985 2121 1051 xx);
2158 1005 2176 1037 ι
2209 985 2334 1053 quis
2360 985 2506 1039 enim
2545 985 2865 1056 gloriabitur
2895 998 3100 1043 castum
3130 1005 3192 1044 se
3221 990 3423 1046 habere
3447 992 3608 1051 certe

1997 1073 2104 1127 Sed
2149 1074 2508 1144 eleemosynis
2547 1077 2774 1131 solerter
2817 1079 3027 1140 insiste.
3057 1089 3110 1134 et
3148 1082 3402 1134 mundum
3433 1092 3486 1136 te
3513 1098 3605 1138 ex],

1997 1165 2179 1218 divina
2223 1165 2430 1234 pietate
2459 1167 2692 1220 contide.
2748 1161 2902 1222 Unde
2933 1166 3218 1222 Salvator:
3265 1188 3282 1220 ς
3313 1170 3464 1236 Quod
3491 1185 3614 1223 5η--

1998 1267 2197 1326 pcrest,
2247 1259 2446 1326 inquit,
2508 1259 2629 1312 date
2668 1258 3092 1330 cleetnosynam,
3135 1269 3182 1314 et
3226 1276 3356 1314 ecce
3398 1263 3580 1316 omnia

1999 1349 2197 1401 munda
2240 1355 2368 1402 sunt
2413 1347 2568 1402 vobis
2623 1346 2776 1418 (Luc.
2834 1350 2932 1418 XI).
2971 1369 2988 1400 ι
3032 1350 3186 1403 Sicut
3225 1350 3370 1404 enim
3419 1350 3586 1404 ardor

1999 1442 2199 1512 ignium
2231 1442 2431 1497 metalli
2465 1444 2836 1514 cujuscunque
2888 1445 3210 1513 rubiginem,
3244 1447 3322 1500 sic
3351 1445 3584 1499 cleemo-

1999 1549 2131 1603 syna
2173 1535 2454 1588 consuevit
2485 1537 2678 1588 animte
2713 1551 2945 1604 purgare
2985 1537 3313 1605 squalorem.
3349 1535 3498 1590 Unde
3531 1542 3598 1589 et:

2001 1624 2081 1675 vir
2103 1624 2354 1692 sapiens:
2385 1642 2403 1675 ι
2437 1623 2640 1694 Ignem,
2674 1626 2770 1688 ait,
2802 1627 3077 1678 ardentem
3101 1625 3395 1694 exstinguit
3421 1639 3581 1692 aqua,

1998 1723 2053 1766 et
2078 1713 2416 1783 eleemosyna
2439 1713 2642 1768 resistit
2664 1713 3248 1783 peccatis(i:‘ccle.tn);
3281 1733 3298 1764 ι
3331 1714 3418 1768 ubi
3445 1729 3583 1784 pric-

305 1805 1016 1878 Deponitenimdivesquod
1046 1801 1643 1872 indigentibustribuit,
1669 1809 1723 1853 et
1747 1816 1890 1853 nunc
1925 1799 1965 1856 lt
1996 1814 2078 1858 sto
2126 1803 2441 1874 subjungit:
2501 1824 2517 1856 ε
2552 1806 2617 1859 Ει
2650 1806 2789 1859 Deus
2832 1814 3146 1875 prospcclor
3186 1816 3271 1860 est
3309 1807 3444 1876 ejus,
3489 1807 3614 1875 qui.

304 1898 472 1969 quasi
503 1907 700 1950 mutua:
743 1895 903 1964 202
930 1893 1172 1964 pecuniae
1199 1893 1500 1962 depositum
1526 1891 1715 1952 credit,
1761 1891 1902 1960 quod

311 1993 367 2045 in
394 1999 594 2044 :eterna
624 1988 731 2040 vita
761 1986 1132 2056 multiplicatis
1174 1983 1452 2039 feuoribns
1473 1983 1682 2052 recipit.
1719 1983 1782 2035 lit
1814 1981 1904 2049 qui

310 2094 458 2136 nunc
485 2077 548 2133 fit
570 2091 669 2146 per
698 2074 1127 2134 misericordiam
1167 2073 1425 2134 creditor,
1471 2073 1522 2124 in
1554 2070 1908 2124 retributione

310 2167 659 2239 postmodum
691 2164 820 2220 felix
852 2165 956 2220 erit
994 2172 1237 2218 exactor.
1285 2161 1440 2216 Unde
1483 2161 1742 2230 scriptum
1783 2169 1904 2214 est:

313 2283 337 2314 ι
365 2262 574 2330 Pauper
585 2269 638 2312 et
652 2259 888 2312 creditor
901 2258 1250 2312 obviaverunt
1271 2254 1396 2319 sibi,
1416 2254 1697 2320 utriusque
1715 2251 1910 2305 illumi-

309 2362 476 2406 nator
491 2358 574 2404 est
592 2349 851 2404 Dominus
887 2346 1069 2418 (Prov.
1094 2356 1268 2414 ms).
1301 2363 1319 2396 ι
1347 2345 1412 2398 Et
1434 2345 1498 2398 de
1515 2343 1738 2397 muliere
1762 2341 1905 2406 forti,

311 2458 585 2516 perquam
610 2439 692 2495 vel
716 2451 902 2494 sancta
921 2438 1239 2492 universalis
1254 2435 1514 2498 Ecclesia,
1539 2433 1624 2487 vel
1648 2450 1753 2487 una
1765 2448 1907 2502 grta:-

316 2547 425 2602 que
443 2531 778 2599 lidelisetpia
803 2528 1118 2598 intelligitur
1135 2527 1336 2590 anima,
1363 2525 1416 2580 itt
1447 2524 1754 2579 Proverbiis
1778 2523 1912 2576 diri-

319 2632 411 2674 tur
437 2639 449 2673 :
471 2641 488 2671 ι
513 2621 726 2680 Manum
746 2635 895 2674 suam
924 2619 1147 2688 aperuit
1164 2617 1331 2686 inopi,
1355 2624 1406 2671 et
1437 2615 1643 2683 palmas
1667 2629 1791 2668 suas
1817 2629 1912 2668 cx-

318 2712 494 2766 tendit
544 2712 609 2766 ad
651 2725 937 2781 pauperem
970 2706 1154 2777 (Prov.
1195 2708 1430 2777 “31);:
1481 2705 1571 2759 ubi
1616 2721 1740 2758 mox
1787 2713 1912 2774 apte

327 2801 676 2871 subjungitur
703 2818 715 2853 :
751 2820 768 2851 ι
808 2799 922 2853 Non
957 2797 1168 2852 timebit
1199 2797 1379 2850 doa.ui
1407 2811 1520 2850 sua:
1543 2811 1569 2848 a
1604 2793 1804 2863 frigore
1833 2794 1914 2847 ni-

325 2896 438 2958 vis;
466 2909 658 2958 omnes
683 2894 824 2947 enim
856 2890 1140 2946 domestici
1168 2889 1285 2956 ejus
1316 2888 1496 2942 restiti
1526 2897 1644 2942 sunt
1680 2885 1908 2955 duplici-

323 2985 424 3040 bus
454 2984 670 3053 (Ibid.).
702 3002 720 3033 ι
767 2982 1026 3051 Quisquis
1063 2980 1208 3034 enim
1255 2995 1398 3033 nunc
1441 2978 1781 3047 operimento
1816 2992 1912 3046 ge-

327 3075 488 3128 lttllltl‘
535 3072 819 3127 citaritatis
869 3071 1142 3136 induitur,
1203 3079 1457 3137 tanquam
1514 3067 1716 3137 duplici
1761 3075 1912 3121 veste

326 3171 608 3218 contectus
638 3177 978 3232 nequaquam
1006 3162 1200 3215 futurae
1242 3161 1382 3214 nivis
1415 3158 1615 3227 frigore
1641 3157 1909 3212 eonstrin—
1938 3142 1982 3202 C

327 3262 524 3331 getur:
560 3261 618 3308 et
654 3268 815 3321 quem
862 3267 1005 3307 nunc
1047 3251 1336 3306 cbaritatis
1383 3250 1546 3303 ardor
1590 3248 1906 3312 inflammat,

327 3355 458 3398 tunc
486 3343 716 3413 pinnatis
741 3343 979 3414 algorem
1006 3343 1144 3396 nivis
1174 3343 1405 3412 ignorat.
1433 3342 1508 3395 De
1529 3356 1635 3410 qua
1664 3338 1914 3395 videlicet

325 3435 453 3489 nive
483 3433 650 3491 futuri
682 3433 952 3504 supplicii,
993 3443 1045 3488 et
1075 3447 1169 3502 per
1199 3432 1257 3485 Β.
1289 3429 1390 3486 Job
1423 3430 1491 3485 de
1538 3429 1768 3500 reprobo
1795 3429 1913 3482 viro

322 3527 565 3581 dicitur:
603 3543 622 3576 ι
654 3525 734 3578 Ad
761 3525 984 3578 nimium
1016 3523 1247 3577 calorem
1277 3531 1513 3576 transeat
1543 3521 1612 3574 ab
1636 3518 1794 3588 aquis
1826 3517 1914 3571 ni-

326 3620 502 3676 vium.
540 3625 594 3671 et
639 3631 809 3684 usque
847 3615 913 3668 ad
945 3612 1147 3668 inferos
1192 3621 1470 3682 peccatum
1513 3610 1678 3676 illius,
1725 3607 1948 3662 oblivi-.

325 3718 516 3764 scatur
540 3707 654 3775 ejus
679 3706 1048 3762 misericordia
1073 3704 1218 3776 (Job.
1238 3703 1408 3773 XXIV).
1432 3723 1450 3756 ι
1473 3703 1697 3773 Dignum
1719 3700 1917 3770 quippe

326 3809 416 3854 est
441 3809 495 3852 ut
529 3797 620 3868 qui
670 3799 724 3852 in
778 3798 877 3851 hac
905 3797 1013 3850 vita
1046 3811 1142 3866 per
1172 3796 1422 3849 ardorem
1464 3793 1918 3862 concupiscenti-t3

327 3890 573 3946 carnalis
599 3889 824 3954 exarsit,
857 3904 886 3942 a
912 3886 1092 3942 calore
1118 3903 1249 3941 vero
1278 3886 1660 3940 misericortlizc
1691 3885 1917 3954 frigidus

329 3992 385 4038 et
421 3983 745 4038 constrictus
787 3981 1091 4050 obtorpuit,
1139 3979 1247 4034 illic
1293 3980 1358 4032 ad
1400 3979 1634 4032 calorem
1687 3979 1918 4030 nimium

333 4083 578 4130 transeat
607 4073 676 4126 ab
705 4071 862 4143 aquis
891 4073 1128 4135 nivium;
1161 4079 1219 4124 ut
1261 4068 1399 4123 sicut
1441 4069 1530 4122 hic.
1554 4067 1762 4120 duabus
1790 4066 1921 4120 deli-

331 4168 448 4238 quit
479 4165 722 4230 oll'ensis,
753 4166 824 4218 ita
858 4164 1087 4234 geminis
1123 4162 1397 4218 crucietur
1429 4161 1480 4214 itt
1511 4159 1753 4230 gehenna
1789 4173 1920 4226 sup-

335 4257 555 4328 plieiis:
587 4266 642 4310 et
684 4256 791 4310 illic
826 4257 941 4326 ejus
975 4271 1131 4310 versa
1179 4255 1296 4308 vice
1329 4252 1698 4307 misericordia
1726 4251 1922 4306 oblivi-

333 4359 548 4413 scatur,
580 4348 668 4416 qui
698 4363 1036 4416 nequaquam
1065 4346 1153 4400 bic
1177 4343 1564 4399 misericordiae
1590 4357 1799 4398 memor
1823 4357 1921 4396 ex-

335 4441 407 4495 sti
440 4441 547 4494 isse
575 4440 937 4494 convincitur.
968 4438 1242 4493 Prtemitte
1269 4452 1396 4508 ergo
1423 4436 1538 4503 tibi,
1571 4435 1761 4501 frater,
1791 4449 1923 4504 opes

2006 1897 2190 1952 reddet
2217 1898 2470 1967 gratiam,
2498 1898 2744 1952 meminit
2771 1899 2822 1951 in
2855 1906 3148 1967 posterum,
3182 1906 3234 1951 et
3256 1898 3307 1950 in
3339 1906 3583 1966 tempore

2006 2004 2164 2043 casus
2212 1989 2292 2043 sui
2326 1989 2561 2044 inveniet
2609 1989 3005 2044 firmamentum
3053 1988 3296 2061 (Hrcle).
3329 2010 3346 2042 ι
3384 1988 3588 2042 Deinde
3630 2041 3638 2043 μ

2007 2077 2220 2146 subjicit
2249 2096 2261 2131 :
2295 2095 2312 2127 ι
2344 2077 2467 2142 Fili,
2511 2078 2908 2150 eleemosynmn
2951 2079 3202 2148 pauperis
3246 2094 3312 2133 ne
3351 2077 3585 2140 fraudes,

2007 2178 2059 2219 et
2085 2168 2268 2222 oculos
2302 2177 2421 2222 tuos
2453 2185 2518 2222 ne
2550 2178 2883 2223 transvenas
2910 2184 2939 2222 a
2976 2184 3207 2238 paupere
3234 2168 3394 2237 (Ibid.
3426 2168 3522 2237 tv).
3564 2190 3582 2219 ι

2009 2257 2076 2310 Et
2106 2273 2330 2312 rursus:
2367 2278 2384 2308 ‹
2417 2259 2666 2312 Animam
2697 2260 3027 2314 esurientem
3055 2259 3214 2330 203
3245 2275 3310 2314 ne
3337 2263 3591 2329 despexe-

2009 2349 2105 2412 ris,
2138 2358 2194 2404 et
2227 2365 2332 2402 non
2374 2365 2662 2430 exasperes
2689 2366 2979 2421 pauperem
3026 2352 3078 2405 in
3121 2352 3295 2422 in0pia
3329 2368 3447 2408 sua.
3487 2353 3596 2407 Cor

2010 2440 2184 2509 inopis
2223 2457 2291 2494 ne
2321 2441 2599 2510 alllixcris,
2643 2453 2696 2497 et
2734 2459 2839 2497 non
2889 2444 3171 2512 pertrahas
3201 2445 3384 2499 datum
3425 2458 3576 2515 ang..-

2010 2531 2194 2584 stianti
2227 2529 2435 2602 (Ibid).
2469 2550 2487 2583 ι
2517 2532 2581 2586 Ει
2626 2533 2790 2587 multa
2822 2533 2944 2595 alia,
2975 2549 3094 2602 qua:
3123 2534 3206 2588 vir
3232 2534 3330 2588 iste
3365 2534 3596 2604 propbeo

2012 2625 2152 2679 ticus
2183 2625 2249 2678 de
2270 2627 2618 2695 praeroganda
2647 2629 2973 2698 pauperibus
3004 2629 3204 2699 pietate
3229 2631 3471 2685 contexit
3497 2647 3510 2682 :
3541 2639 3595 2685 et

2012 2713 2302 2784 Evangelio
2342 2717 2568 2770 necdum
2614 2717 2989 2778 illucescente.
3041 2729 3295 2788 tanquam
3341 2720 3598 2776 sacerdos

2015 2803 2067 2856 in
2101 2799 2339 2859 Ecclesia
2371 2807 2569 2874 prolixi
2597 2810 2868 2863 sermonis
2902 2811 3097 2864 seriem
3128 2811 3397 2880 protrahit
3427 2825 3442 2865 :
3476 2827 3596 2879 qum

2013 2909 2112 2948 nos
2142 2895 2229 2948 hic
2257 2897 2438 2950 omnia
2471 2897 2628 2950 simul
2658 2900 3034 2969 exaggeranda
3080 2914 3186 2956 non
3226 2899 3495 2967 ducimus,
3528 2914 3648 2960 ηιλ-

2014 2983 2291 3038 fastidium
2323 2983 2623 3055 legentibus
2646 3003 2984 3054 generetnus.

2621 3073 2848 3129 CAPUT
2888 3075 2971 3128 ΙΙΙ.

2338 3161 2591 3228 Qua'nam
2629 3163 2950 3232 eleemosgna
2990 3167 3160 3234 major
3187 3167 3274 3220 sit.

2085 3248 2190 3304 Sed
2215 3265 2338 3304 cum
2361 3266 2457 3320 per
2487 3265 2676 3306 omnes
2704 3251 2841 3304 sacri
2869 3250 3068 3321 eloquii
3109 3253 3331 3322 paginas
3363 3257 3610 3310 electum.

2013 3355 2147 3413 syna
2177 3342 2519 3410 prmdieetur,
2549 3351 2606 3397 et
2641 3341 3010 3397 misericordia
3053 3342 3265 3397 caeteris
3307 3344 3604 3398 virtutibus

2015 3435 2323 3500 antecellat,
2351 3451 2413 3489 ac
2436 3434 2673 3505 palmam
2705 3435 2847 3489 inter
2882 3448 3043 3504 Opera
3071 3434 3285 3503 pietatis
3316 3435 3555 3490 obtineat
3581 3454 3595 3490 :-

2019 3527 2110 3582 illa
2146 3536 2323 3581 tamen
2373 3525 2740 3580 misericordia
2775 3523 3158 3593 supereminet,
3192 3540 3311 3594 qua:
3340 3525 3406 3580 de
3442 3525 3598 3595 copia

2019 3634 2192 3688 nuper
2227 3617 2294 3674 ad
2339 3617 2575 3687 inopiam
2609 3616 2871 3671 devolutis
2917 3614 3174 3670 auxilium
3206 3616 3428 3685 prtebet.
3464 3614 3603 3669 Sunt

2019 3698 2254 3778 na'mque
2293 3707 2558 3770 nonnulli,
2598 3722 2736 3776 quos
2771 3705 3098 3761 houestioris
3127 3705 3342 3775 quidem
3383 3704 3602 3776 generis

2018 3801 2154 3856 ordo
2191 3800 2457 3862 nobilitat,
2483 3799 2577 3854 sed
2602 3798 2895 3868 indigentia
2923 3799 2997 3853 rei
3026 3797 3309 3853 familiaris
3331 3806 3599 3868 angustat.

2020 3890 2271 3961 Plerique
2291 3891 2456 3943 etiam
2481 3889 2747 3957 equestris
2770 3888 3032 3957 prosapia:
3056 3888 3224 3942 titulis
3245 3887 3602 3963 adornantur,

2023 3983 2114 4036 sed
2140 3981 2450 4037 domestica:
2477 3980 2817 4035 necessitatis
2844 3980 3022 4049 inopia
3047 3980 3421 4048 deprimuntur
3447 3996 3458 4031 :
3491 3979 3605 4032 exi-

2021 4086 2181 4146 gente
2222 4073 2437 4143 generis
2481 4072 2745 4142 dignitate
2786 4070 3183 4140 compelluntur
3226 4070 3604 4125 suectabilium

2025 4168 2288 4225 interesse
2314 4163 2618 4233 colloquiis,
2655 4177 2912 4217 consessu
2943 4161 3158 4228 quidem
3193 4159 3414 4230 pariles,
3451 4160 3606 4230 longe

2025 4255 2374 4311 facultatibus
2399 4253 2708 4322 inmquales.
2740 4252 2845 4304 Sed
2875 4251 2999 4304 licet
3024 4266 3116 4305 eos
3138 4251 3447 4304 domesticae
3478 4265 3604 4317 pau-

2027 4349 2255 4419 pertatis
2285 4345 2589 4402 sollicitudo
2617 4343 2930 4406 discruciet,
2964 4342 3124 4396 etiam
3162 4341 3205 4394 si
3253 4351 3475 4410 cogente
3507 4356 3606 4391 ne-

2029 4441 2282 4495 cessitate
2329 4437 2393 4491 ad
2438 4445 2680 4491 extrema
2730 4432 3063 4502 perveniant,
3120 4431 3373 4485 alimenta
3424 4443 3607 4500 petere

341 4543 484 4594 tuas,
515 4532 658 4585 unde
685 4531 1031 4600 postmodum
1063 4531 1244 4593 vivas;
1275 4529 1585 4599 praecedant
1617 4538 1668 4583 te
1693 4527 1923 4582 faculta-
1950 4502 2008 4562 Β
2031 4530 2398 4586 mendicantes
2448 4527 2714 4598 ignorant.
2763 4525 2980 4594 Eligunt
3021 4523 3164 4577 enim
3211 4523 3389 4592 potius
3446 4523 3606 4582 mori,

342 4633 424 4678 tes
452 4634 576 4683 tute,
605 4637 740 4689 quas
764 4621 815 4674 in
840 4621 927 4674 illa
953 4636 1166 4690 semper
1189 4619 1594 4674 immortalitate
1620 4618 1915 4688 possideas.

342 4712 614 4767 Memento
637 4711 777 4779 quod
800 4711 1062 4780 scriptum
1091 4719 1207 4764 est:
1238 4727 1255 4759 ι
1288 4709 1446 4763 Dives
1468 4725 1588 4764 cum
1614 4709 1918 4774 dortnicrit,

345 4804 480 4860 nihil
510 4818 695 4857 secum
729 4803 969 4859 auferet;
1011 4801 1217 4870 aperiet
1270 4799 1455 4855 oculos
1494 4814 1643 4864 suos,
1691 4806 1745 4852 et
1787 4799 1916 4852 nilnl

348 4896 620 4960 inveniet;
655 4894 1022 4965 apprehendet
1043 4908 1165 4947 eum
1195 4892 1348 4962 quasi
1371 4907 1508 4961 aqua
1535 4891 1736 4960 inopia,
1767 4900 1924 4945 nocte

351 4987 616 5057 opprimet
641 5001 762 5040 eum
792 4993 1084 5053 tempestas
1112 4981 1257 5054 (Job.
1281 4981 1475 5052 xxvii).
1507 5001 1524 5035 ι

421 5077 643 5131 Placeat
666 5091 794 5147 ergo
824 5076 918 5130 tibi
945 5073 1253 5137 consilium,
1289 5073 1432 5142 quod
1463 5087 1559 5142 per
1585 5070 1925 5129 Salomoncm

349 5168 548 5221 datur:
605 5185 622 5217 ι
661 5166 834 5229 Mitte,
875 5166 1074 5235 inquit,
1110 5178 1305 5237 panem
1351 5171 1499 5216 tuum
1547 5175 1711 5230 super
1749 5169 1925 5214 trans-

353 5268 542 5316 euntes
574 5273 763 5328 aquas,
802 5256 928 5326 quia
970 5263 1102 5326 post.
1121 5253 1286 5307 multa
1318 5239 1557 5322 tempora
1599 5249 1829 5319 recipies
1872 5247 1930 5302 il-

354 5349 464 5408 lum
502 5367 514 5402 :

356 5455 445 5500 ras
474 5439 602 5508 quid
630 5439 753 5493 mali
789 5438 1026 5492 futurum
1055 5437 1127 5491 sit
1148 5451 1310 5505 super
1339 5444 1541 5492 terram
1569 5431 1769 5504 (Eccle.
1796 5430 1922 5501 κη.»

353 5529 424 5586 Ει
456 5531 651 5584 iterum
679 5549 692 5583 λ
729 5548 744 5581 :
782 5529 933 5585 Mane
964 5528 1170 5584 semina
1215 5541 1394 5582 semen
1428 5534 1602 5591 tuum,
1631 5532 1684 5580 et
1711 5535 1930 5593 vespere

355 5635 429 5678 ne
474 5631 655 5678 cesset
691 5638 882 5676 manus
931 5633 1018 5675 tua
1066 5621 1255 5691 (lbid.)
1287 5640 1303 5672 ι
1347 5619 1565 5690 Legitur
1600 5618 1652 5672 in
1694 5617 1926 5673 Genesi:

364 5708 551 5791 eQuia
582 5713 717 5792 sevit
745 5711 892 5794 Isaac
921 5712 973 5769 in
992 5711 1231 5794 _Gcrara,
1263 5719 1315 5765 et
1342 5709 1540 5764 invenit
1571 5709 1622 5763 in
1652 5709 1766 5786 ipso
1791 5723 1930 5762 anno

558 5348 624 5402 da
655 5364 752 5417 per
776 5357 829 5402 te
860 5356 1088 5416 septem,
1120 5359 1329 5398 necnon
1361 5351 1415 5396 et
1447 5349 1595 5404 octo.
1626 5339 1750 5408 quia
1779 5338 1946 5408 igno-.

2030 4638 2190 4691 quam
2222 4621 2431 4690 publice
2467 4618 2792 4682 mendicare,
2826 4616 3227 4672 confunduntur
3253 4615 3488 4686 agnosci,
3521 4631 3608 4667 ve-

2031 4720 2216 4766 rentur
2242 4711 2471 4780 inopiam
2493 4709 2738 4764 confiteri
2762 4726 2776 4761 ε
2802 4718 2999 4762 et‘cnm
3025 4707 3112 4761 alii
3138 4722 3288 4760 suam
3315 4706 3608 4775 prastlicent
3676 4753 3678 4756 ,

2032 4810 2351 4873 egestatem,
2385 4800 2492 4853 imo
2536 4812 2918 4866 nonnunquam
2969 4797 3182 4849 modum
3229 4794 3603 4862 exaggerando

2033 4893 2366 4962 paupertatis
2395 4890 2682 4952 excedant,
2709 4901 2763 4942 ut
2787 4888 3049 4942 uberioris
3071 4887 3260 4954 stipem
3279 4886 3603 4942 consolatio-

2033 4983 2118 5035 nis
2143 4981 2436 5050 accipiant;
2467 4979 2553 5033 isti
2570 4994 2678 5047 quo
2701 4978 2996 5047 potiuntur,
3013 4976 3334 5030 occultando
3355 4975 3624 5030 dlSSllult~,

2033 5075 2164 5138 lant,
2194 5089 2265 5128 ne
2283 5073 2516 5141 turpiter
2543 5071 2598 5124 in
2621 5068 2806 5124 oculos
2843 5069 3119 5122 hominum
3147 5067 3361 5134 signant
3389 5067 3634 5137 aliquod,

2032 5179 2143 5218 sua:
2169 5163 2503 5233 paupertatis
2532 5168 2798 5229 erumpat.

2104 5253 2306 5307 llorunt
2364 5252 2528 5320 igitur
2583 5249 2873 5319 indigentia
2949 5249 3130 5318 potius
3181 5248 3319 5302 valet
3381 5248 3606 5317 intelligi

2033 5361 2193 5416 quam
2218 5345 2389 5398 videri
2417 5360 2430 5395 :
2458 5342 2627 5411 magis
2654 5341 2973 5410 quibusdam
3006 5341 3174 5410 signis
3199 5341 3605 5409 erumpentibus

2034 5435 2250 5506 conjici,
2283 5448 2443 5504 quam
2476 5431 2777 5486 manifestis
2809 5432 2978 5500 possit
3010 5431 3222 5486 indiciis
3253 5431 3602 5502 deprehendi.

2035 5528 2110 5581 De
2139 5527 2331 5596 quibus
2369 5524 2554 5592 utique
2597 5539 2700 5577 non
2750 5521 3050 5582 manifeste,
3093 5522 3186 5577 sed
3225 5523 3432 5576 occulte
3470 5536 3603 5589 pau-

2035 5619 2254 5688 peribus
2295 5627 2492 5686 quanta
2544 5616 2612 5669 sit
2661 5615 2944 5669 retributio
3012 5614 3278 5684 Propheta
3324 5614 3602 5680 designat,
3641 5668 3650 5673 ,

2034 5725 2156 5765 cum
2196 5707 2311 5765 ait:
2372 5724 2390 5759 ι
2423 5706 2647 5773 Beatus,
2683 5705 2774 5785 qui
2815 5704 3057 5776 intelligit
3090 5718 3248 5782 super
3282 5715 3506 5786 egrum)
3547 5709 3648 5764 et:
