4106 6320
297 371 399 425 217

1402 367 1644 424 OPUSC.
1686 365 1860 421 lX.——
1893 365 1980 420 DE
2018 366 2492 426 ELEETthSYNA.

3455 367 3562 427 218

303 494 473 537 totum
515 479 770 534 mundum
807 477 1020 534 fuerant
1047 478 1189 534 velut
1222 479 1274 532 in
1315 479 1450 534 bella
1486 479 1794 548 congressi,
1829 478 1880 530 in
1913 485 1954 540 Α
1987 478 2268 545 corripuit,
2298 487 2352 531 et
2384 494 2479 547 per
2502 480 2730 548 plateam
2754 477 2820 532 ad
2845 479 3032 533 metris
3073 476 3323 546 injuriam
3352 481 3552 548 sparsit

300 571 458 640 hujus
487 570 676 641 gratize
703 571 880 624 studio
904 571 1150 637 legantur
1165 568 1438 622 exstitisse
1464 565 1716 622 solliciti?
1747 564 1877 618 Nam

298 664 342 717 si
375 663 561 716 liceret
598 658 738 723 aliis,
768 660 840 713 illi
881 661 1182 730 potuissem
1212 675 1316 713 non
1348 658 1791 713 inconvenienter
1815 656 1882 709 ab

298 753 399 817 hac
420 752 780 806 sollicitudine
806 750 990 805 feriari
1018 770 1029 803 :
1057 751 1145 820 qui
1175 749 1431 803 nimirum
1453 757 1506 803 et
1531 749 1597 802 ad
1621 762 1882 818 spargen-

295 845 424 898 dum
459 859 612 898 novze
647 842 770 896 fidei
809 857 992 896 semen
1029 842 1244 906 intenti,
1276 849 1332 897 et
1377 842 1429 896 111
1475 851 1584 895 tam
1617 841 1882 894 acerrimo

293 942 489 991 contra
531 935 714 990 mundi
749 935 1028 1003 perfidiam
1073 935 1390 990 laborabant
1428 933 1722 988 certamine
1757 948 1884 986 con-

293 1027 499 1080 stituti.
534 1025 640 1080 Sed
667 1025 846 1080 nullus
874 1025 1270 1094 persecutionis
1306 1025 1459 1081 labor
1489 1027 1556 1080 ab
1580 1026 1883 1079 exhibenda

292 1114 558 1169 fratribus
587 1115 924 1170 humanitate
955 1130 1332 1186 compescere,
1371 1115 1515 1170 nulla
1545 1115 1885 1184 praedicatio-

292 1207 381 1260 nis
401 1207 655 1261 instantia
679 1207 851 1276 potuit
867 1223 961 1262 eos
982 1208 1050 1261 ab
1072 1208 1428 1277 impendenda
1447 1207 1772 1277 pauperibus
1790 1206 1885 1258 mi-

292 1297 588 1351 sericordia
616 1297 888 1352 cohibere.
925 1297 1075 1352 Unde
1106 1298 1304 1352 Paulus
1344 1299 1412 1352 ad
1449 1297 1709 1353 Galatas:
1739 1317 1756 1347 1
1785 1295 1888 1349 Pe-

291 1398 438 1452 trus,
475 1389 668 1458 inquit,
699 1400 754 1444 et
779 1387 1032 1454 Iacobus,
1067 1398 1121 1444 et
1149 1389 1405 1455 Joannes,
1439 1390 1531 1458 qui
1563 1389 1886 1444 videbantur

288 1481 560 1536 columnae
605 1497 747 1549 esse,
791 1483 1011 1537 dextras
1053 1481 1319 1537 dederunt
1348 1481 1480 1536 mihi
1505 1523 1517 1546 ,
1543 1491 1600 1536 et
1623 1479 1885 1533 Barnabas

289 1569 574 1624 societatis
593 1611 610 1635 ,
633 1581 692 1623 ut
720 1586 817 1625 nos
845 1570 1341 1640 evangelizare'mus
1371 1571 1423 1623 in
1448 1571 1699 1640 gentibus
1731 1586 1744 1622 :
1783 1568 1883 1641 ipsi

288 1670 480 1713 autem
511 1659 562 1712 in
586 1661 1020 1725 circumcisione,
1047 1671 1256 1715 tantum
1290 1667 1347 1714 ut
1367 1675 1588 1729 operum
1614 1673 1884 1715 memores

285 1763 580 1804 essemus:
619 1751 760 1819 quod
811 1752 972 1805 etiam
1020 1751 1282 1805 sollicitus
1324 1749 1399 1805 fui
1426 1751 1551 1805 'ltoc
1592 1750 1764 1819 ipsmn
1807 1748 1885 1802 fa-

1983 569 2166 622 dicens
2199 585 2212 621 :
2245 567 2373 621 illud
2416 584 2522 622 non
2570 569 2766 624 debere
2805 568 3011 623 comedi
3075 583 3297 637 prorsus
3337 585 3366 621 a
3404 567 3567 623 Chri-

1983 663 2181 724 stiano,
2209 663 2348 732 quod
2376 677 2471 732 per
2495 661 2779 715 avaritiam
2808 658 3060 731 negatum
3087 675 3168 715 est
3195 661 3431 716 Christo.
3456 661 3562 716 Sed

1982 753 2140 822 paulo
2169 763 2287 822 post
2314 754 2452 807 diem
2491 768 2604 814 vas,
2633 752 2774 822 quod
2807 760 3117 820 reposuerat
3144 765 3396 816 vacuum,
3455 767 3562 806 non

1983 847 2098 900 sine
2129 855 2344 915 stupore
2369 845 2631 909 miraculi,
2664 845 2774 899 sale
2804 853 3076 914 repertum
3109 851 3189 897 est
3221 845 3454 912 plenum.

2053 937 2378 992 Mainfredus
2415 953 2628 1008 quoque
2679 937 2941 1000 marchio,
2975 938 3064 1005 qui
3097 937 3148 990 in
3177 937 3379 991 ultimis
3408 937 3566 1009 Ligu-

1984 1032 2078 1086 rian
2105 1032 2437 1101 principatus
2462 1040 2546 1086 est
2582 1031 2800 1092 finibus,
2824 1029 3222 1084 ferventissimo
3244 1042 3366 1083 cum
3398 1019 3566 1084 uxore

1985 1141 2079 1178 sua
2128 1123 2307 1178 studio
2368 1124 2420 1177 in
2471 1121 2866 1178 sustentatione
2903 1136 3198 1191 pauperum
3233 1119 3468 1175 claruit:
3503 1120 3570 1174 de

1985 1230 2092 1282 quo
2123 1214 2374 1268 nimirum
2407 1213 2426 1282 (
2455 1221 2515 1266 111
2539 1223 2732 1267 cetera
2761 1212 2991 1273 taceam)
3021 1210 3148 1265 illud
3181 1227 3348 1264 unum
3371 1210 3570 1265 celebri
3640 1201 3641 1204 “

1985 1301 2122 1354 solet
2152 1300 2392 1354 redolere
2424 1298 2683 1352 memoria
2723 1314 2736 1350 :
2783 1311 3038 1366 quoniam
3066 1298 3118 1350 in
3143 1297 3257 1365 ipso
3286 1311 3573 1351 sacrosan-

1986 1403 2089 1448 ctae
2119 1390 2552 1446 Resurrcctionis
2602 1389 2690 1446 die
2733 1405 2855 1444 cum
2907 1388 3098 1444 domus
3145 1387 3262 1456 ejus
3297 1388 3482 1443 animis
3510 1405 3574 1444 ac

1985 1483 2244 1539 blathinis
2270 1483 2551 1538 ornatibus
2575 1491 2830 1550 tanquam
2850 1479 3025 1549 regale
3048 1480 3306 1550 palatium
3332 1479 3575 1550 resplen-

1987 1576 2180 1639 deret,
2213 1573 2413 1642 copiosi
2442 1581 2686 1642 sumptus
2716 1571 2993 1624 affluercut
3014 1610 3028 1633 ,
3061 1585 3293 1638 eumque
3321 1584 3425 1622 non
3458 1584 3574 1622 mo-

1985 1654 2107 1719 dica
2133 1664 2540 1718 candidatorum
2589 1662 2744 1716 turba
2782 1660 3059 1715 clientium
3105 1659 3462 1728 eonstiparet,
3493 1661 3576 1712 in-

1987 1757 2122 1810 strui
2173 1755 2454 1825 magniftce
2495 1753 2798 1808 convivium
2850 1751 3001 1817 fecit,
3055 1760 3109 1806 et
3161 1752 3426 1806 ordinatis
3477 1751 3601 1821 per'

286 1857 419 1894 cere
455 1838 653 1910 (Galut.
679 1843 760 1911 11).
796 1863 814 1896 1
852 1843 934 1898 Ad
970 1842 1276 1898 Corinthios
1307 1857 1519 1911 quoque
1547 1841 1714 1896 dicit:
1743 1860 1761 1892 1
1796 1841 1871 1893 Dc
1905 1835 1947 1893 Β
1975 1861 2167 1900 omnes
2209 1858 2428 1898 mensas
2457 1841 2704 1912 diligenti
2749 1856 2878 1896 cura
2927 1840 3278 1910 pauperibus,
3310 1839 3423 1909 ipse
3450 1855 3571 1893 cum

289 1932 539 1987 collectis
567 1943 768 1998 autem,
814 1951 933 2004 quae
978 1935 1112 1989 fiunt
1138 1935 1191 1988 in
1224 1945 1443 1989 sanctos
1469 1935 1607 1987 sicut
1633 1933 1878 1986 ordinavi

288 2023 552 2078 Ecclesiis
581 2023 824 2089 Galatim,
844 2026 916 2078 ita
939 2034 994 2080 et
1015 2041 1112 2080 vos
1137 2025 1296 2090 facite
1317 2041 1413 2095 per
1435 2040 1593 2078 unam
1620 2022 1840 2077 Sabbati
1863 2042 1875 2077 :

288 2115 662 2184 unusquisque
685 2125 922 2169 vestrum
949 2117 1087 2185 apud
1119 2129 1176 2171 se
1199 2126 1382 2184 ponat,
1416 2115 1714 2170 recondens
1738 2113 1879 2182 quod

287 2205 340 2256 ei
364 2205 501 2259 bene
530 2204 810 2273 placuerit,
860 2223 980 2262 cum
1027 2219 1205 2263 autem
1256 2224 1494 2279 pra-scus
1526 2210 1700 2274 fuero,
1747 2225 1882 2278 quos

288 2292 655 2360 probaveritis
687 2311 784 2365 per
812 2297 1086 2364 epistolas,
1111 2299 1209 2351 hos
1251 2301 1458 2353 mictam
1489 2299 1727 2370 perferre
1752 2315 1876 2371 gra-

291 2385 424 2436 tiam
481 2385 640 2439 istarn
693 2387 744 2440 in
771 2385 1065 2442 Jerusalem
1109 2388 1160 2459 (I
1211 2389 1334 2444 Cor.
1379 2391 1512 2461 xvi).
1553 2410 1570 2443 ι
1603 2389 1881 2460 Tantaque

287 2473 474 2529 fuerat
501 2491 628 2544 erga
677 2493 944 2546 pauperes
989 2480 1042 2533 in
1081 2481 1338 2550 apostolis
1381 2481 1696 2545 liberalitas,
1737 2493 1796 2535 ut
1827 2483 1880 2536 111

290 2576 482 2617 eorum
509 2563 735 2622 Actibus
755 2567 963 2637 legatur
993 2587 1006 2622 :
1037 2589 1054 2620 1
1085 2570 1183 2637 Qui
1214 2571 1531 2641 frangebant
1556 2573 1718 2643 206
1737 2573 1880 2628 circa

283 2653 481 2708 domos
502 2671 687 2723 panes,
713 2667 767 2712 et
787 2660 1068 2714 sumebant
1097 2661 1275 2716 cibum
1301 2679 1421 2716 cum
1445 2664 1804 2718 exsultatione
1828 2673 1884 2720 et

290 2745 640 2814 simplicitate
661 2750 840 2803 cordis
865 2750 1236 2806 collaudantes
1271 2753 1557 2807 Dominum
1587 2754 1724 2823 (Act.
1761 2754 1875 2824 11).»

289 2833 449 2889 Circa
482 2834 691 2903 domos,
730 2832 925 2909 inquit,
955 2857 1060 2896 non
1090 2842 1230 2896 intra
1254 2843 1475 2908 domos;
1509 2859 1737 2913 quorutn
1773 2845 1880 2898 sci-

291 2922 423 2979 licet
447 2927 671 2999 vestigia
714 2945 818 2983 non
849 2941 1179 3002 sequuntur,
1220 2933 1311 3002 qui
1361 2934 1610 3003 pransuri
1641 2933 1881 3003 pessulos

292 3032 359 3070 ac
404 3020 656 3090 repagula
709 3020 913 3077 foribus
949 3022 1146 3078 clausis
1179 3021 1464 3092 objiciunt,
1516 3036 1700 3080 vectes
1744 3025 1882 3080 seris

293 3107 577 3165 innectunt
610 3130 623 3166 :
655 3111 840 3180 sicque
883 3129 941 3168 se
971 3124 1156 3168 contra
1188 3131 1453 3186 pauperes
1485 3125 1739 3186 tanquam
1780 3119 1879 3172 ad-

1981 1938 2095 1992 suis
2130 1937 2302 1990 servis
2342 1935 2554 2005 dapifer
2582 1933 2912 1988 ministravit
2947 1950 2959 1985 :
2998 1932 3195 2001 quibus
3245 1930 3574 1984 suflicienter

1982 2029 2233 2098 impletis,
2271 2029 2384 2097 ipse
2407 2043 2529 2081 cum
2553 2027 2666 2081 suis
2691 2025 2833 2096 quod
2861 2025 3040 2079 cibum
3068 2023 3340 2078 residuum
3367 2019 3568 2085 fuerat,

1981 2119 2133 2187 quasi
2159 2118 2400 2188 privatus
2427 2118 2672 2186 accepit:
2705 2127 2764 2170 ut
2799 2113 3077 2169 Paschalis
3121 2115 3209 2167 illa
3258 2113 3572 2168 solemnitas

1982 2211 2034 2264 in
2065 2209 2392 2277 pauperibus
2421 2209 2768 2269 enitesceret,
2825 2203 3275 2275 patremfamilias
3323 2218 3450 2256 vero
3478 2192 3595 2254 do-'
3639 2199 3642 2202 ’

1983 2314 2102 2352 mus
2147 2298 2352 2366 privata
2397 2296 2619 2351 refectio
2649 2302 2996 2349 sustentaret.
3039 2293 3111 2347 De
3141 2308 3248 2362 quo
3288 2292 3450 2346 etiam
3486 2293 3574 2346 vir

1981 2389 2100 2456 Dei,
2164 2389 2422 2444 Dominus
2481 2403 2631 2442 meus
2670 2385 2778 2440 Leo
2826 2385 3147 2440 venerabilis
3191 2385 3445 2447 eremita,
3480 2383 3571 2453 qui

1982 2497 2079 2550 per
2129 2481 2440 2535 continuum
2493 2476 2608 2548 jam
2666 2477 2778 2531 fere
2835 2475 3140 2530 viccnnium
3175 2475 3226 2528 in
3266 2472 3451 2529 cellula
3483 2490 3570 2526 re-

1983 2572 2166 2627 clusus
2206 2570 2430 2635 audivit,
2481 2569 2584 2623 hoc
2633 2567 2842 2638 insigne
2873 2565 3145 2636 perhibuit
3177 2564 3338 2634 :quia
3368 2581 3487 2618 cum
3517 2564 3570 2616 in
3608 2581 3616 2587 '

1983 2663 2192 2732 praefati
2227 2661 2560 2717 marchionis
2604 2675 2790 2713 eremo
2827 2659 2938 2728 ipse
2965 2656 3125 2727 207
3150 2673 3270 2711 cum
3303 2657 3574 2712 nonnullis

1984 2755 2241 2808 fratribus
2266 2753 2556 2814 habitaret,
2583 2751 2720 2805 hanc
2741 2749 2958 2804 sibimet
2990 2749 3160 2817 legem
3183 2762 3321 2800 uror
3349 2745 3464 2814 ejus
3493 2747 3576 2800 in-

1984 2842 2215 2907 dixerat,
2252 2851 2309 2895 ut
2358 2841 2718 2910 quodcunque
2767 2837 2868 2893 sibi
2901 2838 3268 2892 necessarium
3319 2835 3574 2889 eremita-

1986 2949 2107 2988 rum
2157 2933 2379 2988 nuntius
2407 2940 2636 3001 peteret,
2670 2930 2782 3000 ipsa
2829 2929 3073 2998 protinus
3096 2937 3253 2980 aucto
3276 2925 3460 2979 fenore
3481 2941 3573 2994 ge-

1984 3023 2217 3079 minaret
2252 3021 2544 3076 :videlicet
2579 3037 2702 3075 cum
2750 3020 2850 3074 iste
2898 3018 3134 3090 quinque
3177 3016 3424 3069 fortassis
3458 3016 3573 3068 exi-
3625 3039 3628 3041 ·

1981 3123 2136 3183 geret
2164 3113 2384 3177 solidos,
2434 3112 2524 3165 illa
2555 3112 2740 3165 decem
2780 3107 3014 3163 traderet
3049 3125 3061 3161 :
3092 3123 3212 3161 eum
3239 3107 3338 3160 iste
3361 3107 3564 3169 decem,

293 3209 484 3253 versus
514 3199 869 3258 circumfusas
900 3202 1135 3258 hostium
1168 3205 1311 3260 acies
1348 3207 1401 3259 in
1441 3205 1719 3263 obsidione
1752 3225 1884 3279 pra:-
1911 3191 1956 3252 Ο
1989 3207 2076 3262 illa
2101 3205 2285 3276 viginti
2311 3204 2567 3259 continuo
2596 3209 2923 3256 numeraret.
2957 3201 3060 3254 Sed
3083 3200 3338 3268 quoniam
3365 3197 3568 3252 oblitus

294 3289 568 3360 muniunt.

918 3384 1148 3441 CAPUT
1190 3388 1254 3443 V.

361 3467 518 3532 Quod
553 3482 826 3540 parentum
859 3472 1195 3544 eleemosynis
1223 3475 1452 3545 ﬁliorum
1493 3493 1572 3532 res
1602 3487 1804 3532 creml.

359 3557 636 3615 Gcrardus
685 3572 831 3617 certe
868 3563 933 3617 de
976 3563 1263 3628 Farvaldo,
1311 3581 1376 3621 ex
1420 3567 1694 3622 Ravennre
1726 3569 1878 3624 urbis

289 3649 624 3716 primoribus
672 3651 792 3717 fuit,
823 3669 982 3722 quem
1011 3657 1308 3726 grandwva:
1348 3656 1458 3726 jam
1495 3669 1549 3712 et
1594 3661 1878 3729 persenilis

286 3741 469 3795 a-tatis
512 3743 639 3796 olim
671 3745 930 3812 puerulus
975 3747 1082 3800 vidi
1111 3765 1124 3801 :
1156 3747 1222 3802 de
1251 3765 1359 3818 quo
1388 3750 1640 3804 nimirum
1686 3751 1876 3806 referri

289 3829 606 3900 frequenter
633 3833 810 3888 audivi
850 3853 862 3888 :
893 3836 1018 3905 quia
1047 3853 1166 3891 cttm
1194 3839 1479 3908 aliquando
1508 3841 1734 3909 populus
1763 3843 1878 3894 ino—

287 3923 374 3990 pia
419 3923 710 3988 laboraret,
744 3925 878 3979 adeo
906 3937 961 3980 ut
997 3929 1281 3983 nonnullos
1305 3931 1467 3983 etiam
1502 3932 1674 3984 valida
1706 3931 1876 3985 fames

287 4013 682 4082 exstingueret,
713 4015 801 4070 ille
835 4033 955 4070 cum
981 4035 1294 4074 succcssura
1329 4023 1427 4074 sibi
1464 4032 1713 4092 nepotum
1739 4041 1874 4092 quo-

285 4122 394 4175 que
421 4105 528 4168 iam
556 4107 768 4162 soboles
795 4125 898 4162 non
928 4110 1138 4165 deesset
1163 4154 1176 4176 ,
1214 4114 1408 4166 accisis
1444 4112 1683 4184 frugibus
1709 4118 1870 4169 etiam

285 4196 491 4263 ιιι-«111111
537 4199 794 4252 nonnulla
841 4200 1116 4266 distraxit,
1148 4211 1200 4256 et
1232 4203 1484 4256 alimenta
1518 4221 1637 4273 qua:
1677 4206 1869 4274 potuit,

285 4285 653 4356 indigentibus
697 4291 940 4359 erogavit
978 4306 991 4344 :
1028 4292 1140 4361 ipse
1168 4309 1382 4362 quoque
1411 4304 1535 4350 tunc
1565 4296 1871 4364 patentibus

286 4379 498 4433 furibus
527 4396 820 4449 pauperum
848 4383 1073 4438 vallatus
1107 4386 1319 4453 agmine
1343 4387 1678 4449 comedebat,
1710 4388 1870 4442 cibis-

281 4486 394 4539 q':e
416 4474 748 4543 consumptis
779 4474 952 4530 adhuc
976 4475 1243 4540 esuriens,
1279 4492 1400 4530 cum
1424 4476 1505 4531 vel
1533 4478 1656 4542 sibi,
1689 4477 1766 4532 vel
1799 4478 1865 4531 il-

1983 3313 2128 3364 sum,
2160 3297 2344 3351 dubito
2374 3305 2543 3359 certe,
2576 3310 2642 3348 an
2675 3297 2777 3348 hoc
2806 3293 3002 3361 ipsum,
3028 3301 3080 3345 et
3112 3292 3237 3346 alibi
3268 3291 3405 3345 forte
3432 3307 3566 3344 con-

1983 3388 2314 3457 seripscrim.
2349 3386 2734 3440 Verumtamen
2761 3385 2903 3454 quod
2931 3383 3300 3438 :edifieationis
3325 3393 3428 3447 est,
3457 3398 3568 3436 tne-

1982 3478 2086 3533 lius
2106 3489 2187 3533 est
2212 3477 2562 3531 relationibus
2592 3475 2796 3540 iterari,
2821 3491 2981 3545 quam
3011 3491 3107 3545 per
3131 3475 3399 3530 silentium
3428 3472 3565 3525 obli-

1980 3568 2139 3623 vione
2165 3569 2350 3623 deleri.
2385 3568 2516 3622 Cum
2555 3567 2736 3637 itaque
2784 3576 2892 3618 tam
2936 3565 3114 3636 largus
3157 3566 3222 3617 ad
3262 3564 3565 3634 erogandas

1981 3661 2348 3732 indigentibus
2378 3662 2546 3730 stipes
2570 3659 2863 3724 exstiterit,
2888 3674 3010 3712 cum
3038 3671 3153 3721 sex,
3189 3658 3302 3711 sive
3335 3665 3564 3724 septem,

1979 3756 2021 3809 si
2053 3755 2152 3808 rite
2179 3764 2356 3815 teneo,
2388 3770 2491 3806 non
2522 3751 2742 3806 minima
2771 3749 3094 3803 monasteria
3126 3749 3177 3802 in
3207 3745 3566 3817 propriijuris

1978 3844 2317 3914 possessione
2346 3841 2664 3898 condiderit.
2699 3840 2912 3909 prmdiis
2956 3847 3006 3892 et
3063 3838 3399 3890 ornamentis
3442 3852 3563 3887 tutt-

1978 3930 2154 3989 nifica'
2183 3933 2508 3988 liberalitate
2546 3929 2818 3993 ditaverit,
2850 3929 3085 3996 nunquid
3140 3940 3419 3997 propterea
3460 3925 3562 3980 sibi

1976 4027 2262 4096 progenies
2299 4040 2463 4094 egena
2508 4021 2852 4075 succeditur?
2896 4021 3070 4073 Absit.
3124 4019 3377 4073 Videmus
3418 4017 3560 4072 enim

1977 4128 2197 4184 nepotes
2239 4114 2354 4181 ejus
2396 4113 2652 4165 miranda)
2689 4109 2894 4164 scilicet
2931 4109 3120 4162 indolis
3162 4125 3353 4177 pueros
3391 4110 3562 4161 maxi-

1977 4220 2116 4257 mam
2173 4213 2381 4272 partem
2437 4203 2599 4256 etiam
2655 4200 2803 4268 regni
2863 4199 3184 4269 Burgundize
3237 4200 3556 4266 possidere:

1972 4309 2200 4362 quorum
2249 4293 2468 4360 insuper
2523 4306 2678 4345 soror
2731 4289 3042 4357 imperatori
3091 4297 3274 4341 nostro
3323 4287 3560 4355 sponsali

1970 4384 2312 4453 cognoscitur
2336 4381 2457 4450 jure
2483 4381 2687 4434 dotata.
2718 4379 2827 4434 Cur
2859 4395 2989 4447 ergo
3018 4378 3268 4431 timemus
3301 4379 3406 4430 Deo
3437 4378 3560 4431 red-

1975 4472 2340 4547 hibere'quod
2371 4475 2634 4538 contulit,
2663 4473 2804 4543 quod
2831 4483 2882 4528 ct
2917 4473 2968 4526 in
2996 4472 3097 4526 hac
3125 4473 3234 4526 vita
3265 4471 3441 4536 nobis,
3474 4472 3558 4527 vel

284 4563 356 4618 lis
385 4565 512 4630 quid
547 4565 766 4620 adderet
825 4583 929 4622 non
971 4568 1214 4630 haberet.
1258 4585 1443 4624 eorum
1494 4571 1868 4639 compassione
1903 4539 1952 4599 ί)
1977 4569 2174 4624 nostris
2204 4565 2507 4622 baeredibus
2534 4564 2856 4628 restituitur,
2882 4573 2936 4619 et
2959 4563 3010 4618 in
3033 4563 3122 4617 illa
3149 4563 3385 4618 ccelcstis
3411 4565 3558 4632 regni

283 4651 599 4723 lacryutans
649 4654 812 4710 ﬂebat
869 4673 885 4711 :
933 4660 1085 4728 cujus
1139 4660 1403 4729 hodieque
1454 4662 1737 4732 progenies
1782 4662 1870 4716 die

282 4833 398 4894 nia,
425 4835 685 4900 possidet.
1715 4839 1722 4846 ’
1796 4845 1801 4858 ’

361 4924 700 4982 Waldcricus
727 4939 1011 4998 praeterea,
1039 4934 1128 5001 qui
1155 4933 1280 4989 dum
1311 4929 1868 4993 adversushmreticos

281 5013 593 5080 dimicaret,
615 5017 839 5088 insignis
860 5022 1084 5078 effectus
1103 5035 1188 5080 est
1209 5037 1434 5098 martyr,
1466 5029 1606 5084 sicut
1627 5031 1866 5084 Andreas

282 5107 611 5161 venerabilis
644 5110 944 5178 Spoletanm
983 5114 1236 5172 Ecclesiae
1277 5119 1433 5173 nobis
1458 5121 1743 5190 cpiscopus
1786 5137 1871 5176 re-

283 5192 433 5256 tulit,
465 5194 593 5248 dum
631 5193 917 5266 aliquando
945 5202 1161 5258 domum
1193 5208 1381 5262 matris
1423 5208 1695 5274 inviseret,
1742 5197 1877 5280 patF

283 5281 563 5348 perculum
597 5287 880 5352 quemdam
908 5305 1018 5357 pra:
1053 5289 1258 5347 foribus
1290 5295 1506 5364 reperit,
1537 5299 1625 5366 qui
1653 5315 1708 5350 se
1744 5315 1872 5352 eon-

280 5372 618 5440 querebatur
648 5376 938 5433 herbarqu
971 5381 1284 5437 fasciculum
1313 5387 1611 5458 collegisse,
1646 5390 1738 5443 sed
1763 5388 1866 5454 sal,

282 5464 429 5517 unde
471 5465 807 5534 pulmentum
841 5472 968 5527 illud
1000 5476 1266 5541 condiret,
1302 5480 1369 5532 ab
1396 5483 1583 5534 cadent
1620 5493 1864 5538 matrona

283 5555 568 5623 percipere
608 5560 917 5616 nullatenus
947 5565 1204 5632 potuisse.
1247 5569 1490 5637 Cumque
1519 5571 1602 5624 vir
1645 5585 1866 5628 sanctus

285 5655 590 5700 maternum
611 5648 886 5718 ingressus
908 5653 1220 5722 hospitium,
1248 5657 1636 5726 aliquantulum
1660 5661 1786 5715 sa‘is
1812 5663 1862 5716 in

287 5737 510 5792 vasculo
535 5741 845 5810 repetisset,
874 5745 1224 5801 vehementer
1254 5747 1440 5817 iratus,
1476 5767 1568 5806 vas
1602 5768 1722 5807 cum
1753 5753 1863 5808 tale

1970 4659 2139 4730 gloria
2205 4659 2304 4713 sub
2367 4657 2553 4712 fenore
2601 4655 2966 4724 multiplicatae
3030 4653 3403 4708 retributionis
3463 4669 3560 4706 au-

281 4743 436 4796 vitiis
471 4742 645 4808 floret,
693 4756 751 4800 et
793 4747 966 4816 plura,
1003 4766 1165 4818 quam
1209 4752 1348 4806 avita
1380 4750 1580 4806 fuerint
1612 4753 1868 4822 patrimo-
1970 4749 2166 4822 gelur?

2589 4839 2816 4896 CAPUT
2856 4838 2940 4892 Vl.

1973 4921 2128 5000 Quod
2155 4935 2404 4997 bonorum
2436 4934 2798 5014 temporalium
2828 4933 3088 5006 gﬂiaentia
3128 4948 3193 4986 ex
3230 4929 3556 5000 cfeemosyna

2653 5011 2873 5056 oriuta‘r.
3300 5015 3306 5022 '

2043 5111 2153 5168 [loc
2183 5114 2345 5167 etiam
2372 5127 2529 5167 nosse
2561 5127 2736 5182 opcrre
2775 5111 3004 5180 pretium
3037 5111 3254 5180 deputo,
3291 5111 3431 5179 quod
3460 5110 3554 5164 Be-

1973 5206 2163 5259 tardus
2218 5206 2477 5266 marchio,
2533 5205 2621 5274 qui
2667 5205 2836 5258 homo
2882 5203 3167 5259 defunctus
3219 5213 3321 5268 est,
3359 5205 3552 5262 Sil‘DlllS

1949 5295 2239 5348 'refcrebat
2267 5315 2278 5348 :
2318 5296 2496 5349 alebat
2522 5296 2685 5356 enim,
2734 5295 2856 5363 quia
2905 5293 2996 5347 vir'
3025 5283 3247 5363 quidam.
3275 5295 3326 5347 in
3359 5291 3554 5347 Teuto-

1974 5403 2099 5439 nutu
2145 5385 2360 5448 finibus,
2415 5386 2553 5440 unde
2609 5384 2848 5438 videlicet
2884 5387 2996 5454 ipse
3034 5401 3244 5454 quoque
3289 5383 3550 5437 oriundus

1972 5478 2287 5536 exstiterat.
2319 5478 2576 5544 optimum
2629 5478 2828 5546 proprii
2851 5478 2987 5546 juris
3027 5476 3283 5545 przedium
3313 5477 3552 5529 diverso-

1974 5582 2200 5635 rutuque
2246 5576 2600 5635 proventutttn
2665 5569 2836 5637 copiis
2883 5569 3164 5621 affluenter
3217 5569 3546 5620 ubert'itntnn

1974 5659 2312 5726 possidebat;
2351 5658 2583 5711 habebat
2621 5669 2801 5713 autem
2846 5659 3124 5712 duodecim
3167 5657 3303 5712 ﬁlios
3338 5677 3349 5710 :
3386 5664 3547 5724 carpit

1975 5750 2180 5804 interea
2229 5751 2482 5819 cogitare,
2539 5753 2666 5822 quid
2715 5763 2832 5822 post
2887 5753 3001 5822 ejus
3047 5752 3250 5808 obitum
3298 5751 3469 5816 fieret,
3499 5748 3542 5802 ἐ
