4106 6320
498 436 605 493 219

963 431 1025 488 S.
1046 428 1253 488 PETRI
1285 428 1571 487 DAMIANI
1604 424 1754 484 OPP.
1794 419 2031 481 ἸΟλὶυὸ
2073 416 2206 474 SEU
2248 413 2425 472 PARS
2462 413 2635 472 HL—
2661 408 3022 471 OPUSCULA
3062 403 3293 463 VARIA.

3650 401 3763 456 220

502 551 664 605 unius
696 546 1056 619 possessionis
1100 547 1467 603 haereditatem
1514 551 1654 597 inter
1688 548 1765 596 tot
1815 538 2078 594 divideret
2106 539 2152 596 Α
2184 548 2279 595 nc,
2311 532 2410 586 feci
2442 530 2585 600 quod
2615 534 2946 597 ptmceptstt;
2987 521 3219 593 adimplc
3247 516 3388 591 quod
3436 518 3768 589 promisistt.

502 636 834 694 cohaaredes.
866 635 1087 690 Dicebat
1133 634 1278 689 enim
1322 650 1335 686 :
1372 633 1483 704 Ego
1506 631 1755 701 quidcnt,
1794 629 1884 698 qni
1913 635 2080 681 totum

505 729 609 782 hoc
637 725 784 783 solus
812 725 1013 790 habeo,
1056 722 1383 778 suﬁicicnter
1428 729 1482 776 et
1523 718 1748 790 paciﬁce
1784 718 1939 781 vivo;
1989 715 2082 769 sed

505 821 594 875 tibi
628 828 705 875 tot
729 819 991 874 divisores
1016 816 1359 879 emerserint,
1388 814 1512 885 quis
1536 828 1726 868 eorum
1749 807 2084 866 simultates?

505 909 626 979 quis
653 907 886 963 orientia
911 904 1185 961 iulerillos
1215 903 1400 959 livoris
1426 912 1478 957 et
1507 902 1613 958 odii
1637 900 1815 971 jurgia
1844 898 2084 953 sustine-

507 999 623 1059 bit?
661 997 775 1053 Non
807 997 950 1051 enim
1005 996 1114 1051 illic
1156 1010 1277 1050 esse
1321 994 1520 1064 poterit
1566 992 1744 1048 unitas
1774 989 2083 1054 voluntatis,

507 1090 596 1144 ubi
630 1097 738 1142 tam
764 1083 1055 1140 multifaria
1081 1083 1243 1139 fuerit
1272 1083 1557 1139 diversitas
1585 1080 1873 1136 facultatis.
1898 1078 2085 1134 Coloni

511 1189 799 1250 praeterea,
817 1178 907 1248 qui
940 1190 1083 1231 nunc
1104 1176 1194 1229 uni
1227 1188 1417 1245 parere
1444 1173 1661 1228 domino
1682 1180 1806 1227 sunt
1825 1169 2086 1234 contenti,

509 1288 614 1326 non
643 1270 763 1325 sine
802 1268 951 1339 gravi
992 1282 1102 1323 sua:
1144 1266 1341 1336 quietis
1384 1263 1578 1333 injuria
1618 1271 1696 1317 tot
1746 1261 2086 1317 dominorum

509 1361 704 1432 populo
732 1368 864 1428 sunt.
885 1356 1216 1427 responsuri.
1245 1355 1364 1409 Tibi
1393 1369 1543 1424 ergo,
1563 1354 1704 1407 Deus
1723 1352 2086 1422 omnipotens,

508 1420 765 1520 quidquid
815 1425 919 1511 eSt,
956 1420 1059 1500 mei
1103 1445 1245 1515 juris
1294 1420 1549 1499 allodium
1587 1442 1758 1506 trado,
1817 1420 1887 1496 te
1916 1420 2108 1496 solum.

514 1540 781 1596 lnrredcm
810 1555 941 1595 mea:
978 1537 1335 1609 possessionis
1364 1536 1532 1607 eligo;
1570 1535 1709 1589 ﬁlios
1734 1541 1910 1588 autem
1945 1546 2093 1601 meos

512 1630 607 1684 tibi
640 1629 991 1694 commendo;
1020 1628 1103 1683 fac
1141 1628 1220 1682 eis
1254 1626 1394 1697 quod
1427 1627 1477 1680 in
1516 1624 1686 1680 oculis
1710 1622 1814 1678 tuis
1849 1620 2095 1690 benepla-

512 1720 679 1777 eitum
729 1719 913 1775 fuerit.
953 1719 1022 1773 Et
1050 1719 1154 1773 hoc
1186 1717 1331 1773 dicto
1374 1726 1631 1787 guantum
1677 1729 1833 1768 suum
1886 1712 2094 1782 sagitta:

510 1810 754 1881 protinus
781 1809 1040 1881 alligavit,
1071 1822 1302 1877 eamque
1330 1815 1554 1861 curvato
1598 1803 1815 1858 fortiter
1841 1817 1992 1865 arcu,
2041 1801 2093 1854 in

2185 624 2453 678 Nimirum
2490 622 2542 677 in
2573 621 2723 674 vinea
2755 618 3081 673 constitutus
3116 610 3430 683 reposcebat
3458 625 3771 677 nummum,

2184 714 2308 785 quia
2339 710 2755 782 patrisfamilias.
2769 724 2827 764 se
2857 714 3087 762 noverat
3112 702 3363 772 implesse
3395 709 3763 771 prmeeptutn;

2185 813 2239 858 et
2266 803 2393 857 licet
2434 801 2716 857 undecima
2758 797 2948 853 fuisset
2987 795 3118 850 hora
3163 791 3487 854 conductus,
3516 789 3787 859 exigebat.

2187 896 2427 965 requiem
2455 903 2577 964 post
2605 892 2870 955 laborem,
2899 885 3186 956 etexpleto
3217 882 3533 953 reposcebat
3576 895 3768 952 opera-

2188 985 2399 1040 ratioue
2444 982 2770 1038 mercedem.
2808 979 2925 1034 Non
2960 980 3089 1048 ergo
3118 975 3424 1031 dubitemus
3465 988 3608 1027 nunc
3656 973 3768 1027 Deo

2186 1075 2269 1130 vel
2298 1090 2417 1140 nos,
2448 1074 2529 1129 vel
2574 1082 2754 1128 nostra
2781 1070 3039 1141 pra-bere,
3072 1076 3132 1122 ut
3172 1083 3235 1122 ca
3278 1065 3615 1136 postmodum
3654 1073 3769 1123 tota

2186 1166 2462 1220 valeamus
2490 1164 2812 1218 auctoritate
2846 1174 3147 1231 reposcere.
3172 1158 3240 1213 Et
3263 1159 3386 1213 dum
3416 1156 3783 1222 comedimus,

2189 1272 2296 1312 non
2346 1254 2732 1326 compellamus
2763 1267 2963 1324 egenos
2991 1250 3209 1321 parcius
3256 1247 3615 1303 ministrando
3652 1256 3775 1300 lana

2190 1362 2351 1416 quam
2378 1345 2588 1401 sobrios
2628 1344 2879 1416 ligurire,
2913 1343 3039 1397 dum
3072 1342 3170 1412 ipsi
3203 1339 3412 1395 turrita:
3438 1338 3611 1393 lancis
3640 1337 3799 1396 edn.-.
3833 1374 3841 1392 .-

2190 1436 2319 1491 litttn
2352 1452 2455 1490 non
2496 1449 2782 1505 graventur
2810 1433 3094 1487 absumere
3124 1446 3138 1484 :
3172 1445 3273 1488 nec
3302 1429 3407 1492 eis,
3435 1428 3574 1482 δῖειιῑ
3594 1441 3626 1483 τι
3648 1414 3856 1515 (1¹¹Ῐ”ι,ξ⁵

2190 1529 2416 1585 busdam
2452 1527 2530 1592 ﬁt,
2560 1525 2862 1581 cochlearis
2895 1534 2977 1579 est
3007 1521 3307 1577 adhibenda
3338 1532 3624 1583 mensura,
3650 1529 3778 1571 cum

2196 1622 2353 1678 nobis
2383 1619 2527 1683 οιιω,
2560 1617 2640 1673 vel
2668 1616 2850 1672 caeabi
2881 1617 2966 1669 vix
3000 1612 3288 1668 sulliciant.

2264 1710 2566 1767 Fulcranus
2605 1722 2800 1778 nempe
2839 1704 3118 1774 cujusdam
3148 1702 3367 1758 Gallica:
3395 1699 3629 1772 regionis
3655 1697 3774 1769 epi-

2195 1818 2392 1873 scopus
2424 1802 2506 1873 (ut
2536 1798 2665 1855 mihi
2705 1797 3034 1853 reverendus
3064 1795 3116 1850 in
3144 1792 3362 1849 Christo
3389 1793 3540 1862 llugo
3559 1789 3785 1846 Clunia-

509 1902 650 1956 vasti
678 1901 820 1957 aeris
847 1902 1124 1971 superiora
1169 1897 1422 1968 conjecit.
1456 1896 1561 1953 Sed
1604 1912 1725 1951 mox
1755 1894 1950 1963 sagitta
1977 1893 2093 1947 sine
2126 1897 2169 1957 Β
2196 1894 2376 1951 censis
2402 1891 2568 1947 abbas
2593 1888 2818 1961 retulit),
2846 1887 2970 1942 dum
2990 1902 3019 1940 a
3047 1899 3145 1940 suo
3170 1881 3537 1953 requireretnr
3561 1894 3793 1935 recoun-

510 2003 711 2063 guanto
741 1993 792 2047 in
825 2003 1028 2049 terram
1062 1991 1270 2061 relapsa
1297 1999 1380 2045 est
1408 2006 1424 2044 τ
1455 1999 1513 2043 ιιι
1543 1988 1776 2042 evidenti
1820 1994 2102 2040 monstra-

514 2094 663 2161 retur
704 2084 926 2150 indicio,
960 2085 1085 2154 quia
1136 2085 1354 2146 donum,
1388 2081 1530 2150 quod
1559 2080 1679 2135 ﬁdei
1725 2078 1938 2143 obtulit,
1983 2076 2095 2132 cle-

516 2176 717 2231 mentia
742 2177 919 2231 divina
947 2176 1200 2244 suscepit.
1236 2173 1387 2228 Tunc
1416 2173 1502 2228 ille
1530 2174 1596 2227 de
1634 2172 1717 2225 sui
1744 2169 1984 2225 muneris
2008 2170 2099 2221 ob-

517 2265 717 2319 latione
757 2264 1009 2320 ﬁdentior
1058 2273 1115 2319 et
1165 2263 1396 2317 alacrior
1445 2261 1644 2326 factus,
1696 2258 2095 2329 possessionem

517 2372 672 2411 suam
701 2355 914 2410 cuidam
944 2353 1200 2409 Ecclesiae
1227 2352 1466 2417 tradidit,
1508 2364 1737 2419 eamque
1770 2348 1872 2404 sibi
1905 2361 2096 2418 perpe—

522 2446 749 2514 tuojure
778 2460 873 2516 per
887 2444 1262 2512 stipulationes
1284 2459 1349 2497 ac
1375 2450 1490 2496 rata
1518 2439 1773 2495 ﬁrmavit.
1793 2436 1946 2493 Brevi
1970 2450 2099 2491 vero

521 2534 765 2604 posthaec
782 2534 874 2588 lilii
889 2532 1005 2601 ejus
1019 2542 1164 2588 tanta
1177 2534 1439 2588 bonorum
1457 2528 1784 2584 aﬁlnentium
1802 2525 2097 2583 snntabun-

523 2623 705 2676 dantia
720 2621 951 2690 prtediti,
969 2632 1049 2676 tot
1078 2621 1400 2691 praediorum
1426 2635 1490 2674 ac
1515 2634 1771 2674 censuum
1794 2617 1946 2688 copia
1972 2623 2100 2671 sunt

525 2712 807 2783 magniﬁce
820 2712 1050 2777 dilatati,
1066 2721 1129 2767 ut
1143 2727 1327 2767 eorum
1341 2710 1569 2782 quisque
1582 2725 1846 2765 summam
1863 2717 2101 2778 paterna:

524 2803 692 2874 208
727 2801 1001 2858 facultatis
1020 2803 1329 2869 excederet,
1358 2803 1542 2871 eisque
1572 2798 1885 2856 circumﬂua
1918 2797 2099 2852 mundi

525 2896 855 2966 prosperitas
897 2897 950 2952 in
1001 2896 1255 2951 omnibus
1295 2893 1579 2949 arrideret.
1612 2892 1701 2948 Sic
1737 2892 1816 2946 sic
1838 2890 1928 2959 qui
1951 2889 2099 2944 inve-

525 2983 771 3039 stituram
802 2984 987 3055 gnanti
1017 2984 1083 3040 de
1114 2999 1273 3039 manu
1300 2984 1471 3054 patris
1500 2984 1553 3037 in
1580 2981 1719 3037 coelo
1746 2980 1969 3049 recepit,
2007 2992 2101 3031 su-

527 3090 623 3143 per
647 3073 787 3130 ﬁlios
808 3073 923 3144 ejus
947 3074 1171 3130 imbrem
1195 3090 1306 3130 suae
1335 3071 1724 3129 benedictionis
1745 3070 2105 3125 cxuberanter

528 3165 753 3222 inﬂuxit.
786 3164 939 3233 Quod
967 3166 1130 3236 igitur
1157 3164 1211 3219 in
1240 3174 1384 3220 terra
1414 3165 1525 3219 Deo
1560 3163 1738 3228 datur,
1763 3162 1815 3215 in
1846 3159 1982 3215 cmlo
2016 3173 2103 3211 rc-

2198 2000 2286 2041 mo
2312 1982 2441 2055 quid
2472 1981 2573 2038 sibi
2606 1978 2784 2051 parari
2817 1976 3013 2042 vellet,
3043 1975 3261 2030 aiebat:
3293 1972 3449 2026 Juxta
3495 1983 3795 2025 numerum.

2197 2072 2661 2136 convcscentium,
2689 2077 2850 2140 prout
2892 2065 2985 2121 tibi
3037 2065 3215 2118 vismn
3266 2061 3451 2127 fuerit,
3480 2070 3723 2131 prmpara
3762 2073 3797 2112 ι-

2197 2182 2296 2237 pro
2327 2180 2413 2220 me
2434 2177 2563 2217 vero
2592 2160 2707 2216 solo
2751 2171 2976 2230 porcum
3007 2155 3294 2226 Optimum,
3325 2153 3576 2222 pinguem
3619 2147 3786 2202 nimis

2198 2266 2253 2312 et
2279 2256 2540 2327 grandem
2577 2246 2948 2322 opipatoribus
2968 2244 3185 2310 exhibe,
3215 2252 3275 2298 ut
3305 2257 3373 2297 ne
3402 2250 3615 2297 tenuem
3654 2237 3780 2308 qui-

2198 2332 2318 2404 dem
2342 2343 2651 2400 lenticulam
2676 2355 2742 2395 ex
2771 2353 2837 2393 co
2858 2337 3145 2408 quisquam
3184 2333 3382 2388 debeat
3421 2332 3625 2411 absque
3658 2341 3806 2388 mea,

2200 2450 2428 2506 persona
2455 2442 2704 2503 gustare.
2723 2429 3075 2488 Diseumbens
3096 2427 3279 2495 itaque
3307 2436 3429 2479 eum
3455 2429 3787 2475 convcscen-

2201 2530 2346 2584 tibus
2376 2529 2490 2598 ipse
2518 2526 2864 2598 pauperibus,
2894 2531 3060 2577 totam
3109 2534 3231 2574 cum
3259 2515 3338 2572 eis
3373 2513 3596 2571 omnino
3618 2508 3785 2565 victi-

2202 2634 2341 2673 mam
2380 2616 2767 2679 consumebat,
2799 2625 2900 2666 nec
2927 2610 3177 2680 cuiquam
3208 2616 3409 2677 praeter
3430 2617 3524 2659 eos
3547 2600 3632 2656 vel
3677 2598 3803 2653 tni--

2201 2712 2403 2767 limam
2427 2709 2609 2764 carnis
2645 2704 2912 2763 officulam
2939 2700 3271 2773 porrigebat.

2713 2797 2877 2869 209
2917 2791 3143 2850 CAPUT
3180 2789 3291 2847 vu.

2242 2878 2593 2968 “Eleemosyna
2633 2891 2892 2962 defunctis
2930 2887 3160 2959 prodest,
3201 2881 3523 2938 (immanibus
3559 2879 3751 2932 invisa.

2272 2986 2416 3041 ltlem
2462 2966 2592 3039 mihi
2643 2990 2865 3037 sanctus
2907 2977 3077 3033 abbas
3123 2975 3314 3030 iterum
3345 2969 3523 3027 retulit
3553 2967 3677 3036 quia
3706 2966 3795 3021 vir

2204 3077 2421 3150 quidam
2449 3075 2574 3129 dum
2598 3070 2858 3129 orationis
2878 3067 3058 3124 studio
3082 3065 3293 3120 diversa
3318 3060 3499 3118 mundi
3531 3057 3644 3113 loca
3669 3070 3795 3127 per-

2204 3147 2480 3230 curreret,
2528 3161 2757 3233 impegit
2790 3160 2842 3214 in
2887 3168 3128 3214 eremum
3148 3195 3162 3219 ,
3194 3151 3281 3207 ubi
3324 3160 3543 3205 sanctus
3570 3147 3816 3217 quidam.

527 3257 763 3327 cipitur:
794 3266 845 3310 et
876 3256 998 3311 inde
1027 3256 1353 3326 sperandum
1389 3264 1472 3311 est
1500 3255 1777 3324 praemium
1819 3266 1926 3321 quo
1972 3264 2106 3319 przlt—
2133 3241 2179 3301 C
2213 3255 2381 3309 frater
2410 3253 2464 3308 in
2493 3250 2682 3307 cellula
2715 3247 3070 3304 morabatur:
3113 3244 3203 3314 qui
3251 3250 3373 3313 post
3415 3240 3594 3308 aliqua
3639 3250 3799 3307 pere-

528 3347 695 3403 cessit
720 3363 913 3401 munus
941 3346 1200 3401 oblatum.
1225 3346 1361 3401 llinc
1383 3356 1467 3401 est
1493 3346 1634 3416 quod
1660 3342 1881 3412 angelus
1894 3338 2103 3394 Domini

530 3434 780 3509 Cornelio
808 3436 941 3491 dixit
970 3452 983 3490 :
1021 3454 1039 3487 ‹
1071 3435 1357 3491 Orationes
1393 3444 1520 3498 litat,
1545 3443 1597 3488 et
1621 3433 1976 3501 eleemosynte
2002 3437 2107 3481 tua:

532 3529 893 3583 ascenderunt
922 3529 975 3583 in
1002 3528 1316 3582 memoriam
1339 3527 1391 3582 in
1412 3536 1702 3597 conspectu
1732 3522 1942 3578 Domini
1967 3522 2102 3592 (Act.

536 3618 609 3685 x).
648 3636 667 3669 ι
701 3616 744 3672 Ο
772 3616 899 3672 felix
934 3617 1041 3671 tale
1066 3616 1475 3693 commercium,
1507 3615 1594 3669 ubi
1622 3615 1784 3670 homo
1814 3611 2107 3674 fenerator,

532 3716 592 3759 et
618 3706 757 3761 Deus
784 3707 843 3762 ﬁt
863 3709 1206 3777 omnipotens
1237 3706 1483 3762 debitor:
1512 3716 1568 3761 et
1599 3706 1827 3759 ﬁdenter
1849 3704 1898 3759 ei
1926 3713 2110 3773 possu'-

539 3790 657 3850 ntus
679 3797 1137 3867 compensationis
1167 3807 1364 3851 nostra:
1400 3795 1580 3850 debita
1607 3795 1766 3865 digna
1806 3807 2111 3863 reposcere,

533 3886 582 3941 si
609 3887 809 3941 ttostris
836 3901 959 3940 eum
986 3886 1282 3957 satagimus
1313 3887 1626 3940 muneribus
1654 3883 1970 3955 praevenire.

610 3976 743 4031 Nam
765 3988 819 4031 et
851 3987 1091 4047 tempore
1113 3977 1358 4047 Gregorii
1383 3993 1532 4046 papae
1560 3976 1696 4048 (ejus
1723 3976 1958 4031 nominis
1991 3991 2115 4030 sex-

543 4066 670 4137 tus),
701 4068 792 4137 qui
822 4067 1114 4123 Gratianus
1140 4067 1438 4130 dicebatur,
1463 4066 1641 4122 recolo
1663 4067 1953 4137 contigisse
1976 4064 2118 4136 quod

544 4175 707 4215 narro
730 4161 892 4230 (sicut
918 4162 1062 4216 enim
1100 4161 1230 4216 mihi
1267 4162 1499 4226 Bonizo,
1523 4161 1840 4232 grandaevus
1873 4160 2120 4213 videlicet

544 4252 648 4318 vir,
683 4261 862 4307 rector
900 4253 1214 4308 monasterii
1258 4251 1430 4307 sancti
1493 4251 1677 4306 Severi
1725 4247 1880 4320 juxta
1916 4249 2118 4320 urbem

544 4352 783 4398 veterem
845 4344 1167 4412 'constituti,
1228 4343 1471 4413 retulit).
1550 4319 1961 4411 Seotigenaruin
2025 4354 2121 4393 rex

546 4428 805 4500 priimevo
858 4442 983 4486 tunc
1023 4432 1400 4487 adolescentise
1439 4429 1568 4485 ﬁore
1609 4432 1943 4500 pubescens,
1995 4427 2118 4498 quia

548 4532 703 4590 pater
726 4520 879 4586 obiit,
906 4521 953 4576 ei
987 4538 1107 4577 mox
1138 4523 1192 4575 itt
1226 4523 1422 4591 regalis
1453 4522 1648 4592 fastigii
1674 4519 1798 4588 jura
1828 4518 2117 4584 successit;

2208 3347 2421 3418 griuutn
2451 3343 2717 3400 subtiliter
2744 3338 3050 3409 inquisivit,
3076 3345 3255 3391 utrum
3281 3332 3634 3390 Cluniacense
3673 3341 3793 3381 Ino-

2209 3417 2504 3492 nasterium
2535 3443 2736 3488 nosset.
2767 3431 2865 3487 (iui
2908 3429 3298 3498 subsequenter
3325 3431 3383 3478 et
3410 3423 3512 3476 hoc
3557 3417 3739 3475 intulit
3775 3433 3817 3477 ε,

2209 3529 2403 3595 Quieso
2432 3535 2502 3591 te,
2541 3506 2734 3593 inquit,
2772 3537 2871 3592 per
2895 3518 3218 3575 charitatem
3256 3512 3374 3591 Dei,
3405 3510 3575 3565 frater
3601 3508 3696 3571 uti,
3735 3514 3817 3559 ιιι·

2212 3622 2256 3677 si
2303 3621 2480 3676 locum
2518 3617 2664 3673 illum
2698 3612 3060 3670 venerabilem
3102 3618 3153 3664 te
3184 3604 3427 3662 fortassis
3452 3602 3601 3657 adire
3624 3598 3799 3655 conti-

2211 3711 2391 3784 gerit,
2441 3707 2723 3763 denunties
2772 3702 3028 3758 fratribus
3075 3707 3132 3756 et
3178 3694 3389 3760 abbati,
3428 3700 3691 3763 quatenus
3729 3686 3803 3739 ab

2212 3777 2677 3873 eleemosyuartun
2707 3795 2886 3852 studio
2916 3808 3021 3848 non
3072 3795 3393 3861 tepescant,
3440 3782 3536 3839 sed
3583 3777 3815 3851 pietatis

2213 3867 2497 3966 cperibus,
2524 3890 2665 3946 sicut
2692 3884 2888 3942 assueti
2913 3890 3059 3949 sunt,
3102 3872 3468 3953 perseveranti
3498 3867 3811 3928 constantia

2216 3958 2499 4055 vigilanter
2547 3979 2870 4035 inferveant.
2929 3972 3031 4029 l-lic
3076 3970 3219 4026 enim
3277 3966 3522 4038 gehenua
3569 3958 3802 4014 ﬁamntis

2218 4074 2602 4145 vaporautibus
2646 4074 2871 4129 aestuat,
2909 4071 2966 4119 et
3007 4061 3134 4117 hinc
3178 4058 3369 4113 anima:
3399 4056 3801 4112 damnatorum,

2220 4180 2305 4221 me
2335 4163 2645 4232 frequenter
2673 4157 2944 4220 audiente,
2970 4169 3092 4209 cum
3123 4148 3332 4221 magnis
3366 4144 3672 4216 ejulatibus,
3704 4138 3815 4193 ﬁcu

2218 4231 2479 4324 tuumque
2521 4250 2844 4307 stridoribus
2889 4251 3205 4315 merguntur
3250 4243 3303 4296 iu
3352 4246 3613 4292 tartarqu
3653 4250 3668 4289 :
3709 4231 3805 4286 sed

2221 4321 2496 4401 orationes
2521 4352 2575 4398 et
2601 4340 2956 4409 eleemosyua:
2980 4333 3185 4406 praefati
3215 4326 3526 4386 monasterii
3556 4321 3808 4393 malignis

2222 4435 2499 4508 Spiritibus
2520 4432 2762 4486 valenter
2804 4427 3088 4490 obsistunt,
3116 4433 3171 4478 et
3196 4431 3448 4490 tanquam
3477 4417 3710 4487 prasdaut
3737 4428 3829 4475 ex,

2223 4507 2411 4581 eorum
2448 4522 2692 4578 manibus
2733 4516 2929 4574 multos
2956 4514 3210 4585 eripiunt.
3258 4510 3584 4578 Peregrinus
3623 4507 3809 4575 itaque

550 4610 643 4664 sed
665 4626 786 4665 eum
816 4611 1045 4666 sollicite
1070 4587 1441 4666 consideraret
1467 4587 1628 4682 quam
1661 4587 1847 4681 fragile
1873 4610 1944 4664 sit
1965 4609 2114 4679 quid-
2152 4587 2199 4646 υ
2226 4620 2384 4689 longo
2417 4625 2537 4687 post
2579 4623 2821 4682 tempore
2866 4607 2932 4663 ad
2979 4604 3364 4662 mcttastet-ituu
3392 4600 3560 4667 venit,
3589 4608 3646 4654 et
3687 4610 3840 4668 qna!-

550 4700 677 4768 quid
705 4700 758 4754 in
782 4700 885 4756 hoc
911 4701 1106 4755 szeculo
1136 4710 1327 4766 tumet,
1355 4716 1516 4770 quam
1565 4700 1723 4754 labile
1744 4699 1886 4769 quod
1932 4713 2121 4768 super-

550 4792 777 4855 eminet,
808 4807 968 4861 quant
1006 4792 1263 4847 velociter
1288 4790 1667 4862 exslinguibile
1700 4791 1770 4844 sit
1794 4805 1951 4844 omne
1983 4786 2124 4857 quod

552 4885 818 4955 splendet,
843 4900 965 4939 cum
988 4883 1305 4956 conjugatus
1326 4884 1437 4955 jam
1461 4892 1627 4949 esset,
1654 4882 1889 4938 decrevit
1921 4880 2128 4952 regales

557 4975 754 5031 infulas
804 4978 950 5048 regni
996 4977 1236 5032 caelestis
1287 4991 1474 5031 amore
1521 4976 1816 5045 deponere;
1872 4985 2130 5027 coronam

556 5068 790 5147 capitio,
819 5084 1112 5138 purpuram
1135 5067 1343 5124 cuculla
1375 5075 1603 5122 mutare.
1649 5065 1786 5134 Quid
1826 5064 2017 5137 plura?
2056 5063 2130 5119 si-

560 5158 727 5213 tnulat
745 5158 1006 5213 orationis
1026 5158 1283 5223 studium,
1308 5158 1616 5228 aggreditur
1641 5154 1998 5227 expeditionis
2024 5152 2133 5207 llo-

560 5263 731 5304 manae
770 5249 1125 5320 procinctum.
1170 5248 1597 5320 Apostolicorum
1653 5246 1835 5316 itaque
1888 5243 2132 5297 liminum

559 5339 845 5394 devotione
886 5338 1170 5410 completa,
1207 5341 1490 5411 ignorante
1523 5338 1800 5393 clientium
1849 5336 2131 5395 comitatu,

560 5422 939 5485 monachicum
988 5428 1228 5485 habitum
1282 5430 1513 5485 latenter
1568 5428 1772 5491 induit,
1823 5433 1877 5480 et
1915 5427 2048 5480 sica
2077 5440 2134 5479 se

567 5522 823 5576 mundum
853 5536 976 5577 cum
1005 5537 1170 5593 regno
1199 5522 1336 5576 bene
1368 5521 1715 5590 semetipsum
1751 5517 1961 5572 furatus
1991 5516 2138 5587 abje—

561 5613 635 5667 cit
663 5631 674 5666 :
705 5611 794 5683 qui
823 5629 942 5667 mox
976 5612 1231 5683 languore
1278 5626 1585 5681 percussus,
1618 5609 1685 5665 ad
1733 5619 1972 5663 extrema
2020 5623 2128 5678 pcr-

564 5707 733 5771 venit,
760 5716 815 5762 et
841 5721 1009 5777 usque
1063 5704 1129 5759 ad
1182 5703 1386 5759 obitum
1436 5703 1537 5759 hoc
1583 5714 1837 5772 tanquam
1866 5700 2140 5754 ftedcratze

564 5798 939 5855 conventionis
975 5794 1221 5871 elogium
1241 5793 1529 5849 intlatnare
1556 5810 1662 5848 non
1694 5793 1897 5848 destitit
1927 5808 1939 5845 :
1970 5792 2141 5846 Domi»

2226 4709 2329 4766 sibi
2379 4706 2627 4762 mandata
2676 4703 2909 4766 fuerant,
2950 4695 3207 4752 fratribus
3253 4708 3348 4763 per
3383 4691 3628 4747 ordinem
3673 4703 3839 4743 nun-.

2228 4799 2407 4855 tiavit.

2302 4888 2432 4943 illud
2473 4892 2732 4956 praeterea
2764 4880 2895 4936 satis
2939 4878 3319 4949 indignamur,
3343 4872 3486 4944 quod
3519 4887 3548 4925 a
3581 4870 3834 4941 quibus-.

2234 4982 2356 5039 datu
2406 4979 2518 5033 fieri
2565 4992 2670 5030 non
2707 4973 3074 5042 atubigitnus:
3132 4978 3190 5022 ut
3237 4967 3338 5038 ipsi
3379 4965 3628 5020 videlicet
3673 4963 3816 5017 iuni-

2236 5080 2417 5125 tantur
2442 5067 2667 5124 excelsa:
2689 5080 2888 5120 mensa:
2918 5060 3150 5132 fastigio,
3179 5073 3443 5129 pauperes
3467 5071 3597 5111 vero
3629 5055 3720 5125 qui
3747 5053 3823 5109 ab

2235 5160 2315 5217 eis
2346 5159 2583 5224 aluntur,
2632 5155 2773 5210 inter
2814 5168 3003 5209 caaum
3040 5165 3231 5222 greges
3273 5150 3325 5204 in
3357 5148 3501 5204 nudo
3544 5145 3816 5203 residcant

2236 5242 2567 5323 pavimento.
2613 5248 2691 5303 llli
2732 5256 2954 5303 utantur
2981 5243 3292 5299 mantilibus
3319 5258 3418 5299 acu
3449 5241 3696 5295 variante
3725 5237 3814 5291 de-

2237 5341 2418 5414 pictis,
2442 5341 2559 5396 istis
2585 5338 2834 5394 alimenta
2857 5344 3126 5407 ponantur
3148 5336 3201 5391 in
3227 5328 3819 5406 gremiisaGothfredus

2240 5431 2399 5501 plane
2428 5429 2761 5487 clarissimus
2784 5433 2889 5483 dux
2916 5435 2971 5483 et
3009 5423 3413 5481 marchiomihi
3449 5418 3723 5492 perhibuit
3762 5417 3847 5476 in...

2239 5521 2469 5594 propriae
2496 5519 2731 5592 regionis
2753 5518 2977 5574 historia
3001 5514 3292 5580 contineri,
3319 5512 3569 5584 quoniam
3592 5506 3818 5564 Carolus

2241 5613 2534 5682 imperator
2578 5607 2883 5679 quindecim
2929 5606 3137 5661 vicibus
3178 5619 3299 5660 cum
3347 5617 3473 5673 rege
3520 5599 3818 5655 Saxonum.

2242 5704 2331 5772 qui
2379 5700 2696 5772 gentilitatis
2741 5700 2918 5754 adhuc
2970 5697 3307 5753 detinebatur
3350 5705 3571 5755 errore,
3620 5686 3847 5742 bellum.

2243 5791 2535 5855 conuuis’!,
2568 5784 2879 5858 quindecies
2908 5803 3001 5859 per
3024 5786 3166 5850 'idi';
3207 5785 3290 5838 tri'
3316 5798 3377 5838 us
3407 5792 3532 5835 vero
3559 5773 3840 5846 consutis.
