  <div class='ocr_page' id='page_1' title='image "/cluster/home/n/w/nwhite01/storage/ocr_20150623/145/hvd.32044015471824/118.png"; bbox 0 0 4106 6320; ppageno 0'>
   <div class='ocr_carea' id='block_1_1' title="bbox 300 421 397 474">
    <p class='ocr_par' dir='ltr' id='par_1_1' title="bbox 300 421 397 474">
     <span class='ocr_line' id='line_1_1' title="bbox 300 421 397 474; baseline 0.01 -1"><span class='ocrx_word' id='word_1_1' title='bbox 300 421 397 474; x_wconf 62' lang='grc' dir='ltr'><strong>ρει</strong></span> 
     </span>
    </p>
   </div>
   <div class='ocr_carea' id='block_1_2' title="bbox 299 615 1882 688">
    <p class='ocr_par' dir='ltr' id='par_1_2' title="bbox 299 615 1882 688">
     <span class='ocr_line' id='line_1_2' title="bbox 299 615 1882 688; baseline -0.003 -15"><span class='ocrx_word' id='word_1_2' title='bbox 299 630 503 674; x_wconf 71' lang='lat' dir='ltr'><strong>strenuo</strong></span> <span class='ocrx_word' id='word_1_3' title='bbox 532 628 748 688; x_wconf 90' lang='lat' dir='ltr'><strong>captum</strong></span> <span class='ocrx_word' id='word_1_4' title='bbox 775 618 948 672; x_wconf 87' lang='lat' dir='ltr'><strong>victor</strong></span> <span class='ocrx_word' id='word_1_5' title='bbox 970 615 1224 671; x_wconf 95' lang='lat' dir='ltr'><strong>obtinuit.</strong></span> <span class='ocrx_word' id='word_1_6' title='bbox 1263 615 1568 685; x_wconf 79' lang='lat' dir='ltr'><strong>Aliquando</strong></span> <span class='ocrx_word' id='word_1_7' title='bbox 1598 630 1730 670; x_wconf 92' lang='lat' dir='ltr'><strong>sane</strong></span> <span class='ocrx_word' id='word_1_8' title='bbox 1756 616 1882 669; x_wconf 85' lang='lat' dir='ltr'><strong>dum</strong></span> 
     </span>
    </p>
   </div>
   <div class='ocr_carea' id='block_1_3' title="bbox 299 707 1886 774">
    <p class='ocr_par' dir='ltr' id='par_1_3' title="bbox 299 707 1886 774">
     <span class='ocr_line' id='line_1_3' title="bbox 299 707 1886 774; baseline -0.004 -7"><span class='ocrx_word' id='word_1_9' title='bbox 299 711 524 767; x_wconf 91' lang='lat' dir='ltr'><strong>Carolus</strong></span> <span class='ocrx_word' id='word_1_10' title='bbox 554 711 694 764; x_wconf 80' lang='lat' dir='ltr'><strong>idem</strong></span> <span class='ocrx_word' id='word_1_11' title='bbox 723 709 960 774; x_wconf 75' lang='lat' dir='ltr'><strong>excelsa,</strong></span> <span class='ocrx_word' id='word_1_12' title='bbox 994 719 1054 762; x_wconf 93' lang='lat' dir='ltr'><strong>ut</strong></span> <span class='ocrx_word' id='word_1_13' title='bbox 1088 708 1306 772; x_wconf 85' lang='lat' dir='ltr'><strong>assolet,</strong></span> <span class='ocrx_word' id='word_1_14' title='bbox 1341 707 1734 762; x_wconf 82' lang='lat' dir='ltr'><strong>inthronizatus</strong></span> <span class='ocrx_word' id='word_1_15' title='bbox 1761 722 1886 761; x_wconf 87' lang='lat' dir='ltr'><strong>arce</strong></span> 
     </span>
    </p>
   </div>
   <div class='ocr_carea' id='block_1_4' title="bbox 297 797 1885 870">
    <p class='ocr_par' dir='ltr' id='par_1_4' title="bbox 297 797 1885 870">
     <span class='ocr_line' id='line_1_4' title="bbox 297 797 1885 870; baseline -0.001 -17"><span class='ocrx_word' id='word_1_16' title='bbox 297 801 680 862; x_wconf 70' lang='lat' dir='ltr'><strong>discumberet,</strong></span> <span class='ocrx_word' id='word_1_17' title='bbox 721 815 984 870; x_wconf 92' lang='lat' dir='ltr'><strong>pauperes</strong></span> <span class='ocrx_word' id='word_1_18' title='bbox 1014 813 1164 862; x_wconf 77' lang='lat' dir='ltr'><strong>vero.</strong></span> <span class='ocrx_word' id='word_1_19' title='bbox 1205 813 1340 867; x_wconf 88' lang='lat' dir='ltr'><strong>quos</strong></span> <span class='ocrx_word' id='word_1_20' title='bbox 1379 797 1571 858; x_wconf 90' lang='lat' dir='ltr'><strong>alebat,</strong></span> <span class='ocrx_word' id='word_1_21' title='bbox 1611 797 1885 852; x_wconf 87' lang='lat' dir='ltr'><strong>solotenus</strong></span> 
     </span>
    </p>
   </div>
   <div class='ocr_carea' id='block_1_5' title="bbox 298 889 1886 960">
    <p class='ocr_par' dir='ltr' id='par_1_5' title="bbox 298 889 1886 960">
     <span class='ocr_line' id='line_1_5' title="bbox 298 889 1886 960; baseline 0 -18"><span class='ocrx_word' id='word_1_22' title='bbox 298 891 609 960; x_wconf 88' lang='lat' dir='ltr'><strong>ignobiliter</strong></span> <span class='ocrx_word' id='word_1_23' title='bbox 638 891 966 953; x_wconf 78' lang='lat' dir='ltr'><strong>residerent,</strong></span> <span class='ocrx_word' id='word_1_24' title='bbox 999 905 1090 942; x_wconf 84' lang='lat' dir='ltr'><strong>rex</strong></span> <span class='ocrx_word' id='word_1_25' title='bbox 1121 890 1210 959; x_wconf 94' lang='lat' dir='ltr'><strong>qui</strong></span> <span class='ocrx_word' id='word_1_26' title='bbox 1241 897 1451 943; x_wconf 90' lang='lat' dir='ltr'><strong>remota</strong></span> <span class='ocrx_word' id='word_1_27' title='bbox 1480 889 1662 956; x_wconf 90' lang='lat' dir='ltr'><strong>procul</strong></span> <span class='ocrx_word' id='word_1_28' title='bbox 1692 890 1758 942; x_wconf 90' lang='lat' dir='ltr'><strong>ab</strong></span> <span class='ocrx_word' id='word_1_29' title='bbox 1786 889 1886 942; x_wconf 90' lang='lat' dir='ltr'><strong>im-</strong></span> 
     </span>
    </p>
   </div>
   <div class='ocr_carea' id='block_1_6' title="bbox 294 980 1881 1050">
    <p class='ocr_par' dir='ltr' id='par_1_6' title="bbox 294 980 1881 1050">
     <span class='ocr_line' id='line_1_6' title="bbox 294 980 1881 1050; baseline -0.001 -15"><span class='ocrx_word' id='word_1_30' title='bbox 294 990 545 1050; x_wconf 87' lang='lat' dir='ltr'><strong>peratore</strong></span> <span class='ocrx_word' id='word_1_31' title='bbox 576 997 759 1036; x_wconf 83' lang='lat' dir='ltr'><strong>mensa</strong></span> <span class='ocrx_word' id='word_1_32' title='bbox 790 980 1119 1050; x_wconf 72' lang='lat' dir='ltr'><strong>prandebat,</strong></span> <span class='ocrx_word' id='word_1_33' title='bbox 1153 980 1280 1036; x_wconf 75' lang='lat' dir='ltr'><strong>talia</strong></span> <span class='ocrx_word' id='word_1_34' title='bbox 1307 996 1404 1049; x_wconf 90' lang='lat' dir='ltr'><strong>per</strong></span> <span class='ocrx_word' id='word_1_35' title='bbox 1433 981 1676 1035; x_wconf 73' lang='lat' dir='ltr'><strong>nuntium</strong></span> <span class='ocrx_word' id='word_1_36' title='bbox 1710 980 1881 1049; x_wconf 79' lang='lat' dir='ltr'><strong>legata</strong></span> 
     </span>
    </p>
   </div>
   <div class='ocr_carea' id='block_1_7' title="bbox 293 1068 1886 1140">
    <p class='ocr_par' dir='ltr' id='par_1_7' title="bbox 293 1068 1886 1140">
     <span class='ocr_line' id='line_1_7' title="bbox 293 1068 1886 1140; baseline 0.001 -18"><span class='ocrx_word' id='word_1_37' title='bbox 293 1071 492 1124; x_wconf 70' lang='lat' dir='ltr'><strong>direxit</strong></span> <span class='ocrx_word' id='word_1_38' title='bbox 520 1088 535 1126; x_wconf 92' lang='lat'><strong>:</strong></span> <span class='ocrx_word' id='word_1_39' title='bbox 571 1070 702 1124; x_wconf 86' lang='lat' dir='ltr'><strong>Dum</strong></span> <span class='ocrx_word' id='word_1_40' title='bbox 728 1080 931 1133; x_wconf 86' lang='lat' dir='ltr'><strong>vester,</strong></span> <span class='ocrx_word' id='word_1_41' title='bbox 958 1071 1153 1139; x_wconf 82' lang='lat' dir='ltr'><strong>inquit.</strong></span> <span class='ocrx_word' id='word_1_42' title='bbox 1181 1068 1430 1124; x_wconf 85' lang='lat' dir='ltr'><strong>Christus</strong></span> <span class='ocrx_word' id='word_1_43' title='bbox 1458 1084 1576 1124; x_wconf 88' lang='lat' dir='ltr'><strong>sese</strong></span> <span class='ocrx_word' id='word_1_44' title='bbox 1606 1070 1886 1140; x_wconf 78' lang='lat' dir='ltr'><strong>perhibent</strong></span> 
     </span>
    </p>
   </div>
   <div class='ocr_carea' id='block_1_8' title="bbox 291 1161 1881 1232">
    <p class='ocr_par' dir='ltr' id='par_1_8' title="bbox 291 1161 1881 1232">
     <span class='ocr_line' id='line_1_8' title="bbox 291 1161 1881 1232; baseline 0.001 -16"><span class='ocrx_word' id='word_1_45' title='bbox 291 1164 344 1216; x_wconf 85' lang='lat' dir='ltr'><strong>in</strong></span> <span class='ocrx_word' id='word_1_46' title='bbox 379 1163 703 1231; x_wconf 82' lang='lat' dir='ltr'><strong>pauperibus</strong></span> <span class='ocrx_word' id='word_1_47' title='bbox 737 1162 902 1232; x_wconf 89' lang='lat' dir='ltr'><strong>recipi</strong></span> <span class='ocrx_word' id='word_1_48' title='bbox 927 1202 942 1226; x_wconf 90' lang='lat'><strong>,</strong></span> <span class='ocrx_word' id='word_1_49' title='bbox 975 1178 1079 1232; x_wconf 89' lang='lat' dir='ltr'><strong>qua</strong></span> <span class='ocrx_word' id='word_1_50' title='bbox 1123 1161 1300 1216; x_wconf 77' lang='lat' dir='ltr'><strong>fronte</strong></span> <span class='ocrx_word' id='word_1_51' title='bbox 1330 1161 1666 1230; x_wconf 86' lang='lat' dir='ltr'><strong>persuadetis</strong></span> <span class='ocrx_word' id='word_1_52' title='bbox 1699 1172 1881 1217; x_wconf 88' lang='lat' dir='ltr'><strong>nostra</strong></span> 
     </span>
    </p>
   </div>
   <div class='ocr_carea' id='block_1_9' title="bbox 289 1250 1883 1320">
    <p class='ocr_par' dir='ltr' id='par_1_9' title="bbox 289 1250 1883 1320">
     <span class='ocr_line' id='line_1_9' title="bbox 289 1250 1883 1320; baseline 0.001 -17"><span class='ocrx_word' id='word_1_53' title='bbox 289 1251 392 1304; x_wconf 87' lang='lat' dir='ltr'><strong>sibi</strong></span> <span class='ocrx_word' id='word_1_54' title='bbox 424 1250 562 1304; x_wconf 83' lang='lat' dir='ltr'><strong>colla</strong></span> <span class='ocrx_word' id='word_1_55' title='bbox 593 1251 867 1314; x_wconf 79' lang='lat' dir='ltr'><strong>submitti,</strong></span> <span class='ocrx_word' id='word_1_56' title='bbox 915 1265 1073 1319; x_wconf 86' lang='lat' dir='ltr'><strong>quem</strong></span> <span class='ocrx_word' id='word_1_57' title='bbox 1120 1266 1216 1304; x_wconf 87' lang='lat' dir='ltr'><strong>vos</strong></span> <span class='ocrx_word' id='word_1_58' title='bbox 1265 1251 1336 1304; x_wconf 90' lang='lat' dir='ltr'><strong>ita</strong></span> <span class='ocrx_word' id='word_1_59' title='bbox 1382 1250 1692 1320; x_wconf 76' lang='lat' dir='ltr'><strong>deSpicitis,</strong></span> <span class='ocrx_word' id='word_1_60' title='bbox 1725 1251 1883 1320; x_wconf 89' lang='lat' dir='ltr'><strong>eique</strong></span> 
     </span>
    </p>
   </div>
   <div class='ocr_carea' id='block_1_10' title="bbox 288 1341 1882 1410">
    <p class='ocr_par' dir='ltr' id='par_1_10' title="bbox 288 1341 1882 1410">
     <span class='ocr_line' id='line_1_10' title="bbox 288 1341 1882 1410; baseline 0.001 -16"><span class='ocrx_word' id='word_1_61' title='bbox 288 1341 494 1394; x_wconf 87' lang='lat' dir='ltr'><strong>nullam</strong></span> <span class='ocrx_word' id='word_1_62' title='bbox 519 1341 742 1395; x_wconf 84' lang='lat' dir='ltr'><strong>honoris</strong></span> <span class='ocrx_word' id='word_1_63' title='bbox 773 1343 1130 1396; x_wconf 82' lang='lat' dir='ltr'><strong>reverentiam</strong></span> <span class='ocrx_word' id='word_1_64' title='bbox 1162 1341 1469 1396; x_wconf 74' lang='lat' dir='ltr'><strong>exhibetis?</strong></span> <span class='ocrx_word' id='word_1_65' title='bbox 1493 1343 1572 1395; x_wconf 86' lang='lat' dir='ltr'><strong>Ad</strong></span> <span class='ocrx_word' id='word_1_66' title='bbox 1603 1342 1744 1410; x_wconf 87' lang='lat' dir='ltr'><strong>quod</strong></span> <span class='ocrx_word' id='word_1_67' title='bbox 1783 1344 1882 1396; x_wconf 88' lang='lat' dir='ltr'><strong>im-</strong></span> 
     </span>
    </p>
   </div>
   <div class='ocr_carea' id='block_1_11' title="bbox 283 1433 1883 1504">
    <p class='ocr_par' dir='ltr' id='par_1_11' title="bbox 283 1433 1883 1504">
     <span class='ocr_line' id='line_1_11' title="bbox 283 1433 1883 1504; baseline 0.002 -20"><span class='ocrx_word' id='word_1_68' title='bbox 283 1440 513 1500; x_wconf 88' lang='lat' dir='ltr'><strong>perator</strong></span> <span class='ocrx_word' id='word_1_69' title='bbox 537 1433 701 1486; x_wconf 90' lang='lat' dir='ltr'><strong>corde</strong></span> <span class='ocrx_word' id='word_1_70' title='bbox 748 1443 1103 1501; x_wconf 80' lang='lat' dir='ltr'><strong>cmnpunctus</strong></span> <span class='ocrx_word' id='word_1_71' title='bbox 1130 1434 1348 1488; x_wconf 90' lang='lat' dir='ltr'><strong>erubuit</strong></span> <span class='ocrx_word' id='word_1_72' title='bbox 1377 1452 1389 1487; x_wconf 93' lang='lat'><strong>:</strong></span> <span class='ocrx_word' id='word_1_73' title='bbox 1424 1444 1478 1488; x_wconf 88' lang='lat' dir='ltr'><strong>et</strong></span> <span class='ocrx_word' id='word_1_74' title='bbox 1509 1449 1574 1488; x_wconf 85' lang='lat' dir='ltr'><strong>ex</strong></span> <span class='ocrx_word' id='word_1_75' title='bbox 1618 1448 1714 1488; x_wconf 84' lang='lat' dir='ltr'><strong>ore</strong></span> <span class='ocrx_word' id='word_1_76' title='bbox 1753 1451 1883 1504; x_wconf 84' lang='lat' dir='ltr'><strong>gen-</strong></span> 
     </span>
    </p>
   </div>
   <div class='ocr_carea' id='block_1_12' title="bbox 288 1523 1884 1592">
    <p class='ocr_par' dir='ltr' id='par_1_12' title="bbox 288 1523 1884 1592">
     <span class='ocr_line' id='line_1_12' title="bbox 288 1523 1884 1592; baseline 0.001 -15"><span class='ocrx_word' id='word_1_77' title='bbox 288 1523 401 1578; x_wconf 86' lang='lat' dir='ltr'><strong>tilis</strong></span> <span class='ocrx_word' id='word_1_78' title='bbox 446 1523 678 1577; x_wconf 90' lang='lat' dir='ltr'><strong>hominis</strong></span> <span class='ocrx_word' id='word_1_79' title='bbox 724 1524 1086 1591; x_wconf 75' lang='lat' dir='ltr'><strong>evangelieam</strong></span> <span class='ocrx_word' id='word_1_80' title='bbox 1118 1524 1335 1592; x_wconf 81' lang='lat' dir='ltr'><strong>prodire</strong></span> <span class='ocrx_word' id='word_1_81' title='bbox 1364 1525 1687 1579; x_wconf 73' lang='lat' dir='ltr'><strong>sententiam</strong></span> <span class='ocrx_word' id='word_1_82' title='bbox 1718 1525 1884 1579; x_wconf 82' lang='lat' dir='ltr'><strong>vehe-</strong></span> 
     </span>
    </p>
   </div>
   <div class='ocr_carea' id='block_1_13' title="bbox 285 1613 1879 1683">
    <p class='ocr_par' dir='ltr' id='par_1_13' title="bbox 285 1613 1879 1683">
     <span class='ocr_line' id='line_1_13' title="bbox 285 1613 1879 1683; baseline 0.002 -16"><span class='ocrx_word' id='word_1_83' title='bbox 285 1629 503 1668; x_wconf 85' lang='lat' dir='ltr'><strong>menter</strong></span> <span class='ocrx_word' id='word_1_84' title='bbox 529 1613 759 1682; x_wconf 74' lang='lat' dir='ltr'><strong>expavit.</strong></span> <span class='ocrx_word' id='word_1_85' title='bbox 793 1614 883 1667; x_wconf 88' lang='lat' dir='ltr'><strong>Ait</strong></span> <span class='ocrx_word' id='word_1_86' title='bbox 909 1615 1051 1668; x_wconf 91' lang='lat' dir='ltr'><strong>enim</strong></span> <span class='ocrx_word' id='word_1_87' title='bbox 1103 1615 1361 1670; x_wconf 87' lang='lat' dir='ltr'><strong>Dominus</strong></span> <span class='ocrx_word' id='word_1_88' title='bbox 1390 1631 1405 1668; x_wconf 91' lang='lat'><strong>:</strong></span> <span class='ocrx_word' id='word_1_89' title='bbox 1443 1634 1462 1667; x_wconf 72' lang='grc' dir='ltr'><strong>ι</strong></span> <span class='ocrx_word' id='word_1_90' title='bbox 1492 1616 1644 1683; x_wconf 81' lang='lat' dir='ltr'><strong>Quod</strong></span> <span class='ocrx_word' id='word_1_91' title='bbox 1679 1618 1768 1670; x_wconf 93' lang='lat' dir='ltr'><strong>uni</strong></span> <span class='ocrx_word' id='word_1_92' title='bbox 1812 1633 1879 1670; x_wconf 77' lang='lat' dir='ltr'><strong>ex</strong></span> 
     </span>
    </p>
   </div>
   <div class='ocr_carea' id='block_1_14' title="bbox 285 1705 1873 1780">
    <p class='ocr_par' dir='ltr' id='par_1_14' title="bbox 285 1705 1873 1780">
     <span class='ocr_line' id='line_1_14' title="bbox 285 1705 1873 1780; baseline 0.003 -23"><span class='ocrx_word' id='word_1_93' title='bbox 285 1705 531 1759; x_wconf 78' lang='lat' dir='ltr'><strong>minimis</strong></span> <span class='ocrx_word' id='word_1_94' title='bbox 576 1705 710 1760; x_wconf 88' lang='lat' dir='ltr'><strong>meis</strong></span> <span class='ocrx_word' id='word_1_95' title='bbox 746 1705 982 1770; x_wconf 79' lang='lat' dir='ltr'><strong>fecistis,</strong></span> <span class='ocrx_word' id='word_1_96' title='bbox 1019 1705 1149 1760; x_wconf 90' lang='lat' dir='ltr'><strong>mihi</strong></span> <span class='ocrx_word' id='word_1_97' title='bbox 1183 1705 1390 1762; x_wconf 81' lang='lat' dir='ltr'><strong>fecistis</strong></span> <span class='ocrx_word' id='word_1_98' title='bbox 1419 1707 1634 1780; x_wconf 79' lang='lat' dir='ltr'><strong>(Matth.</strong></span> <span class='ocrx_word' id='word_1_99' title='bbox 1673 1712 1818 1778; x_wconf 76' lang='lat' dir='ltr'><strong>xxv).</strong></span> <span class='ocrx_word' id='word_1_100' title='bbox 1854 1728 1873 1761; x_wconf 74' lang='grc' dir='ltr'><strong>ι</strong></span> 
     </span>
    </p>
   </div>
   <div class='ocr_carea' id='block_1_15' title="bbox 281 1795 1876 1870">
    <p class='ocr_par' dir='ltr' id='par_1_15' title="bbox 281 1795 1876 1870">
     <span class='ocr_line' id='line_1_15' title="bbox 281 1795 1876 1870; baseline 0.004 -22"><span class='ocrx_word' id='word_1_101' title='bbox 281 1795 528 1849; x_wconf 65' lang='lat' dir='ltr'><strong>Lanatus</strong></span> <span class='ocrx_word' id='word_1_102' title='bbox 554 1809 682 1865; x_wconf 88' lang='lat' dir='ltr'><strong>ergo</strong></span> <span class='ocrx_word' id='word_1_103' title='bbox 711 1811 804 1849; x_wconf 76' lang='lat' dir='ltr'><strong>rex</strong></span> <span class='ocrx_word' id='word_1_104' title='bbox 843 1796 970 1849; x_wconf 93' lang='lat' dir='ltr'><strong>dum</strong></span> <span class='ocrx_word' id='word_1_105' title='bbox 1003 1813 1032 1850; x_wconf 91' lang='lat' dir='ltr'><strong>a</strong></span> <span class='ocrx_word' id='word_1_106' title='bbox 1069 1797 1159 1851; x_wconf 91' lang='lat' dir='ltr'><strong>tali</strong></span> <span class='ocrx_word' id='word_1_107' title='bbox 1209 1808 1491 1868; x_wconf 85' lang='lat' dir='ltr'><strong>correptus</strong></span> <span class='ocrx_word' id='word_1_108' title='bbox 1515 1843 1529 1867; x_wconf 92' lang='lat'><strong>,</strong></span> <span class='ocrx_word' id='word_1_109' title='bbox 1569 1809 1754 1870; x_wconf 90' lang='lat' dir='ltr'><strong>utpote</strong></span> <span class='ocrx_word' id='word_1_110' title='bbox 1785 1802 1876 1870; x_wconf 87' lang='lat' dir='ltr'><strong>qui</strong></span> 
     </span>
    </p>
   </div>
   <div class='ocr_carea' id='block_1_16' title="bbox 282 1883 1952 1964">
    <p class='ocr_par' dir='ltr' id='par_1_16' title="bbox 282 1883 1952 1964">
     <span class='ocr_line' id='line_1_16' title="bbox 282 1883 1952 1964; baseline 0.006 -28"><span class='ocrx_word' id='word_1_111' title='bbox 282 1883 518 1958; x_wconf 82' lang='lat' dir='ltr'><strong>necdum</strong></span> <span class='ocrx_word' id='word_1_112' title='bbox 565 1883 684 1936; x_wconf 82' lang='lat' dir='ltr'><strong>fidei</strong></span> <span class='ocrx_word' id='word_1_113' title='bbox 721 1885 1020 1939; x_wconf 89' lang='lat' dir='ltr'><strong>rudimenta</strong></span> <span class='ocrx_word' id='word_1_114' title='bbox 1055 1898 1392 1956; x_wconf 88' lang='lat' dir='ltr'><strong>perceperat,</strong></span> <span class='ocrx_word' id='word_1_115' title='bbox 1436 1889 1549 1957; x_wconf 86' lang='lat' dir='ltr'><strong>jam</strong></span> <span class='ocrx_word' id='word_1_116' title='bbox 1590 1891 1711 1945; x_wconf 84' lang='lat' dir='ltr'><strong>fidei</strong></span> <span class='ocrx_word' id='word_1_117' title='bbox 1762 1890 1878 1945; x_wconf 89' lang='lat' dir='ltr'><strong>fru-</strong></span> <span class='ocrx_word' id='word_1_118' title='bbox 1911 1906 1952 1964; x_wconf 77' lang='grc' dir='ltr'><strong>Β</strong></span> 
     </span>
    </p>
   </div>
   <div class='ocr_carea' id='block_1_17' title="bbox 281 1973 1696 2048">
    <p class='ocr_par' dir='ltr' id='par_1_17' title="bbox 281 1973 1696 2048">
     <span class='ocr_line' id='line_1_17' title="bbox 281 1973 1696 2048; baseline 0.006 -22"><span class='ocrx_word' id='word_1_119' title='bbox 281 1983 435 2027; x_wconf 85' lang='lat' dir='ltr'><strong>ctum</strong></span> <span class='ocrx_word' id='word_1_120' title='bbox 454 2011 469 2036; x_wconf 92' lang='lat'><strong>,</strong></span> <span class='ocrx_word' id='word_1_121' title='bbox 506 1973 888 2027; x_wconf 75' lang='lat' dir='ltr'><strong>misericordia:</strong></span> <span class='ocrx_word' id='word_1_122' title='bbox 916 1976 1125 2030; x_wconf 74' lang='lat' dir='ltr'><strong>scilicet</strong></span> <span class='ocrx_word' id='word_1_123' title='bbox 1156 1992 1320 2046; x_wconf 88' lang='lat' dir='ltr'><strong>opera</strong></span> <span class='ocrx_word' id='word_1_124' title='bbox 1349 1979 1696 2048; x_wconf 66' lang='lat' dir='ltr'><strong>praedicabat.</strong></span> 
     </span>
    </p>
   </div>
   <div class='ocr_carea' id='block_1_18' title="bbox 357 2065 1880 2145">
    <p class='ocr_par' dir='ltr' id='par_1_18' title="bbox 357 2065 1880 2145">
     <span class='ocr_line' id='line_1_18' title="bbox 357 2065 1880 2145; baseline 0.009 -28"><span class='ocrx_word' id='word_1_125' title='bbox 357 2065 489 2118; x_wconf 88' lang='lat' dir='ltr'><strong>Ilhnl</strong></span> <span class='ocrx_word' id='word_1_126' title='bbox 521 2075 780 2145; x_wconf 67' lang='lat' dir='ltr'><strong>praeterea</strong></span> <span class='ocrx_word' id='word_1_127' title='bbox 813 2083 1157 2138; x_wconf 85' lang='lat' dir='ltr'><strong>summopere</strong></span> <span class='ocrx_word' id='word_1_128' title='bbox 1185 2073 1476 2126; x_wconf 90' lang='lat' dir='ltr'><strong>notandum</strong></span> <span class='ocrx_word' id='word_1_129' title='bbox 1501 2085 1603 2136; x_wconf 85' lang='lat' dir='ltr'><strong>est,</strong></span> <span class='ocrx_word' id='word_1_130' title='bbox 1633 2075 1757 2143; x_wconf 83' lang='lat' dir='ltr'><strong>quia</strong></span> <span class='ocrx_word' id='word_1_131' title='bbox 1787 2091 1880 2145; x_wconf 86' lang='lat' dir='ltr'><strong>pe-</strong></span> 
     </span>
    </p>
   </div>
   <div class='ocr_carea' id='block_1_19' title="bbox 283 2140 1877 2228">
    <p class='ocr_par' dir='ltr' id='par_1_19' title="bbox 283 2140 1877 2228">
     <span class='ocr_line' id='line_1_19' title="bbox 283 2140 1877 2228; baseline 0.006 -18"><span class='ocrx_word' id='word_1_132' title='bbox 283 2156 384 2211; x_wconf 86' lang='lat' dir='ltr'><strong>des</strong></span> <span class='ocrx_word' id='word_1_133' title='bbox 416 2140 596 2210; x_wconf 74' lang='lat' dir='ltr'><strong>lavare</strong></span> <span class='ocrx_word' id='word_1_134' title='bbox 629 2159 953 2228; x_wconf 86' lang='lat' dir='ltr'><strong>pauperibus</strong></span> <span class='ocrx_word' id='word_1_135' title='bbox 994 2161 1408 2216; x_wconf 88' lang='lat' dir='ltr'><strong>saluberrimmn</strong></span> <span class='ocrx_word' id='word_1_136' title='bbox 1447 2174 1548 2219; x_wconf 90' lang='lat' dir='ltr'><strong>est.</strong></span> <span class='ocrx_word' id='word_1_137' title='bbox 1583 2165 1731 2220; x_wconf 87' lang='lat' dir='ltr'><strong>Unde</strong></span> <span class='ocrx_word' id='word_1_138' title='bbox 1777 2167 1877 2220; x_wconf 85' lang='lat' dir='ltr'><strong>Do-</strong></span> 
     </span>
    </p>
   </div>
   <div class='ocr_carea' id='block_1_20' title="bbox 280 2249 1877 2329">
    <p class='ocr_par' dir='ltr' id='par_1_20' title="bbox 280 2249 1877 2329">
     <span class='ocr_line' id='line_1_20' title="bbox 280 2249 1877 2329; baseline 0.006 -26"><span class='ocrx_word' id='word_1_139' title='bbox 280 2249 466 2304; x_wconf 89' lang='lat' dir='ltr'><strong>minus</strong></span> <span class='ocrx_word' id='word_1_140' title='bbox 490 2249 565 2303; x_wconf 90' lang='lat' dir='ltr'><strong>ait</strong></span> <span class='ocrx_word' id='word_1_141' title='bbox 592 2251 872 2320; x_wconf 85' lang='lat' dir='ltr'><strong>discipulis</strong></span> <span class='ocrx_word' id='word_1_142' title='bbox 903 2269 915 2305; x_wconf 87' lang='lat'><strong>:</strong></span> <span class='ocrx_word' id='word_1_143' title='bbox 953 2271 972 2303; x_wconf 72' lang='grc' dir='ltr'>ς</span> <span class='ocrx_word' id='word_1_144' title='bbox 1002 2252 1058 2307; x_wconf 90' lang='lat' dir='ltr'><strong>Si</strong></span> <span class='ocrx_word' id='word_1_145' title='bbox 1087 2271 1214 2324; x_wconf 77' lang='lat' dir='ltr'><strong>ergo</strong></span> <span class='ocrx_word' id='word_1_146' title='bbox 1252 2255 1511 2312; x_wconf 82' lang='lat' dir='ltr'><strong>Dominus</strong></span> <span class='ocrx_word' id='word_1_147' title='bbox 1538 2268 1592 2312; x_wconf 90' lang='lat' dir='ltr'><strong>et</strong></span> <span class='ocrx_word' id='word_1_148' title='bbox 1622 2260 1877 2329; x_wconf 82' lang='lat' dir='ltr'><strong>magister</strong></span> 
     </span>
    </p>
   </div>
   <div class='ocr_carea' id='block_1_21' title="bbox 280 2341 1875 2418">
    <p class='ocr_par' dir='ltr' id='par_1_21' title="bbox 280 2341 1875 2418">
     <span class='ocr_line' id='line_1_21' title="bbox 280 2341 1875 2418; baseline 0.01 -28"><span class='ocrx_word' id='word_1_149' title='bbox 280 2351 468 2395; x_wconf 76' lang='lat' dir='ltr'><strong>vester</strong></span> <span class='ocrx_word' id='word_1_150' title='bbox 507 2341 610 2395; x_wconf 88' lang='lat' dir='ltr'><strong>lavi</strong></span> <span class='ocrx_word' id='word_1_151' title='bbox 657 2343 808 2397; x_wconf 89' lang='lat' dir='ltr'><strong>vobis</strong></span> <span class='ocrx_word' id='word_1_152' title='bbox 852 2344 1050 2412; x_wconf 85' lang='lat' dir='ltr'><strong>pedes,</strong></span> <span class='ocrx_word' id='word_1_153' title='bbox 1094 2356 1298 2413; x_wconf 86' lang='lat' dir='ltr'><strong>quanto</strong></span> <span class='ocrx_word' id='word_1_154' title='bbox 1329 2351 1500 2418; x_wconf 86' lang='lat' dir='ltr'><strong>magis</strong></span> <span class='ocrx_word' id='word_1_155' title='bbox 1530 2364 1624 2404; x_wconf 89' lang='lat' dir='ltr'><strong>vos</strong></span> <span class='ocrx_word' id='word_1_156' title='bbox 1669 2351 1875 2406; x_wconf 83' lang='lat' dir='ltr'><strong>debetis</strong></span> 
     </span>
    </p>
   </div>
   <div class='ocr_carea' id='block_1_22' title="bbox 277 2434 1874 2507">
    <p class='ocr_par' dir='ltr' id='par_1_22' title="bbox 277 2434 1874 2507">
     <span class='ocr_line' id='line_1_22' title="bbox 277 2434 1874 2507; baseline 0.004 -19"><span class='ocrx_word' id='word_1_157' title='bbox 277 2434 418 2489; x_wconf 88' lang='lat' dir='ltr'><strong>alter</strong></span> <span class='ocrx_word' id='word_1_158' title='bbox 443 2434 664 2488; x_wconf 87' lang='lat' dir='ltr'><strong>alterius</strong></span> <span class='ocrx_word' id='word_1_159' title='bbox 690 2435 871 2489; x_wconf 88' lang='lat' dir='ltr'><strong>lavare</strong></span> <span class='ocrx_word' id='word_1_160' title='bbox 903 2437 1105 2505; x_wconf 83' lang='lat' dir='ltr'><strong>pedes?</strong></span> <span class='ocrx_word' id='word_1_161' title='bbox 1152 2458 1170 2489; x_wconf 75' lang='grc' dir='ltr'><strong>ι</strong></span> <span class='ocrx_word' id='word_1_162' title='bbox 1200 2438 1379 2496; x_wconf 82' lang='lat' dir='ltr'><strong>(Joan.</strong></span> <span class='ocrx_word' id='word_1_163' title='bbox 1412 2441 1550 2507; x_wconf 76' lang='lat' dir='ltr'><strong>xm.)</strong></span> <span class='ocrx_word' id='word_1_164' title='bbox 1585 2440 1648 2494; x_wconf 76' lang='lat' dir='ltr'><strong>Et</strong></span> <span class='ocrx_word' id='word_1_165' title='bbox 1684 2452 1741 2494; x_wconf 89' lang='lat' dir='ltr'><strong>ut</strong></span> <span class='ocrx_word' id='word_1_166' title='bbox 1772 2441 1874 2496; x_wconf 84' lang='lat' dir='ltr'><strong>hoc</strong></span> 
     </span>
    </p>
   </div>
   <div class='ocr_carea' id='block_1_23' title="bbox 277 2527 1875 2587">
    <p class='ocr_par' dir='ltr' id='par_1_23' title="bbox 277 2527 1875 2587">
     <span class='ocr_line' id='line_1_23' title="bbox 277 2527 1875 2587; baseline 0.003 -5"><span class='ocrx_word' id='word_1_167' title='bbox 277 2529 598 2582; x_wconf 85' lang='lat' dir='ltr'><strong>mandatum</strong></span> <span class='ocrx_word' id='word_1_168' title='bbox 630 2528 851 2581; x_wconf 81' lang='lat' dir='ltr'><strong>tirntiori</strong></span> <span class='ocrx_word' id='word_1_169' title='bbox 898 2527 1076 2583; x_wconf 89' lang='lat' dir='ltr'><strong>adlmc</strong></span> <span class='ocrx_word' id='word_1_170' title='bbox 1112 2530 1431 2584; x_wconf 88' lang='lat' dir='ltr'><strong>auctoritate</strong></span> <span class='ocrx_word' id='word_1_171' title='bbox 1473 2541 1752 2587; x_wconf 83' lang='lat' dir='ltr'><strong>statueret.</strong></span> <span class='ocrx_word' id='word_1_172' title='bbox 1782 2547 1875 2586; x_wconf 87' lang='lat' dir='ltr'><strong>eo-</strong></span> 
     </span>
    </p>
   </div>
   <div class='ocr_carea' id='block_1_24' title="bbox 277 2619 1870 2692">
    <p class='ocr_par' dir='ltr' id='par_1_24' title="bbox 277 2619 1870 2692">
     <span class='ocr_line' id='line_1_24' title="bbox 277 2619 1870 2692; baseline 0.003 -21"><span class='ocrx_word' id='word_1_173' title='bbox 277 2632 510 2684; x_wconf 88' lang='lat' dir='ltr'><strong>rumque</strong></span> <span class='ocrx_word' id='word_1_174' title='bbox 544 2619 813 2673; x_wconf 90' lang='lat' dir='ltr'><strong>mentibus</strong></span> <span class='ocrx_word' id='word_1_175' title='bbox 855 2621 955 2674; x_wconf 91' lang='lat' dir='ltr'><strong>hoc</strong></span> <span class='ocrx_word' id='word_1_176' title='bbox 999 2621 1204 2674; x_wconf 90' lang='lat' dir='ltr'><strong>arctius</strong></span> <span class='ocrx_word' id='word_1_177' title='bbox 1255 2621 1586 2685; x_wconf 88' lang='lat' dir='ltr'><strong>inculcaret,</strong></span> <span class='ocrx_word' id='word_1_178' title='bbox 1627 2623 1822 2692; x_wconf 78' lang='lat' dir='ltr'><strong>adjecit</strong></span> <span class='ocrx_word' id='word_1_179' title='bbox 1855 2638 1870 2676; x_wconf 90' lang='lat'><strong>:</strong></span> 
     </span>
    </p>
   </div>
   <div class='ocr_carea' id='block_1_25' title="bbox 280 2707 1872 2784">
    <p class='ocr_par' dir='ltr' id='par_1_25' title="bbox 280 2707 1872 2784">
     <span class='ocr_line' id='line_1_25' title="bbox 280 2707 1872 2784; baseline 0.008 -27"><span class='ocrx_word' id='word_1_180' title='bbox 280 2726 302 2757; x_wconf 72' lang='grc' dir='ltr'><strong>ι</strong></span> <span class='ocrx_word' id='word_1_181' title='bbox 339 2707 652 2777; x_wconf 75' lang='lat' dir='ltr'><strong>Exemplum</strong></span> <span class='ocrx_word' id='word_1_182' title='bbox 681 2711 826 2762; x_wconf 90' lang='lat' dir='ltr'><strong>enim</strong></span> <span class='ocrx_word' id='word_1_183' title='bbox 854 2711 973 2764; x_wconf 92' lang='lat' dir='ltr'><strong>dedi</strong></span> <span class='ocrx_word' id='word_1_184' title='bbox 1007 2711 1178 2776; x_wconf 85' lang='lat' dir='ltr'><strong>vobis,</strong></span> <span class='ocrx_word' id='word_1_185' title='bbox 1210 2723 1270 2765; x_wconf 88' lang='lat' dir='ltr'><strong>ut</strong></span> <span class='ocrx_word' id='word_1_186' title='bbox 1292 2713 1746 2780; x_wconf 84' lang='lat' dir='ltr'><strong>(ptemadmodum</strong></span> <span class='ocrx_word' id='word_1_187' title='bbox 1771 2729 1872 2784; x_wconf 80' lang='lat' dir='ltr'><strong>ego</strong></span> 
     </span>
    </p>
   </div>
   <div class='ocr_carea' id='block_1_26' title="bbox 274 2795 1868 2874">
    <p class='ocr_par' dir='ltr' id='par_1_26' title="bbox 274 2795 1868 2874">
     <span class='ocr_line' id='line_1_26' title="bbox 274 2795 1868 2874; baseline 0.006 -24"><span class='ocrx_word' id='word_1_188' title='bbox 274 2795 418 2860; x_wconf 85' lang='lat' dir='ltr'><strong>feci,</strong></span> <span class='ocrx_word' id='word_1_189' title='bbox 467 2797 540 2850; x_wconf 87' lang='lat' dir='ltr'><strong>ita</strong></span> <span class='ocrx_word' id='word_1_190' title='bbox 585 2805 639 2851; x_wconf 92' lang='lat' dir='ltr'><strong>et</strong></span> <span class='ocrx_word' id='word_1_191' title='bbox 677 2813 772 2852; x_wconf 81' lang='lat' dir='ltr'><strong>vos</strong></span> <span class='ocrx_word' id='word_1_192' title='bbox 821 2801 983 2870; x_wconf 79' lang='lat'><strong>210</strong></span> <span class='ocrx_word' id='word_1_193' title='bbox 1030 2800 1243 2856; x_wconf 76' lang='lat' dir='ltr'><strong>faciatis</strong></span> <span class='ocrx_word' id='word_1_194' title='bbox 1283 2803 1492 2874; x_wconf 65' lang='lat' dir='ltr'><strong>(Ibid).</strong></span> <span class='ocrx_word' id='word_1_195' title='bbox 1529 2823 1546 2854; x_wconf 78' lang='grc' dir='ltr'><strong>ι</strong></span> <span class='ocrx_word' id='word_1_196' title='bbox 1585 2803 1717 2858; x_wconf 80' lang='lat' dir='ltr'><strong>Nam</strong></span> <span class='ocrx_word' id='word_1_197' title='bbox 1747 2820 1868 2860; x_wconf 91' lang='lat' dir='ltr'><strong>eum</strong></span> 
     </span>
    </p>
   </div>
   <div class='ocr_carea' id='block_1_27' title="bbox 273 2888 1864 2963">
    <p class='ocr_par' dir='ltr' id='par_1_27' title="bbox 273 2888 1864 2963">
     <span class='ocr_line' id='line_1_27' title="bbox 273 2888 1864 2963; baseline 0.008 -26"><span class='ocrx_word' id='word_1_198' title='bbox 273 2901 571 2956; x_wconf 84' lang='lat' dir='ltr'><strong>pauperum</strong></span> <span class='ocrx_word' id='word_1_199' title='bbox 619 2889 780 2958; x_wconf 85' lang='lat' dir='ltr'><strong>pedes</strong></span> <span class='ocrx_word' id='word_1_200' title='bbox 819 2889 868 2941; x_wconf 90' lang='lat' dir='ltr'><strong>in</strong></span> <span class='ocrx_word' id='word_1_201' title='bbox 917 2888 1031 2957; x_wconf 84' lang='lat' dir='ltr'><strong>ejus</strong></span> <span class='ocrx_word' id='word_1_202' title='bbox 1060 2892 1150 2960; x_wconf 88' lang='lat' dir='ltr'><strong>qui</strong></span> <span class='ocrx_word' id='word_1_203' title='bbox 1185 2895 1437 2963; x_wconf 77' lang='lat' dir='ltr'><strong>praecepit</strong></span> <span class='ocrx_word' id='word_1_204' title='bbox 1472 2895 1758 2950; x_wconf 73' lang='lat' dir='ltr'><strong>devotione</strong></span> <span class='ocrx_word' id='word_1_205' title='bbox 1790 2895 1864 2950; x_wconf 87' lang='lat' dir='ltr'><strong>la-</strong></span> 
     </span>
    </p>
   </div>
   <div class='ocr_carea' id='block_1_28' title="bbox 272 2979 1868 3056">
    <p class='ocr_par' dir='ltr' id='par_1_28' title="bbox 272 2979 1868 3056">
     <span class='ocr_line' id='line_1_28' title="bbox 272 2979 1868 3056; baseline 0.008 -26"><span class='ocrx_word' id='word_1_206' title='bbox 272 2989 492 3044; x_wconf 78' lang='lat' dir='ltr'><strong>vantur,</strong></span> <span class='ocrx_word' id='word_1_207' title='bbox 524 2979 753 3033; x_wconf 83' lang='lat' dir='ltr'><strong>lavantis</strong></span> <span class='ocrx_word' id='word_1_208' title='bbox 781 2981 1023 3050; x_wconf 81' lang='lat' dir='ltr'><strong>profecto</strong></span> <span class='ocrx_word' id='word_1_209' title='bbox 1059 2994 1114 3037; x_wconf 90' lang='lat' dir='ltr'><strong>et</strong></span> <span class='ocrx_word' id='word_1_210' title='bbox 1144 2985 1323 3039; x_wconf 89' lang='lat' dir='ltr'><strong>anima</strong></span> <span class='ocrx_word' id='word_1_211' title='bbox 1349 2987 1508 3041; x_wconf 89' lang='lat' dir='ltr'><strong>simul</strong></span> <span class='ocrx_word' id='word_1_212' title='bbox 1536 3001 1585 3041; x_wconf 81' lang='lat' dir='ltr'><strong>et</strong></span> <span class='ocrx_word' id='word_1_213' title='bbox 1613 3003 1812 3056; x_wconf 83' lang='lat' dir='ltr'><strong>corpus</strong></span> <span class='ocrx_word' id='word_1_214' title='bbox 1836 3005 1868 3043; x_wconf 88' lang='lat' dir='ltr'><strong>a</strong></span> 
     </span>
    </p>
   </div>
   <div class='ocr_carea' id='block_1_29' title="bbox 271 3070 1864 3143">
    <p class='ocr_par' dir='ltr' id='par_1_29' title="bbox 271 3070 1864 3143">
     <span class='ocr_line' id='line_1_29' title="bbox 271 3070 1864 3143; baseline 0.01 -27"><span class='ocrx_word' id='word_1_215' title='bbox 271 3070 516 3137; x_wconf 82' lang='lat' dir='ltr'><strong>peccatis</strong></span> <span class='ocrx_word' id='word_1_216' title='bbox 561 3070 815 3124; x_wconf 82' lang='lat' dir='ltr'><strong>abluitur.</strong></span> <span class='ocrx_word' id='word_1_217' title='bbox 868 3071 1020 3127; x_wconf 86' lang='lat' dir='ltr'><strong>Unde</strong></span> <span class='ocrx_word' id='word_1_218' title='bbox 1064 3082 1118 3127; x_wconf 83' lang='lat' dir='ltr'><strong>ct</strong></span> <span class='ocrx_word' id='word_1_219' title='bbox 1163 3073 1356 3130; x_wconf 87' lang='lat' dir='ltr'><strong>Petrus</strong></span> <span class='ocrx_word' id='word_1_220' title='bbox 1398 3076 1476 3129; x_wconf 92' lang='lat' dir='ltr'><strong>ait</strong></span> <span class='ocrx_word' id='word_1_221' title='bbox 1519 3094 1532 3130; x_wconf 87' lang='lat'><strong>:</strong></span> <span class='ocrx_word' id='word_1_222' title='bbox 1569 3096 1586 3129; x_wconf 80' lang='grc' dir='ltr'><strong>ι</strong></span> <span class='ocrx_word' id='word_1_223' title='bbox 1617 3078 1864 3143; x_wconf 76' lang='lat' dir='ltr'><strong>ltnmine,</strong></span> 
     </span>
    </p>
   </div>
   <div class='ocr_carea' id='block_1_30' title="bbox 271 3165 1867 3240">
    <p class='ocr_par' dir='ltr' id='par_1_30' title="bbox 271 3165 1867 3240">
     <span class='ocr_line' id='line_1_30' title="bbox 271 3165 1867 3240; baseline 0.009 -29"><span class='ocrx_word' id='word_1_224' title='bbox 271 3173 381 3211; x_wconf 77' lang='lat' dir='ltr'><strong>non</strong></span> <span class='ocrx_word' id='word_1_225' title='bbox 418 3167 622 3214; x_wconf 88' lang='lat' dir='ltr'><strong>lantmn</strong></span> <span class='ocrx_word' id='word_1_226' title='bbox 663 3165 825 3231; x_wconf 86' lang='lat' dir='ltr'><strong>pedes</strong></span> <span class='ocrx_word' id='word_1_227' title='bbox 863 3179 1051 3230; x_wconf 91' lang='lat' dir='ltr'><strong>meos,</strong></span> <span class='ocrx_word' id='word_1_228' title='bbox 1105 3165 1198 3220; x_wconf 88' lang='lat' dir='ltr'><strong>sed</strong></span> <span class='ocrx_word' id='word_1_229' title='bbox 1245 3175 1299 3221; x_wconf 91' lang='lat' dir='ltr'><strong>ct</strong></span> <span class='ocrx_word' id='word_1_230' title='bbox 1349 3183 1571 3234; x_wconf 85' lang='lat' dir='ltr'><strong>manus,</strong></span> <span class='ocrx_word' id='word_1_231' title='bbox 1615 3178 1671 3224; x_wconf 91' lang='lat' dir='ltr'><strong>ct</strong></span> <span class='ocrx_word' id='word_1_232' title='bbox 1705 3179 1867 3240; x_wconf 84' lang='lat' dir='ltr'><strong>caput</strong></span> 
     </span>
    </p>
   </div>
   <div class='ocr_carea' id='block_1_31' title="bbox 269 3251 1934 3328">
    <p class='ocr_par' dir='ltr' id='par_1_31' title="bbox 269 3251 1934 3328">
     <span class='ocr_line' id='line_1_31' title="bbox 269 3251 1934 3328; baseline 0.007 -24"><span class='ocrx_word' id='word_1_233' title='bbox 269 3251 485 3322; x_wconf 63' lang='lat' dir='ltr'><strong>(Mitt).</strong></span> <span class='ocrx_word' id='word_1_234' title='bbox 518 3273 536 3304; x_wconf 77' lang='grc' dir='ltr'><strong>ι</strong></span> <span class='ocrx_word' id='word_1_235' title='bbox 566 3255 676 3309; x_wconf 85' lang='lat' dir='ltr'><strong>Cur</strong></span> <span class='ocrx_word' id='word_1_236' title='bbox 702 3256 881 3324; x_wconf 87' lang='lat' dir='ltr'><strong>itaque</strong></span> <span class='ocrx_word' id='word_1_237' title='bbox 917 3255 1104 3311; x_wconf 83' lang='lat' dir='ltr'><strong>Petrus</strong></span> <span class='ocrx_word' id='word_1_238' title='bbox 1135 3274 1237 3310; x_wconf 91' lang='lat' dir='ltr'><strong>non</strong></span> <span class='ocrx_word' id='word_1_239' title='bbox 1269 3258 1372 3312; x_wconf 87' lang='lat' dir='ltr'><strong>alia</strong></span> <span class='ocrx_word' id='word_1_240' title='bbox 1401 3261 1644 3328; x_wconf 83' lang='lat' dir='ltr'><strong>corporis</strong></span> <span class='ocrx_word' id='word_1_241' title='bbox 1686 3276 1860 3314; x_wconf 85' lang='lat' dir='ltr'><strong>mem-</strong></span> <span class='ocrx_word' id='word_1_242' title='bbox 1889 3258 1934 3321; x_wconf 87' lang='lat' dir='ltr'><strong>C</strong></span> 
     </span>
    </p>
   </div>
   <div class='ocr_carea' id='block_1_32' title="bbox 268 3343 1857 3421">
    <p class='ocr_par' dir='ltr' id='par_1_32' title="bbox 268 3343 1857 3421">
     <span class='ocr_line' id='line_1_32' title="bbox 268 3343 1857 3421; baseline 0.007 -25"><span class='ocrx_word' id='word_1_243' title='bbox 268 3343 367 3397; x_wconf 85' lang='lat' dir='ltr'><strong>bra</strong></span> <span class='ocrx_word' id='word_1_244' title='bbox 415 3360 535 3399; x_wconf 76' lang='lat' dir='ltr'><strong>eum</strong></span> <span class='ocrx_word' id='word_1_245' title='bbox 585 3348 807 3415; x_wconf 89' lang='lat' dir='ltr'><strong>pedibus</strong></span> <span class='ocrx_word' id='word_1_246' title='bbox 856 3359 1051 3417; x_wconf 71' lang='lat' dir='ltr'><strong>pneter</strong></span> <span class='ocrx_word' id='word_1_247' title='bbox 1099 3364 1289 3404; x_wconf 91' lang='lat' dir='ltr'><strong>manus</strong></span> <span class='ocrx_word' id='word_1_248' title='bbox 1340 3360 1394 3404; x_wconf 90' lang='lat' dir='ltr'><strong>ct</strong></span> <span class='ocrx_word' id='word_1_249' title='bbox 1442 3359 1600 3421; x_wconf 87' lang='lat' dir='ltr'><strong>caput</strong></span> <span class='ocrx_word' id='word_1_250' title='bbox 1643 3352 1857 3418; x_wconf 87' lang='lat' dir='ltr'><strong>obtulit,</strong></span> 
     </span>
    </p>
   </div>
   <div class='ocr_carea' id='block_1_33' title="bbox 270 3433 1859 3513">
    <p class='ocr_par' dir='ltr' id='par_1_33' title="bbox 270 3433 1859 3513">
     <span class='ocr_line' id='line_1_33' title="bbox 270 3433 1859 3513; baseline 0.008 -27"><span class='ocrx_word' id='word_1_251' title='bbox 270 3434 375 3488; x_wconf 85' lang='lat' dir='ltr'><strong>nisi</strong></span> <span class='ocrx_word' id='word_1_252' title='bbox 419 3433 544 3502; x_wconf 90' lang='lat' dir='ltr'><strong>quia</strong></span> <span class='ocrx_word' id='word_1_253' title='bbox 588 3451 686 3505; x_wconf 86' lang='lat' dir='ltr'><strong>per</strong></span> <span class='ocrx_word' id='word_1_254' title='bbox 714 3435 859 3500; x_wconf 76' lang='lat' dir='ltr'><strong>lucc,</strong></span> <span class='ocrx_word' id='word_1_255' title='bbox 906 3455 1067 3506; x_wconf 87' lang='lat' dir='ltr'><strong>opera</strong></span> <span class='ocrx_word' id='word_1_256' title='bbox 1118 3441 1362 3509; x_wconf 88' lang='lat' dir='ltr'><strong>corporis</strong></span> <span class='ocrx_word' id='word_1_257' title='bbox 1408 3450 1463 3495; x_wconf 90' lang='lat' dir='ltr'><strong>et</strong></span> <span class='ocrx_word' id='word_1_258' title='bbox 1505 3443 1859 3513; x_wconf 81' lang='lat' dir='ltr'><strong>cogitationes</strong></span> 
     </span>
    </p>
   </div>
   <div class='ocr_carea' id='block_1_34' title="bbox 228 3526 1860 3602">
    <p class='ocr_par' dir='ltr' id='par_1_34' title="bbox 228 3526 1860 3602">
     <span class='ocr_line' id='line_1_34' title="bbox 228 3526 1860 3602; baseline 0.007 -25"><span class='ocrx_word' id='word_1_259' title='bbox 228 3584 234 3587; x_wconf 44' lang='grc'><strong>,</strong></span> <span class='ocrx_word' id='word_1_260' title='bbox 269 3526 469 3578; x_wconf 85' lang='lat' dir='ltr'><strong>mentis</strong></span> <span class='ocrx_word' id='word_1_261' title='bbox 512 3529 817 3596; x_wconf 61' lang='lat' dir='ltr'><strong>expressit?</strong></span> <span class='ocrx_word' id='word_1_262' title='bbox 860 3530 1033 3600; x_wconf 87' lang='lat' dir='ltr'><strong>Caput</strong></span> <span class='ocrx_word' id='word_1_263' title='bbox 1080 3532 1224 3584; x_wconf 90' lang='lat' dir='ltr'><strong>enim</strong></span> <span class='ocrx_word' id='word_1_264' title='bbox 1271 3547 1369 3602; x_wconf 91' lang='lat' dir='ltr'><strong>pro</strong></span> <span class='ocrx_word' id='word_1_265' title='bbox 1415 3543 1625 3599; x_wconf 90' lang='lat' dir='ltr'><strong>mente,</strong></span> <span class='ocrx_word' id='word_1_266' title='bbox 1667 3551 1860 3591; x_wconf 75' lang='lat' dir='ltr'><strong>manus</strong></span> 
     </span>
    </p>
   </div>
   <div class='ocr_carea' id='block_1_35' title="bbox 266 3617 1501 3689">
    <p class='ocr_par' dir='ltr' id='par_1_35' title="bbox 266 3617 1501 3689">
     <span class='ocr_line' id='line_1_35' title="bbox 266 3617 1501 3689; baseline 0.01 -25"><span class='ocrx_word' id='word_1_267' title='bbox 266 3627 400 3668; x_wconf 85' lang='lat' dir='ltr'><strong>vero</strong></span> <span class='ocrx_word' id='word_1_268' title='bbox 426 3628 526 3684; x_wconf 88' lang='lat' dir='ltr'><strong>pro</strong></span> <span class='ocrx_word' id='word_1_269' title='bbox 559 3617 720 3669; x_wconf 86' lang='lat' dir='ltr'><strong>toties</strong></span> <span class='ocrx_word' id='word_1_270' title='bbox 749 3619 968 3686; x_wconf 89' lang='lat' dir='ltr'><strong>ponitur</strong></span> <span class='ocrx_word' id='word_1_271' title='bbox 995 3622 1241 3689; x_wconf 86' lang='lat' dir='ltr'><strong>corporis</strong></span> <span class='ocrx_word' id='word_1_272' title='bbox 1267 3622 1501 3676; x_wconf 87' lang='lat' dir='ltr'><strong>actione.</strong></span> 
     </span>
    </p>
   </div>
   <div class='ocr_carea' id='block_1_36' title="bbox 336 3702 1857 3785">
    <p class='ocr_par' dir='ltr' id='par_1_36' title="bbox 336 3702 1857 3785">
     <span class='ocr_line' id='line_1_36' title="bbox 336 3702 1857 3785; baseline 0.008 -28"><span class='ocrx_word' id='word_1_273' title='bbox 336 3702 512 3758; x_wconf 85' lang='lat' dir='ltr'><strong>Porro</strong></span> <span class='ocrx_word' id='word_1_274' title='bbox 550 3705 858 3762; x_wconf 79' lang='lat' dir='ltr'><strong>Mainardus</strong></span> <span class='ocrx_word' id='word_1_275' title='bbox 889 3711 1213 3765; x_wconf 77' lang='lat' dir='ltr'><strong>venerabilis</strong></span> <span class='ocrx_word' id='word_1_276' title='bbox 1246 3711 1420 3783; x_wconf 73' lang='lat' dir='ltr'><strong>Sylva:</strong></span> <span class='ocrx_word' id='word_1_277' title='bbox 1459 3713 1711 3768; x_wconf 70' lang='lat' dir='ltr'><strong>Candida:</strong></span> <span class='ocrx_word' id='word_1_278' title='bbox 1739 3716 1857 3785; x_wconf 89' lang='lat' dir='ltr'><strong>epi-</strong></span> 
     </span>
    </p>
   </div>
   <div class='ocr_carea' id='block_1_37' title="bbox 265 3798 1859 3874">
    <p class='ocr_par' dir='ltr' id='par_1_37' title="bbox 265 3798 1859 3874">
     <span class='ocr_line' id='line_1_37' title="bbox 265 3798 1859 3874; baseline 0.007 -25"><span class='ocrx_word' id='word_1_279' title='bbox 265 3811 466 3864; x_wconf 87' lang='lat' dir='ltr'><strong>scopus</strong></span> <span class='ocrx_word' id='word_1_280' title='bbox 492 3798 620 3852; x_wconf 90' lang='lat' dir='ltr'><strong>mihi</strong></span> <span class='ocrx_word' id='word_1_281' title='bbox 655 3801 835 3854; x_wconf 85' lang='lat' dir='ltr'><strong>retulit</strong></span> <span class='ocrx_word' id='word_1_282' title='bbox 880 3803 1005 3872; x_wconf 87' lang='lat' dir='ltr'><strong>quia</strong></span> <span class='ocrx_word' id='word_1_283' title='bbox 1060 3801 1310 3856; x_wconf 77' lang='lat' dir='ltr'><strong>Nicotaus</strong></span> <span class='ocrx_word' id='word_1_284' title='bbox 1341 3820 1501 3874; x_wconf 89' lang='lat' dir='ltr'><strong>papa,</strong></span> <span class='ocrx_word' id='word_1_285' title='bbox 1527 3806 1627 3874; x_wconf 73' lang='lat' dir='ltr'><strong>pia:</strong></span> <span class='ocrx_word' id='word_1_286' title='bbox 1656 3821 1859 3861; x_wconf 87' lang='lat' dir='ltr'><strong>memo-</strong></span> 
     </span>
    </p>
   </div>
   <div class='ocr_carea' id='block_1_38' title="bbox 267 3884 1857 3954">
    <p class='ocr_par' dir='ltr' id='par_1_38' title="bbox 267 3884 1857 3954">
     <span class='ocr_line' id='line_1_38' title="bbox 267 3884 1857 3954; baseline 0.009 -18"><span class='ocrx_word' id='word_1_287' title='bbox 267 3884 383 3946; x_wconf 69' lang='lat' dir='ltr'><strong>rite,</strong></span> <span class='ocrx_word' id='word_1_288' title='bbox 410 3884 501 3954; x_wconf 93' lang='lat' dir='ltr'><strong>qui</strong></span> <span class='ocrx_word' id='word_1_289' title='bbox 533 3896 660 3940; x_wconf 85' lang='lat' dir='ltr'><strong>ante</strong></span> <span class='ocrx_word' id='word_1_290' title='bbox 693 3890 982 3945; x_wconf 90' lang='lat' dir='ltr'><strong>triennium</strong></span> <span class='ocrx_word' id='word_1_291' title='bbox 1018 3908 1080 3945; x_wconf 72' lang='lat' dir='ltr'><strong>ex</strong></span> <span class='ocrx_word' id='word_1_292' title='bbox 1123 3893 1222 3946; x_wconf 92' lang='lat' dir='ltr'><strong>hac</strong></span> <span class='ocrx_word' id='word_1_293' title='bbox 1253 3893 1305 3946; x_wconf 92' lang='lat' dir='ltr'><strong>in</strong></span> <span class='ocrx_word' id='word_1_294' title='bbox 1337 3894 1564 3948; x_wconf 90' lang='lat' dir='ltr'><strong>Domino</strong></span> <span class='ocrx_word' id='word_1_295' title='bbox 1609 3895 1726 3950; x_wconf 91' lang='lat' dir='ltr'><strong>lucc</strong></span> <span class='ocrx_word' id='word_1_296' title='bbox 1754 3897 1857 3951; x_wconf 90' lang='lat' dir='ltr'><strong>mi-</strong></span> 
     </span>
    </p>
   </div>
   <div class='ocr_carea' id='block_1_39' title="bbox 265 3974 1857 4052">
    <p class='ocr_par' dir='ltr' id='par_1_39' title="bbox 265 3974 1857 4052">
     <span class='ocr_line' id='line_1_39' title="bbox 265 3974 1857 4052; baseline 0.009 -27"><span class='ocrx_word' id='word_1_297' title='bbox 265 3974 461 4042; x_wconf 79' lang='lat' dir='ltr'><strong>gravit,</strong></span> <span class='ocrx_word' id='word_1_298' title='bbox 495 3992 766 4045; x_wconf 87' lang='lat' dir='ltr'><strong>nunquam</strong></span> <span class='ocrx_word' id='word_1_299' title='bbox 808 3980 860 4032; x_wconf 90' lang='lat' dir='ltr'><strong>in</strong></span> <span class='ocrx_word' id='word_1_300' title='bbox 895 3989 1005 4034; x_wconf 92' lang='lat' dir='ltr'><strong>toto</strong></span> <span class='ocrx_word' id='word_1_301' title='bbox 1036 3997 1177 4034; x_wconf 89' lang='lat' dir='ltr'><strong>anno</strong></span> <span class='ocrx_word' id='word_1_302' title='bbox 1217 3985 1665 4051; x_wconf 68' lang='lat' dir='ltr'><strong>pmterntittehat</strong></span> <span class='ocrx_word' id='word_1_303' title='bbox 1691 3987 1857 4052; x_wconf 83' lang='lat' dir='ltr'><strong>tliem,</strong></span> 
     </span>
    </p>
   </div>
   <div class='ocr_carea' id='block_1_40' title="bbox 264 4062 1855 4143">
    <p class='ocr_par' dir='ltr' id='par_1_40' title="bbox 264 4062 1855 4143">
     <span class='ocr_line' id='line_1_40' title="bbox 264 4062 1855 4143; baseline 0.011 -31"><span class='ocrx_word' id='word_1_304' title='bbox 264 4062 395 4128; x_wconf 89' lang='lat' dir='ltr'><strong>quin</strong></span> <span class='ocrx_word' id='word_1_305' title='bbox 430 4066 592 4130; x_wconf 89' lang='lat' dir='ltr'><strong>pedes</strong></span> <span class='ocrx_word' id='word_1_306' title='bbox 632 4066 913 4122; x_wconf 87' lang='lat' dir='ltr'><strong>duodecim</strong></span> <span class='ocrx_word' id='word_1_307' title='bbox 964 4073 1289 4140; x_wconf 84' lang='lat' dir='ltr'><strong>pauperibus</strong></span> <span class='ocrx_word' id='word_1_308' title='bbox 1333 4088 1549 4143; x_wconf 87' lang='lat' dir='ltr'><strong>semper</strong></span> <span class='ocrx_word' id='word_1_309' title='bbox 1593 4077 1855 4130; x_wconf 87' lang='lat' dir='ltr'><strong>ablueret.</strong></span> 
     </span>
    </p>
   </div>
   <div class='ocr_carea' id='block_1_41' title="bbox 264 4152 1854 4233">
    <p class='ocr_par' dir='ltr' id='par_1_41' title="bbox 264 4152 1854 4233">
     <span class='ocr_line' id='line_1_41' title="bbox 264 4152 1854 4233; baseline 0.011 -30"><span class='ocrx_word' id='word_1_310' title='bbox 264 4152 417 4218; x_wconf 82' lang='lat' dir='ltr'><strong>Quod</strong></span> <span class='ocrx_word' id='word_1_311' title='bbox 470 4157 513 4208; x_wconf 91' lang='lat' dir='ltr'><strong>si</strong></span> <span class='ocrx_word' id='word_1_312' title='bbox 564 4155 745 4212; x_wconf 85' lang='lat' dir='ltr'><strong>facere</strong></span> <span class='ocrx_word' id='word_1_313' title='bbox 803 4175 900 4230; x_wconf 89' lang='lat' dir='ltr'><strong>per</strong></span> <span class='ocrx_word' id='word_1_314' title='bbox 944 4171 1110 4216; x_wconf 89' lang='lat' dir='ltr'><strong>totum</strong></span> <span class='ocrx_word' id='word_1_315' title='bbox 1156 4179 1261 4217; x_wconf 88' lang='lat' dir='ltr'><strong>non</strong></span> <span class='ocrx_word' id='word_1_316' title='bbox 1317 4178 1629 4220; x_wconf 89' lang='lat' dir='ltr'><strong>occurreret</strong></span> <span class='ocrx_word' id='word_1_317' title='bbox 1671 4168 1810 4220; x_wconf 86' lang='lat' dir='ltr'><strong>diem</strong></span> <span class='ocrx_word' id='word_1_318' title='bbox 1839 4209 1854 4233; x_wconf 94' lang='lat'><strong>,</strong></span> 
     </span>
    </p>
   </div>
   <div class='ocr_carea' id='block_1_42' title="bbox 261 4239 1854 4327">
    <p class='ocr_par' dir='ltr' id='par_1_42' title="bbox 261 4239 1854 4327">
     <span class='ocr_line' id='line_1_42' title="bbox 261 4239 1854 4327; baseline 0.011 -33"><span class='ocrx_word' id='word_1_319' title='bbox 261 4239 502 4298; x_wconf 89' lang='lat' dir='ltr'><strong>lucidum</strong></span> <span class='ocrx_word' id='word_1_320' title='bbox 548 4246 766 4314; x_wconf 85' lang='lat' dir='ltr'><strong>pietatis</strong></span> <span class='ocrx_word' id='word_1_321' title='bbox 810 4263 945 4319; x_wconf 89' lang='lat' dir='ltr'><strong>opus</strong></span> <span class='ocrx_word' id='word_1_322' title='bbox 976 4253 1228 4322; x_wconf 74' lang='lat' dir='ltr'><strong>explebat</strong></span> <span class='ocrx_word' id='word_1_323' title='bbox 1255 4255 1307 4308; x_wconf 93' lang='lat' dir='ltr'><strong>in</strong></span> <span class='ocrx_word' id='word_1_324' title='bbox 1340 4264 1517 4309; x_wconf 83' lang='lat' dir='ltr'><strong>nocte.</strong></span> <span class='ocrx_word' id='word_1_325' title='bbox 1569 4255 1674 4311; x_wconf 83' lang='lat' dir='ltr'><strong>Sed</strong></span> <span class='ocrx_word' id='word_1_326' title='bbox 1719 4274 1854 4327; x_wconf 83' lang='lat' dir='ltr'><strong>quo-</strong></span> 
     </span>
    </p>
   </div>
   <div class='ocr_carea' id='block_1_43' title="bbox 262 4330 1855 4414">
    <p class='ocr_par' dir='ltr' id='par_1_43' title="bbox 262 4330 1855 4414">
     <span class='ocr_line' id='line_1_43' title="bbox 262 4330 1855 4414; baseline 0.011 -33"><span class='ocrx_word' id='word_1_327' title='bbox 262 4330 412 4383; x_wconf 92' lang='lat' dir='ltr'><strong>niam</strong></span> <span class='ocrx_word' id='word_1_328' title='bbox 441 4333 508 4385; x_wconf 92' lang='lat' dir='ltr'><strong>de</strong></span> <span class='ocrx_word' id='word_1_329' title='bbox 539 4335 820 4406; x_wconf 85' lang='lat' dir='ltr'><strong>privilegio</strong></span> <span class='ocrx_word' id='word_1_330' title='bbox 850 4339 1268 4406; x_wconf 72' lang='lat' dir='ltr'><strong>misericordiae,</strong></span> <span class='ocrx_word' id='word_1_331' title='bbox 1298 4352 1353 4396; x_wconf 89' lang='lat' dir='ltr'><strong>et</strong></span> <span class='ocrx_word' id='word_1_332' title='bbox 1391 4343 1855 4414; x_wconf 76' lang='lat' dir='ltr'><strong>clccmosynarum</strong></span> 
     </span>
    </p>
   </div>
   <div class='ocr_carea' id='block_1_44' title="bbox 259 4421 1857 4504">
    <p class='ocr_par' dir='ltr' id='par_1_44' title="bbox 259 4421 1857 4504">
     <span class='ocr_line' id='line_1_44' title="bbox 259 4421 1857 4504; baseline 0.009 -30"><span class='ocrx_word' id='word_1_333' title='bbox 259 4421 531 4489; x_wconf 82' lang='lat' dir='ltr'><strong>dignitate</strong></span> <span class='ocrx_word' id='word_1_334' title='bbox 560 4423 678 4491; x_wconf 92' lang='lat' dir='ltr'><strong>plus</strong></span> <span class='ocrx_word' id='word_1_335' title='bbox 707 4427 836 4480; x_wconf 91' lang='lat' dir='ltr'><strong>mihi</strong></span> <span class='ocrx_word' id='word_1_336' title='bbox 865 4427 1028 4482; x_wconf 88' lang='lat' dir='ltr'><strong>datur</strong></span> <span class='ocrx_word' id='word_1_337' title='bbox 1050 4431 1232 4485; x_wconf 84' lang='lat' dir='ltr'><strong>videre</strong></span> <span class='ocrx_word' id='word_1_338' title='bbox 1252 4448 1412 4501; x_wconf 88' lang='lat' dir='ltr'><strong>quam</strong></span> <span class='ocrx_word' id='word_1_339' title='bbox 1437 4432 1633 4496; x_wconf 82' lang='lat' dir='ltr'><strong>dicere,</strong></span> <span class='ocrx_word' id='word_1_340' title='bbox 1664 4435 1716 4489; x_wconf 92' lang='lat' dir='ltr'><strong>in</strong></span> <span class='ocrx_word' id='word_1_341' title='bbox 1741 4435 1857 4504; x_wconf 86' lang='lat' dir='ltr'><strong>ejus</strong></span> 
     </span>
    </p>
   </div>
   <div class='ocr_carea' id='block_1_45' title="bbox 257 4513 1370 4580">
    <p class='ocr_par' dir='ltr' id='par_1_45' title="bbox 257 4513 1370 4580">
     <span class='ocr_line' id='line_1_45' title="bbox 257 4513 1370 4580; baseline 0.012 -17"><span class='ocrx_word' id='word_1_342' title='bbox 257 4513 594 4580; x_wconf 53' lang='lat' dir='ltr'><strong>paeonium</strong></span> <span class='ocrx_word' id='word_1_343' title='bbox 624 4515 752 4570; x_wconf 90' lang='lat' dir='ltr'><strong>libet</strong></span> <span class='ocrx_word' id='word_1_344' title='bbox 778 4517 1015 4574; x_wconf 76' lang='lat' dir='ltr'><strong>breviter</strong></span> <span class='ocrx_word' id='word_1_345' title='bbox 1043 4521 1370 4576; x_wconf 77' lang='lat' dir='ltr'><strong>exclamare.</strong></span> 
     </span>
    </p>
   </div>
   <div class='ocr_carea' id='block_1_46' title="bbox 1316 407 2544 470">
    <p class='ocr_par' dir='ltr' id='par_1_46' title="bbox 1316 407 2544 470">
     <span class='ocr_line' id='line_1_46' title="bbox 1316 407 2544 470; baseline -0.001 -1"><span class='ocrx_word' id='word_1_346' title='bbox 1316 412 1557 470; x_wconf 86' lang='lat' dir='ltr'><strong>OPUSC.</strong></span> <span class='ocrx_word' id='word_1_347' title='bbox 1602 413 1668 468; x_wconf 77' lang='grc' dir='ltr'>Χ.</span> <span class='ocrx_word' id='word_1_348' title='bbox 1700 443 1768 453; x_wconf 83' lang='grc'><strong>-</strong></span> <span class='ocrx_word' id='word_1_349' title='bbox 1795 413 1881 466; x_wconf 77' lang='lat' dir='ltr'><strong>DE</strong></span> <span class='ocrx_word' id='word_1_350' title='bbox 1918 407 2122 467; x_wconf 80' lang='lat' dir='ltr'><strong>IIORIS</strong></span> <span class='ocrx_word' id='word_1_351' title='bbox 2160 409 2544 470; x_wconf 72' lang='lat' dir='ltr'><strong>CANONICIS.</strong></span> 
     </span>
    </p>
   </div>
   <div class='ocr_carea' id='block_1_47' title="bbox 303 527 1959 600">
    <p class='ocr_par' dir='ltr' id='par_1_47' title="bbox 303 527 1959 600">
     <span class='ocr_line' id='line_1_47' title="bbox 303 527 1959 600; baseline -0.002 -17"><span class='ocrx_word' id='word_1_352' title='bbox 303 530 642 600; x_wconf 81' lang='lat' dir='ltr'><strong>postmodum</strong></span> <span class='ocrx_word' id='word_1_353' title='bbox 692 527 892 598; x_wconf 73' lang='lat' dir='ltr'><strong>prmliis</strong></span> <span class='ocrx_word' id='word_1_354' title='bbox 937 527 1163 582; x_wconf 86' lang='lat' dir='ltr'><strong>Carolus</strong></span> <span class='ocrx_word' id='word_1_355' title='bbox 1193 528 1506 597; x_wconf 88' lang='lat' dir='ltr'><strong>superavit,</strong></span> <span class='ocrx_word' id='word_1_356' title='bbox 1538 542 1767 596; x_wconf 82' lang='lat' dir='ltr'><strong>eumque</strong></span> <span class='ocrx_word' id='word_1_357' title='bbox 1797 541 1885 595; x_wconf 78' lang='grc' dir='ltr'><strong>ιιο-</strong></span> <span class='ocrx_word' id='word_1_358' title='bbox 1914 532 1959 589; x_wconf 74' lang='grc' dir='ltr'>Α</span> 
     </span>
    </p>
   </div>
   <div class='ocr_carea' id='block_1_48' title="bbox 1880 4504 1934 4564">
    <p class='ocr_par' dir='ltr' id='par_1_48' title="bbox 1880 4504 1934 4564">
     <span class='ocr_line' id='line_1_48' title="bbox 1880 4504 1934 4564; baseline 0 0"><span class='ocrx_word' id='word_1_359' title='bbox 1880 4504 1934 4564; x_wconf 88' lang='lat' dir='ltr'><strong><em>D</em></strong></span> 
     </span>
    </p>
   </div>
   <div class='ocr_carea' id='block_1_49' title="bbox 3469 416 3501 474">
    <p class='ocr_par' dir='ltr' id='par_1_49' title="bbox 3469 416 3501 474">
     <span class='ocr_line' id='line_1_49' title="bbox 3469 416 3501 474; baseline 0 0"><span class='ocrx_word' id='word_1_360' title='bbox 3469 416 3501 474; x_wconf 71' lang='grc' dir='ltr'>Ξ</span> 
     </span>
    </p>
   </div>
   <div class='ocr_carea' id='block_1_50' title="bbox 3507 418 3579 476">
    <p class='ocr_par' dir='ltr' id='par_1_50' title="bbox 3507 418 3579 476">
     <span class='ocr_line' id='line_1_50' title="bbox 3507 418 3579 476; baseline 0.014 -1"><span class='ocrx_word' id='word_1_361' title='bbox 3507 418 3579 476; x_wconf 70' lang='lat'><strong>22</strong></span> 
     </span>
    </p>
   </div>
   <div class='ocr_carea' id='block_1_51' title="bbox 2569 531 2972 590">
    <p class='ocr_par' dir='ltr' id='par_1_51' title="bbox 2569 531 2972 590">
     <span class='ocr_line' id='line_1_51' title="bbox 2569 531 2972 590; baseline 0.012 -5"><span class='ocrx_word' id='word_1_362' title='bbox 2569 531 2797 588; x_wconf 83' lang='lat' dir='ltr'><strong>CAPUT</strong></span> <span class='ocrx_word' id='word_1_363' title='bbox 2837 534 2972 590; x_wconf 78' lang='lat' dir='ltr'><strong>VIII.</strong></span> 
     </span>
    </p>
   </div>
   <div class='ocr_carea' id='block_1_52' title="bbox 2514 643 3054 717">
    <p class='ocr_par' dir='ltr' id='par_1_52' title="bbox 2514 643 3054 717">
     <span class='ocr_line' id='line_1_52' title="bbox 2514 643 3054 717; baseline 0.009 -21"><span class='ocrx_word' id='word_1_364' title='bbox 2514 643 2658 698; x_wconf 84' lang='lat' dir='ltr'><strong>Laus</strong></span> <span class='ocrx_word' id='word_1_365' title='bbox 2697 647 3054 717; x_wconf 79' lang='lat' dir='ltr'><strong>eleemosyme.</strong></span> 
     </span>
    </p>
   </div>
   <div class='ocr_carea' id='block_1_53' title="bbox 2061 752 3574 826">
    <p class='ocr_par' dir='ltr' id='par_1_53' title="bbox 2061 752 3574 826">
     <span class='ocr_line' id='line_1_53' title="bbox 2061 752 3574 826; baseline 0.005 -18"><span class='ocrx_word' id='word_1_366' title='bbox 2061 752 2104 808; x_wconf 99' lang='lat'><strong>0</strong></span> <span class='ocrx_word' id='word_1_367' title='bbox 2135 754 2305 808; x_wconf 89' lang='lat' dir='ltr'><strong>virtus</strong></span> <span class='ocrx_word' id='word_1_368' title='bbox 2336 769 2723 826; x_wconf 74' lang='lat' dir='ltr'><strong>c.eemosyn:e,</strong></span> <span class='ocrx_word' id='word_1_369' title='bbox 2752 772 2869 826; x_wconf 75' lang='lat' dir='ltr'><strong>qua:</strong></span> <span class='ocrx_word' id='word_1_370' title='bbox 2913 759 3058 812; x_wconf 90' lang='lat' dir='ltr'><strong>velut</strong></span> <span class='ocrx_word' id='word_1_371' title='bbox 3100 759 3358 813; x_wconf 92' lang='lat' dir='ltr'><strong>llucntum</strong></span> <span class='ocrx_word' id='word_1_372' title='bbox 3410 760 3574 817; x_wconf 86' lang='lat' dir='ltr'><strong>fontis</strong></span> 
     </span>
    </p>
   </div>
   <div class='ocr_carea' id='block_1_54' title="bbox 1987 843 3578 920">
    <p class='ocr_par' dir='ltr' id='par_1_54' title="bbox 1987 843 3578 920">
     <span class='ocr_line' id='line_1_54' title="bbox 1987 843 3578 920; baseline 0.006 -22"><span class='ocrx_word' id='word_1_373' title='bbox 1987 843 2213 913; x_wconf 81' lang='lat' dir='ltr'><strong>irrigui,</strong></span> <span class='ocrx_word' id='word_1_374' title='bbox 2260 854 2315 900; x_wconf 92' lang='lat' dir='ltr'><strong>et</strong></span> <span class='ocrx_word' id='word_1_375' title='bbox 2362 858 2709 915; x_wconf 73' lang='lat' dir='ltr'><strong>peccatorum</strong></span> <span class='ocrx_word' id='word_1_376' title='bbox 2762 847 3166 918; x_wconf 86' lang='lat' dir='ltr'><strong>inquinamenta</strong></span> <span class='ocrx_word' id='word_1_377' title='bbox 3215 851 3483 920; x_wconf 86' lang='lat' dir='ltr'><strong>detergis,</strong></span> <span class='ocrx_word' id='word_1_378' title='bbox 3523 861 3578 907; x_wconf 85' lang='lat' dir='ltr'><strong>et</strong></span> 
     </span>
    </p>
   </div>
   <div class='ocr_carea' id='block_1_55' title="bbox 1986 939 3573 1010">
    <p class='ocr_par' dir='ltr' id='par_1_55' title="bbox 1986 939 3573 1010">
     <span class='ocr_line' id='line_1_55' title="bbox 1986 939 3573 1010; baseline 0.004 -20"><span class='ocrx_word' id='word_1_379' title='bbox 1986 939 2329 992; x_wconf 78' lang='lat' dir='ltr'><strong>:estuantinm</strong></span> <span class='ocrx_word' id='word_1_380' title='bbox 2374 939 2630 993; x_wconf 87' lang='lat' dir='ltr'><strong>vitiorum</strong></span> <span class='ocrx_word' id='word_1_381' title='bbox 2684 939 2929 995; x_wconf 82' lang='lat' dir='ltr'><strong>flammas</strong></span> <span class='ocrx_word' id='word_1_382' title='bbox 2975 941 3309 1010; x_wconf 82' lang='lat' dir='ltr'><strong>cxstinguis?</strong></span> <span class='ocrx_word' id='word_1_383' title='bbox 3357 942 3402 997; x_wconf 93' lang='grc' dir='ltr'>Ο</span> <span class='ocrx_word' id='word_1_384' title='bbox 3447 941 3573 996; x_wconf 78' lang='lat' dir='ltr'><strong>felix</strong></span> 
     </span>
    </p>
   </div>
   <div class='ocr_carea' id='block_1_56' title="bbox 1985 1027 3644 1100">
    <p class='ocr_par' dir='ltr' id='par_1_56' title="bbox 1985 1027 3644 1100">
     <span class='ocr_line' id='line_1_56' title="bbox 1985 1027 3644 1100; baseline 0.005 -20"><span class='ocrx_word' id='word_1_385' title='bbox 1985 1027 2321 1098; x_wconf 77' lang='lat' dir='ltr'><strong>eleemosyna</strong></span> <span class='ocrx_word' id='word_1_386' title='bbox 2349 1070 2362 1090; x_wconf 91' lang='lat'><strong>,</strong></span> <span class='ocrx_word' id='word_1_387' title='bbox 2395 1044 2514 1098; x_wconf 81' lang='lat' dir='ltr'><strong>qme</strong></span> <span class='ocrx_word' id='word_1_388' title='bbox 2541 1029 2607 1083; x_wconf 91' lang='lat' dir='ltr'><strong>de</strong></span> <span class='ocrx_word' id='word_1_389' title='bbox 2649 1030 2908 1100; x_wconf 76' lang='lat' dir='ltr'><strong>gehenna:</strong></span> <span class='ocrx_word' id='word_1_390' title='bbox 2938 1030 3194 1084; x_wconf 90' lang='lat' dir='ltr'><strong>barathro</strong></span> <span class='ocrx_word' id='word_1_391' title='bbox 3231 1029 3575 1088; x_wconf 85' lang='lat' dir='ltr'><strong>tenebrarum</strong></span> <span class='ocrx_word' id='word_1_392' title='bbox 3641 1061 3644 1064; x_wconf 55' lang='grc' dir='ltr'><strong>λ</strong></span> 
     </span>
    </p>
   </div>
   <div class='ocr_carea' id='block_1_57' title="bbox 1986 1115 3576 1191">
    <p class='ocr_par' dir='ltr' id='par_1_57' title="bbox 1986 1115 3576 1191">
     <span class='ocr_line' id='line_1_57' title="bbox 1986 1115 3576 1191; baseline 0.006 -23"><span class='ocrx_word' id='word_1_393' title='bbox 1986 1115 2122 1170; x_wconf 82' lang='lat' dir='ltr'><strong>filios</strong></span> <span class='ocrx_word' id='word_1_394' title='bbox 2152 1119 2414 1181; x_wconf 80' lang='lat' dir='ltr'><strong>extrahis,</strong></span> <span class='ocrx_word' id='word_1_395' title='bbox 2439 1129 2493 1172; x_wconf 91' lang='lat' dir='ltr'><strong>ct</strong></span> <span class='ocrx_word' id='word_1_396' title='bbox 2517 1119 2802 1188; x_wconf 72' lang='lat' dir='ltr'><strong>azloptatos</strong></span> <span class='ocrx_word' id='word_1_397' title='bbox 2829 1120 2929 1175; x_wconf 91' lang='lat' dir='ltr'><strong>luci</strong></span> <span class='ocrx_word' id='word_1_398' title='bbox 2957 1129 3230 1191; x_wconf 70' lang='lat' dir='ltr'><strong>perpetua:</strong></span> <span class='ocrx_word' id='word_1_399' title='bbox 3262 1123 3442 1190; x_wconf 79' lang='lat' dir='ltr'><strong>regnis</strong></span> <span class='ocrx_word' id='word_1_400' title='bbox 3467 1138 3576 1178; x_wconf 75' lang='lat' dir='ltr'><strong>cm-</strong></span> 
     </span>
    </p>
   </div>
   <div class='ocr_carea' id='block_1_58' title="bbox 1985 1205 3575 1282">
    <p class='ocr_par' dir='ltr' id='par_1_58' title="bbox 1985 1205 3575 1282">
     <span class='ocr_line' id='line_1_58' title="bbox 1985 1205 3575 1282; baseline 0.006 -23"><span class='ocrx_word' id='word_1_401' title='bbox 1985 1205 2210 1261; x_wconf 88' lang='lat' dir='ltr'><strong>lcstilms</strong></span> <span class='ocrx_word' id='word_1_402' title='bbox 2236 1209 2562 1263; x_wconf 85' lang='lat' dir='ltr'><strong>iutroducisl</strong></span> <span class='ocrx_word' id='word_1_403' title='bbox 2607 1209 2686 1264; x_wconf 90' lang='lat' dir='ltr'><strong>Tu</strong></span> <span class='ocrx_word' id='word_1_404' title='bbox 2717 1212 2782 1265; x_wconf 88' lang='lat' dir='ltr'><strong>de</strong></span> <span class='ocrx_word' id='word_1_405' title='bbox 2812 1212 3062 1267; x_wconf 88' lang='lat' dir='ltr'><strong>manibus</strong></span> <span class='ocrx_word' id='word_1_406' title='bbox 3100 1227 3397 1282; x_wconf 89' lang='lat' dir='ltr'><strong>pauperum</strong></span> <span class='ocrx_word' id='word_1_407' title='bbox 3425 1213 3575 1268; x_wconf 85' lang='lat' dir='ltr'><strong>volas</strong></span> 
     </span>
    </p>
   </div>
   <div class='ocr_carea' id='block_1_59' title="bbox 1985 1296 3571 1374">
    <p class='ocr_par' dir='ltr' id='par_1_59' title="bbox 1985 1296 3571 1374">
     <span class='ocr_line' id='line_1_59' title="bbox 1985 1296 3571 1374; baseline 0.004 -25"><span class='ocrx_word' id='word_1_408' title='bbox 1985 1296 2038 1349; x_wconf 93' lang='lat' dir='ltr'><strong>in</strong></span> <span class='ocrx_word' id='word_1_409' title='bbox 2066 1299 2293 1363; x_wconf 71' lang='lat' dir='ltr'><strong>cmlmn,</strong></span> <span class='ocrx_word' id='word_1_410' title='bbox 2335 1308 2388 1353; x_wconf 91' lang='lat' dir='ltr'><strong>et</strong></span> <span class='ocrx_word' id='word_1_411' title='bbox 2420 1299 2526 1354; x_wconf 90' lang='lat' dir='ltr'><strong>illic</strong></span> <span class='ocrx_word' id='word_1_412' title='bbox 2557 1301 2661 1355; x_wconf 90' lang='lat' dir='ltr'><strong>tuis</strong></span> <span class='ocrx_word' id='word_1_413' title='bbox 2698 1303 3030 1356; x_wconf 89' lang='lat' dir='ltr'><strong>amatoribus</strong></span> <span class='ocrx_word' id='word_1_414' title='bbox 3066 1319 3226 1373; x_wconf 86' lang='lat' dir='ltr'><strong>paras</strong></span> <span class='ocrx_word' id='word_1_415' title='bbox 3257 1303 3571 1374; x_wconf 90' lang='lat' dir='ltr'><strong>hospitium.</strong></span> 
     </span>
    </p>
   </div>
   <div class='ocr_carea' id='block_1_60' title="bbox 1985 1388 3576 1464">
    <p class='ocr_par' dir='ltr' id='par_1_60' title="bbox 1985 1388 3576 1464">
     <span class='ocr_line' id='line_1_60' title="bbox 1985 1388 3576 1464; baseline 0.004 -20"><span class='ocrx_word' id='word_1_416' title='bbox 1985 1388 2042 1444; x_wconf 86' lang='lat' dir='ltr'><strong>Si</strong></span> <span class='ocrx_word' id='word_1_417' title='bbox 2074 1391 2254 1444; x_wconf 89' lang='lat' dir='ltr'><strong>vinum</strong></span> <span class='ocrx_word' id='word_1_418' title='bbox 2299 1406 2391 1456; x_wconf 86' lang='lat' dir='ltr'><strong>es,</strong></span> <span class='ocrx_word' id='word_1_419' title='bbox 2432 1408 2539 1446; x_wconf 90' lang='lat' dir='ltr'><strong>non</strong></span> <span class='ocrx_word' id='word_1_420' title='bbox 2572 1395 2881 1460; x_wconf 90' lang='lat' dir='ltr'><strong>eoaccscis;</strong></span> <span class='ocrx_word' id='word_1_421' title='bbox 2917 1395 2960 1448; x_wconf 89' lang='lat' dir='ltr'><strong>si</strong></span> <span class='ocrx_word' id='word_1_422' title='bbox 3009 1396 3184 1464; x_wconf 89' lang='lat' dir='ltr'><strong>panis,</strong></span> <span class='ocrx_word' id='word_1_423' title='bbox 3231 1410 3336 1450; x_wconf 92' lang='lat' dir='ltr'><strong>non</strong></span> <span class='ocrx_word' id='word_1_424' title='bbox 3369 1396 3576 1452; x_wconf 87' lang='lat' dir='ltr'><strong>emittis</strong></span> 
     </span>
    </p>
   </div>
   <div class='ocr_carea' id='block_1_61' title="bbox 1985 1483 3576 1556">
    <p class='ocr_par' dir='ltr' id='par_1_61' title="bbox 1985 1483 3576 1556">
     <span class='ocr_line' id='line_1_61' title="bbox 1985 1483 3576 1556; baseline 0.004 -22"><span class='ocrx_word' id='word_1_425' title='bbox 1985 1497 2292 1546; x_wconf 88' lang='lat' dir='ltr'><strong>mucorem;</strong></span> <span class='ocrx_word' id='word_1_426' title='bbox 2325 1483 2368 1536; x_wconf 92' lang='lat' dir='ltr'><strong>si</strong></span> <span class='ocrx_word' id='word_1_427' title='bbox 2401 1498 2554 1548; x_wconf 90' lang='lat' dir='ltr'><strong>caro,</strong></span> <span class='ocrx_word' id='word_1_428' title='bbox 2582 1484 2664 1538; x_wconf 88' lang='lat' dir='ltr'><strong>vel</strong></span> <span class='ocrx_word' id='word_1_429' title='bbox 2699 1485 2882 1553; x_wconf 86' lang='lat' dir='ltr'><strong>piscis,</strong></span> <span class='ocrx_word' id='word_1_430' title='bbox 2915 1501 3020 1538; x_wconf 89' lang='lat' dir='ltr'><strong>non</strong></span> <span class='ocrx_word' id='word_1_431' title='bbox 3050 1486 3278 1541; x_wconf 87' lang='lat' dir='ltr'><strong>verteris</strong></span> <span class='ocrx_word' id='word_1_432' title='bbox 3307 1486 3360 1539; x_wconf 91' lang='lat' dir='ltr'><strong>in</strong></span> <span class='ocrx_word' id='word_1_433' title='bbox 3389 1497 3576 1556; x_wconf 89' lang='lat' dir='ltr'><strong>putre-</strong></span> 
     </span>
    </p>
   </div>
   <div class='ocr_carea' id='block_1_62' title="bbox 1983 1570 3576 1641">
    <p class='ocr_par' dir='ltr' id='par_1_62' title="bbox 1983 1570 3576 1641">
     <span class='ocr_line' id='line_1_62' title="bbox 1983 1570 3576 1641; baseline 0.004 -19"><span class='ocrx_word' id='word_1_434' title='bbox 1983 1570 2195 1635; x_wconf 83' lang='lat' dir='ltr'><strong>dinem;</strong></span> <span class='ocrx_word' id='word_1_435' title='bbox 2235 1571 2277 1624; x_wconf 92' lang='lat' dir='ltr'><strong>si</strong></span> <span class='ocrx_word' id='word_1_436' title='bbox 2313 1571 2480 1624; x_wconf 80' lang='lat' dir='ltr'><strong>vestis</strong></span> <span class='ocrx_word' id='word_1_437' title='bbox 2525 1583 2809 1641; x_wconf 70' lang='lat' dir='ltr'><strong>prreterea,</strong></span> <span class='ocrx_word' id='word_1_438' title='bbox 2861 1574 3064 1627; x_wconf 89' lang='lat' dir='ltr'><strong>nullam</strong></span> <span class='ocrx_word' id='word_1_439' title='bbox 3105 1575 3382 1629; x_wconf 89' lang='lat' dir='ltr'><strong>contrahis</strong></span> <span class='ocrx_word' id='word_1_440' title='bbox 3422 1586 3576 1629; x_wconf 89' lang='lat' dir='ltr'><strong>vetu-</strong></span> 
     </span>
    </p>
   </div>
   <div class='ocr_carea' id='block_1_63' title="bbox 1983 1663 3575 1733">
    <p class='ocr_par' dir='ltr' id='par_1_63' title="bbox 1983 1663 3575 1733">
     <span class='ocr_line' id='line_1_63' title="bbox 1983 1663 3575 1733; baseline 0.005 -19"><span class='ocrx_word' id='word_1_441' title='bbox 1983 1670 2178 1715; x_wconf 87' lang='lat' dir='ltr'><strong>statem</strong></span> <span class='ocrx_word' id='word_1_442' title='bbox 2213 1679 2225 1713; x_wconf 88' lang='lat'><strong>:</strong></span> <span class='ocrx_word' id='word_1_443' title='bbox 2262 1677 2450 1715; x_wconf 85' lang='lat' dir='ltr'><strong>recens</strong></span> <span class='ocrx_word' id='word_1_444' title='bbox 2472 1663 2673 1733; x_wconf 83' lang='lat' dir='ltr'><strong>jngiter</strong></span> <span class='ocrx_word' id='word_1_445' title='bbox 2701 1665 2936 1719; x_wconf 87' lang='lat' dir='ltr'><strong>servaris</strong></span> <span class='ocrx_word' id='word_1_446' title='bbox 2963 1674 3017 1718; x_wconf 87' lang='lat' dir='ltr'><strong>et</strong></span> <span class='ocrx_word' id='word_1_447' title='bbox 3062 1681 3219 1729; x_wconf 86' lang='lat' dir='ltr'><strong>nova,</strong></span> <span class='ocrx_word' id='word_1_448' title='bbox 3251 1673 3306 1720; x_wconf 86' lang='lat' dir='ltr'><strong>et</strong></span> <span class='ocrx_word' id='word_1_449' title='bbox 3353 1681 3474 1720; x_wconf 79' lang='lat' dir='ltr'><strong>mox</strong></span> <span class='ocrx_word' id='word_1_450' title='bbox 3516 1677 3575 1722; x_wconf 87' lang='lat' dir='ltr'><strong>ut</strong></span> 
     </span>
    </p>
   </div>
   <div class='ocr_carea' id='block_1_64' title="bbox 1983 1750 3575 1824">
    <p class='ocr_par' dir='ltr' id='par_1_64' title="bbox 1983 1750 3575 1824">
     <span class='ocr_line' id='line_1_64' title="bbox 1983 1750 3575 1824; baseline 0.006 -22"><span class='ocrx_word' id='word_1_451' title='bbox 1983 1758 2106 1802; x_wconf 89' lang='lat' dir='ltr'><strong>tuus</strong></span> <span class='ocrx_word' id='word_1_452' title='bbox 2131 1750 2340 1802; x_wconf 90' lang='lat' dir='ltr'><strong>oblator</strong></span> <span class='ocrx_word' id='word_1_453' title='bbox 2367 1752 2591 1816; x_wconf 88' lang='lat' dir='ltr'><strong>obierit,</strong></span> <span class='ocrx_word' id='word_1_454' title='bbox 2632 1753 2697 1804; x_wconf 86' lang='lat' dir='ltr'><strong>ad</strong></span> <span class='ocrx_word' id='word_1_455' title='bbox 2741 1768 2862 1806; x_wconf 90' lang='lat' dir='ltr'><strong>eum</strong></span> <span class='ocrx_word' id='word_1_456' title='bbox 2915 1754 3056 1808; x_wconf 91' lang='lat' dir='ltr'><strong>illico</strong></span> <span class='ocrx_word' id='word_1_457' title='bbox 3104 1755 3458 1824; x_wconf 90' lang='lat' dir='ltr'><strong>nmltiplieata</strong></span> <span class='ocrx_word' id='word_1_458' title='bbox 3489 1773 3575 1811; x_wconf 88' lang='lat' dir='ltr'><strong>re-</strong></span> 
     </span>
    </p>
   </div>
   <div class='ocr_carea' id='block_1_65' title="bbox 1982 1842 3574 1916">
    <p class='ocr_par' dir='ltr' id='par_1_65' title="bbox 1982 1842 3574 1916">
     <span class='ocr_line' id='line_1_65' title="bbox 1982 1842 3574 1916; baseline 0.007 -23"><span class='ocrx_word' id='word_1_459' title='bbox 1982 1843 2230 1896; x_wconf 88' lang='lat' dir='ltr'><strong>verteris.</strong></span> <span class='ocrx_word' id='word_1_460' title='bbox 2274 1842 2353 1896; x_wconf 92' lang='lat' dir='ltr'><strong>Tu</strong></span> <span class='ocrx_word' id='word_1_461' title='bbox 2403 1843 2467 1896; x_wconf 91' lang='lat' dir='ltr'><strong>de</strong></span> <span class='ocrx_word' id='word_1_462' title='bbox 2504 1843 2812 1911; x_wconf 88' lang='lat' dir='ltr'><strong>jacenlibus</strong></span> <span class='ocrx_word' id='word_1_463' title='bbox 2856 1847 2956 1901; x_wconf 91' lang='lat' dir='ltr'><strong>sub</strong></span> <span class='ocrx_word' id='word_1_464' title='bbox 2985 1847 3273 1901; x_wconf 92' lang='lat' dir='ltr'><strong>criminum</strong></span> <span class='ocrx_word' id='word_1_465' title='bbox 3321 1849 3574 1916; x_wconf 88' lang='lat' dir='ltr'><strong>squalore</strong></span> 
     </span>
    </p>
   </div>
   <div class='ocr_carea' id='block_1_66' title="bbox 1981 1932 3574 2004">
    <p class='ocr_par' dir='ltr' id='par_1_66' title="bbox 1981 1932 3574 2004">
     <span class='ocr_line' id='line_1_66' title="bbox 1981 1932 3574 2004; baseline 0.004 -19"><span class='ocrx_word' id='word_1_466' title='bbox 1981 1932 2332 2000; x_wconf 88' lang='lat' dir='ltr'><strong>conspicuos;</strong></span> <span class='ocrx_word' id='word_1_467' title='bbox 2370 1943 2422 1986; x_wconf 92' lang='lat' dir='ltr'><strong>tu</strong></span> <span class='ocrx_word' id='word_1_468' title='bbox 2455 1933 2521 1987; x_wconf 88' lang='lat' dir='ltr'><strong>de</strong></span> <span class='ocrx_word' id='word_1_469' title='bbox 2553 1934 2954 1991; x_wconf 87' lang='lat' dir='ltr'><strong>damnabilibus</strong></span> <span class='ocrx_word' id='word_1_470' title='bbox 2981 1947 3217 2004; x_wconf 81' lang='lat' dir='ltr'><strong>sanctos,</strong></span> <span class='ocrx_word' id='word_1_471' title='bbox 3248 1945 3302 1991; x_wconf 89' lang='lat' dir='ltr'><strong>tu</strong></span> <span class='ocrx_word' id='word_1_472' title='bbox 3334 1937 3468 1992; x_wconf 80' lang='lat' dir='ltr'><strong>fat-is</strong></span> <span class='ocrx_word' id='word_1_473' title='bbox 3507 1939 3574 1992; x_wconf 85' lang='lat' dir='ltr'><strong>de</strong></span> 
     </span>
    </p>
   </div>
   <div class='ocr_carea' id='block_1_67' title="bbox 1977 2025 3570 2103">
    <p class='ocr_par' dir='ltr' id='par_1_67' title="bbox 1977 2025 3570 2103">
     <span class='ocr_line' id='line_1_67' title="bbox 1977 2025 3570 2103; baseline 0.006 -26"><span class='ocrx_word' id='word_1_474' title='bbox 1977 2025 2267 2092; x_wconf 79' lang='lat' dir='ltr'><strong>gentilibus</strong></span> <span class='ocrx_word' id='word_1_475' title='bbox 2290 2025 2649 2082; x_wconf 88' lang='lat' dir='ltr'><strong>Christianos.</strong></span> <span class='ocrx_word' id='word_1_476' title='bbox 2680 2027 2831 2094; x_wconf 83' lang='lat' dir='ltr'><strong>Quod</strong></span> <span class='ocrx_word' id='word_1_477' title='bbox 2860 2030 3112 2084; x_wconf 90' lang='lat' dir='ltr'><strong>nimirum</strong></span> <span class='ocrx_word' id='word_1_478' title='bbox 3133 2030 3412 2087; x_wconf 89' lang='lat' dir='ltr'><strong>Cornelius</strong></span> <span class='ocrx_word' id='word_1_479' title='bbox 3443 2048 3570 2103; x_wconf 88' lang='lat' dir='ltr'><strong>pro-</strong></span> 
     </span>
    </p>
   </div>
   <div class='ocr_carea' id='block_1_68' title="bbox 1977 2114 3572 2190">
    <p class='ocr_par' dir='ltr' id='par_1_68' title="bbox 1977 2114 3572 2190">
     <span class='ocr_line' id='line_1_68' title="bbox 1977 2114 3572 2190; baseline 0.007 -22"><span class='ocrx_word' id='word_1_480' title='bbox 1977 2114 2089 2180; x_wconf 88' lang='lat' dir='ltr'><strong>bat,</strong></span> <span class='ocrx_word' id='word_1_481' title='bbox 2119 2115 2273 2183; x_wconf 89' lang='lat' dir='ltr'><strong>cujus</strong></span> <span class='ocrx_word' id='word_1_482' title='bbox 2302 2118 2660 2188; x_wconf 77' lang='lat' dir='ltr'><strong>elecmosyna:</strong></span> <span class='ocrx_word' id='word_1_483' title='bbox 2689 2117 2756 2173; x_wconf 88' lang='lat' dir='ltr'><strong>ad</strong></span> <span class='ocrx_word' id='word_1_484' title='bbox 2783 2119 2950 2175; x_wconf 88' lang='lat' dir='ltr'><strong>divini</strong></span> <span class='ocrx_word' id='word_1_485' title='bbox 2995 2131 3316 2190; x_wconf 83' lang='lat' dir='ltr'><strong>conspectus</strong></span> <span class='ocrx_word' id='word_1_486' title='bbox 3357 2122 3572 2178; x_wconf 85' lang='lat' dir='ltr'><strong>culmen</strong></span> 
     </span>
    </p>
   </div>
   <div class='ocr_carea' id='block_1_69' title="bbox 1977 2208 2615 2282">
    <p class='ocr_par' dir='ltr' id='par_1_69' title="bbox 1977 2208 2615 2282">
     <span class='ocr_line' id='line_1_69' title="bbox 1977 2208 2615 2282; baseline 0.006 -21"><span class='ocrx_word' id='word_1_487' title='bbox 1977 2209 2334 2262; x_wconf 85' lang='lat' dir='ltr'><strong>ascenderant</strong></span> <span class='ocrx_word' id='word_1_488' title='bbox 2367 2210 2504 2281; x_wconf 83' lang='lat' dir='ltr'><strong>(Act.</strong></span> <span class='ocrx_word' id='word_1_489' title='bbox 2538 2208 2615 2282; x_wconf 69' lang='grc' dir='ltr'><strong>χ).</strong></span> 
     </span>
    </p>
   </div>
   <div class='ocr_carea' id='block_1_70' title="bbox 2045 2323 3571 2398">
    <p class='ocr_par' dir='ltr' id='par_1_70' title="bbox 2045 2323 3571 2398">
     <span class='ocr_line' id='line_1_70' title="bbox 2045 2323 3571 2398; baseline 0.005 -21"><span class='ocrx_word' id='word_1_490' title='bbox 2045 2323 2090 2377; x_wconf 91' lang='lat'><strong>0</strong></span> <span class='ocrx_word' id='word_1_491' title='bbox 2119 2323 2270 2377; x_wconf 90' lang='lat' dir='ltr'><strong>dives</strong></span> <span class='ocrx_word' id='word_1_492' title='bbox 2299 2325 2639 2398; x_wconf 82' lang='lat' dir='ltr'><strong>eleemosyna</strong></span> <span class='ocrx_word' id='word_1_493' title='bbox 2658 2368 2673 2390; x_wconf 94' lang='lat'><strong>,</strong></span> <span class='ocrx_word' id='word_1_494' title='bbox 2704 2343 2824 2397; x_wconf 80' lang='lat' dir='ltr'><strong>qua:</strong></span> <span class='ocrx_word' id='word_1_495' title='bbox 2851 2328 2958 2383; x_wconf 89' lang='lat' dir='ltr'><strong>tuis</strong></span> <span class='ocrx_word' id='word_1_496' title='bbox 2986 2337 3322 2383; x_wconf 89' lang='lat' dir='ltr'><strong>amatormus</strong></span> <span class='ocrx_word' id='word_1_497' title='bbox 3360 2342 3571 2398; x_wconf 79' lang='lat' dir='ltr'><strong>pramcs</strong></span> 
     </span>
    </p>
   </div>
   <div class='ocr_carea' id='block_1_71' title="bbox 1974 2415 3572 2486">
    <p class='ocr_par' dir='ltr' id='par_1_71' title="bbox 1974 2415 3572 2486">
     <span class='ocr_line' id='line_1_71' title="bbox 1974 2415 3572 2486; baseline 0.003 -17"><span class='ocrx_word' id='word_1_498' title='bbox 1974 2415 2342 2472; x_wconf 79' lang='lat' dir='ltr'><strong>lnereditatem</strong></span> <span class='ocrx_word' id='word_1_499' title='bbox 2375 2418 2875 2473; x_wconf 89' lang='lat' dir='ltr'><strong>immarcescibilem</strong></span> <span class='ocrx_word' id='word_1_500' title='bbox 2897 2461 2912 2486; x_wconf 94' lang='lat'><strong>,</strong></span> <span class='ocrx_word' id='word_1_501' title='bbox 2942 2429 2992 2474; x_wconf 91' lang='lat' dir='ltr'><strong>ct</strong></span> <span class='ocrx_word' id='word_1_502' title='bbox 3027 2419 3266 2475; x_wconf 75' lang='lat' dir='ltr'><strong>cmlestis</strong></span> <span class='ocrx_word' id='word_1_503' title='bbox 3299 2419 3464 2473; x_wconf 78' lang='lat' dir='ltr'><strong>curia:</strong></span> <span class='ocrx_word' id='word_1_504' title='bbox 3491 2420 3572 2474; x_wconf 85' lang='lat' dir='ltr'><strong>di-</strong></span> 
     </span>
    </p>
   </div>
   <div class='ocr_carea' id='block_1_72' title="bbox 1973 2509 3569 2580">
    <p class='ocr_par' dir='ltr' id='par_1_72' title="bbox 1973 2509 3569 2580">
     <span class='ocr_line' id='line_1_72' title="bbox 1973 2509 3569 2580; baseline 0.003 -20"><span class='ocrx_word' id='word_1_505' title='bbox 1973 2509 2264 2577; x_wconf 83' lang='lat' dir='ltr'><strong>gnitatem!</strong></span> <span class='ocrx_word' id='word_1_506' title='bbox 2303 2509 2348 2564; x_wconf 95' lang='lat'><strong>0</strong></span> <span class='ocrx_word' id='word_1_507' title='bbox 2377 2510 2622 2564; x_wconf 88' lang='lat' dir='ltr'><strong>miramla</strong></span> <span class='ocrx_word' id='word_1_508' title='bbox 2656 2511 3040 2565; x_wconf 69' lang='lat' dir='ltr'><strong>misericordia:</strong></span> <span class='ocrx_word' id='word_1_509' title='bbox 3065 2511 3258 2574; x_wconf 91' lang='lat' dir='ltr'><strong>virtus,</strong></span> <span class='ocrx_word' id='word_1_510' title='bbox 3293 2525 3412 2580; x_wconf 69' lang='lat' dir='ltr'><strong>quae</strong></span> <span class='ocrx_word' id='word_1_511' title='bbox 3442 2525 3569 2580; x_wconf 91' lang='lat' dir='ltr'><strong>pec-</strong></span> 
     </span>
    </p>
   </div>
   <div class='ocr_carea' id='block_1_73' title="bbox 1973 2601 3566 2672">
    <p class='ocr_par' dir='ltr' id='par_1_73' title="bbox 1973 2601 3566 2672">
     <span class='ocr_line' id='line_1_73' title="bbox 1973 2601 3566 2672; baseline 0.002 -19"><span class='ocrx_word' id='word_1_512' title='bbox 1973 2608 2216 2653; x_wconf 87' lang='lat' dir='ltr'><strong>calorum</strong></span> <span class='ocrx_word' id='word_1_513' title='bbox 2246 2601 2485 2654; x_wconf 89' lang='lat' dir='ltr'><strong>omnimu</strong></span> <span class='ocrx_word' id='word_1_514' title='bbox 2517 2601 2819 2671; x_wconf 85' lang='lat' dir='ltr'><strong>rubiginem</strong></span> <span class='ocrx_word' id='word_1_515' title='bbox 2851 2611 3076 2672; x_wconf 83' lang='lat' dir='ltr'><strong>purgat,</strong></span> <span class='ocrx_word' id='word_1_516' title='bbox 3107 2601 3450 2656; x_wconf 88' lang='lat' dir='ltr'><strong>frementium</strong></span> <span class='ocrx_word' id='word_1_517' title='bbox 3481 2601 3566 2656; x_wconf 86' lang='lat' dir='ltr'><strong>vi-</strong></span> 
     </span>
    </p>
   </div>
   <div class='ocr_carea' id='block_1_74' title="bbox 1977 2691 3569 2766">
    <p class='ocr_par' dir='ltr' id='par_1_74' title="bbox 1977 2691 3569 2766">
     <span class='ocr_line' id='line_1_74' title="bbox 1977 2691 3569 2766; baseline 0.004 -22"><span class='ocrx_word' id='word_1_518' title='bbox 1977 2691 2171 2745; x_wconf 89' lang='lat' dir='ltr'><strong>Iiormn</strong></span> <span class='ocrx_word' id='word_1_519' title='bbox 2209 2693 2556 2748; x_wconf 86' lang='lat' dir='ltr'><strong>incitamenta</strong></span> <span class='ocrx_word' id='word_1_520' title='bbox 2589 2694 2880 2749; x_wconf 81' lang='lat' dir='ltr'><strong>ntortilicat</strong></span> <span class='ocrx_word' id='word_1_521' title='bbox 2899 2736 2914 2760; x_wconf 91' lang='lat'><strong>,</strong></span> <span class='ocrx_word' id='word_1_522' title='bbox 2937 2705 2991 2750; x_wconf 90' lang='lat' dir='ltr'><strong>et</strong></span> <span class='ocrx_word' id='word_1_523' title='bbox 3016 2695 3302 2766; x_wconf 87' lang='lat' dir='ltr'><strong>splendore</strong></span> <span class='ocrx_word' id='word_1_524' title='bbox 3330 2696 3569 2751; x_wconf 79' lang='lat' dir='ltr'><strong>cadestis</strong></span> 
     </span>
    </p>
   </div>
   <div class='ocr_carea' id='block_1_75' title="bbox 1971 2783 3568 2852">
    <p class='ocr_par' dir='ltr' id='par_1_75' title="bbox 1971 2783 3568 2852">
     <span class='ocr_line' id='line_1_75' title="bbox 1971 2783 3568 2852; baseline 0.005 -19"><span class='ocrx_word' id='word_1_525' title='bbox 1971 2783 2159 2852; x_wconf 70' lang='lat' dir='ltr'><strong>gratiae</strong></span> <span class='ocrx_word' id='word_1_526' title='bbox 2195 2785 2511 2838; x_wconf 89' lang='lat' dir='ltr'><strong>tenebrosas</strong></span> <span class='ocrx_word' id='word_1_527' title='bbox 2555 2786 2830 2839; x_wconf 91' lang='lat' dir='ltr'><strong>hominum</strong></span> <span class='ocrx_word' id='word_1_528' title='bbox 2880 2794 3091 2841; x_wconf 90' lang='lat' dir='ltr'><strong>mentes</strong></span> <span class='ocrx_word' id='word_1_529' title='bbox 3135 2785 3400 2841; x_wconf 90' lang='lat' dir='ltr'><strong>illustrat!</strong></span> <span class='ocrx_word' id='word_1_530' title='bbox 3444 2787 3568 2841; x_wconf 66' lang='grc' dir='ltr'><strong>ησιο</strong></span> 
     </span>
    </p>
   </div>
   <div class='ocr_carea' id='block_1_76' title="bbox 1973 2871 3564 2948">
    <p class='ocr_par' dir='ltr' id='par_1_76' title="bbox 1973 2871 3564 2948">
     <span class='ocr_line' id='line_1_76' title="bbox 1973 2871 3564 2948; baseline 0.005 -24"><span class='ocrx_word' id='word_1_531' title='bbox 1973 2871 2139 2926; x_wconf 72' lang='lat' dir='ltr'><strong>ticum</strong></span> <span class='ocrx_word' id='word_1_532' title='bbox 2188 2874 2317 2928; x_wconf 84' lang='lat' dir='ltr'><strong>facit</strong></span> <span class='ocrx_word' id='word_1_533' title='bbox 2363 2874 2671 2930; x_wconf 90' lang='lat' dir='ltr'><strong>hominibus</strong></span> <span class='ocrx_word' id='word_1_534' title='bbox 2714 2877 3056 2940; x_wconf 89' lang='lat' dir='ltr'><strong>debitorem,</strong></span> <span class='ocrx_word' id='word_1_535' title='bbox 3101 2886 3163 2931; x_wconf 90' lang='lat' dir='ltr'><strong>ut</strong></span> <span class='ocrx_word' id='word_1_536' title='bbox 3205 2892 3430 2948; x_wconf 75' lang='lat' dir='ltr'><strong>regnum</strong></span> <span class='ocrx_word' id='word_1_537' title='bbox 3461 2877 3564 2932; x_wconf 88' lang='lat' dir='ltr'><strong>sibi</strong></span> 
     </span>
    </p>
   </div>
   <div class='ocr_carea' id='block_1_77' title="bbox 1969 2963 3560 3038">
    <p class='ocr_par' dir='ltr' id='par_1_77' title="bbox 1969 2963 3560 3038">
     <span class='ocr_line' id='line_1_77' title="bbox 1969 2963 3560 3038; baseline 0.004 -22"><span class='ocrx_word' id='word_1_538' title='bbox 1969 2963 2228 3019; x_wconf 77' lang='lat' dir='ltr'><strong>ctnlormn</strong></span> <span class='ocrx_word' id='word_1_539' title='bbox 2259 2982 2362 3020; x_wconf 92' lang='lat' dir='ltr'><strong>non</strong></span> <span class='ocrx_word' id='word_1_540' title='bbox 2387 2965 2499 3034; x_wconf 87' lang='lat' dir='ltr'><strong>jam</strong></span> <span class='ocrx_word' id='word_1_541' title='bbox 2528 2967 2683 3036; x_wconf 86' lang='lat' dir='ltr'><strong>quasi</strong></span> <span class='ocrx_word' id='word_1_542' title='bbox 2709 2967 2852 3036; x_wconf 93' lang='lat' dir='ltr'><strong>quod</strong></span> <span class='ocrx_word' id='word_1_543' title='bbox 2884 2968 3118 3023; x_wconf 88' lang='lat' dir='ltr'><strong>aliemun</strong></span> <span class='ocrx_word' id='word_1_544' title='bbox 3146 2978 3249 3034; x_wconf 76' lang='lat' dir='ltr'><strong>est,</strong></span> <span class='ocrx_word' id='word_1_545' title='bbox 3273 2978 3517 3038; x_wconf 67' lang='lat' dir='ltr'><strong>qnmrant</strong></span> <span class='ocrx_word' id='word_1_546' title='bbox 3545 2987 3560 3023; x_wconf 87' lang='lat'><strong><em>:</em></strong></span> 
     </span>
    </p>
   </div>
   <div class='ocr_carea' id='block_1_78' title="bbox 1968 3050 3564 3126">
    <p class='ocr_par' dir='ltr' id='par_1_78' title="bbox 1968 3050 3564 3126">
     <span class='ocr_line' id='line_1_78' title="bbox 1968 3050 3564 3126; baseline 0.005 -16"><span class='ocrx_word' id='word_1_547' title='bbox 1968 3057 2061 3110; x_wconf 83' lang='lat' dir='ltr'><strong>sed</strong></span> <span class='ocrx_word' id='word_1_548' title='bbox 2095 3057 2175 3109; x_wconf 89' lang='lat' dir='ltr'><strong>vel</strong></span> <span class='ocrx_word' id='word_1_549' title='bbox 2210 3058 2284 3112; x_wconf 88' lang='lat' dir='ltr'><strong>uti</strong></span> <span class='ocrx_word' id='word_1_550' title='bbox 2315 3059 2458 3126; x_wconf 87' lang='lat' dir='ltr'><strong>quod</strong></span> <span class='ocrx_word' id='word_1_551' title='bbox 2489 3059 2570 3112; x_wconf 91' lang='lat' dir='ltr'><strong>sui</strong></span> <span class='ocrx_word' id='word_1_552' title='bbox 2604 3059 2742 3126; x_wconf 89' lang='lat' dir='ltr'><strong>juris</strong></span> <span class='ocrx_word' id='word_1_553' title='bbox 2779 3069 2882 3118; x_wconf 89' lang='lat' dir='ltr'><strong>est.</strong></span> <span class='ocrx_word' id='word_1_554' title='bbox 2911 3060 3172 3115; x_wconf 88' lang='lat' dir='ltr'><strong>audacter</strong></span> <span class='ocrx_word' id='word_1_555' title='bbox 3207 3050 3480 3114; x_wconf 80' lang='lat' dir='ltr'><strong>invadant.</strong></span> <span class='ocrx_word' id='word_1_556' title='bbox 3519 3061 3564 3118; x_wconf 88' lang='lat'><strong>0</strong></span> 
     </span>
    </p>
   </div>
   <div class='ocr_carea' id='block_1_79' title="bbox 1969 3146 3560 3218">
    <p class='ocr_par' dir='ltr' id='par_1_79' title="bbox 1969 3146 3560 3218">
     <span class='ocr_line' id='line_1_79' title="bbox 1969 3146 3560 3218; baseline 0.001 -18"><span class='ocrx_word' id='word_1_557' title='bbox 1969 3146 2092 3200; x_wconf 72' lang='lat' dir='ltr'><strong>felix</strong></span> <span class='ocrx_word' id='word_1_558' title='bbox 2125 3147 2519 3212; x_wconf 88' lang='lat' dir='ltr'><strong>misericordia,</strong></span> <span class='ocrx_word' id='word_1_559' title='bbox 2549 3164 2668 3218; x_wconf 77' lang='lat' dir='ltr'><strong>qtae</strong></span> <span class='ocrx_word' id='word_1_560' title='bbox 2693 3149 2758 3202; x_wconf 85' lang='lat' dir='ltr'><strong>de</strong></span> <span class='ocrx_word' id='word_1_561' title='bbox 2795 3149 3011 3204; x_wconf 92' lang='lat' dir='ltr'><strong>miseria</strong></span> <span class='ocrx_word' id='word_1_562' title='bbox 3037 3149 3256 3218; x_wconf 89' lang='lat' dir='ltr'><strong>quidem</strong></span> <span class='ocrx_word' id='word_1_563' title='bbox 3297 3150 3560 3214; x_wconf 85' lang='lat' dir='ltr'><strong>nasceris,</strong></span> 
     </span>
    </p>
   </div>
   <div class='ocr_carea' id='block_1_80' title="bbox 1968 3230 3556 3312">
    <p class='ocr_par' dir='ltr' id='par_1_80' title="bbox 1968 3230 3556 3312">
     <span class='ocr_line' id='line_1_80' title="bbox 1968 3230 3556 3312; baseline 0.003 -21"><span class='ocrx_word' id='word_1_564' title='bbox 1968 3242 2061 3293; x_wconf 87' lang='lat' dir='ltr'><strong>sed</strong></span> <span class='ocrx_word' id='word_1_565' title='bbox 2103 3255 2282 3292; x_wconf 89' lang='lat' dir='ltr'><strong>veram</strong></span> <span class='ocrx_word' id='word_1_566' title='bbox 2331 3241 2435 3295; x_wconf 86' lang='lat' dir='ltr'><strong>tuis</strong></span> <span class='ocrx_word' id='word_1_567' title='bbox 2480 3241 2887 3296; x_wconf 74' lang='lat' dir='ltr'><strong>exsecutoribus</strong></span> <span class='ocrx_word' id='word_1_568' title='bbox 2938 3230 3323 3296; x_wconf 82' lang='lat' dir='ltr'><strong>beatitudinem</strong></span> <span class='ocrx_word' id='word_1_569' title='bbox 3372 3242 3556 3312; x_wconf 82' lang='lat' dir='ltr'><strong>paris!</strong></span> 
     </span>
    </p>
   </div>
   <div class='ocr_carea' id='block_1_81' title="bbox 1969 3329 3562 3404">
    <p class='ocr_par' dir='ltr' id='par_1_81' title="bbox 1969 3329 3562 3404">
     <span class='ocr_line' id='line_1_81' title="bbox 1969 3329 3562 3404; baseline 0.001 -21"><span class='ocrx_word' id='word_1_570' title='bbox 1969 3329 2046 3383; x_wconf 87' lang='lat' dir='ltr'><strong>Tu</strong></span> <span class='ocrx_word' id='word_1_571' title='bbox 2079 3332 2400 3400; x_wconf 71' lang='lat' dir='ltr'><strong>negotiali-ix</strong></span> <span class='ocrx_word' id='word_1_572' title='bbox 2441 3333 2588 3386; x_wconf 90' lang='lat' dir='ltr'><strong>onmi</strong></span> <span class='ocrx_word' id='word_1_573' title='bbox 2629 3347 2895 3404; x_wconf 87' lang='lat' dir='ltr'><strong>mangone</strong></span> <span class='ocrx_word' id='word_1_574' title='bbox 2935 3333 3275 3402; x_wconf 74' lang='lat' dir='ltr'><strong>prudentior,</strong></span> <span class='ocrx_word' id='word_1_575' title='bbox 3302 3350 3423 3402; x_wconf 77' lang='grc' dir='ltr'><strong>(ιιι-υ</strong></span> <span class='ocrx_word' id='word_1_576' title='bbox 3453 3343 3562 3387; x_wconf 90' lang='lat' dir='ltr'><strong>ter-</strong></span> 
     </span>
    </p>
   </div>
   <div class='ocr_carea' id='block_1_82' title="bbox 1970 3423 3562 3493">
    <p class='ocr_par' dir='ltr' id='par_1_82' title="bbox 1970 3423 3562 3493">
     <span class='ocr_line' id='line_1_82' title="bbox 1970 3423 3562 3493; baseline 0.002 -16"><span class='ocrx_word' id='word_1_577' title='bbox 1970 3423 2114 3477; x_wconf 82' lang='lat' dir='ltr'><strong>renis</strong></span> <span class='ocrx_word' id='word_1_578' title='bbox 2159 3424 2428 3479; x_wconf 75' lang='lat' dir='ltr'><strong>inereilms</strong></span> <span class='ocrx_word' id='word_1_579' title='bbox 2474 3425 2718 3478; x_wconf 73' lang='lat' dir='ltr'><strong>emtestia</strong></span> <span class='ocrx_word' id='word_1_580' title='bbox 2767 3439 3082 3493; x_wconf 87' lang='lat' dir='ltr'><strong>comparas,</strong></span> <span class='ocrx_word' id='word_1_581' title='bbox 3132 3435 3187 3480; x_wconf 92' lang='lat' dir='ltr'><strong>ct</strong></span> <span class='ocrx_word' id='word_1_582' title='bbox 3231 3425 3562 3480; x_wconf 86' lang='lat' dir='ltr'><strong>transitoriis</strong></span> 
     </span>
    </p>
   </div>
   <div class='ocr_carea' id='block_1_83' title="bbox 1967 3513 3560 3584">
    <p class='ocr_par' dir='ltr' id='par_1_83' title="bbox 1967 3513 3560 3584">
     <span class='ocr_line' id='line_1_83' title="bbox 1967 3513 3560 3584; baseline 0.001 -16"><span class='ocrx_word' id='word_1_583' title='bbox 1967 3524 2170 3568; x_wconf 67' lang='lat' dir='ltr'><strong>(eterna</strong></span> <span class='ocrx_word' id='word_1_584' title='bbox 2215 3523 2508 3584; x_wconf 73' lang='lat' dir='ltr'><strong>pet-inulas.</strong></span> <span class='ocrx_word' id='word_1_585' title='bbox 2545 3513 2750 3569; x_wconf 80' lang='lat' dir='ltr'><strong>Felices</strong></span> <span class='ocrx_word' id='word_1_586' title='bbox 2798 3514 3052 3569; x_wconf 80' lang='lat' dir='ltr'><strong>nundina:</strong></span> <span class='ocrx_word' id='word_1_587' title='bbox 3084 3525 3208 3579; x_wconf 85' lang='lat' dir='ltr'><strong>tu:e,</strong></span> <span class='ocrx_word' id='word_1_588' title='bbox 3259 3514 3311 3568; x_wconf 89' lang='lat' dir='ltr'><strong>in</strong></span> <span class='ocrx_word' id='word_1_589' title='bbox 3361 3514 3560 3583; x_wconf 74' lang='lat' dir='ltr'><strong>tpiilms</strong></span> 
     </span>
    </p>
   </div>
   <div class='ocr_carea' id='block_1_84' title="bbox 1968 3594 3556 3674">
    <p class='ocr_par' dir='ltr' id='par_1_84' title="bbox 1968 3594 3556 3674">
     <span class='ocr_line' id='line_1_84' title="bbox 1968 3594 3556 3674; baseline 0.001 -16"><span class='ocrx_word' id='word_1_590' title='bbox 1968 3604 2128 3658; x_wconf 80' lang='lat' dir='ltr'><strong>datur</strong></span> <span class='ocrx_word' id='word_1_591' title='bbox 2160 3604 2480 3673; x_wconf 87' lang='lat' dir='ltr'><strong>hospitium,</strong></span> <span class='ocrx_word' id='word_1_592' title='bbox 2517 3607 2810 3674; x_wconf 87' lang='lat' dir='ltr'><strong>suscipitur</strong></span> <span class='ocrx_word' id='word_1_593' title='bbox 2849 3594 3244 3670; x_wconf 84' lang='lat' dir='ltr'><strong>habitaculum,</strong></span> <span class='ocrx_word' id='word_1_594' title='bbox 3285 3606 3556 3674; x_wconf 71' lang='lat' dir='ltr'><strong>pra-betur</strong></span> 
     </span>
    </p>
   </div>
   <div class='ocr_carea' id='block_1_85' title="bbox 1966 3693 3558 3766">
    <p class='ocr_par' dir='ltr' id='par_1_85' title="bbox 1966 3693 3558 3766">
     <span class='ocr_line' id='line_1_85' title="bbox 1966 3693 3558 3766; baseline 0 -18"><span class='ocrx_word' id='word_1_595' title='bbox 1966 3696 2119 3765; x_wconf 79' lang='lat' dir='ltr'><strong>panis</strong></span> <span class='ocrx_word' id='word_1_596' title='bbox 2140 3695 2384 3765; x_wconf 69' lang='lat' dir='ltr'><strong>exiguus,</strong></span> <span class='ocrx_word' id='word_1_597' title='bbox 2412 3695 2671 3764; x_wconf 86' lang='lat' dir='ltr'><strong>recipitur</strong></span> <span class='ocrx_word' id='word_1_598' title='bbox 2693 3709 2936 3766; x_wconf 81' lang='lat' dir='ltr'><strong>regnum,</strong></span> <span class='ocrx_word' id='word_1_599' title='bbox 2967 3693 3261 3765; x_wconf 82' lang='lat' dir='ltr'><strong>porrigitur</strong></span> <span class='ocrx_word' id='word_1_600' title='bbox 3283 3709 3558 3760; x_wconf 87' lang='lat' dir='ltr'><strong>nunmu.s,</strong></span> 
     </span>
    </p>
   </div>
   <div class='ocr_carea' id='block_1_86' title="bbox 1965 3787 2770 3856">
    <p class='ocr_par' dir='ltr' id='par_1_86' title="bbox 1965 3787 2770 3856">
     <span class='ocr_line' id='line_1_86' title="bbox 1965 3787 2770 3856; baseline 0.001 -15"><span class='ocrx_word' id='word_1_601' title='bbox 1965 3797 2310 3856; x_wconf 80' lang='lat' dir='ltr'><strong>comparatur</strong></span> <span class='ocrx_word' id='word_1_602' title='bbox 2337 3787 2460 3842; x_wconf 86' lang='lat' dir='ltr'><strong>aula</strong></span> <span class='ocrx_word' id='word_1_603' title='bbox 2485 3790 2770 3842; x_wconf 79' lang='lat' dir='ltr'><strong>cwiorum.</strong></span> 
     </span>
    </p>
   </div>
   <div class='ocr_carea' id='block_1_87' title="bbox 2032 3896 3554 3969">
    <p class='ocr_par' dir='ltr' id='par_1_87' title="bbox 2032 3896 3554 3969">
     <span class='ocr_line' id='line_1_87' title="bbox 2032 3896 3554 3969; baseline -0.002 -17"><span class='ocrx_word' id='word_1_604' title='bbox 2032 3897 2178 3952; x_wconf 85' lang='lat' dir='ltr'><strong>Inter</strong></span> <span class='ocrx_word' id='word_1_605' title='bbox 2221 3907 2443 3953; x_wconf 68' lang='lat' dir='ltr'><strong>caeteras</strong></span> <span class='ocrx_word' id='word_1_606' title='bbox 2497 3915 2626 3969; x_wconf 85' lang='lat' dir='ltr'><strong>ergo</strong></span> <span class='ocrx_word' id='word_1_607' title='bbox 2674 3900 2941 3965; x_wconf 82' lang='lat' dir='ltr'><strong>virtutes,</strong></span> <span class='ocrx_word' id='word_1_608' title='bbox 2990 3897 3314 3954; x_wconf 84' lang='lat' dir='ltr'><strong>venerabilis</strong></span> <span class='ocrx_word' id='word_1_609' title='bbox 3365 3896 3554 3962; x_wconf 77' lang='lat' dir='ltr'><strong>frater,</strong></span> 
     </span>
    </p>
   </div>
   <div class='ocr_carea' id='block_1_88' title="bbox 1961 3988 3558 4060">
    <p class='ocr_par' dir='ltr' id='par_1_88' title="bbox 1961 3988 3558 4060">
     <span class='ocr_line' id='line_1_88' title="bbox 1961 3988 3558 4060; baseline 0 -20"><span class='ocrx_word' id='word_1_610' title='bbox 1961 3989 2159 4057; x_wconf 89' lang='lat' dir='ltr'><strong>quibus</strong></span> <span class='ocrx_word' id='word_1_611' title='bbox 2189 3991 2493 4044; x_wconf 80' lang='lat' dir='ltr'><strong>sanctitatis</strong></span> <span class='ocrx_word' id='word_1_612' title='bbox 2533 4001 2636 4044; x_wconf 79' lang='lat' dir='ltr'><strong>tua:</strong></span> <span class='ocrx_word' id='word_1_613' title='bbox 2680 4005 2784 4044; x_wconf 83' lang='lat' dir='ltr'><strong>non</strong></span> <span class='ocrx_word' id='word_1_614' title='bbox 2830 3991 3154 4060; x_wconf 80' lang='lat' dir='ltr'><strong>.nnbigimus</strong></span> <span class='ocrx_word' id='word_1_615' title='bbox 3198 3988 3390 4043; x_wconf 85' lang='lat' dir='ltr'><strong>florere</strong></span> <span class='ocrx_word' id='word_1_616' title='bbox 3428 4004 3558 4059; x_wconf 82' lang='lat' dir='ltr'><strong>pru-</strong></span> 
     </span>
    </p>
   </div>
   <div class='ocr_carea' id='block_1_89' title="bbox 1962 4079 3556 4150">
    <p class='ocr_par' dir='ltr' id='par_1_89' title="bbox 1962 4079 3556 4150">
     <span class='ocr_line' id='line_1_89' title="bbox 1962 4079 3556 4150; baseline 0 -18"><span class='ocrx_word' id='word_1_617' title='bbox 1962 4081 2221 4144; x_wconf 86' lang='lat' dir='ltr'><strong>dentiam,</strong></span> <span class='ocrx_word' id='word_1_618' title='bbox 2257 4080 2398 4134; x_wconf 90' lang='lat' dir='ltr'><strong>hanc</strong></span> <span class='ocrx_word' id='word_1_619' title='bbox 2422 4081 2730 4149; x_wconf 60' lang='lat' dir='ltr'><strong>SpCt‘lalllttl‘</strong></span> <span class='ocrx_word' id='word_1_620' title='bbox 2759 4081 2958 4150; x_wconf 85' lang='lat' dir='ltr'><strong>arripe,</strong></span> <span class='ocrx_word' id='word_1_621' title='bbox 2989 4079 3040 4132; x_wconf 90' lang='lat' dir='ltr'><strong>in</strong></span> <span class='ocrx_word' id='word_1_622' title='bbox 3075 4080 3330 4148; x_wconf 89' lang='lat' dir='ltr'><strong>operibus</strong></span> <span class='ocrx_word' id='word_1_623' title='bbox 3362 4089 3412 4132; x_wconf 90' lang='lat' dir='ltr'><strong>te</strong></span> <span class='ocrx_word' id='word_1_624' title='bbox 3441 4080 3556 4148; x_wconf 89' lang='lat' dir='ltr'><strong>pie-</strong></span> 
     </span>
    </p>
   </div>
   <div class='ocr_carea' id='block_1_90' title="bbox 1961 4169 3550 4241">
    <p class='ocr_par' dir='ltr' id='par_1_90' title="bbox 1961 4169 3550 4241">
     <span class='ocr_line' id='line_1_90' title="bbox 1961 4169 3550 4241; baseline -0.001 -17"><span class='ocrx_word' id='word_1_625' title='bbox 1961 4172 2086 4226; x_wconf 89' lang='lat' dir='ltr'><strong>tatis</strong></span> <span class='ocrx_word' id='word_1_626' title='bbox 2116 4186 2330 4233; x_wconf 81' lang='lat' dir='ltr'><strong>exerce,</strong></span> <span class='ocrx_word' id='word_1_627' title='bbox 2366 4173 2754 4228; x_wconf 77' lang='lat' dir='ltr'><strong>misericordia:</strong></span> <span class='ocrx_word' id='word_1_628' title='bbox 2779 4187 2993 4241; x_wconf 88' lang='lat' dir='ltr'><strong>semper</strong></span> <span class='ocrx_word' id='word_1_629' title='bbox 3017 4172 3315 4227; x_wconf 89' lang='lat' dir='ltr'><strong>visceribus</strong></span> <span class='ocrx_word' id='word_1_630' title='bbox 3340 4169 3496 4225; x_wconf 78' lang='lat' dir='ltr'><strong>aliine</strong></span> <span class='ocrx_word' id='word_1_631' title='bbox 3535 4186 3550 4222; x_wconf 92' lang='lat'><strong>:</strong></span> 
     </span>
    </p>
   </div>
   <div class='ocr_carea' id='block_1_91' title="bbox 1961 4260 3554 4330">
    <p class='ocr_par' dir='ltr' id='par_1_91' title="bbox 1961 4260 3554 4330">
     <span class='ocr_line' id='line_1_91' title="bbox 1961 4260 3554 4330; baseline 0.002 -17"><span class='ocrx_word' id='word_1_632' title='bbox 1961 4272 2018 4315; x_wconf 88' lang='lat' dir='ltr'><strong>ut</strong></span> <span class='ocrx_word' id='word_1_633' title='bbox 2048 4264 2136 4330; x_wconf 89' lang='lat' dir='ltr'><strong>qui</strong></span> <span class='ocrx_word' id='word_1_634' title='bbox 2171 4277 2314 4316; x_wconf 91' lang='lat' dir='ltr'><strong>nunc</strong></span> <span class='ocrx_word' id='word_1_635' title='bbox 2339 4261 2538 4316; x_wconf 84' lang='lat' dir='ltr'><strong>Christi</strong></span> <span class='ocrx_word' id='word_1_636' title='bbox 2580 4261 2906 4330; x_wconf 89' lang='lat' dir='ltr'><strong>pauperibus</strong></span> <span class='ocrx_word' id='word_1_637' title='bbox 2935 4262 3245 4328; x_wconf 88' lang='lat' dir='ltr'><strong>misereris,</strong></span> <span class='ocrx_word' id='word_1_638' title='bbox 3273 4277 3302 4314; x_wconf 91' lang='lat' dir='ltr'><strong>a</strong></span> <span class='ocrx_word' id='word_1_639' title='bbox 3332 4260 3554 4316; x_wconf 88' lang='lat' dir='ltr'><strong>Christo</strong></span> 
     </span>
    </p>
   </div>
   <div class='ocr_carea' id='block_1_92' title="bbox 1959 4351 3158 4420">
    <p class='ocr_par' dir='ltr' id='par_1_92' title="bbox 1959 4351 3158 4420">
     <span class='ocr_line' id='line_1_92' title="bbox 1959 4351 3158 4420; baseline 0.001 -16"><span class='ocrx_word' id='word_1_640' title='bbox 1959 4353 2298 4418; x_wconf 82' lang='lat' dir='ltr'><strong>postmodum</strong></span> <span class='ocrx_word' id='word_1_641' title='bbox 2335 4351 2758 4406; x_wconf 86' lang='lat' dir='ltr'><strong>misericordiam</strong></span> <span class='ocrx_word' id='word_1_642' title='bbox 2785 4351 3158 4420; x_wconf 87' lang='lat' dir='ltr'><strong>consequaris.</strong></span> 
     </span>
    </p>
   </div>
   <div class='ocr_carea' id='block_1_93' title="bbox 2287 4462 3228 4519">
    <p class='ocr_par' dir='ltr' id='par_1_93' title="bbox 2287 4462 3228 4519">
     <span class='ocr_line' id='line_1_93' title="bbox 2287 4462 3228 4519; baseline -0.001 0"><span class='ocrx_word' id='word_1_643' title='bbox 2287 4462 2369 4519; x_wconf 80' lang='lat' dir='ltr'><strong>Sit</strong></span> <span class='ocrx_word' id='word_1_644' title='bbox 2411 4480 2595 4518; x_wconf 81' lang='lat' dir='ltr'><strong>nomen</strong></span> <span class='ocrx_word' id='word_1_645' title='bbox 2636 4463 2844 4518; x_wconf 84' lang='lat' dir='ltr'><strong>Domini</strong></span> <span class='ocrx_word' id='word_1_646' title='bbox 2882 4464 3228 4518; x_wconf 79' lang='lat' dir='ltr'><strong>benedictum.</strong></span> 
     </span>
    </p>
   </div>
   <div class='ocr_carea' id='block_1_94' title="bbox 1238 4706 3542 4729">
    <p class='ocr_par' dir='ltr' id='par_1_94' title="bbox 1238 4706 3542 4729">
     <span class='ocr_line' id='line_1_94' title="bbox 1238 4706 3542 4729; baseline 0.004 -10"><span class='ocrx_word' id='word_1_647' title='bbox 1238 4706 3542 4729; x_wconf 55' lang='lat' dir='ltr'><strong>MM</strong></span> 
     </span>
    </p>
   </div>
   <div class='ocr_carea' id='block_1_95' title="bbox 872 4838 2942 4980">
    <p class='ocr_par' dir='ltr' id='par_1_95' title="bbox 872 4838 2942 4980">
     <span class='ocr_line' id='line_1_95' title="bbox 872 4838 2942 4980; baseline 0.013 -22"><span class='ocrx_word' id='word_1_648' title='bbox 872 4838 2155 4980; x_wconf 59' lang='lat' dir='ltr'><strong>2t1-2”eruscmLUM</strong></span> <span class='ocrx_word' id='word_1_649' title='bbox 2244 4865 2942 4978; x_wconf 78' lang='lat' dir='ltr'><strong>DECIMUM.</strong></span> 
     </span>
    </p>
   </div>
   <div class='ocr_carea' id='block_1_96' title="bbox 781 5081 1876 5146">
    <p class='ocr_par' dir='ltr' id='par_1_96' title="bbox 781 5081 1876 5146">
     <span class='ocr_line' id='line_1_96' title="bbox 781 5081 1876 5146; baseline 0.005 -7"><span class='ocrx_word' id='word_1_650' title='bbox 781 5081 884 5141; x_wconf 85' lang='lat' dir='ltr'><strong>DE</strong></span> <span class='ocrx_word' id='word_1_651' title='bbox 927 5081 1166 5142; x_wconf 76' lang='lat' dir='ltr'><strong>HOlllS</strong></span> <span class='ocrx_word' id='word_1_652' title='bbox 1209 5081 1654 5146; x_wconf 83' lang='lat' dir='ltr'><strong>CANONICIS.</strong></span> <span class='ocrx_word' id='word_1_653' title='bbox 1695 5086 1803 5145; x_wconf 86' lang='lat' dir='ltr'><strong>AD</strong></span> <span class='ocrx_word' id='word_1_654' title='bbox 1847 5087 1876 5145; x_wconf 86' lang='lat' dir='ltr'><strong>&#39;J</strong></span> 
     </span>
    </p>
   </div>
   <div class='ocr_carea' id='block_1_97' title="bbox 1974 5081 2996 5146">
    <p class='ocr_par' dir='ltr' id='par_1_97' title="bbox 2015 5081 2996 5145">
     <span class='ocr_line' id='line_1_97' title="bbox 2015 5081 2996 5145; baseline -0.003 -1"><span class='ocrx_word' id='word_1_655' title='bbox 2015 5129 2029 5144; x_wconf 97' lang='lat'><strong>.</strong></span> <span class='ocrx_word' id='word_1_656' title='bbox 2069 5123 2081 5137; x_wconf 92' lang='lat'><strong>.</strong></span> <span class='ocrx_word' id='word_1_657' title='bbox 2133 5084 2384 5145; x_wconf 69' lang='lat' dir='ltr'><strong>VlllUM</strong></span> <span class='ocrx_word' id='word_1_658' title='bbox 2429 5081 2996 5145; x_wconf 77' lang='lat' dir='ltr'><strong>CLARISSIMUM.</strong></span> 
     </span>
    </p>
   </div>
   <div class='ocr_carea' id='block_1_98' title="bbox 1605 5259 2166 5281">
    <p class='ocr_par' dir='ltr' id='par_1_98' title="bbox 1605 5259 2166 5281">
     <span class='ocr_line' id='line_1_98' title="bbox 1605 5259 2166 5281; baseline 0.002 -1"><span class='ocrx_word' id='word_1_659' title='bbox 1605 5259 2166 5281; x_wconf 44' lang='lat' dir='ltr'>ﬂ</span> 
     </span>
    </p>
   </div>
   <div class='ocr_carea' id='block_1_99' title="bbox 253 5379 3542 5452">
    <p class='ocr_par' dir='ltr' id='par_1_99' title="bbox 253 5379 3542 5452">
     <span class='ocr_line' id='line_1_99' title="bbox 253 5379 3542 5452; baseline 0.001 -18"><span class='ocrx_word' id='word_1_660' title='bbox 253 5379 653 5438; x_wconf 72' lang='lat' dir='ltr'><strong>Ascunuzsruu.</strong></span> <span class='ocrx_word' id='word_1_661' title='bbox 678 5410 749 5443; x_wconf 45' lang='grc' dir='ltr'><strong>σέ</strong></span> <span class='ocrx_word' id='word_1_662' title='bbox 772 5381 1161 5452; x_wconf 71' lang='lat' dir='ltr'><strong>tlannnicarum</strong></span> <span class='ocrx_word' id='word_1_663' title='bbox 1194 5382 1446 5436; x_wconf 87' lang='lat' dir='ltr'><strong>horarum</strong></span> <span class='ocrx_word' id='word_1_664' title='bbox 1473 5382 1758 5451; x_wconf 87' lang='lat' dir='ltr'><strong>originem,</strong></span> <span class='ocrx_word' id='word_1_665' title='bbox 1786 5391 1839 5436; x_wconf 86' lang='lat' dir='ltr'><strong>et</strong></span> <span class='ocrx_word' id='word_1_666' title='bbox 1864 5382 2116 5452; x_wconf 85' lang='lat' dir='ltr'><strong>mysteria</strong></span> <span class='ocrx_word' id='word_1_667' title='bbox 2150 5383 2410 5445; x_wconf 82' lang='lat' dir='ltr'><strong>declarat,</strong></span> <span class='ocrx_word' id='word_1_668' title='bbox 2444 5397 2737 5450; x_wconf 88' lang='lat' dir='ltr'><strong>carumque</strong></span> <span class='ocrx_word' id='word_1_669' title='bbox 2768 5383 3030 5438; x_wconf 88' lang='lat' dir='ltr'><strong>utilitates</strong></span> <span class='ocrx_word' id='word_1_670' title='bbox 3065 5390 3366 5436; x_wconf 88' lang='lat' dir='ltr'><strong>enumerat.</strong></span> <span class='ocrx_word' id='word_1_671' title='bbox 3395 5380 3542 5451; x_wconf 82' lang='lat' dir='ltr'><strong>Qua-</strong></span> 
     </span>
    </p>
   </div>
   <div class='ocr_carea' id='block_1_100' title="bbox 332 5450 3535 5520">
    <p class='ocr_par' dir='ltr' id='par_1_100' title="bbox 332 5450 3535 5520">
     <span class='ocr_line' id='line_1_100' title="bbox 332 5450 3535 5520; baseline 0.001 -16"><span class='ocrx_word' id='word_1_672' title='bbox 332 5460 556 5520; x_wconf 79' lang='lat' dir='ltr'><strong>propter</strong></span> <span class='ocrx_word' id='word_1_673' title='bbox 601 5453 850 5504; x_wconf 89' lang='lat' dir='ltr'><strong>hortatur</strong></span> <span class='ocrx_word' id='word_1_674' title='bbox 879 5450 1047 5504; x_wconf 83' lang='lat' dir='ltr'><strong>virum</strong></span> <span class='ocrx_word' id='word_1_675' title='bbox 1085 5453 1370 5520; x_wconf 87' lang='lat' dir='ltr'><strong>quemdam</strong></span> <span class='ocrx_word' id='word_1_676' title='bbox 1410 5450 1638 5505; x_wconf 60' lang='lat' dir='ltr'><strong>nobile-nt</strong></span> <span class='ocrx_word' id='word_1_677' title='bbox 1663 5492 1676 5516; x_wconf 93' lang='lat'><strong>,</strong></span> <span class='ocrx_word' id='word_1_678' title='bbox 1710 5454 1776 5505; x_wconf 89' lang='lat' dir='ltr'><strong>ad</strong></span> <span class='ocrx_word' id='word_1_679' title='bbox 1805 5450 1962 5520; x_wconf 84' lang='lat' dir='ltr'><strong>quem</strong></span> <span class='ocrx_word' id='word_1_680' title='bbox 1994 5455 2138 5508; x_wconf 88' lang='lat' dir='ltr'><strong>Iumc</strong></span> <span class='ocrx_word' id='word_1_681' title='bbox 2179 5454 2411 5506; x_wconf 85' lang='lat' dir='ltr'><strong>libellum</strong></span> <span class='ocrx_word' id='word_1_682' title='bbox 2463 5454 2654 5516; x_wconf 88' lang='lat' dir='ltr'><strong>mittit,</strong></span> <span class='ocrx_word' id='word_1_683' title='bbox 2700 5463 2758 5506; x_wconf 91' lang='lat' dir='ltr'><strong>ut</strong></span> <span class='ocrx_word' id='word_1_684' title='bbox 2801 5455 3093 5508; x_wconf 85' lang='lat' dir='ltr'><strong>eaunnicas</strong></span> <span class='ocrx_word' id='word_1_685' title='bbox 3123 5453 3282 5507; x_wconf 87' lang='lat' dir='ltr'><strong>horas</strong></span> <span class='ocrx_word' id='word_1_686' title='bbox 3317 5450 3535 5514; x_wconf 82' lang='lat' dir='ltr'><strong>audire,</strong></span> 
     </span>
    </p>
   </div>
   <div class='ocr_carea' id='block_1_101' title="bbox 328 5522 3540 5594">
    <p class='ocr_par' dir='ltr' id='par_1_101' title="bbox 328 5522 3540 5594">
     <span class='ocr_line' id='line_1_101' title="bbox 328 5522 3540 5594; baseline 0.001 -20"><span class='ocrx_word' id='word_1_687' title='bbox 328 5528 421 5574; x_wconf 80' lang='lat' dir='ltr'><strong>aut</strong></span> <span class='ocrx_word' id='word_1_688' title='bbox 472 5522 610 5594; x_wconf 87' lang='lat' dir='ltr'><strong>ipse_</strong></span> <span class='ocrx_word' id='word_1_689' title='bbox 625 5523 867 5594; x_wconf 73' lang='lat' dir='ltr'><strong>recitare</strong></span> <span class='ocrx_word' id='word_1_690' title='bbox 903 5537 1015 5594; x_wconf 83' lang='lat' dir='ltr'><strong>non</strong></span> <span class='ocrx_word' id='word_1_691' title='bbox 1037 5524 1292 5592; x_wconf 81' lang='lat' dir='ltr'><strong>negligat,</strong></span> <span class='ocrx_word' id='word_1_692' title='bbox 1327 5522 1592 5591; x_wconf 89' lang='lat' dir='ltr'><strong>nullisque</strong></span> <span class='ocrx_word' id='word_1_693' title='bbox 1623 5523 2070 5590; x_wconf 85' lang='lat' dir='ltr'><strong>occupationibus</strong></span> <span class='ocrx_word' id='word_1_694' title='bbox 2111 5540 2140 5577; x_wconf 92' lang='lat' dir='ltr'><strong>a</strong></span> <span class='ocrx_word' id='word_1_695' title='bbox 2185 5533 2290 5578; x_wconf 85' lang='lat' dir='ltr'><strong>tam</strong></span> <span class='ocrx_word' id='word_1_696' title='bbox 2321 5524 2409 5592; x_wconf 89' lang='lat' dir='ltr'><strong>pio</strong></span> <span class='ocrx_word' id='word_1_697' title='bbox 2448 5539 2610 5592; x_wconf 85' lang='lat' dir='ltr'><strong>eperc</strong></span> <span class='ocrx_word' id='word_1_698' title='bbox 2655 5525 2872 5580; x_wconf 87' lang='lat' dir='ltr'><strong>avocari</strong></span> <span class='ocrx_word' id='word_1_699' title='bbox 2904 5541 2962 5580; x_wconf 85' lang='lat' dir='ltr'><strong>se</strong></span> <span class='ocrx_word' id='word_1_700' title='bbox 2992 5524 3261 5594; x_wconf 85' lang='lat' dir='ltr'><strong>patiatur;</strong></span> <span class='ocrx_word' id='word_1_701' title='bbox 3303 5522 3540 5578; x_wconf 77' lang='lat' dir='ltr'><strong>ofﬁcium</strong></span> 
     </span>
    </p>
   </div>
   <div class='ocr_carea' id='block_1_102' title="bbox 326 5590 1855 5663">
    <p class='ocr_par' dir='ltr' id='par_1_102' title="bbox 326 5590 1855 5663">
     <span class='ocr_line' id='line_1_102' title="bbox 326 5590 1855 5663; baseline 0.003 -20"><span class='ocrx_word' id='word_1_702' title='bbox 326 5605 544 5660; x_wconf 84' lang='lat' dir='ltr'><strong>quoque</strong></span> <span class='ocrx_word' id='word_1_703' title='bbox 579 5591 637 5643; x_wconf 86' lang='grc' dir='ltr'><strong>Β.</strong></span> <span class='ocrx_word' id='word_1_704' title='bbox 668 5590 904 5661; x_wconf 80' lang='lat' dir='ltr'><strong>Virginis</strong></span> <span class='ocrx_word' id='word_1_705' title='bbox 934 5590 1467 5663; x_wconf 59' lang='lat' dir='ltr'><strong>chlcnfmagnopere</strong></span> <span class='ocrx_word' id='word_1_706' title='bbox 1502 5590 1855 5648; x_wconf 71' lang='lat' dir='ltr'><strong>eonnncndat.</strong></span> 
     </span>
    </p>
   </div>
   <div class='ocr_carea' id='block_1_103' title="bbox 329 5741 1832 5817">
    <p class='ocr_par' dir='ltr' id='par_1_103' title="bbox 329 5741 1832 5817">
     <span class='ocr_line' id='line_1_103' title="bbox 329 5741 1832 5817; baseline 0.005 -22"><span class='ocrx_word' id='word_1_707' title='bbox 329 5741 535 5796; x_wconf 91' lang='lat' dir='ltr'><strong>Domno</strong></span> <span class='ocrx_word' id='word_1_708' title='bbox 722 5741 836 5796; x_wconf 84' lang='lat' dir='ltr'><strong>viro</strong></span> <span class='ocrx_word' id='word_1_709' title='bbox 858 5742 1176 5805; x_wconf 76' lang='lat' dir='ltr'><strong>clarissimo,</strong></span> <span class='ocrx_word' id='word_1_710' title='bbox 1206 5743 1421 5816; x_wconf 65' lang='lat' dir='ltr'><strong>Pin-aus</strong></span> <span class='ocrx_word' id='word_1_711' title='bbox 1446 5755 1698 5817; x_wconf 77' lang='lat' dir='ltr'><strong>peccator</strong></span> <span class='ocrx_word' id='word_1_712' title='bbox 1723 5761 1832 5802; x_wconf 84' lang='lat' dir='ltr'><strong>mo-</strong></span> 
     </span>
    </p>
   </div>
   <div class='ocr_carea' id='block_1_104' title="bbox 252 5835 1114 5894">
    <p class='ocr_par' dir='ltr' id='par_1_104' title="bbox 252 5835 1114 5894">
     <span class='ocr_line' id='line_1_104' title="bbox 252 5835 1114 5894; baseline 0.006 -6"><span class='ocrx_word' id='word_1_713' title='bbox 252 5839 460 5890; x_wconf 73' lang='lat' dir='ltr'><strong>navbus</strong></span> <span class='ocrx_word' id='word_1_714' title='bbox 489 5837 765 5892; x_wconf 71' lang='lat' dir='ltr'><strong>orationes</strong></span> <span class='ocrx_word' id='word_1_715' title='bbox 799 5835 850 5890; x_wconf 88' lang='lat' dir='ltr'><strong>in</strong></span> <span class='ocrx_word' id='word_1_716' title='bbox 876 5835 1114 5894; x_wconf 76' lang='lat' dir='ltr'><strong>Christo.</strong></span> 
     </span>
    </p>
   </div>
   <div class='ocr_carea' id='block_1_105' title="bbox 2015 5746 3534 5819">
    <p class='ocr_par' dir='ltr' id='par_1_105' title="bbox 2015 5746 3534 5819">
     <span class='ocr_line' id='line_1_105' title="bbox 2015 5746 3534 5819; baseline 0.002 -20"><span class='ocrx_word' id='word_1_717' title='bbox 2015 5746 2149 5800; x_wconf 71' lang='lat' dir='ltr'><strong>Dant</strong></span> <span class='ocrx_word' id='word_1_718' title='bbox 2182 5755 2387 5811; x_wconf 83' lang='lat' dir='ltr'><strong>tecum,</strong></span> <span class='ocrx_word' id='word_1_719' title='bbox 2424 5747 2794 5810; x_wconf 80' lang='lat' dir='ltr'><strong>dilectissime,</strong></span> <span class='ocrx_word' id='word_1_720' title='bbox 2836 5749 2886 5801; x_wconf 91' lang='lat' dir='ltr'><strong>in</strong></span> <span class='ocrx_word' id='word_1_721' title='bbox 2933 5747 3221 5819; x_wconf 84' lang='lat' dir='ltr'><strong>episcopali</strong></span> <span class='ocrx_word' id='word_1_722' title='bbox 3261 5748 3534 5803; x_wconf 78' lang='lat' dir='ltr'><strong>Ravennae</strong></span> 
     </span>
    </p>
   </div>
   <div class='ocr_carea' id='block_1_106' title="bbox 1954 5839 3532 5910">
    <p class='ocr_par' dir='ltr' id='par_1_106' title="bbox 1954 5839 3532 5910">
     <span class='ocr_line' id='line_1_106' title="bbox 1954 5839 3532 5910; baseline 0.001 -18"><span class='ocrx_word' id='word_1_723' title='bbox 1954 5839 2153 5909; x_wconf 86' lang='lat' dir='ltr'><strong>palatio</strong></span> <span class='ocrx_word' id='word_1_724' title='bbox 2188 5840 2519 5910; x_wconf 82' lang='lat' dir='ltr'><strong>colloquens,</strong></span> <span class='ocrx_word' id='word_1_725' title='bbox 2563 5842 2817 5896; x_wconf 86' lang='lat' dir='ltr'><strong>nonnulla</strong></span> <span class='ocrx_word' id='word_1_726' title='bbox 2868 5842 2959 5896; x_wconf 89' lang='lat' dir='ltr'><strong>tibi</strong></span> <span class='ocrx_word' id='word_1_727' title='bbox 3012 5840 3219 5895; x_wconf 81' lang='lat' dir='ltr'><strong>vivendi</strong></span> <span class='ocrx_word' id='word_1_728' title='bbox 3265 5851 3532 5908; x_wconf 65' lang='lat' dir='ltr'><strong>[ll‘tt&#39;t&#39;t&#39;pitl</strong></span> 
     </span>
    </p>
   </div>
  </div>
