4110 5364
471 222 620 318 ἀεῖ.

978 261 1034 319 S.
1062 262 1266 318 PETRI
1305 259 1593 319 DAMIANI
1631 263 1782 320 OPP.
1807 259 2044 318 TOliUS
2085 257 2215 315 SEU
2249 259 2427 317 PARS
2465 261 2551 316 lli.
2584 291 2652 303 --
2681 264 3043 324 OPUSCULA
3090 270 3320 328 VARH.

3677 283 3805 338 225,

512 389 878 449 suggererem,
904 385 1064 446 atque
1093 377 1162 439 ad
1191 376 1467 447 religionis
1497 378 1734 432 studium
1774 376 2095 448 quibusdam
2127 373 2282 464 A'l'ra
2316 378 2434 464 stt,
2481 376 2563 430 vel
2615 381 2859 436 excedat.
2911 381 3228 439 Matutmnm
3278 388 3507 460 denique
3547 393 3811 464 quinque-

510 474 566 523 te
591 465 1072 521 exhortatiuneulis
1097 482 1472 536 provocarem,
1507 469 1720 524 tandem
1748 469 1814 524 ad
1843 470 1944 524 hoc
1977 483 2096 537 pro-

512 557 674 611 cessit
698 557 893 617 oratio,
920 564 978 610 ut
1003 543 1305 612 asSererem
1329 559 1586 614 canonica
1613 571 1815 629 septem
1843 559 2098 613 horarum

515 647 687 724 ofﬁcia
717 648 784 700 ab
810 648 1061 703 omnibus
1091 646 1420 705 Christianis
1450 649 1696 706 lidelibus
1724 649 1833 707 Deo
1862 650 2101 719 quotidie

513 741 666 810 quasi
713 741 983 810 quoddam
1027 744 1304 799 servitutis
1348 759 1574 815 pensum
1612 743 1808 799 debere
1846 743 2098 814 persolvi.

515 831 620 885 Sed
653 832 794 900 quod
833 839 962 887 tunc
989 831 1166 903 lingua
1197 834 1520 890 decurrente
1553 837 1818 906 prolatum
1845 844 1958 899 est,
1988 835 2104 905 api-

512 919 668 975 cibus
714 921 932 978 tradere
978 926 1344 981 necessarium
1389 927 1553 994 tinxi;
1591 943 1658 983 ne
1697 929 1840 997 quod
1879 930 1946 982 ad
1989 943 2105 982 mo-

515 1001 757 1068 mentum
798 1012 1136 1084 simplicibus
1159 1019 1340 1073 verbis
1368 1019 1600 1085 audisti,
1635 1020 1843 1074 facilius
1865 1020 2100 1082 excilat,

512 1101 606 1156 sed
655 1102 956 1170 subjectum
995 1107 1165 1162 oculis
1206 1123 1300 1178 per
1330 1109 1454 1180 styli
1505 1111 1774 1165 currentis
1816 1109 2100 1166 articulant

513 1191 786 1249 memorite
816 1197 1056 1252 tenacius
1089 1199 1430 1256 inhaerescat.

1034 1289 1263 1346 CAPUT
1312 1292 1602 1347 PRIMUM.

1009 1377 1347 1434 Percutorum
1388 1384 1621 1451 e/fertus.

586 1466 802 1538 Septem
831 1469 984 1540 plane
1010 1480 1132 1527 sunt
1155 1471 1469 1542 principalia
1495 1475 1618 1527 vitia
1641 1474 1887 1545 (Consule
1908 1476 2104 1530 sc/wlia

513 1562 584 1617 ad
622 1565 815 1618 mlcem
855 1567 1138 1635 opturnli),
1180 1583 1244 1620 ex
1278 1564 1472 1635 quibus
1497 1578 1706 1622 caetera:
1733 1570 1981 1623 vitiorum
2015 1585 2106 1639 pe-

513 1665 625 1708 stes
653 1656 935 1709 oriuntur:
968 1673 1086 1725 qua:
1113 1659 1364 1711 nimirum
1399 1668 1522 1713 sunt
1549 1661 1834 1729 superbia,
1853 1663 2100 1726 avaritia,

2203 459 2448 520 laudibus
2487 476 2732 534 constat,
2761 479 2988 539 quatuor
3029 475 3275 532 videlicet
3313 459 3532 548 psalmis
3564 459 3632 540 —et
3676 459 3814 542 uno.

2203 553 2434 608 cantico.
2502 556 2568 610 Et
2605 555 2861 630 ‘congrue
2919 562 3044 616 dum
3107 566 3297 623 diurna
3357 570 3445 624 lux
3512 579 3785 646 erumpit.

2204 645 2315 700 Deo
2374 648 2536 718 213
2597 649 3116 726 laudes-oderimus,
3171 660 3298 728 quia
3338 662 3440 716 sub
3496 645 3787 724 exterioris

2204 734 2340 790 lucis
2377 740 2558 806 specie
2606 740 2772 796 solem
2811 742 3039 813 justitia:
3107 746 3617 809 Christumznostris
3645 757 3788 811 dilu-

2204 838 2509 884 cescentem
2534 833 2799 890 cordibus
2829 844 3231 906 exspectamus,
3255 849 3311 894 et
3337 851 3590 914 tauquam
3621 849 3790 904 adre.

2203 919 2372 974 nienti
2421 921 2533 991 jam
2581 939 2781 993 sponso
2835 935 2945 982 tota
3009 929 3248 999 gaudens
3277 941 3442 1002 atque
3487 937 3788 1007 tripudians

2207 1011 2448 1064 occurrit
2477 1011 2742 1070 Ecclesia.
2785 1015 2876 1072 Sic
2903 1019 3143 1090 quinque
3171 1020 3437 1091 laudibus,
3482 1041 3548 1082 ac
3573 1028 3617 1082 si
3657 1031 3788 1084 toti-

2205 1102 2326 1156 dem
2368 1105 2606 1175 acceptis
2633 1105 3286 1180 lampadibusadornata,
3315 1124 3370 1170 et
3409 1117 3556 1172 velut
3581 1119 3790 1176 ultima:

2202 1191 2312 1263 iam
2355 1195 2702 1253 excitationis
2745 1198 2985 1256 clamore
3018 1203 3072 1257 in
3110 1205 3293 1260 cordis
3321 1223 3452 1262 aure
3479 1219 3740 1282 concepto
3765 1231 3783 1268 :

2206 1301 2333 1339 ecce
2367 1301 2596 1356 sponsus
2630 1289 2799 1354 venit,
2837 1291 2980 1347 exite
3016 1293 3229 1350 obviam
3261 1296 3336 1362 ci,
3389 1310 3807 1369 consequenter-

2206 1377 2335 1433 iUud
2378 1381 2748 1451 evangelicum
2791 1386 3132 1454 specietenus
3175 1388 3513 1458 impleatur:
3555 1411 3575 1444 ι
3602 1437 3604 1441 .
3631 1392 3822 1450 Tune~

2206 1482 2596 1535 surrexerunt,
2641 1474 2850 1543 inquit,
2877 1492 3065 1533 omnes
3093 1479 3330 1548 virgines
3352 1481 3455 1536 illa:
3475 1522 3491 1548 ,
3523 1497 3580 1537 et
3619 1499 3787 1541 orna.-

2206 1569 2399 1613 veruut
2417 1561 2692 1631 lampades
2719 1579 2847 1619 suas
2870 1565 3081 1637 (lbid.).
3121 1588 3139 1620 ι

2279 1651 2433 1718 Quod
2471 1663 2650 1708 autem
2674 1654 2726 1708 in
2756 1655 2914 1724 hujus
2936 1660 3216 1715 matutinm
3245 1660 3419 1716 laudis
3454 1662 3632 1720 oll‘tcio
3658 1681 3819 1720 can-.

513 1759 652 1799 vana
683 1746 881 1816 gloria,
907 1747 983 1800 ira
1004 1747 1241 1811 ,invidia
1265 1790 1278 1813 ,
1305 1747 1543 1810 luxuria.
1578 1750 1821 1804 tristitia.
1854 1750 1975 1805 llzec
2003 1752 2104 1805 ita-
2137 1747 2180 1805 tt
2211 1742 2372 1795 ticum
2419 1745 2660 1812 quoiidie
2707 1747 2930 1814 psalmis
2959 1748 3287 1820 adiungitur.
3336 1755 3614 1824 utriusque
3639 1757 3789 1823 vim.

514 1851 651 1903 que,
707 1837 830 1906 quia
863 1853 1024 1891 causa
1057 1845 1181 1890 sunt
1230 1837 1470 1890 omnium
1523 1849 1577 1892 et
1619 1838 1770 1908 origo
1814 1841 2099 1907 malorum,

519 1928 621 1980 sub
648 1930 832 1981 eodem
866 1944 1093 1982 numero
1120 1944 1246 1983 suos
1274 1928 1475 1985 habere
1504 1943 1803 1986 noscuntur
1829 1933 2052 1986 elleetus
2085 1951 2098 1986 :

515 2019 721 2088 septem
753 2017 995 2074 videlicet
1041 2020 1344 2075 critninalia
1383 2032 1626 2090 peccata,
1659 2023 1710 2076 id
1748 2032 1864 2087 est,
1893 2023 2102 2076 adulte-

517 2112 678 2175 rium,
713 2111 1077 2172 homicidium,
1111 2112 1336 2178 furtum,
1374 2115 1690 2184 perjurittm,
1723 2117 1912 2169 falsum
1947 2117 2103 2171 testi-

515 2201 777 2267 monium,
815 2204 1078 2272 rapinam,
1108 2213 1162 2257 et
1195 2205 1606 2275 blasphemiam.
1640 2207 1695 2260 lu
1729 2208 1922 2276 quibus
1951 2208 2103 2261 vidc-

516 2293 641 2347 licet
673 2303 779 2348 tam
813 2304 982 2359 certa,
1013 2305 1121 2350 tam
1152 2297 1434 2352 manifesta
1468 2315 1615 2354 mors
1641 2309 1724 2353 est
1763 2299 2063 2354 animorum
2087 2316 2110 2362 :-

517 2389 572 2436 ιιι
600 2383 843 2452 quisquis
889 2383 942 2438 in
986 2385 1224 2454 quolibet
1261 2387 1452 2441 horum
1479 2387 1851 2458 deprehensus
1884 2389 2102 2454 abierit,

515 2467 746 2527 evadere
777 2475 1139 2530 damnationis
1174 2488 1390 2533 :cternze
1432 2479 1754 2532 sententiam
1802 2479 2106 2533 nullatenus

518 2564 705 2634 possit.
750 2564 959 2620 Rursus
1000 2575 1206 2636 septem
1247 2576 1373 2622 sunt
1410 2567 1580 2632 levia,
1610 2569 1943 2638 minimaque
1981 2582 2106 2638 pec-

514 2663 656 2718 cata,
687 2655 739 2709 in
782 2656 980 2725 quibus
1012 2672 1116 2710 non
1161 2657 1333 2710 solum
1380 2667 1662 2727 peccator,
1694 2659 1786 2714 sed
1831 2667 1888 2713 et
1927 2658 2122 2728 justus

514 2746 742 2816 quisque
764 2747 1004 2816 quotidie
1033 2748 1249 2811 labitur,
1277 2749 1492 2804 etiamsi
1525 2750 1576 2804 in
1600 2750 1816 2804 excelso
1843 2749 1955 2818 jam
1984 2765 2107 2819 per-

515 2835 767 2891 fectionis
801 2835 1036 2891 culmine
1067 2844 1212 2890 stare
1238 2838 1502 2892 videatur.
1529 2838 1658 2904 Qum
1685 2837 1926 2908 profecto
1957 2847 2102 2902 sunt,

518 2930 792 2999 cogitutio,
835 2931 1159 2999 ignorantia,
1190 2931 1550 2984 inconstantia
1570 2971 1585 2995 ,
1619 2932 1932 2996 necessitas,
1959 2931 2124 2985 inlir—~

519 3019 698 3082 mitas,
725 3019 946 3084 oblivio,
972 3021 1222 3090 obreptio
1249 3038 1262 3074 :
1293 3034 1390 3090 per
1414 3036 1534 3090 qua:
1563 3021 1810 3076 videlicet
1850 3021 1902 3075 in
1930 3020 2107 3089 quoti-

2207 1837 2637 1905 contemplativa!
2688 1839 2914 1894 scilicet.
2938 1849 3012 1894 ett
3034 1844 3244 1908 activae,
3279 1845 3600 1915 mysterium
3627 1848 3791 1904 redo-

2205 1927 2318 1982 lere
2369 1927 2604 1983 videtur.
2643 1929 2966 1985 Psalterium
3009 1933 3228 2002 quippe,
3281 1950 3377 1990 vas
3431 1937 3680 1992 videlicet
3733 1939 3791 1993 in

2205 2019 2423 2072 modum
2449 2020 2606 2074 deltae
2635 2019 2859 2086 factum,
2883 2037 2979 2090 per
3001 2023 3186 2078 decem
3209 2025 3402 2080 cordas
3429 2027 3636 2096 plectro
3665 2028 3792 2097 pul-

2205 2120 2358 2163 sante
2380 2111 2680 2179 crispatur;
2711 2113 2981 2166 canticum
3006 2128 3131 2167 vero
3152 2113 3268 2168 solo
3297 2115 3559 2171 duntaxat
3584 2133 3820 2185 organo.

2206 2200 2356 2256 vocis
2383 2201 2728 2270 exprimitur.
2779 2200 3122 2273 Quapropter
3160 2203 3310 2269 illud,
3361 2205 3486 2273 quia
3541 2189 3791 2261 manibus

2207 2293 2434 2362 indiget,
2481 2291 2850 2362 operationem
2893 2309 2957 2348 ac
3009 2309 3107 2362 per
3161 2295 3270 2349 hoc.
3293 2295 3523 2350 activam
3572 2297 3820 2352 denotat-

2204 2383 2406 2446 vitam;
2443 2382 2587 2437 istud
2615 2397 2744 2437 vero
2774 2382 2900 2450 quia
2926 2381 3236 2450 adjubilum
3263 2387 3522 2454 pertinet,
3546 2397 3796 2441 contem-

2207 2471 2486 2542 plativam.
2545 2471 2611 2525 Et
2651 2472 2906 2540 quoniam
2931 2473 3376 2543 contemplationi
3408 2476 3705 2546 paulisper,
3734 2485 3820 2536 eL

2206 2562 2408 2633 raptim
2450 2561 2541 2615 vix
2567 2563 2634 2616 ad
2659 2571 2992 2616 momentum
3028 2563 3279 2619 insistere
3307 2579 3616 2634 possumus,
3640 2563 3758 2635 jugi
3779 2592 3794 2607 ι

2209 2660 2291 2707 ter
2317 2660 2500 2706 autem
2529 2653 2580 2706 iu
2619 2653 2809 2707 activae
2834 2656 3269 2710 conversationis
3311 2657 3818 2718 administratione:

2206 2757 2518 2808 versamur;
2539 2741 2658 2810 jure
2681 2743 2926 2812 pluribus
2953 2745 3196 2814 psalmis,
3231 2763 3396 2800 unmn
3422 2749 3820 2808 tantummodo.

2206 2832 2479 2887 canticum
2522 2833 2935 2903 interponimus.
2996 2834 3151 2891 Sicut
3198 2837 3341 2890 enim
3385 2853 3416 2891 a
3467 2838 3570 2908 pia:
3599 2853 3814 2908 operam

2206 2924 2373 2979 tionis
2399 2925 2657 2979 exercitio
2679 2925 2747 2980 ad
2786 2926 3262 2996 contemplationis
3291 2928 3502 2984 culmen
3543 2930 3816 2984 ascendi-.

2207 3031 2350 3080 mus,
2399 3025 2473 3081 et,
2528 3026 2652 3086 post
2703 3018 3087 3085 speculationis
3149 3018 3353 3072 intimae
3405 3019 3825 3075 brevissimum.

516 3109 676 3163 diana
708 3125 923 3178 semper
943 3111 1356 3166 conversatione
1380 3111 1765 3180 delinquimus,
1796 3120 1958 3180 atque
1989 3110 2109 3163 ideo
2136 3107 2178 3168 C
2212 3117 2492 3176 punctum,
2524 3123 2646 3163 mox
2677 3110 2743 3163 ad
2774 3108 3014 3177 ejusdem
3060 3111 3252 3165 activa:
3276 3111 3400 3166 vitae
3427 3111 3820 3171 ministerium.

517 3206 710 3252 contra
738 3199 944 3266 peccati
977 3200 1199 3254 vulnera
1227 3200 1553 3268 quotidiana:
1583 3200 1881 3253 curationis
1919 3215 2108 3254 neces-

518 3287 664 3346 atrio
693 3285 946 3341 remediis
975 3289 1294 3358 indigemus.
1331 3289 1480 3342 [inde
1510 3290 1769 3356 scriptum
1796 3298 1880 3342 est
1908 3303 1922 3341 :
1959 3307 1990 3337 «ε
2011 3288 2117 3342 Se-

520 3381 724 3450 ptiesin
751 3381 838 3436 die
862 3380 1290 3450 caditjustus,et
1306 3379 1928 3452 resurgit(Prov.xxtv).
1959 3401 1982 3434 ι
2006 3382 2106 3449 Qui

523 3471 778 3525 nimirum
809 3481 862 3526 et
891 3474 1090 3542 septies
1120 3473 1342 3536 cadere,
1371 3482 1423 3526 et
1453 3485 1632 3527 tamen
1661 3472 1840 3541 justus
1869 3488 1990 3527 esse
2016 3473 2118 3526 de-

520 3563 820 3617 scribitur:
854 3565 979 3632 quia
1011 3563 1186 3633 justus
1223 3580 1345 3618 esse
1382 3567 1546 3619 etiam
1577 3564 1852 3635 peccando
1879 3581 1985 3620 non
2013 3566 2107 3619 de-

521 3652 682 3715 sinit,
734 3653 860 3708 dum
913 3670 1018 3710 non
1066 3672 1131 3710 cx
1181 3657 1478 3726 proposito,
1519 3657 1613 3712 sed
1646 3671 1714 3710 ex
1761 3656 2115 3711 humanitatis

521 3743 813 3814 fragilitate
847 3745 1130 3816 delinquit.
1283 3809 1295 3818 δ

593 3835 820 3905 Propter
860 3837 974 3892 luce
1017 3838 1180 3908 igitur
1205 3846 1410 3907 septem
1464 3837 1624 3900 levia,
1667 3851 1942 3908 parvaque
1986 3853 2112 3907 pec-

519 3933 671 3987 cata,
699 3942 819 3995 qua:
858 3942 956 3997 pro
995 3927 1300 3999 fragilitatis
1329 3929 1576 3983 humanae
1604 3929 1880 3983 debilitate
1919 3944 2113 3984 cavere

520 4033 626 4071 non
668 4033 976 4086 possumus,
1004 4020 1107 4074 hoc
1146 4034 1214 4074 ex
1258 4021 1567 4089 magisterio
1609 4018 1842 4089 Spiritus
1870 4021 2042 4074 sancti
2079 4037 2110 4074 a

520 4109 622 4178 piis
652 4110 905 4166 Ecclesiae
931 4112 1246 4168 doctoribus
1285 4113 1593 4168 institutum
1628 4123 1734 4179 est,
1768 4122 1826 4167 ut
1859 4123 1982 4167 vota
2011 4129 2109 4167 no-

521 4209 636 4251 stra
670 4199 779 4254 Deo
817 4216 915 4269 per
940 4217 1374 4270 unumquemque
1414 4203 1554 4258 diem
1602 4203 1802 4273 septies
1841 4203 2118 4272 persolva-

521 4306 661 4344 mus.
687 4291 811 4346 Haac
833 4309 962 4348 sane
985 4303 1192 4362 septem
1222 4295 1607 4348 canonicarum
1633 4296 1888 4349 horarum
1915 4296 2108 4358 oﬂicia,

521 4381 675 4448 quasi
710 4363 1324 4451 septem,baptismatum
1360 4383 1592 4450 lavacra,
1615 4385 1666 4437 in
1698 4392 1897 4438 sancta:
1925 4385 2110 4439 Eccle-

523 4560 794 4625 niaculas,
825 4578 960 4631 quas
993 4576 1060 4616 ex
1089 4565 1400 4632 quotidiana
1442 4566 1564 4620 vita:
1613 4566 1770 4633 hujus
1817 4581 2108 4620 conversa-

521 4652 668 4706 tione
695 4643 1089 4716 contrahimus,
1121 4654 1364 4717 totidem,
1399 4664 1453 4708 ut
1501 4657 1569 4708 ita
1610 4655 1822 4726 loqttar,
1850 4659 2110 4712 orationis

519 4743 849 4812 quotidiana:
877 4742 1093 4798 ﬂuentis
1117 4746 1335 4814 expiare
1361 4761 1642 4808 curemus;
1683 4758 1949 4816 quatenus
1976 4750 2110 4803 assi-

521 4833 686 4884 duum
715 4833 1080 4900 corruptibilis
1107 4835 1226 4889 vitzc
1257 4835 1532 4905 pulverem
1566 4838 1951 4892 satisfactionis
1977 4855 2108 4892 aura

523 4923 784 4986 decutiat,
828 4933 884 4977 et
929 4926 1215 4993 mundanae
1243 4927 1668 4983 conversationis
1709 4928 1879 4982 lutmn
1922 4946 2108 4999 super-

524 5010 656 5066 fusze
685 5013 948 5067 orationis
977 5015 1228 5083 frequens
1257 5016 1394 5068 unda
1427 5017 1687 5087 detergat.

1142 5105 1370 5162 CAPUT
1416 5107 1478 5164 ll.

597 5193 753 5248 Herae
779 5204 981 5258 autem,
1006 5210 1036 5249 e
1066 5197 1261 5258 quibus
1291 5199 1582 5258 lcattttttttr.
1613 5210 1735 5254 sunt
1766 5201 1848 5256 lite
1886 5220 1898 5256 :
1938 5202 2110 5256 Matu-

598 5239 752 5248 --ν-ις-
779 5239 981 5258 ν-ι--ν---ι
1009 5239 1036 5249 ν
1067 5239 1261 5266 sino-uuas:
1291 5239 1547 5270 ιυῚιιιισιιιι
1569 5241 1582 5264 ν
1613 5239 1735 5254 οισιιι
1767 5239 1848 5256 Ιιιυ
1886 5244 1898 5256 ο

523 5291 655 5346 time
693 5290 978 5354 vide-licet,
1014 5289 1256 5354 Laudes,
1299 5310 1416 5362 quae
1461 5295 1601 5350 inter
1637 5295 1928 5350 diluculum
1977 5297 2110 5351 inci-

2211 3201 2578 3265 declinamus;
2636 3200 2890 3254 nimirum
2923 3200 3398 3269 ut-contemplatiov
3434 3209 3618 3255 nostra
3643 3210 3701 3256 et
3725 3202 3812 3256 ab-

2211 3294 2386 3348 activa
2414 3293 2524 3346 vita
2565 3293 2814 3361 incipiat,
2836 3301 2889 3346 ct
2917 3293 2968 3346 in
2991 3293 3182 3348 eadem
3203 3294 3511 3348 necessario
3535 3294 3796 3348 termine-

2212 3393 2332 3448 tur;
2368 3384 2447 3436 sic
2473 3383 2696 3452 psalmis
2719 3383 2992 3437 canticutn
3017 3397 3114 3437 nec
3144 3383 3528 3452 praeponimus,
3555 3399 3652 3440 nec
3677 3399 3802 3444 om:

2210 3473 2338 3528 nino
2369 3473 2751 3542 supponimus;
2775 3472 2869 3527 sed
2895 3472 3222 3528 altrinsecus
3245 3473 3436 3542 positis
3457 3473 3558 3529 hoc
3583 3489 3818 3544 semper.

2209 3561 2559 3630 peuultiumm
2591 3561 2938 3616 collocamus.
3103 3622 3112 3627 ,

2280 3651 2450 3705 Porro
2505 3660 2684 3706 autem
2719 3651 2842 3720 quia
2893 3667 2992 3720 per
3047 3661 3280 3722 quatuor
3332 3655 3496 3708 totius
3546 3654 3816 3712 videlicet.

2213 3742 2341 3798 anui
2377 3752 2639 3811 tempora,
2675 3758 2874 3812 corpus
2903 3754 3144 3797 nosu'um
3172 3759 3234 3798 ex
3267 3757 3502 3814 quatuor
3526 3745 3802 3802 nihilomie

2210 3849 2312 3886 nus
2361 3834 2719 3902 compositum
2762 3833 3076 3898 clementis,
3120 3835 3351 3889 actionis
3382 3836 3642 3889 exercitio
3672 3835 3801 3888 fati-

2211 3941 2418 3995 gamus,
2458 3926 2661 3979 idcirco
2696 3935 2929 3995 quatuor
2965 3927 3203 3996 psalmos
3235 3928 3286 3982 in
3313 3928 3470 3997 hujus
3497 3929 3796 3982 matutina-

2214 4016 2277 4070 lis
2305 4016 2462 4071 ollicii
2493 4016 2862 4072 celebratione.
2889 4018 3247 4072 conciuimus.
3279 4017 3413 4083 Quia
3437 4034 3564 4072 vero
3594 4018 3645 4072 in
3674 4034 3812 4088 spes

2213 4105 2501 4160 culatiouis
2544 4122 2771 4162 excessu
2802 4124 2968 4162 unum
3008 4109 3378 4174 solummodo,
3416 4109 3556 4177 quod
3607 4109 3794 4178 procul

2213 4197 2378 4252 dubio
2436 4200 2574 4252 Deus
2604 4207 2706 4264 est,
2741 4200 3055 4266 quarrimus,
3109 4216 3275 4253 unum
3329 4216 3480 4269 teque
3524 4201 3819 4263 canticum,

2215 4304 2318 4342 non
2353 4290 2622 4344 immerito
2643 4291 3013 4343 decantamus.
3039 4290 3191 4356 Quod
3231 4302 3414 4346 autem
3441 4302 3492 4344 et
3519 4291 3794 4346 Zacharia:

2157 4401 2173 4456 ὲ
2213 4385 2486 4437 canticum
2518 4384 2568 4437 in
2598 4383 2700 4437 line
2721 4385 2942 4454 synaxis
2968 4385 3236 4451 adjicitur,
3255 4395 3311 4444 et
3335 4386 3460 4456 quia
3489 4386 3799 4452 desinente,

521 4472 616 4523 sia:
643 4482 766 4524 sunt
810 4474 1017 4541 gremio
1053 4475 1343 4528 constituta
1377 4492 1391 4528 :
1437 4485 1496 4529 ιιι
1526 4487 1726 4545 septem
1752 4477 2105 4531 oll'ensiouum
2139 4454 2184 4510 D

2213 4487 2267 4530 et
2321 4475 2633 4530 imminente
2675 4475 2786 4546 jatn
2841 4475 2992 4532 Novo
3031 4477 3377 4532 Testamento
3408 4478 3604 4530 factum
3633 4477 3798 4531 fuisse

2215 4567 2580 4636 cognoscitur,
2631 4567 2747 4636 ipso
2795 4568 2956 4621 etiam
2999 4569 3143 4637 quod
3181 4570 3377 4623 dicitur
3408 4580 3650 4638 tempore
3683 4585 3798 4638 my-

2215 4660 2354 4714 stice
2387 4669 2634 4722 testatur,
2692 4668 2747 4713 et
2791 4670 3003 4713 noctem
3061 4662 3405 4729 praecessisse
3435 4661 3687 4713 vitiorum
3745 4666 3801 4713 et

2217 4749 2378 4810 diem,
2443 4748 2584 4801 sicut
2612 4749 2899 4817 Apostolus
2921 4749 3167 4816 perhibet
3200 4749 3375 4817 (Rom.
3430 4754 3572 4812 χιιι),
3605 4765 3800 4817 appro—

2218 4839 2485 4908 pinquare
2516 4837 2820 4889 virtutum.
2859 4837 2927 4891 Et
2972 4838 3086 4892 lucc
3145 4839 3360 4906 quidem
3404 4839 3469 4893 de
3523 4839 3826 4894 matutinis.

2217 4928 2466 4983 laudibus
2495 4929 2933 4997 con‘tpcndiosius
2963 4930 3240 4998 prailihata
3269 4930 3553 4984 sulliciant.

2831 5021 3058 5076 CAPUT
3100 5022 3181 5074 ΙΙΙ.

2425 5108 2534 5164 (ἔην
2565 5111 2618 5164 in
2647 5111 2817 5182 prima
2839 5111 2970 5164 liora
3001 5112 3246 5164 recitatur
3270 5112 3579 5181 symbolum.

2287 5201 2482 5256 Prinne
2520 5211 2697 5256 autem
2734 5204 2897 5266 hunc,
2931 5203 3122 5263 tertiae,
3148 5211 3312 5259 sexta:
3343 5214 3397 5257 et
3429 5219 3582 5256 nume
3631 5205 3799 5266 ternis

2218 5307 2368 5362 atque
2415 5292 2639 5362 psalmis
2677 5293 3026 5348 continentur
3075 5292 3271 5356 cilicia,
3317 5295 3409 5348 sed
3461 5309 3488 5346 a
3524 5293 3802 5348 modernis

3836 1196 3854 1251 ξ

3847 4261 3862 4324 l
