4106 6320
538 294 644 350 927
678 268 681 269 ί

1002 286 1058 341 S.
1088 284 1289 341 PETRI
1326 282 1610 340 DAMIANI
1640 279 2064 347 OPPJTOMUS
2102 279 2231 336 εει]
2274 279 2449 333 PARS
2483 278 2571 331 ιιι.
2601 311 2670 320 -——
2692 276 3053 335 OPUSCULA
3098 280 3333 335 VARIA.‘

3692 291 3803 351 223

539 414 732 467 eadem
783 404 1136 462 nihilominus
1177 411 1316 455 ratio
1360 406 1444 455 est
1485 399 1775 463 reddenda,
1809 412 1928 467 qua:
1958 408 2014 451 et
2052 395 2117 451 de
2145 401 2191 459 Α
2222 392 2470 447 videlicet
2515 392 2687 448 officia
2743 409 2863 464 quae
2939 396 3206 465 descripta
3264 405 3410 461 sunt,
3462 398 3531 451 ita
3590 402 3803 469 possim,

542 499 866 569 vespertina:
894 493 1069 548 laudis
1097 490 1274 547 ollicio
1300 498 1386 544 est
1424 489 1675 560 superius
1717 488 1962 542 absoluta
1998 506 2010 540 :
2044 487 2120 541 vi-

540 590 732 644 delicet
761 593 821 640 ut
864 600 961 654 per
1000 581 1319 652 quadrifida:
1359 580 1672 649 psalmodiae
1712 594 1996 633 numerum
2027 578 2120 635 do-

538 694 756 736 ceamur
776 676 940 747 216
984 674 1226 744 arripere
1264 673 1484 727 totidem
1536 680 1935 741 consequenter
1964 684 2118 724 arma

536 771 794 824 virtutum
831 785 843 821 :
875 764 1070 837 quibus
1121 764 1349 819 accincti
1380 773 1434 817 et
1468 761 1902 816 latrocinantium
1953 759 2115 814 vitio-

536 874 655 917 rum
683 868 830 929 terga
858 855 1163 926 perfodere,
1196 862 1252 908 et
1292 853 1514 908 hostiles
1544 852 1918 907 insidiatorum
1953 849 2117 920 spiri-

536 959 686 1005 tuum
743 948 1018 1002 valeamus
1070 946 1301 1015 impetus
1370 944 1711 1015 propulsare.
1797 941 2115 1010 Hujusmodi

533 1052 729 1107 nempe
749 1048 970 1092 enarrat
999 1034 1258 1089 excubias
1285 1033 1587 1102 Scriptura,
1619 1047 1741 1086 cum
1768 1032 1899 1086 dicit
1924 1048 1936 1084 :
1976 1050 1994 1082 ι
2036 1031 2113 1085 En

535 1128 794 1183 lectulum
854 1125 1159 1181 Salomonis
1208 1123 1489 1194 sexaginta
1543 1122 1710 1177 fortes
1766 1123 2012 1176 ambiunt
2047 1135 2112 1175 ex

537 1216 850 1272 fortissimis
884 1214 1047 1271 Israel
1096 1231 1111 1271 :
1150 1214 1440 1282 unicuique
1491 1213 1640 1267 ensis
1690 1226 1820 1266 suus
1850 1225 2013 1280 super
2038 1209 2116 1263 fe-

536 1325 662 1364 mur
702 1319 923 1378 propter
952 1307 1171 1362 timores
1200 1314 1495 1360 nocturnos
1541 1303 1727 1375 (Cant.
1748 1303 1808 1370 ι).
1854 1321 1872 1355 ι
1903 1301 1982 1357 Ex
2012 1302 2110 1356 de-

533 1397 649 1453 bito
676 1408 855 1452 autem
890 1397 1173 1451 reddendae
1205 1395 1426 1451 rationis
1473 1408 1637 1464 super
1667 1393 1839 1447 tribus
1889 1392 2114 1462 psalmis

533 1498 723 1546 sancta
773 1504 871 1543 nos
919 1487 1157 1542 Trinitas
1193 1485 1439 1557 expedit;
1499 1486 1599 1540 sub
1654 1483 1810 1552 cujus
1857 1483 2111 1537 nimirum

533 1579 814 1652 signaculo
885 1589 1165 1650 peractum
1224 1578 1365 1633 diem
1420 1574 1829 1646 completorium
1887 1574 2109 1629 claudit.

535 1671 688 1726 Sicut
740 1671 882 1725 enim
942 1670 1128 1739 primm
1165 1670 1311 1724 horae
1360 1666 1619 1730 officium,
1668 1676 1723 1720 ut
1754 1674 2109 1736 prmtaxalnm

532 1768 642 1826 cst,
691 1758 748 1814 S.
783 1758 1067 1813 Trinitatis
1094 1752 1237 1812 ~fidei
1289 1757 1585 1818 dedicatur,
1616 1756 1688 1809 ita
1734 1765 1788 1809 et
1815 1753 2109 1824 completo-
2146 1762 2188 1821 Β

536 1852 676 1906 rium
709 1852 761 1906 in
790 1848 1028 1919 ejusdem
1080 1848 1138 1901 S.
1169 1847 1450 1902 Trinitatis
1504 1847 1808 1901 assertione
1835 1844 2113 1899 concludi-

537 1950 640 2002 tur,
669 1948 728 1995 ut
753 1941 839 1996 cui
865 1941 1026 1993 totius
1058 1939 1160 1993 diei
1185 1954 1377 1994 cursus
1399 1937 1636 1992 militare
1670 1935 2025 2008 dignoscitur.
2060 1935 2114 1990 in

533 2044 656 2085 eum
681 2038 913 2101 peracta:
936 2030 1151 2084 tandem
1183 2029 1319 2083 lucis
1340 2029 1581 2082 clausula
1621 2028 1960 2083 terminetur.
1991 2026 2116 2084 Hzec

532 2119 713 2189 itaque
751 2121 819 2176 de
860 2120 1066 2175 diurnis
1128 2120 1382 2174 horarum
1418 2117 1609 2173 olliciis
1664 2118 1937 2173 succincte
1998 2133 2119 2187 per-

529 2208 872 2273 strinximus,
925 2216 981 2261 ut
1012 2208 1078 2261 ad
1125 2207 1252 2277 quid
1303 2207 1563 2262 instituta:
1609 2207 1741 2272 sint,
1780 2206 1865 2261 vel
1890 2222 1987 2261 cur
2017 2206 2119 2262 sub

533 2299 761 2370 ιιι-ωειιο
811 2297 1146 2369 psalmorum
1186 2296 1396 2351 calculo
1447 2297 1826 2363 terminentur,
1865 2296 2117 2352 enuclea-

533 2391 641 2444 tius
672 2389 1051 2461 panderemus.
1093 2387 1350 2458 Quisquis
1405 2388 1588 2459 itaque
1627 2398 1832 2459 septem
1867 2390 1982 2444 haec
2022 2404 2118 2444 ca-

532 2479 851 2535 nonicorum
905 2480 1160 2534 horarum
1206 2479 1403 2545 ollicia,
1453 2479 1765 2548 quotidiana
1796 2481 1904 2535 Deo
1957 2481 2119 2535 devo-

531 2568 683 2624 tione
745 2567 1098 2639 persolverit,
1166 2568 1212 2622 si
1266 2582 1296 2621 a
1341 2568 1595 2639 gravibus
1645 2568 1748 2623 illis
1801 2569 2118 2625 criminibus

527 2658 857 2715 omnimodis
897 2660 1125 2725 alienus,
1183 2673 1213 2711 a
1261 2658 1468 2714 levibus
1494 2674 1709 2728 quoque
1742 2667 1968 2727 septem,
1997 2674 2119 2728 qua:

533 2752 783 2821 superius
813 2760 1127 2806 enumerata
1162 2759 1307 2815 sunt,
1359 2750 1412 2805 in
1438 2761 1700 2820 quantum
1748 2750 1982 2803 humana
2011 2751 2118 2805 fra-

527 2840 714 2913 gilitas
740 2842 960 2913 patitur,
988 2856 1113 2897 cum
1143 2840 1236 2895 Dei
1278 2839 1651 2895 subvenientis
1679 2839 1881 2894 auxilio
1915 2848 2116 2909 tempe-

535 2933 696 2998 rarit,
730 2932 799 2986 ab
849 2932 933 2987 his
960 2948 1081 3001 quae
1103 2947 1296 2987 cavere
1336 2946 1443 2985 non
1470 2939 1666 3001 potest,
1697 2938 1755 2984 ut
1786 2930 2119 2984 confidenter

533 3023 731 3089 dicam,
765 3024 818 3077 in
851 3024 1102 3079 examine
1133 3020 1399 3078 tremendi
1440 3020 1630 3090 judicii
1671 3021 1951 3076 absolutus
1976 3022 2111 3085 erit;

2220 498 2372 551 a-qna
2409 481 2676 551 parilitate
2725 484 2995 549 distribui,
3035 494 3094 539 ut
3142 500 3208 539 ex
3259 485 3345 540 his
3392 487 3536 541 nocti
3564 500 3803 557 quatuor

2219 572 2380 625 etiam
2413 571 2519 626 diei
2554 581 2920 641 competenter
2964 574 3246 628 videantur
3293 575 3499 644 aptari;
3531 586 3802 647 quatenus

2219 676 2529 731 vesperum,
2548 663 2981 732 completorium,
3016 672 3364 729 nocturnum,
3387 667 3653 721 matutina
3678 667 3799 723 laus

2220 752 2287 805 ad
2336 762 2581 817 noctem;
2636 752 2806 821 prima
2835 768 2985 815 vero,
3017 755 3195 817 tertia,
3226 763 3378 808 sexta
3411 763 3465 809 et
3496 771 3637 810 nona
3667 773 3798 812 con—

2217 859 2349 912 grue
2370 841 2722 897 conferantur
2745 845 2812 898 ad
2835 843 2995 898 diem.
3028 844 3187 914 217
3212 844 3307 899 Cui
3337 845 3587 901 videlicet
3617 863 3801 902 asser-

2220 935 2352 990 tioui
2393 935 2510 1005 ipsa
2558 950 2798 1005 vesperae
2857 950 2922 990 ac
2965 936 3155 1005 prima:
3202 936 3453 991 videntur
3508 940 3800 1009 astipulari

2217 1025 2502 1090 vocabula,
2534 1025 2661 1080 dum
2693 1034 2749 1081 et
2792 1040 3076 1094 vesperum
3107 1042 3136 1079 a
3187 1026 3339 1082 stella
3388 1027 3637 1097 hespero,
3675 1046 3799 1098 quae

2216 1117 2316 1170 sub
2364 1117 2479 1186 ipso
2527 1116 2701 1171 noctis
2742 1116 2896 1169 initio
2931 1116 3207 1181 clarescit,
3257 1118 3678 1183 denomiuetur;
3743 1130 3801 1174 et

2214 1206 2411 1277 prima,
2439 1206 2583 1276 quod
2612 1223 2643 1261 a
2684 1222 2743 1262 se
2772 1207 2887 1262 dies
2916 1207 3158 1277 incipiat,
3189 1212 3474 1278 perspicua
3519 1210 3800 1269 nihilomi-

2215 1314 2317 1354 nus
2375 1300 2456 1354 sui
2513 1300 2748 1354 nominis
2816 1301 3164 1367 cxpressione
3243 1310 3488 1356 testetur.
3554 1301 3802 1372 Cumque

2212 1405 2441 1460 vespera
2499 1390 2692 1456 noctis,
2745 1391 2917 1460 prima
2984 1407 3113 1445 vero
3167 1391 3271 1445 dici
3304 1392 3507 1461 pandat
3560 1393 3799 1456 initium,

2214 1498 2552 1552 consequens
2610 1490 2714 1548 est,
2767 1491 2820 1536 ut
2865 1482 2933 1536 ab
2961 1482 3133 1536 altero
3184 1493 3475 1550 nocturna,
3510 1484 3579 1540 ab
3621 1484 3797 1539 altero

2214 1573 2407 1627 diurna
2448 1574 2702 1628 inchoare
2735 1572 3120 1642 perhibeantur
3139 1572 3334 1628 ollicia.

2803 1662 3028 1719 CAPUT
3077 1663 3183 1718 Vll.

2357 1755 2660 1810 Mensuram
2706 1755 3002 1825 refectioni:
3059 1753 3420 1809 excedentium
3468 1770 3640 1825 paena.

2289 1845 2413 1899 llaec
2450 1845 2608 1915 plane
2632 1853 2717 1898 est
2742 1845 3002 1915 quadriga
3028 1845 3244 1914 duplex,
3279 1846 3332 1898 in
3380 1861 3485 1916 qua
3537 1862 3681 1902 nunc
3733 1847 3801 1901 ad

2217 1936 2456 1990 cmlcslia
2488 1951 2651 2004 regna
2679 1934 2962 2000 festinans,
2993 1944 3179 1990 sancta
3206 1944 3452 1990 vectatur
3497 1935 3738 1991 Ecclesia
3785 1953 3798 1989 :

2217 2027 2271 2081 in
2302 2029 2401 2081 hac
2434 2026 2666 2095 denique
2692 2025 2954 2095 quadriga
2981 2025 3086 2079 iter
3112 2025 3241 2088 diei,
3273 2025 3558 2095 noctisque
3582 2041 3806 2096 percur-

2219 2131 2363 2177 rens,
2393 2115 2497 2170 illis
2523 2116 2615 2187 qui
2655 2116 2783 2170 dicti
2816 2125 2942 2169 sunt
2975 2132 2988 2167 :
3026 2114 3229 2168 Curras
3276 2114 3370 2168 Dei
3410 2116 3597 2169 dtcem
3638 2115 3804 2170 millia

2219 2207 2497 2277 multiplex
2524 2206 2697 2277 (Psal.
2716 2206 2906 2276 ωιτη),
2919 2206 3033 2276 jam
3057 2206 3222 2261 Deum
3249 2197 3799 2276 laudando'jungitur,

2219 2314 2380 2369 quem
2414 2298 2755 2367 postmodum
2789 2298 3020 2352 videndo
3067 2310 3164 2366 per
3220 2297 3476 2365 speciem,
3503 2310 3806 2364 eorumque

2221 2391 2365 2446 felici
2396 2390 2674 2445 consortio
2711 2388 3040 2459 perfruetur.
3090 2389 3166 2444 De
3214 2388 3408 2458 quibus
3437 2388 3679 2459 profecto
3706 2402 3807 2459 per

2220 2481 2537 2551 prophetam
2561 2480 2759 2534 dicitur
2788 2496 2802 2533 :
2836 2498 2854 2530 ι
2890 2479 3025 2545 Quia
3066 2494 3172 2533 non
3211 2480 3504 2534 cessabunt
3537 2489 3696 2533 nocte
3736 2492 3805 2535 ac

2221 2572 2306 2626 die
2335 2571 2604 2634 clamare,
2646 2570 2890 2624 dicentes
2931 2583 2945 2622 :
3001 2567 3262 2633 Sanctus,
3294 2579 3532 2633 sanctus,
3560 2578 3805 2631 sanctus,

2221 2660 2483 2716 Dominus
2507 2661 2649 2715 Deus
2682 2661 2919 2715 Sabaoth
2954 2679 2967 2714 :
3011 2660 3112 2727 Qui
3144 2668 3248 2725 est,
3279 2669 3333 2714 et
3359 2660 3449 2730 qui
3472 2669 3612 2725 erat,
3635 2669 3690 2714 et
3713 2661 3807 2729 qui

2219 2762 2479 2807 venturus
2504 2762 2587 2807 est
2611 2753 2958 2821 omnipotens
3005 2753 3188 2822 (Apoc.
3240 2751 3336 2823 tv).
3406 2772 3426 2804 ι
3486 2751 3809 2822 Quanquam

2220 2844 2383 2912 igitur
2419 2853 2529 2898 tota
2558 2845 2688 2914 justi
2729 2844 2837 2899 vita
2867 2844 3042 2899 oratio
3104 2845 3175 2898 sit
3224 2844 3613 2900 rationabiliter
3660 2860 3811 2899 asse-

2220 2936 2413 3000 renda,
2440 2944 2616 2990 tameu
2639 2945 2691 2989 et
2710 2935 3021 2990 nosiulirmi
3043 2935 3352 2989 mandatum
3379 2951 3595 3005 semper
3613 2951 3708 2990 ora
3724 2937 3806 2990 ιάἰ

2219 3044 2247 3081 a
2282 3027 2437 3082 nobis
2466 3025 2678 3097 impleri
2728 3027 2852 3096 jure
2898 3026 3241 3093 confidimus,
3293 3028 3338 3083 si
3387 3029 3643 3083 canonica
3690 3031 3809 3083 hac

532 3120 590 3168 et
621 3112 745 3182 quia
777 3128 921 3167 nunc
947 3111 1192 3168 Creatori
1223 3127 1322 3166 suo
1358 3126 1464 3165 non
1497 3110 1717 3181 negligit
1743 3109 1977 3179 iujuncta
2006 3127 2117 3167 80:8
2143 3106 2188 3169 C
2218 3116 2597 3172 ecclesiastica:
2629 3116 2982 3171 institutionis
3022 3117 3196 3170 officia
3242 3116 3485 3186 quotidie
3533 3117 3810 3187 persolva-

530 3202 809 3263 servitutis
832 3201 1088 3272 obsequia
1134 3201 1377 3265 reddere,
1424 3209 1550 3255 tunc
1579 3199 1748 3255 libera
1784 3198 2115 3255 conscientia

485 3290 489 3299 ’
536 3307 662 3348 cum
691 3292 750 3345 Β.
797 3292 984 3357 David,
1031 3303 1191 3362 atque
1236 3291 1401 3346 alacri
1440 3291 1652 3361 .poterit
1679 3306 1810 3345 voce
1852 3301 2118 3346 cantare:

540 3380 775 3450 Septies,
831 3381 1102 3450 inquiens,
1140 3381 1192 3434 in
1224 3380 1309 3435 die
1337 3380 1549 3434 laudem
1597 3379 1707 3433 dixi
1739 3379 1859 3446 tibi,
1892 3380 2121 3436 Domine

540 3473 685 3532 Deus
714 3488 885 3539 meus,
919 3488 985 3528 ne
1019 3472 1212 3544 perdas
1243 3487 1327 3527 me
1349 3469 1522 3543 (Psal.
1550 3469 1727 3541 cxnt).

1148 3560 1375 3617 CAPUT
1424 3559 1509 3615 Vl.

682 3659 838 3725 Quod
873 3658 1120 3713 continua
1161 3655 1410 3712 Ecclesia:
1431 3656 1601 3710 oratio
1635 3671 1744 3711 esse
1772 3655 1975 3712 debeat.

608 3750 676 3806 Et
741 3750 992 3820 quoniam
1061 3748 1128 3803 ad
1186 3748 1454 3803 continua:
1487 3748 1751 3803 orationis
1805 3747 2119 3801 instantiam

537 3842 744 3896 excitat
770 3854 869 3895 nos
894 3840 1354 3910 evangelicavtuba
1374 3879 1390 3904 ,
1420 3839 1605 3893 dicens
1637 3855 1651 3891 :
1689 3857 1707 3889 ι
1745 3839 1880 3904 Quia
1906 3847 2123 3908 oportet

540 3948 757 4002 semper
783 3946 963 3997 orare,
998 3940 1054 3986 et
1083 3945 1359 3999 nunquam
1403 3928 1636 3982 deficere
1682 3925 1837 3999 (Luc.
1881 3926 2056 3998 xvnt).
2096 3947 2116 3981 ι

544 4024 611 4079 Ει
653 4022 940 4093 Apostolus
979 4039 994 4076 :
1031 4039 1051 4073 ι
1088 4019 1219 4075 Sine
1263 4018 1682 4082 intermissione,
1722 4018 1917 4086 inquit,
1968 4026 2124 4073 orate

540 4113 592 4185 (1
621 4113 800 4168 Thess.
832 4115 910 4185 v).
969 4132 987 4166 ι
1039 4112 1106 4167 Ει
1156 4112 1259 4166 hoc
1313 4124 1420 4164 non
1462 4108 1632 4163 solum
1678 4109 1784 4176 die,
1816 4111 1909 4164 sed
1959 4119 2016 4164 et
2064 4111 2149 4165 in-

542 4212 701 4260 nocte
738 4211 1065 4275 prmceptum
1113 4200 1483 4256 ecclesiastica
1536 4200 1757 4271 impleat
1811 4202 2119 4272 disciplina,

539 4296 951 4363 diligentissime
997 4301 1342 4365 procuratum
1372 4303 1475 4358 est,
1522 4301 1581 4348 ut
1609 4293 1871 4348 duodenis
1901 4294 2122 4363 psalmis

542 4397 822 4443 nocturnae
857 4386 1054 4456 vigilia:
1099 4386 1487 4453 transigantur.
1529 4384 1732 4439 Durum
1764 4385 1960 4455 quippe
2006 4385 2122 4440 fne-

543 4487 651 4542 rat,
683 4485 742 4532 ut
761 4478 969 4548 aegroti,
995 4476 1108 4529 sive
1140 4482 1508 4544 praegnantes,
1535 4488 1599 4527 ac
1620 4474 1875 4543 qumlibet
1901 4483 2119 4527 aetatum
2151 4456 2195 4514 ί)

500 4583 882 4638 'scxuumqne
934 4567 1242 4631 diversitas,
1300 4566 1440 4620 sicut
1479 4567 1534 4620 in
1581 4566 1667 4620 die
1704 4582 1803 4636 per
1856 4575 2118 4622 nocturna

545 4677 761 4732 quoque
810 4661 1064 4715 horarum
1107 4657 1390 4713 intervalla
1441 4669 1815 4729 consurgeret,
1864 4670 2025 4729 atque
2052 4659 2119 4714 ad

546 4752 841 4810 Ecclesiam
867 4749 1164 4805 festinaret.

556 4855 572 4869 °
620 4843 691 4898 Ut
711 4857 840 4913 ergo
866 4840 1105 4895 laborem
1133 4837 1390 4895 Ecclesia:
1420 4837 1678 4910 magistra
1704 4838 1959 4895 discretio
1987 4850 2121 4895 tem-

546 4942 784 5004 peraret,
824 4930 1175 5001 exquisitum,
1205 4937 1366 4999 atque
1408 4929 1616 4985 altioris
1650 4930 1859 4985 consilii
1907 4930 2121 5002 dispen-

549 5025 760 5077 satione
788 5030 1046 5076 statutum
1072 5062 1087 5087 ,
1117 5030 1177 5076 ut
1212 5020 1366 5091 juxta
1422 5028 1806 5076 nocturnarum
1864 5022 2120 5075 horarum

550 5124 834 5169 Inunerum
852 5111 1203 5167 nihilominus
1224 5111 1290 5166 ad
1313 5111 1521 5183 vigilias
1535 5110 1795 5166 duodenis
1812 5112 2124 5165 decurreret

548 5206 685 5259 ordo
709 5202 1036 5272 psalmorum
1055 5221 1069 5260 :
1090 5202 1557 5272 utquodammodo
1572 5211 1681 5258 tota
1698 5219 1799 5257 nox
1815 5203 1867 5257 in
1883 5205 2125 5258 oratione

549 5295 829 5348 videretur
885 5307 1145 5363 expensa,
1194 5295 1319 5349 dum
1361 5294 1582 5349 totidem
1634 5295 1869 5363 psalmos
1924 5296 2126 5350 orando

550 5383 912 5454 persolveret,
942 5394 1075 5454 quot
1095 5384 1348 5440 videlicet
1394 5386 1544 5441 horis
1571 5393 1625 5441 et
1672 5385 1785 5454 ipsa
1831 5396 2124 5441 constaret.

550 5474 664 5529 Hoc
696 5491 889 5546 nempe
935 5486 1258 5532 nocturnum
1295 5477 1541 5546 designat
1577 5474 1807 5530 olllcium
1837 5474 2127 5545 Propheta,

550 5583 674 5622 cum
702 5569 833 5623 dicit
863 5587 877 5623 :
911 5585 930 5620 ι
958 5567 1128 5625 Media
1161 5576 1320 5624 nocte
1353 5568 1638 5638 surgebam
1672 5568 1736 5621 ad
1764 5569 2125 5622 confitendum

550 5659 650 5713 tibi
685 5657 857 5732 (Paci.
901 5659 1111 5732 cxvm).
1147 5679 1164 5712 ι
1198 5659 1517 5727 Quanquam
1548 5666 1601 5713 et
1628 5657 1744 5711 lucc
1770 5657 1971 5721 omnia,
2007 5668 2129 5713 octo

2223 3225 2360 3261 nius.
2391 3206 2546 3276 Apud
2582 3205 2784 3264 Gallias
2811 3217 2992 3262 autem
3021 3210 3120 3278 (ut
3142 3206 3393 3277 specialis
3418 3207 3516 3262 viri
3544 3207 3811 3262 relatione

2221 3294 2526 3365 didicimus)
2589 3294 2833 3365 religiosi
2893 3295 3280 3350 coenobiorum.
3323 3294 3514 3350 Patres
3563 3296 3811 3350 videntes

2221 3387 2508 3456 plerosque
2525 3383 2754 3439 fratrum
2781 3385 3036 3439 traditam
3079 3401 3109 3439 a
3147 3384 3204 3437 Β.
3234 3383 3527 3440 Benedicto
3556 3385 3809 3456 (cap.59)

2221 3493 2534 3533 mensuram
2575 3476 2889 3532 refectionis
2918 3478 3202 3535 excedere.
3230 3492 3329 3531 nec
3364 3491 3423 3529 se
3467 3493 3623 3547 posse
3664 3477 3809 3529 intra

2225 3569 2602 3638 praescriptum
2635 3567 2899 3638 regularis
2926 3567 3081 3621 diatii
3115 3567 3339 3622 limitem
3377 3569 3653 3632 cohibere,
3676 3582 3811 3621 catt-

2224 3669 2339 3715 tum
2400 3659 2693 3723 duxerunt,
2720 3667 2780 3713 ut
2830 3659 3136 3714 constitutis
3193 3659 3498 3730 quibusque
3550 3660 3811 3714 horarum

2221 3749 2430 3808 ciliciis.
2452 3750 2654 3804 etalios
2682 3749 2859 3804 adhuc
2885 3749 3123 3819 psalmos
3152 3759 3515 3820 apponerent;
3544 3766 3614 3819 qu
3635 3757 3813 3804 .temis

2224 3842 2398 3895 vietus
2429 3841 2758 3895 remissioris
2793 3856 3077 3897 excessum
3103 3850 3391 3911 augmento
3417 3842 3628 3896 valeant
3649 3856 3805 3896 com-

2221 3951 2453 4005 pensare
2489 3936 2840 4006 psalmorum.

2291 4029 2367 4083 At
2416 4028 2504 4083 hic
2557 4026 2694 4082 forte
2744 4026 3114 4081 stomachatus
3163 4025 3375 4095 inquies
3415 4041 3431 4081 :
3477 4025 3614 4092 Quid
3650 4026 3809 4091 mihi,

2222 4134 2423 4187 quaeso,
2450 4134 2573 4174 cum
2598 4117 2781 4189 regula
2822 4118 3248 4172 monachorum?
3304 4117 3445 4184 Quid
3498 4116 3568 4170 ad
3619 4133 3705 4170 me
3747 4128 3809 4170 et

2221 4211 2311 4265 illa
2342 4211 2680 4274 condiscere,
2704 4221 2826 4280 qua:
2859 4225 2963 4263 non
3015 4208 3230 4279 expedit
3283 4208 3487 4263 nosse?
3549 4206 3655 4262 Sed
3712 4208 3808 4276 qui

2221 4315 2255 4369 q
2281 4298 2518 4353 tamlihet
2546 4298 2777 4369 suscipit
2807 4306 3043 4352 tractare
3084 4297 3395 4360 materiam,
3430 4311 3534 4350 non
3567 4294 3640 4348 illi
3669 4294 3813 4348 duu-

2227 4397 2395 4454 taxat,
2424 4389 2509 4445 cui
2544 4389 2733 4456 mittit,
2761 4387 2919 4442 debet
2956 4384 3318 4455 personaliter
3346 4383 3684 4449 satisfacere,
3713 4383 3813 4438 sed

2226 4499 2337 4535 rem
2363 4483 2534 4552 ipsam
2563 4480 2839 4536 ventilatis
2878 4480 3120 4548 undique
3164 4477 3411 4547 partibus
3460 4475 3736 4544 explicare
3795 4492 3809 4525 :

2225 4583 2281 4625 ut
2309 4572 2386 4626 sic
2419 4588 2559 4627 unus
2607 4571 2868 4634 edulium,
2894 4568 3033 4639 quod
3063 4566 3417 4637 concupiscit,
3446 4565 3706 4626 inveniat,
3743 4578 3816 4617 re

2225 4664 2531 4721 frustratus
2564 4664 2702 4718 alter
2758 4661 3041 4717 stomacho
3091 4668 3320 4713 vacante
3370 4655 3629 4711 discedat.
3686 4652 3818 4707 llac

2226 4756 2389 4825 igitur
2437 4753 2823 4811 ecclesiastica:
2871 4750 3232 4806 institutionis
3255 4746 3449 4812 cilicia,
3474 4746 3555 4801 vir
3590 4743 3733 4799 nobil
3757 4772 3817 4796 ε-

2227 4849 2363 4901 sime
2392 4857 2445 4901 et
2475 4845 2920 4916 prudentissime,
2954 4841 3060 4895 noli
3111 4855 3345 4909 unquam
3397 4837 3640 4908 qualibet
3679 4835 3817 4888 obli-

2227 4943 2386 4995 vione
2417 4936 2707 5006 negligere.
2743 4933 2850 4987 noli
2880 4942 3086 4988 certum
3120 4932 3315 4984 anima:
3360 4938 3463 4982 tua:
3511 4924 3813 4981 reme:‘ium

2229 5027 2577 5102 quantislibet
2602 5039 2887 5102 (ansarum
2912 5022 3247 5077 saecularium
3262 5026 3559 5088 occupatus
3581 5015 3817 5085 negoti's

2230 5119 2529 5192 mactet-ire.
2558 5115 2729 5171 POI'IO
2756 5115 2799 5169 si
2825 5116 2877 5169 in
2902 5113 3144 5169 Ecclesia
3173 5111 3257 5165 vel
3287 5126 3316 5163 a
3354 5109 3636 5163 sacerdote
3661 5114 3767 5192 poti
3789 5118 3816 5155 s

2233 5190 2439 5272 audire,
2464 5221 2715 5262 securum
2742 5214 2854 5271 est;
2895 5203 3132 5271 alioquin
3165 5201 3210 5255 si
3240 5198 3324 5254 vel
3345 5210 3515 5266 eques
3543 5190 3761 5248 eveheii
3785 5210 3815 5255 -,

2234 5297 2318 5351 vel
2371 5296 2644 5351 ruralibus
2690 5297 2860 5359 forte,
2915 5295 3027 5349 sive
3075 5292 3489 5363 quibuscuuque
3538 5283 3818 5340 laid-ibus

2232 5388 2527 5454 exerceris,
2567 5388 2712 5442 inter
2750 5386 3035 5457 agendum,
3093 5382 3235 5435 inter
3289 5378 3537 5434 eumdem
3586 5371 3815 5442 vectigal

2234 5478 2466 5542 Domini,
2492 5494 2598 5547 quo
2624 5477 2862 5533 censilus
2891 5490 2971 5540 es,
3027 5487 3091 5527 ea
3151 5485 3270 5540 qua:
3328 5465 3586 5538 suppetit,
3633 5479 3816 5518 mereo

2232 5573 2498 5643 persolvc.
2527 5571 2789 5628 Nimirum
2821 5572 2864 5626 si
2900 5579 3023 5625 sunt
3058 5566 3274 5638 psalmi,
3301 5577 3561 5619 numerus
3595 5559 3815 5633 imp'e‘r-

2235 5674 2361 5718 tur:
2396 5667 2437 5719 si
2469 5681 2604 5719 unus
2636 5674 2857 5722 tantum,
2894 5673 3049 5730 prout
3083 5674 3252 5713 canon
3283 5653 3536 5725 postulat,
3563 5652 3811 5706 itcrclul‘.
