4106 6320
360 509 510 562 tione
551 501 830 558 Dominica
885 500 1090 570 poteris
1147 499 1372 555 imnlere
1423 500 1564 569 quod
1602 508 1776 568 optas.
1811 497 1935 554 lla-c

361 598 544 665 itaque
574 591 893 648 Christiana:
919 591 1194 644 servitutis
1217 587 1408 654 otlicia,
1441 589 1807 653 dilectissime,
1827 605 1932 644 non

358 683 700 756 obsequium,
745 680 840 735 sed
867 679 1104 733 debitum
1136 679 1360 747 deputa;
1419 687 1474 732 et
1525 694 1630 732 non
1672 679 1931 733 voluntati

359 777 455 832 sed
479 771 786 829 necessitati
824 784 1044 840 prorsus
1088 769 1340 823 ascribe:
1370 777 1428 822 ut
1477 769 1616 824 sicut
1673 769 1934 823 Christia-

359 883 488 922 num
529 874 582 919 te
619 862 879 934 profiteri,
909 862 1121 931 signum
1164 861 1372 915 tibimet
1401 861 1577 916 crucis
1609 863 1928 931 imprimere.

357 970 558 1010 nomen
587 953 796 1008 Domini
825 952 990 1021 218
1015 951 1256 1020 quotidie
1283 966 1388 1005 non
1417 952 1618 1006 desinis
1645 951 1928 1016 invocare;

357 1048 431 1101 ita
462 1055 516 1101 et
539 1046 651 1100 haec
677 1042 966 1112 aliquando
993 1041 1153 1096 nullis
1175 1042 1522 1097 occasionum
1560 1043 1804 1100 obicibus
1832 1058 1930 1096 au-

361 1138 491 1190 deas
526 1133 806 1204 praeterire

945 1223 1174 1279 CAPUT
1205 1222 1337 1278 VIII.

355 1313 434 1370 De
464 1317 571 1370 viro
599 1314 826 1385 quodam
856 1313 939 1368 oio
1003 1315 1469 1436 etd'canonicarum
1521 1312 1773 1366 horarum
1817 1319 1929 1365 stu-

1088 1399 1220 1436 roso.

1088 1399 1220 1438 1080.

424 1493 498 1551 Ut
526 1503 706 1548 autem
745 1492 1041 1548 salutiferis
1088 1491 1553 1547 exhortationibus
1594 1488 1803 1546 facilius
1833 1505 1925 1546 ac-

343 1586 625 1656 quiescas,
651 1585 790 1654 quod
821 1585 872 1638 in
905 1581 1022 1652 ipso
1051 1597 1220 1651 nuper
1247 1583 1315 1636 ad
1345 1597 1439 1636 vos
1461 1581 1654 1635 itinere
1676 1581 1927 1650 gradiens

347 1675 534 1736 didici,
561 1674 796 1729 breviter
819 1673 1117 1744 explicabo.
1135 1673 1189 1726 In
1219 1671 1446 1727 Fanensi
1485 1687 1716 1740 namque
1741 1672 1929 1727 subur-

1045 345 1053 352 .
1387 295 1628 352 OPUSC.
1672 295 1740 350 Χ.
1781 325 1847 335 --
1886 295 1972 350 DE
2010 291 2214 350 llOllIS
2247 293 2628 352 CANONICIS.

359 414 515 481 Quod
552 411 597 467 si
627 422 820 479 expers
856 419 917 463 es
959 404 1268 464 omnimodo
1317 407 1638 473 litterarum,
1669 411 1779 463 sola
1813 423 1934 462 ora-
1965 413 2010 468 Λ

3478 303 3607 358 “330

2634 406 2860 464 CAPUT
2912 393 3034 464 tx."

2389 498 2656 552 Urationis
2707 501 2980 570 eﬂicacitas
3035 514 3249 572 quanta.

2103 586 2224 640 Alio
2252 601 2465 656 quoque
2497 597 2737 658 tempore
2770 589 2931 654 idem,
2963 592 3028 646 de
3064 607 3170 662 quo
3202 594 3494 666 loquimur,
3526 601 3608 656 vir

2034 679 2098 730 ad
2129 678 2440 747 praedictum
2479 681 2860 734 monasterium
2913 693 3176 738 nocturno
3221 686 3436 744 silentio
3479 706 3606 759 pro-

2031 771 2270 840 perabat,
2295 769 2360 825 ad
2387 771 2557 823 rivum
2580 780 2758 824 autem
2789 771 2953 842 219
2975 774 3066 841 qui
3107 775 3442 834 interfluebat
3476 796 3605 850 pcr-

2034 861 2387 928 venicns(eui
2432 860 2639 914 scilicet
2683 860 2880 930 Argilla
2931 863 3250 918 vocabulum
3299 868 3424 935 cst),
3475 870 3602 940 quia

2031 951 2188 1018 aquis
2221 959 2346 1004 tunc
2388 951 2823 1006 cxcresccntibus
2865 952 3216 1018 intumuerat,
3252 959 3605 1016 transvadare

2031 1055 2135 1092 non
2171 1041 2342 1109 potuit
2385 1057 2398 1093 :
2431 1041 2520 1110 qui
2552 1058 2610 1096 se
2643 1042 2888 1111 protinus
2917 1043 2968 1096 in
3017 1045 3312 1100 orationem
3359 1049 3524 1114 dedit,
3547 1059 3605 1106 et

2030 1147 2134 1200 qua
2163 1131 2447 1201 completa,
2472 1132 2606 1187 mira
2636 1147 2740 1195 res,
2775 1133 2825 1186 in
2856 1133 3100 1188 ulteriori
3130 1137 3242 1205 ripa
3271 1153 3330 1192 se
3359 1147 3603 1204 transpo-

2029 1222 2192 1275 situm
2242 1223 2460 1292 reperit.
2509 1221 2631 1278 llaec
2680 1233 2893 1288 autem,
2923 1226 3005 1280 vir
3042 1228 3480 1297 prudentissime,
3517 1233 3601 1286 id-

2028 1313 2173 1367 circo
2206 1313 2298 1366 tibi
2325 1313 2598 1367 referenda
2625 1329 2722 1383 per
2745 1315 2988 1370 ordinem
3016 1317 3365 1384 duximus,ut
3403 1335 3603 1391 quanta

2025 1419 2188 1473 super
2212 1419 2305 1459 eos
2333 1421 2459 1459 cura
2489 1405 2828 1476 onmipotens
2851 1409 2990 1462 Deus
3020 1409 3279 1479 invigilet,
3313 1416 3402 1482 qui
3433 1415 3605 1469 eccle-

2025 1496 2264 1553 siasticis
2291 1507 2582 1551 occurrunt
2611 1507 2923 1554 reverenter
2950 1500 3161 1565 ciliciis,
3197 1503 3400 1573 liquido
3445 1525 3600 1560 mon-

2025 1595 2341 1640 straremus.
2366 1586 2569 1642 Pudeat
2594 1603 2722 1656 ergo
2760 1589 3094 1656 prudentiam
3131 1602 3278 1648 tuam
3310 1600 3604 1652 canonicos

2026 1676 2188 1729 horas
2216 1676 2544 1745 negligenter
2561 1677 2833 1742 omittere,
2859 1695 2993 1746 quas
3023 1690 3078 1735 et
3109 1695 3348 1738 sanctam
3379 1690 3598 1742 rustici-

348 1765 471 1829 ltio,
499 1765 656 1818 tertio
695 1763 942 1818 videlicet
977 1778 1008 1816 a
1048 1762 1315 1816 mmuibus
1362 1761 1556 1832 lapide,
1588 1764 1670 1816 vir
1704 1764 1920 1831 quidam
1953 1753 1996 1812 Β
2027 1774 2186 1819 tatem
2215 1766 2368 1821 audis
2395 1781 2516 1821 cum
2565 1775 2707 1820 tanta
2754 1767 2920 1837 gloria
2952 1769 3227 1826 celebrare
3261 1793 3272 1826 :
3313 1776 3418 1829 imo
3449 1778 3601 1845 cujus

347 1855 582 1918 habitat,
607 1863 663 1909 et
697 1854 886 1909 ordine
923 1852 1082 1906 simul
1108 1861 1163 1906 et
1198 1852 1454 1907 facultate
1484 1853 1768 1907 mediocris
1795 1871 1808 1906 :
1831 1853 1920 1920 qui

347 1947 606 2002 nimirum
629 1961 759 2002 casu
795 1945 904 2000 illic
952 1960 1038 2000 me
1077 1946 1266 2000 adesse
1314 1959 1664 2014 cognoscens,
1694 1943 1922 2000 festinus

347 2039 599 2103 accessit,
627 2047 683 2094 et
710 2038 852 2092 inter
875 2047 1072 2093 caztera
1103 2036 1366 2092 castitatis
1392 2051 1603 2106 quoque
1632 2051 1742 2090 suae
1763 2052 1920 2090 mun-

343 2130 556 2195 ditiam,
578 2142 740 2196 quam
756 2141 881 2181 cum
908 2140 1074 2180 uxore
1093 2125 1618 2180 servabatsecretius
1645 2124 1917 2180 tndicavit.

344 2219 638 2274 Monachus
658 2218 802 2273 enim
836 2216 1053 2286 quidam
1086 2213 1202 2284 ejus
1225 2217 1413 2287 utique
1441 2225 1668 2286 patruus
1694 2231 1917 2271 uxorem

342 2310 486 2364 illius
535 2309 752 2364 sibimet
802 2305 1072 2377 perhibuit
1123 2305 1412 2374 aliquando
1463 2306 1773 2375 pertinere,
1827 2305 1917 2374 qui

341 2412 525 2456 tamen
551 2414 661 2472 prae
682 2397 1025 2469 simplicitate
1052 2397 1243 2462 nimia,
1274 2397 1564 2452 nonnullos
1610 2396 1773 2451 etiam
1823 2410 1918 2450 ex-

341 2501 582 2556 traneos,
635 2490 968 2560 propinquos
1017 2497 1376 2545 consueverat
1426 2489 1714 2560 appellare.
1762 2487 1916 2544 Tune

339 2582 429 2636 ille
478 2582 704 2636 verbum
747 2581 850 2635 hoc
888 2579 1040 2634 latius
1070 2580 1317 2650 arripuit,
1348 2590 1403 2634 et
1433 2579 1755 2642 deliberans,
1787 2578 1860 2632 ait
1898 2597 1910 2631 :

339 2673 531 2728 Melius
553 2683 636 2729 est
662 2673 894 2741 denique
911 2679 1072 2726 certa:
1092 2671 1360 2726 castitatis
1388 2672 1563 2724 nitore
1591 2670 1910 2734 clarescere,

333 2779 499 2834 quam
527 2763 628 2818 sub
651 2764 844 2818 incerti
885 2779 1097 2833 semper
1127 2766 1362 2817 incestus
1408 2745 1694 2816 formidine
1737 2759 1912 2830 palpi-

335 2866 475 2910 tare.
524 2851 622 2910 Hic
648 2856 831 2922 itaque
859 2854 1150 2910 canonicas
1191 2852 1374 2915 horas,
1425 2860 1480 2906 et
1521 2851 1909 2915 ecclesiastica,

330 2967 461 3005 cum
490 2957 670 3020 potest
695 2963 800 3003 non
849 2947 1007 3002 facile
1061 2945 1266 3001 omittit
1322 2943 1493 2999 cilicia
1559 2961 1573 2997 :
1633 2941 1912 2997 consuevit

329 3038 500 3092 etiam
523 3053 619 3107 per
639 3052 899 3091 annorum
924 3034 1036 3104 jam
1059 3035 1212 3104 plura
1241 3035 1510 3090 curricula
1539 3033 1607 3089 ad
1638 3041 1909 3087 monaste-

2020 1853 2245 1922 spiritus
2274 1855 2326 1908 in
2355 1869 2539 1909 amore
2569 1855 2660 1908 Dei
2692 1857 2852 1923 paulo
2879 1856 3174 1912 ferventius
3202 1861 3510 1926 inardescit,
3529 1870 3597 1920 ad

2023 1945 2124 1999 hoc
2152 1945 2312 1998 etiam
2351 1945 2682 2009 extenditur,
2714 1955 2771 1999 ut
2803 1947 2963 2002 horas
2988 1949 3162 2004 beata:
3188 1951 3278 2006 Dei
3306 1952 3601 2011 Genitricis

2021 2035 2204 2089 audire
2233 2037 2471 2104 quotidie
2515 2052 2618 2090 non
2666 2047 2936 2106 gravetur.
2986 2039 3049 2093 Et
3111 2043 3232 2110 quia
3281 2059 3342 2098 se
3383 2047 3598 2101 oratsio

2020 2127 2270 2194 prmbuit,
2300 2127 2426 2195 quid
2454 2128 2618 2181 etiam
2651 2144 2716 2182 ex
2747 2128 2846 2183 hac
2873 2129 3110 2186 fraterna
3154 2133 3414 2189 relatione
3457 2138 3597 2191 dili-

2017 2216 2203 2277 Cerim,
2258 2217 2386 2270 mihi
2450 2218 2666 2287 quidem
2715 2235 2819 2272 non
2869 2220 3080 2290 pigrum
3137 2232 3222 2277 cst
3262 2226 3518 2291 scribere,
3547 2227 3593 2280 si

2019 2305 2176 2361 modo
2207 2316 2257 2361 te
2289 2322 2394 2361 non
2431 2307 2608 2378 pigeat
2632 2309 2840 2364 audire.

2639 2398 2866 2456 CAPUT
2901 2401 2966 2456 X.

2229 2487 2496 2542 Horarum
2533 2486 2596 2543 Β.
2640 2488 2866 2559 Virginis
2895 2493 3118 2562 eﬁicacia
3152 2504 3369 2564 quanta.

2085 2579 2327 2634 Clericus
2351 2582 2496 2634 enim
2527 2580 2742 2649 quidam
2789 2583 2975 2636 multis
3004 2593 3120 2638 erat
3152 2587 3386 2654 peccatis
3413 2588 3586 2643 obnoo

2015 2668 2153 2730 xius,
2186 2677 2240 2722 et
2265 2669 2531 2738 praecipue
2557 2671 2790 2724 carnalis
2818 2671 3082 2728 illecebrae
3119 2673 3378 2730 fetoribus
3409 2676 3585 2748 inqui-

2014 2764 2329 2830 natus:qui
2377 2765 2592 2816 tandem
2647 2763 2900 2834 languore
2948 2777 3250 2836 correptus,
3303 2778 3465 2838 atque
3517 2769 3586 2824 ad

2012 2863 2253 2905 extrema
2304 2853 2654 2922 perveniens,
2709 2854 3036 2908 tremefactis
3079 2856 3373 2911 visceribus
3423 2873 3588 2927 expa-

2015 2954 2256 3006 vescere,
2290 2951 2344 2995 et
2388 2953 2681 2997 accusante
2729 2945 3081 3011 conscientia,
3134 2947 3371 3000 divinum
3423 2949 3587 3018 εαηιίι

2005 3028 2268 3098 judicium
2302 3031 2609 3086 medullitus
2637 3032 2924 3087 formidare
2953 3051 2966 3087 :
3000 3051 3228 3105 cumque
3261 3052 3408 3106 spem
3440 3039 3489 3091 in
3526 3055 3587 3093 se

330 3130 473 3183 vium
595 3125 901 3181 Paterniani
924 3126 1066 3194 quod
1096 3140 1262 3195 prope
1285 3139 1466 3178 muros
1492 3122 1732 3191 ejusdem
1759 3123 1908 3178 urbis
1935 3095 1978 3156 C
2013 3120 2210 3174 tmllius
2231 3120 2359 3175 boni
2391 3123 2573 3190 operis
2604 3123 2889 3188 inveniret,
2923 3133 3092 3180 totum
3134 3095 3191 3180 se
3219 3095 3466 3197 protinus
3517 3131 3584 3182 ad

325 3218 566 3290 positum
623 3226 726 3281 est,
775 3217 1056 3286 przecipuis
1102 3217 1483 3272 festivitatibus
1510 3223 1910 3286 properare,et

331 3321 628 3365 nocturnas
659 3309 766 3364 illic
796 3309 982 3364 audire
1023 3308 1250 3379 vigilias.
1308 3308 1460 3375 Quod
1503 3308 1754 3361 nimirum
1799 3315 1906 3361 tam

321 3409 646 3456 constanter
661 3399 785 3470 agit,
804 3408 860 3452 ut
887 3413 984 3453 nec
1011 3398 1311 3468 pluviarum
1345 3398 1627 3452 inundatio
1649 3405 1908 3450 ventuosa

326 3503 697 3558 compescere,
728 3503 827 3542 nec
851 3487 1098 3541 hiemalis
1127 3487 1296 3556 possit
1322 3487 1584 3554 asperitas
1614 3495 1903 3540 retentare.

326 3581 488 3650 Saepe
514 3589 692 3634 anilem
728 3578 948 3649 maligni
984 3579 1206 3648 spiritus
1235 3593 1357 3633 eum
1387 3579 1444 3636 in
1469 3578 1585 3647 ipso
1612 3577 1824 3643 itinere,
1847 3587 1908 3631 ut

326 3683 615 3734 terreatur,
643 3671 954 3733 inclamant,
970 3679 1024 3723 et
1049 3670 1330 3738 strepitum
1360 3670 1576 3738 quidem
1605 3670 1733 3724 dira:
1759 3670 1907 3726 vocis

325 3765 600 3828 emittunt,
619 3763 711 3818 sed
735 3760 1020 3831 cujuslibet
1039 3775 1313 3831 corporea:
1337 3759 1524 3816 fornice
1543 3761 1779 3832 speciem
1799 3777 1904 3817 non

323 3853 633 3908 ostendunt.

397 3945 534 3998 Ante
557 3957 758 3996 annum
784 3949 965 3996 autem
993 3950 1151 3997 nocte
1173 3941 1407 4012 quadam
1438 3945 1564 3997 dum
1596 3942 1664 3999 ad
1701 3944 1902 4012 praedi-

323 4046 472 4091 ctum
500 4035 890 4090 monasterium
922 4043 1256 4104 properaret,
1301 4049 1427 4089 ecce
1477 4034 1585 4104 lupi
1649 4034 1805 4089 simul
1852 4045 1907 4089 et

325 4139 524 4187 canes,
577 4124 975 4193 furentiumque
1031 4123 1344 4178 animaliqu
1388 4122 1600 4179 diversa
1653 4132 1902 4192 portenta

324 4213 468 4269 facto
496 4215 710 4285 agmine
755 4215 1168 4269 insurrexerunt
1223 4215 1276 4268 in
1329 4229 1492 4278 eum,
1529 4223 1585 4269 et
1638 4213 1903 4268 ululantes

322 4307 583 4377 undique,
605 4315 660 4360 et
685 4305 1019 4360 oblatrantes
1059 4304 1264 4359 rabidis
1308 4320 1429 4358 eum
1491 4303 1728 4374 aggressi
1775 4312 1902 4356 sunt

323 4397 596 4451 morsibus
623 4405 936 4450 attrectare.
975 4394 1047 4447 At
1074 4394 1162 4448 ille
1192 4394 1278 4446 vix
1329 4393 1543 4448 tandem
1595 4407 1662 4446 ex
1711 4407 1897 4446 eorum

318 4487 575 4542 dentibus
637 4485 800 4554 pallio
863 4483 1023 4540 simul
1087 4493 1143 4538 et
1199 4484 1341 4553 pileo
1403 4485 1635 4538 nudatus
1700 4485 1894 4538 evasit.

290 4561 562 4632 'Necdum
613 4587 794 4631 autem
839 4576 907 4630 ad
953 4575 1162 4646 vigilias
1193 4575 1344 4644 signa
1375 4583 1696 4640 sonuerunt;
1744 4591 1898 4630 cum-

321 4686 431 4739 que
486 4672 841 4740 perveniens,
895 4668 1109 4723 clausas
1157 4667 1333 4720 adhuc
1386 4665 1530 4720 fores
1583 4667 1895 4720 monasterii

320 4762 632 4831 reperisset,
659 4772 785 4814 ante
813 4759 977 4813 limen
1011 4774 1069 4813 se
1094 4759 1341 4828 protinus
1370 4758 1422 4810 in
1470 4757 1718 4811 oratione
1766 4773 1895 4826 pro-

317 4851 532 4906 stravit.
560 4851 768 4906 Diutius
817 4861 996 4905 autem
1053 4851 1299 4904 oratione
1344 4858 1637 4919 protracta,
1681 4851 1894 4902 tandem

314 4944 577 5008 surrexit,
611 4953 665 4997 et
688 4942 830 5012 quod
860 4943 1120 4996 amiserat
1149 4941 1370 5010 pallium
1413 4941 1572 4995 simul
1615 4950 1668 4994 et
1698 4940 1894 5010 pilequ

312 5031 470 5100 juxta
501 5047 560 5087 se
579 5031 765 5100 jacere
789 5030 1088 5100 projectum
1115 5031 1465 5085 vehementer
1493 5030 1893 5099 expavit.Quod

317 5124 574 5178 nimirum
607 5133 787 5176 utrum
831 5137 925 5190 per
974 5121 1195 5192 angelos
1245 5120 1447 5174 factum
1501 5121 1600 5184 sit;
1656 5137 1724 5174 an
1781 5121 1894 5190 ipse

317 5220 574 5266 cruentus
595 5211 775 5280 praedo
797 5210 1062 5274 diabolus,
1076 5210 1217 5279 quod
1234 5209 1554 5274 abstulerat,
1570 5211 1895 5265 reddidisset

316 5303 539 5366 invitus,
565 5303 799 5356 dubitari
830 5312 1026 5372 potest.
1057 5303 1128 5355 At
1157 5317 1261 5356 non
1290 5302 1524 5356 absurde
1545 5303 1889 5368 crediderim,

314 5405 374 5445 ut
406 5394 519 5462 ipse
538 5392 808 5461 malignus
840 5393 1031 5458 hostis,
1061 5394 1204 5462 quod
1243 5393 1560 5457 abstulerat,
1584 5394 1892 5463 compulsus

309 5482 382 5533 sit
429 5481 735 5546 restituere,
779 5489 940 5552 atque
983 5483 1048 5536 ad
1094 5481 1427 5536 confusionis
1475 5490 1531 5535 et
1586 5482 1892 5552 ignominia:

310 5585 421 5623 suae
449 5571 744 5638 cumulum,
774 5572 823 5626 ei
868 5587 1029 5642 quem
1079 5573 1312 5642 laeserat,
1350 5583 1571 5629 coactus
1616 5573 1686 5628 sit
1733 5573 1893 5628 mini-

312 5673 509 5716 strare.

2009 3212 2384 3281 postulandum
2437 3213 2498 3268 Β.
2557 3214 2740 3270 Maria:
2795 3231 3008 3287 semper
3055 3219 3279 3289 virginis
3323 3222 3584 3277 auxilium

2009 3303 2257 3369 contulit,
2282 3311 2336 3358 et
2372 3304 2471 3359 sub
2496 3305 2614 3375 ejus
2640 3307 2996 3375 patrocinium
3049 3309 3352 3379 importuna
3407 3313 3587 3366 cordis

2008 3396 2279 3452 anxietate
2307 3396 2567 3466 confugit,
2596 3397 2899 3466 bujusmodi
2931 3399 3043 3454 fere
3069 3401 3251 3457 verbis
3279 3402 3534 3458 insistens
3566 3423 3581 3456 :

2008 3489 2123 3543 Non
2179 3489 2389 3560 ignoro,
2422 3490 2616 3560 inquit,
2643 3504 2677 3543 ο
2708 3491 2863 3546 beata
2895 3492 3078 3561 regina
3115 3494 3296 3547 mundi
3324 3493 3340 3548 l
3371 3495 3584 3563 quinte

2009 3579 2060 3632 in
2095 3578 2278 3633 multis
2321 3578 2542 3644 offendi,
2585 3589 2642 3632 et
2689 3580 2972 3640 castitatis,
3029 3589 3188 3649 atque
3236 3583 3582 3652 virginitatis,

2007 3671 2160 3741 cujus
2190 3682 2243 3726 tu
2287 3679 2461 3725 mater
2488 3686 2565 3732 es,
2591 3686 2692 3741 ego
2725 3671 2779 3724 in
2826 3687 2945 3725 meo
2972 3687 3196 3741 corpore
3246 3673 3582 3744 signaculum

2006 3761 2235 3827 violavi;
2264 3762 2559 3816 innumeris
2586 3763 2749 3816 etiam
2775 3772 3115 3832 peccatorum
3147 3764 3397 3820 sordibus
3435 3766 3586 3819 invo-

2005 3850 2149 3905 lutus
2174 3866 2313 3914 Stltll,
2339 3867 2436 3906 nec
2464 3852 2657 3919 dignus
2684 3852 2949 3915 invenior,
2984 3862 3034 3906 te
3084 3854 3250 3908 totius
3307 3854 3583 3910 munditiae

2005 3942 2302 4010 principem
2332 3940 2550 4010 pollutis
2578 3941 2734 3995 labiis
2758 3941 3008 3996 invocare
3051 3960 3063 3995 :
3115 3954 3510 4008 verumtamen,
3548 3959 3582 4000 ο

1997 4029 2162 4099 janna
2211 4030 2354 4094 caeli,
2417 4028 2648 4084 fenestra
2700 4030 2954 4098 paradisi,
2990 4046 3116 4084 vera
3171 4031 3338 4086 Mater
3388 4033 3480 4087 Dei
3526 4042 3582 4088 et

2005 4121 2259 4185 hominis,
2303 4129 2356 4174 tu
2389 4121 2519 4175 mihi
2548 4121 2704 4174 testis
2725 4136 2799 4183 es,
2832 4122 2957 4191 quia
2997 4122 3204 4190 septies
3247 4123 3297 4176 in
3335 4123 3420 4176 die
3461 4122 3572 4175 lau-

2002 4213 2123 4266 dem
2162 4211 2270 4265 dixi
2311 4211 2442 4276 tibi,
2468 4220 2522 4266 et
2551 4212 2797 4281 quamvis
2847 4221 3129 4280 peccator,
3155 4213 3398 4281 quamvis
3431 4213 3574 4266 iudi-

2001 4315 2159 4370 gnus,
2192 4299 2444 4354 erunibus
2475 4309 2654 4353 tamen
2695 4300 2970 4354 canonicis
3027 4301 3177 4354 horis
3241 4310 3342 4353 tua:
3400 4299 3578 4355 laudis

2002 4392 2318 4462 obsequium
2342 4407 2447 4445 non
2473 4391 2740 4445 fraudavi.

2074 4481 2318 4550 Cumque
2369 4480 2673 4548 bujusmodi
2723 4479 2888 4535 verba
2943 4481 3172 4536 clericus
3231 4479 3576 4549 protulisset,

2001 4572 2164 4642 220
2196 4571 2535 4626 decumbenti
2563 4571 2904 4638 postmodum
2930 4571 3169 4640 piissima
3202 4569 3291 4623 Dei
3329 4569 3575 4624 Genitrix

2002 4665 2192 4726 astitit,
2221 4674 2273 4718 et
2301 4663 2496 4718 blande
2527 4663 2825 4725 consolata,
2850 4674 3069 4731 peccata
3101 4662 3318 4717 sihiuzet
3356 4660 3576 4716 dimissa
3654 4710 3659 4715 .

1999 4775 2066 4813 ex
2098 4758 2346 4827 largitate
2400 4757 2596 4810 divina:
2652 4755 3038 4810 misericordia:
3088 4753 3372 4808 nuntiavit.
3423 4754 3576 4818 Quod

2001 4857 2180 4902 tamen
2211 4861 2307 4900 nos
2336 4846 2649 4914 trepidando
2684 4843 3032 4914 proferimus,
3055 4845 3178 4912 quia
3216 4851 3394 4896 utrum
3418 4842 3575 4909 juxza

2000 4937 2272 4992 relationis
2324 4936 2483 4990 fidem
2539 4951 2664 4990 vere
2711 4934 3027 5003 contigerit,
3075 4935 3405 5003 ignoramus.
3457 4929 3572 4988 Hoc

1999 5041 2178 5085 tamen
2211 5028 2398 5099 procul
2442 5027 2604 5082 dubio
2634 5027 2902 5090 novimus,
2947 5027 3071 5094 quia
3119 5023 3364 5094 quisquis
3390 5024 3575 5094 quoti-

1995 5123 2154 5176 diana
2200 5118 2470 5191 prtedictis
2528 5119 2677 5171 horis
2729 5115 2902 5170 cilicia
2954 5116 3004 5169 in
3033 5113 3148 5182 ejus
3188 5114 3434 5168 laudibus
3468 5113 3576 5168 fte-

1995 5221 2258 5283 quentare
2305 5209 2594 5274 studuerit,
2622 5208 2940 5278 adjutricem
2970 5209 3205 5270 sibimet,
3238 5222 3303 5262 ac
3331 5207 3574 5277 patroci-

1964 5307 2241 5357 'naturam
2293 5303 2459 5371 ipsius
2499 5301 2702 5358 Judicis
2743 5316 2973 5356 man-em
3015 5301 3066 5354 in
3107 5300 3194 5355 die
3232 5298 3577 5354 necessitatis

1995 5395 2248 5463 acquirit.
2276 5391 2425 5448 lianc
2448 5393 2611 5464 igitur
2634 5391 2820 5446 rudem
2852 5391 3292 5459 scriptiunculam
3321 5399 3376 5443 et
3406 5389 3577 5444 incul-

1997 5496 2129 5547 tam,
2164 5483 2532 5547 dilectissime,
2557 5482 2750 5551 smpius
2779 5482 3025 5537 iterando
3065 5497 3339 5550 percurre,
3373 5490 3427 5535 et
3466 5497 3574 5534 non

1993 5574 2244 5643 qualiter,
2271 5575 2364 5627 sed
2384 5573 2510 5642 quid
2535 5573 2766 5636 dicatur,
2795 5571 3013 5626 attende
3045 5587 3058 5624 :
3099 5570 3226 5634 imo,
3259 5577 3316 5623 ut
3367 5571 3439 5622 ita
3490 5569 3571 5620 lo-

1996 5678 2149 5734 quar,
2167 5677 2273 5716 uou
2296 5662 2583 5716 verborum
2615 5661 2820 5726 culmo,
2855 5661 2940 5717 vel
2986 5659 3152 5728 foliis,
3197 5663 3287 5716 scd
3343 5656 3571 5713 medulla
