  <div class='ocr_page' id='page_1' title='image "/cluster/home/n/w/nwhite01/storage/ocr_20150623/145/hvd.32044015471824/123.png"; bbox 0 0 4106 6320; ppageno 0'>
   <div class='ocr_carea' id='block_1_1' title="bbox 573 133 638 176">
    <p class='ocr_par' dir='ltr' id='par_1_1' title="bbox 573 133 638 176">
     <span class='ocr_line' id='line_1_1' title="bbox 573 133 638 176; baseline 0 0"><span class='ocrx_word' id='word_1_1' title='bbox 573 133 638 176; x_wconf 71' lang='grc' dir='ltr'><strong><em>ο</em></strong></span> 
     </span>
    </p>
   </div>
   <div class='ocr_carea' id='block_1_2' title="bbox 515 312 616 367">
    <p class='ocr_par' dir='ltr' id='par_1_2' title="bbox 515 312 616 367">
     <span class='ocr_line' id='line_1_2' title="bbox 515 312 616 367; baseline -0.02 0"><span class='ocrx_word' id='word_1_2' title='bbox 515 312 616 367; x_wconf 70' lang='grc'><strong>951</strong></span> 
     </span>
    </p>
   </div>
   <div class='ocr_carea' id='block_1_3' title="bbox 979 283 3313 360">
    <p class='ocr_par' dir='ltr' id='par_1_3' title="bbox 979 283 3313 360">
     <span class='ocr_line' id='line_1_3' title="bbox 979 283 3313 360; baseline -0.008 0"><span class='ocrx_word' id='word_1_3' title='bbox 979 303 1038 360; x_wconf 89' lang='lat' dir='ltr'><strong>S.</strong></span> <span class='ocrx_word' id='word_1_4' title='bbox 1072 302 1269 358; x_wconf 80' lang='lat' dir='ltr'><strong>PETRI</strong></span> <span class='ocrx_word' id='word_1_5' title='bbox 1310 296 1589 356; x_wconf 72' lang='lat' dir='ltr'><strong>DAMIANI</strong></span> <span class='ocrx_word' id='word_1_6' title='bbox 1625 294 1774 351; x_wconf 80' lang='grc' dir='ltr'><strong>ΟΡΡ.</strong></span> <span class='ocrx_word' id='word_1_7' title='bbox 1819 289 2055 347; x_wconf 76' lang='lat' dir='ltr'><strong>TOMUS</strong></span> <span class='ocrx_word' id='word_1_8' title='bbox 2095 285 2225 342; x_wconf 69' lang='grc' dir='ltr'><strong>εει]</strong></span> <span class='ocrx_word' id='word_1_9' title='bbox 2267 283 2442 339; x_wconf 71' lang='lat' dir='ltr'><strong>PARS</strong></span> <span class='ocrx_word' id='word_1_10' title='bbox 2480 283 2562 339; x_wconf 85' lang='lat' dir='ltr'><strong>lll.</strong></span> <span class='ocrx_word' id='word_1_11' title='bbox 2594 283 3046 343; x_wconf 79' lang='lat' dir='ltr'><strong>-—OPL&#39;SCULA</strong></span> <span class='ocrx_word' id='word_1_12' title='bbox 3085 285 3313 342; x_wconf 77' lang='lat' dir='ltr'><strong>VARIA.</strong></span> 
     </span>
    </p>
   </div>
   <div class='ocr_carea' id='block_1_4' title="bbox 3671 289 3780 345">
    <p class='ocr_par' dir='ltr' id='par_1_4' title="bbox 3671 289 3780 345">
     <span class='ocr_line' id='line_1_4' title="bbox 3671 289 3780 345; baseline 0.009 -1"><span class='ocrx_word' id='word_1_13' title='bbox 3671 289 3780 345; x_wconf 72' lang='lat'><strong>232</strong></span> 
     </span>
    </p>
   </div>
   <div class='ocr_carea' id='block_1_5' title="bbox 520 400 3780 493">
    <p class='ocr_par' dir='ltr' id='par_1_5' title="bbox 520 400 3780 493">
     <span class='ocr_line' id='line_1_5' title="bbox 520 400 3780 493; baseline -0.006 -19"><span class='ocrx_word' id='word_1_14' title='bbox 520 428 699 493; x_wconf 84' lang='lat' dir='ltr'><strong>potius</strong></span> <span class='ocrx_word' id='word_1_15' title='bbox 721 414 1089 486; x_wconf 71' lang='lat' dir='ltr'><strong>intelligentia:</strong></span> <span class='ocrx_word' id='word_1_16' title='bbox 1117 417 1408 468; x_wconf 86' lang='lat' dir='ltr'><strong>delectare.</strong></span> <span class='ocrx_word' id='word_1_17' title='bbox 1460 411 1782 464; x_wconf 70' lang='lat' dir='ltr'><strong>Pnethetam</strong></span> <span class='ocrx_word' id='word_1_18' title='bbox 1841 407 2095 458; x_wconf 81' lang='lat' dir='ltr'><strong>horarum</strong></span> <span class='ocrx_word' id='word_1_19' title='bbox 2129 412 2172 466; x_wconf 73' lang='grc' dir='ltr'><strong>Α</strong></span> <span class='ocrx_word' id='word_1_20' title='bbox 2204 411 2429 493; x_wconf 62' lang='lat' dir='ltr'><strong>alterum</strong></span> <span class='ocrx_word' id='word_1_21' title='bbox 2477 400 2909 493; x_wconf 47' lang='lat' dir='ltr'><strong>doctrinaqquou</strong></span> <span class='ocrx_word' id='word_1_22' title='bbox 2967 415 3143 454; x_wconf 81' lang='lat' dir='ltr'><strong>virum</strong></span> <span class='ocrx_word' id='word_1_23' title='bbox 3198 400 3563 493; x_wconf 72' lang='lat' dir='ltr'><strong>doctissimum</strong></span> <span class='ocrx_word' id='word_1_24' title='bbox 3614 407 3780 493; x_wconf 52' lang='lat' dir='ltr'><strong>etiam</strong></span> 
     </span>
    </p>
   </div>
   <div class='ocr_carea' id='block_1_6' title="bbox 518 496 2099 576">
    <p class='ocr_par' dir='ltr' id='par_1_6' title="bbox 518 496 2099 576">
     <span class='ocr_line' id='line_1_6' title="bbox 518 496 2099 576; baseline -0.015 -6"><span class='ocrx_word' id='word_1_25' title='bbox 518 511 878 570; x_wconf 69' lang='lat' dir='ltr'><strong>obedientiam</strong></span> <span class='ocrx_word' id='word_1_26' title='bbox 911 506 1236 576; x_wconf 83' lang='lat' dir='ltr'><strong>Dcojugiter</strong></span> <span class='ocrx_word' id='word_1_27' title='bbox 1262 503 1480 566; x_wconf 79' lang='lat' dir='ltr'><strong>exhibe,</strong></span> <span class='ocrx_word' id='word_1_28' title='bbox 1513 502 1564 554; x_wconf 93' lang='lat' dir='ltr'><strong>in</strong></span> <span class='ocrx_word' id='word_1_29' title='bbox 1605 499 1823 568; x_wconf 86' lang='lat' dir='ltr'><strong>reliquis</strong></span> <span class='ocrx_word' id='word_1_30' title='bbox 1849 496 2013 551; x_wconf 91' lang='lat' dir='ltr'><strong>etiam</strong></span> <span class='ocrx_word' id='word_1_31' title='bbox 2049 505 2099 547; x_wconf 90' lang='lat' dir='ltr'><strong>te</strong></span> 
     </span>
    </p>
   </div>
   <div class='ocr_carea' id='block_1_7' title="bbox 521 589 2098 658">
    <p class='ocr_par' dir='ltr' id='par_1_7' title="bbox 521 589 2098 658">
     <span class='ocr_line' id='line_1_7' title="bbox 521 589 2098 658; baseline -0.012 0"><span class='ocrx_word' id='word_1_32' title='bbox 521 611 722 658; x_wconf 80' lang='lat' dir='ltr'><strong>sancta:</strong></span> <span class='ocrx_word' id='word_1_33' title='bbox 783 596 1210 653; x_wconf 76' lang='lat' dir='ltr'><strong>conversationis</strong></span> <span class='ocrx_word' id='word_1_34' title='bbox 1274 593 1468 646; x_wconf 90' lang='lat' dir='ltr'><strong>studiis</strong></span> <span class='ocrx_word' id='word_1_35' title='bbox 1528 589 1814 658; x_wconf 77' lang='lat' dir='ltr'><strong>vigilanter</strong></span> <span class='ocrx_word' id='word_1_36' title='bbox 1871 601 2098 650; x_wconf 62' lang='lat' dir='ltr'><strong>exerce;</strong></span> 
     </span>
    </p>
   </div>
   <div class='ocr_carea' id='block_1_8' title="bbox 521 679 2104 762">
    <p class='ocr_par' dir='ltr' id='par_1_8' title="bbox 521 679 2104 762">
     <span class='ocr_line' id='line_1_8' title="bbox 521 679 2104 762; baseline -0.009 -20"><span class='ocrx_word' id='word_1_37' title='bbox 521 701 785 762; x_wconf 75' lang='lat' dir='ltr'><strong>quatenus</strong></span> <span class='ocrx_word' id='word_1_38' title='bbox 813 689 855 744; x_wconf 92' lang='lat' dir='ltr'><strong>si</strong></span> <span class='ocrx_word' id='word_1_39' title='bbox 884 703 1023 741; x_wconf 90' lang='lat' dir='ltr'><strong>nunc</strong></span> <span class='ocrx_word' id='word_1_40' title='bbox 1055 685 1154 740; x_wconf 92' lang='lat' dir='ltr'><strong>sub</strong></span> <span class='ocrx_word' id='word_1_41' title='bbox 1183 685 1285 738; x_wconf 92' lang='lat' dir='ltr'><strong>leni</strong></span> <span class='ocrx_word' id='word_1_42' title='bbox 1312 683 1440 752; x_wconf 84' lang='lat' dir='ltr'><strong>jngo</strong></span> <span class='ocrx_word' id='word_1_43' title='bbox 1469 679 1586 748; x_wconf 89' lang='lat' dir='ltr'><strong>ejus</strong></span> <span class='ocrx_word' id='word_1_44' title='bbox 1631 688 1885 747; x_wconf 92' lang='lat' dir='ltr'><strong>tanquam</strong></span> <span class='ocrx_word' id='word_1_45' title='bbox 1915 691 2104 730; x_wconf 88' lang='lat' dir='ltr'><strong>servus</strong></span> 
     </span>
    </p>
   </div>
   <div class='ocr_carea' id='block_1_9' title="bbox 521 766 2102 837">
    <p class='ocr_par' dir='ltr' id='par_1_9' title="bbox 521 766 2102 837">
     <span class='ocr_line' id='line_1_9' title="bbox 521 766 2102 837; baseline -0.01 -2"><span class='ocrx_word' id='word_1_46' title='bbox 521 781 785 835; x_wconf 87' lang='lat' dir='ltr'><strong>cervicem</strong></span> <span class='ocrx_word' id='word_1_47' title='bbox 821 777 998 832; x_wconf 85' lang='lat' dir='ltr'><strong>cordis</strong></span> <span class='ocrx_word' id='word_1_48' title='bbox 1037 774 1330 836; x_wconf 87' lang='lat' dir='ltr'><strong>attriveris,</strong></span> <span class='ocrx_word' id='word_1_49' title='bbox 1371 767 1516 826; x_wconf 82' lang='lat' dir='ltr'><strong>inter</strong></span> <span class='ocrx_word' id='word_1_50' title='bbox 1575 769 1712 823; x_wconf 82' lang='lat' dir='ltr'><strong>filios</strong></span> <span class='ocrx_word' id='word_1_51' title='bbox 1763 766 2102 837; x_wconf 86' lang='lat' dir='ltr'><strong>postmodum</strong></span> 
     </span>
    </p>
   </div>
   <div class='ocr_carea' id='block_1_10' title="bbox 522 857 2101 938">
    <p class='ocr_par' dir='ltr' id='par_1_10' title="bbox 522 857 2101 938">
     <span class='ocr_line' id='line_1_10' title="bbox 522 857 2101 938; baseline -0.012 -10"><span class='ocrx_word' id='word_1_52' title='bbox 522 869 856 928; x_wconf 83' lang='lat' dir='ltr'><strong>lnereditatis</strong></span> <span class='ocrx_word' id='word_1_53' title='bbox 895 882 1142 938; x_wconf 81' lang='lat' dir='ltr'><strong>superna.-</strong></span> <span class='ocrx_word' id='word_1_54' title='bbox 1175 863 1470 920; x_wconf 73' lang='lat' dir='ltr'><strong>forticulum</strong></span> <span class='ocrx_word' id='word_1_55' title='bbox 1493 877 1614 916; x_wconf 91' lang='lat' dir='ltr'><strong>cum</strong></span> <span class='ocrx_word' id='word_1_56' title='bbox 1641 859 1807 932; x_wconf 82' lang='lat' dir='ltr'><strong>gloria</strong></span> <span class='ocrx_word' id='word_1_57' title='bbox 1835 857 2101 914; x_wconf 84' lang='lat' dir='ltr'><strong>sortiaris.</strong></span> 
     </span>
    </p>
   </div>
   <div class='ocr_carea' id='block_1_11' title="bbox 1163 1065 1474 1124">
    <p class='ocr_par' dir='ltr' id='par_1_11' title="bbox 1163 1065 1474 1124">
     <span class='ocr_line' id='line_1_11' title="bbox 1163 1065 1474 1124; baseline -0.006 0"><span class='ocrx_word' id='word_1_58' title='bbox 1163 1065 1474 1124; x_wconf 62' lang='grc' dir='ltr'>εςιιοιω.</span> 
     </span>
    </p>
   </div>
   <div class='ocr_carea' id='block_1_12' title="bbox 594 1176 2103 1254">
    <p class='ocr_par' dir='ltr' id='par_1_12' title="bbox 594 1176 2103 1254">
     <span class='ocr_line' id='line_1_12' title="bbox 594 1176 2103 1254; baseline -0.005 -19"><span class='ocrx_word' id='word_1_59' title='bbox 594 1179 800 1254; x_wconf 71' lang='lat' dir='ltr'><strong>Septem</strong></span> <span class='ocrx_word' id='word_1_60' title='bbox 829 1180 982 1248; x_wconf 83' lang='lat' dir='ltr'><strong>plane</strong></span> <span class='ocrx_word' id='word_1_61' title='bbox 1007 1189 1125 1233; x_wconf 79' lang='lat' dir='ltr'><strong>sunt</strong></span> <span class='ocrx_word' id='word_1_62' title='bbox 1141 1178 1454 1254; x_wconf 78' lang='lat' dir='ltr'><strong>principalia</strong></span> <span class='ocrx_word' id='word_1_63' title='bbox 1483 1178 1605 1232; x_wconf 77' lang='lat' dir='ltr'><strong>vitia</strong></span> <span class='ocrx_word' id='word_1_64' title='bbox 1625 1217 1642 1243; x_wconf 89' lang='lat'><strong>,</strong></span> <span class='ocrx_word' id='word_1_65' title='bbox 1672 1192 1737 1254; x_wconf 61' lang='lat' dir='ltr'><strong>ea;</strong></span> <span class='ocrx_word' id='word_1_66' title='bbox 1786 1176 1972 1254; x_wconf 72' lang='lat' dir='ltr'><strong>quibus</strong></span> <span class='ocrx_word' id='word_1_67' title='bbox 2003 1191 2103 1228; x_wconf 78' lang='lat' dir='ltr'><strong>ca:-</strong></span> 
     </span>
    </p>
   </div>
   <div class='ocr_carea' id='block_1_13' title="bbox 523 1247 2100 1316">
    <p class='ocr_par' dir='ltr' id='par_1_13' title="bbox 523 1247 2100 1316">
     <span class='ocr_line' id='line_1_13' title="bbox 523 1247 2100 1316; baseline -0.006 -11"><span class='ocrx_word' id='word_1_68' title='bbox 523 1247 670 1305; x_wconf 40' lang='lat' dir='ltr'><strong>tcrre&#39;</strong></span> <span class='ocrx_word' id='word_1_69' title='bbox 701 1247 941 1304; x_wconf 58' lang='lat' dir='ltr'><strong>vitiorum</strong></span> <span class='ocrx_word' id='word_1_70' title='bbox 997 1247 1161 1316; x_wconf 70' lang='lat' dir='ltr'><strong>pestes</strong></span> <span class='ocrx_word' id='word_1_71' title='bbox 1215 1252 1490 1311; x_wconf 86' lang='lat' dir='ltr'><strong>oriuntur,</strong></span> <span class='ocrx_word' id='word_1_72' title='bbox 1522 1264 1639 1316; x_wconf 77' lang='lat' dir='ltr'><strong>qua:</strong></span> <span class='ocrx_word' id='word_1_73' title='bbox 1683 1247 1926 1300; x_wconf 79' lang='lat' dir='ltr'><strong>nimirum</strong></span> <span class='ocrx_word' id='word_1_74' title='bbox 1960 1255 2100 1309; x_wconf 72' lang='lat' dir='ltr'><strong>sunt,</strong></span> 
     </span>
    </p>
   </div>
   <div class='ocr_carea' id='block_1_14' title="bbox 522 1315 2100 1388">
    <p class='ocr_par' dir='ltr' id='par_1_14' title="bbox 522 1315 2100 1388">
     <span class='ocr_line' id='line_1_14' title="bbox 522 1315 2100 1388; baseline -0.004 -16"><span class='ocrx_word' id='word_1_75' title='bbox 522 1321 763 1386; x_wconf 78' lang='lat' dir='ltr'><strong>superbia</strong></span> <span class='ocrx_word' id='word_1_76' title='bbox 781 1361 793 1377; x_wconf 91' lang='lat'><strong>.</strong></span> <span class='ocrx_word' id='word_1_77' title='bbox 818 1315 1039 1388; x_wconf 70' lang='lat' dir='ltr'><strong>avaritia</strong></span> <span class='ocrx_word' id='word_1_78' title='bbox 1059 1360 1070 1380; x_wconf 92' lang='lat'><strong>,</strong></span> <span class='ocrx_word' id='word_1_79' title='bbox 1095 1337 1228 1374; x_wconf 59' lang='lat' dir='ltr'><strong>rank:</strong></span> <span class='ocrx_word' id='word_1_80' title='bbox 1257 1319 1426 1388; x_wconf 83' lang='lat' dir='ltr'><strong>gloria</strong></span> <span class='ocrx_word' id='word_1_81' title='bbox 1445 1360 1458 1382; x_wconf 93' lang='lat'><strong>,</strong></span> <span class='ocrx_word' id='word_1_82' title='bbox 1486 1315 1587 1379; x_wconf 83' lang='lat' dir='ltr'><strong>ira,</strong></span> <span class='ocrx_word' id='word_1_83' title='bbox 1622 1316 1835 1388; x_wconf 73' lang='lat' dir='ltr'><strong>invidia,</strong></span> <span class='ocrx_word' id='word_1_84' title='bbox 1863 1315 2100 1388; x_wconf 75' lang='lat' dir='ltr'><strong>luxuria,</strong></span> 
     </span>
    </p>
   </div>
   <div class='ocr_carea' id='block_1_15' title="bbox 523 1386 2104 1442">
    <p class='ocr_par' dir='ltr' id='par_1_15' title="bbox 523 1386 2104 1442">
     <span class='ocr_line' id='line_1_15' title="bbox 523 1386 2104 1442; baseline -0.003 0"><span class='ocrx_word' id='word_1_85' title='bbox 523 1390 759 1442; x_wconf 74' lang='lat' dir='ltr'><strong>tristitia.</strong></span> <span class='ocrx_word' id='word_1_86' title='bbox 791 1387 904 1441; x_wconf 82' lang='lat' dir='ltr'><strong>Non</strong></span> <span class='ocrx_word' id='word_1_87' title='bbox 936 1399 1018 1442; x_wconf 84' lang='lat' dir='ltr'><strong>est</strong></span> <span class='ocrx_word' id='word_1_88' title='bbox 1047 1386 1350 1442; x_wconf 82' lang='lat' dir='ltr'><strong>mirandum</strong></span> <span class='ocrx_word' id='word_1_89' title='bbox 1379 1397 1622 1441; x_wconf 88' lang='lat' dir='ltr'><strong>sanctum</strong></span> <span class='ocrx_word' id='word_1_90' title='bbox 1655 1386 1983 1439; x_wconf 85' lang='lat' dir='ltr'><strong>cardinalem</strong></span> <span class='ocrx_word' id='word_1_91' title='bbox 2022 1387 2104 1438; x_wconf 90' lang='lat' dir='ltr'><strong>in-</strong></span> 
     </span>
    </p>
   </div>
   <div class='ocr_carea' id='block_1_16' title="bbox 529 1458 2103 1528">
    <p class='ocr_par' dir='ltr' id='par_1_16' title="bbox 529 1458 2103 1528">
     <span class='ocr_line' id='line_1_16' title="bbox 529 1458 2103 1528; baseline -0.002 -16"><span class='ocrx_word' id='word_1_92' title='bbox 529 1469 610 1512; x_wconf 81' lang='lat' dir='ltr'><strong>ter</strong></span> <span class='ocrx_word' id='word_1_93' title='bbox 645 1460 769 1512; x_wconf 75' lang='lat' dir='ltr'><strong>vitia</strong></span> <span class='ocrx_word' id='word_1_94' title='bbox 799 1459 1072 1528; x_wconf 86' lang='lat' dir='ltr'><strong>capitalia,</strong></span> <span class='ocrx_word' id='word_1_95' title='bbox 1097 1460 1275 1528; x_wconf 69' lang='lat' dir='ltr'><strong>gulam</strong></span> <span class='ocrx_word' id='word_1_96' title='bbox 1321 1474 1426 1512; x_wconf 92' lang='lat' dir='ltr'><strong>non</strong></span> <span class='ocrx_word' id='word_1_97' title='bbox 1460 1458 1814 1521; x_wconf 86' lang='lat' dir='ltr'><strong>recensuissc,</strong></span> <span class='ocrx_word' id='word_1_98' title='bbox 1839 1471 2000 1525; x_wconf 90' lang='lat' dir='ltr'><strong>quam</strong></span> <span class='ocrx_word' id='word_1_99' title='bbox 2035 1470 2103 1509; x_wconf 78' lang='lat' dir='ltr'><strong>ex</strong></span> 
     </span>
    </p>
   </div>
   <div class='ocr_carea' id='block_1_17' title="bbox 2207 469 3782 539">
    <p class='ocr_par' dir='ltr' id='par_1_17' title="bbox 2207 469 3782 539">
     <span class='ocr_line' id='line_1_17' title="bbox 2207 469 3782 539; baseline 0.004 -17"><span class='ocrx_word' id='word_1_100' title='bbox 2207 469 2375 522; x_wconf 85' lang='lat' dir='ltr'><strong>latete</strong></span> <span class='ocrx_word' id='word_1_101' title='bbox 2423 481 2526 539; x_wconf 85' lang='lat' dir='ltr'><strong>non</strong></span> <span class='ocrx_word' id='word_1_102' title='bbox 2585 471 2781 534; x_wconf 76' lang='lat' dir='ltr'><strong>potuit)</strong></span> <span class='ocrx_word' id='word_1_103' title='bbox 2832 485 3258 524; x_wconf 83' lang='lat' dir='ltr'><strong>commemorare</strong></span> <span class='ocrx_word' id='word_1_104' title='bbox 3299 472 3600 539; x_wconf 82' lang='lat' dir='ltr'><strong>Oportebat.</strong></span> <span class='ocrx_word' id='word_1_105' title='bbox 3643 473 3782 529; x_wconf 85' lang='lat' dir='ltr'><strong>Puto</strong></span> 
     </span>
    </p>
   </div>
   <div class='ocr_carea' id='block_1_18' title="bbox 2208 537 3784 606">
    <p class='ocr_par' dir='ltr' id='par_1_18' title="bbox 2208 537 3784 606">
     <span class='ocr_line' id='line_1_18' title="bbox 2208 537 3784 606; baseline 0.003 -15"><span class='ocrx_word' id='word_1_106' title='bbox 2208 548 2388 591; x_wconf 88' lang='lat' dir='ltr'><strong>tamen</strong></span> <span class='ocrx_word' id='word_1_107' title='bbox 2415 537 2551 604; x_wconf 77' lang='lat' dir='ltr'><strong>gula:</strong></span> <span class='ocrx_word' id='word_1_108' title='bbox 2585 553 2690 590; x_wconf 90' lang='lat' dir='ltr'><strong>non</strong></span> <span class='ocrx_word' id='word_1_109' title='bbox 2721 540 3050 602; x_wconf 61' lang='lat' dir='ltr'><strong>meminisse,</strong></span> <span class='ocrx_word' id='word_1_110' title='bbox 3090 537 3347 606; x_wconf 86' lang='lat' dir='ltr'><strong>quoniam</strong></span> <span class='ocrx_word' id='word_1_111' title='bbox 3385 541 3608 596; x_wconf 79' lang='lat' dir='ltr'><strong>inferius</strong></span> <span class='ocrx_word' id='word_1_112' title='bbox 3639 543 3784 598; x_wconf 91' lang='lat' dir='ltr'><strong>inter</strong></span> 
     </span>
    </p>
   </div>
   <div class='ocr_carea' id='block_1_19' title="bbox 2208 607 3785 679">
    <p class='ocr_par' dir='ltr' id='par_1_19' title="bbox 2208 607 3785 679">
     <span class='ocr_line' id='line_1_19' title="bbox 2208 607 3785 679; baseline 0.004 -19"><span class='ocrx_word' id='word_1_113' title='bbox 2208 607 2342 679; x_wconf 77' lang='lat' dir='ltr'><strong>levia</strong></span> <span class='ocrx_word' id='word_1_114' title='bbox 2379 616 2620 679; x_wconf 79' lang='lat' dir='ltr'><strong>peccata,</strong></span> <span class='ocrx_word' id='word_1_115' title='bbox 2654 607 2705 659; x_wconf 92' lang='lat' dir='ltr'><strong>in</strong></span> <span class='ocrx_word' id='word_1_116' title='bbox 2751 623 2869 674; x_wconf 75' lang='lat' dir='ltr'><strong>qua:</strong></span> <span class='ocrx_word' id='word_1_117' title='bbox 2891 608 3053 661; x_wconf 89' lang='lat' dir='ltr'><strong>etiam</strong></span> <span class='ocrx_word' id='word_1_118' title='bbox 3081 608 3284 676; x_wconf 87' lang='lat' dir='ltr'><strong>justum</strong></span> <span class='ocrx_word' id='word_1_119' title='bbox 3309 626 3575 679; x_wconf 88' lang='lat' dir='ltr'><strong>quemque</strong></span> <span class='ocrx_word' id='word_1_120' title='bbox 3603 613 3785 678; x_wconf 74' lang='lat' dir='ltr'><strong>quoti-</strong></span> 
     </span>
    </p>
   </div>
   <div class='ocr_carea' id='block_1_20' title="bbox 2209 675 3780 740">
    <p class='ocr_par' dir='ltr' id='par_1_20' title="bbox 2209 675 3780 740">
     <span class='ocr_line' id='line_1_20' title="bbox 2209 675 3780 740; baseline 0.003 -10"><span class='ocrx_word' id='word_1_121' title='bbox 2209 677 2295 731; x_wconf 85' lang='lat' dir='ltr'><strong>die</strong></span> <span class='ocrx_word' id='word_1_122' title='bbox 2324 675 2426 728; x_wconf 84' lang='lat' dir='ltr'><strong>labi</strong></span> <span class='ocrx_word' id='word_1_123' title='bbox 2459 675 2554 740; x_wconf 89' lang='lat' dir='ltr'><strong>ait,</strong></span> <span class='ocrx_word' id='word_1_124' title='bbox 2578 686 2861 731; x_wconf 90' lang='lat' dir='ltr'><strong>enumerat</strong></span> <span class='ocrx_word' id='word_1_125' title='bbox 2882 680 3259 733; x_wconf 84' lang='lat' dir='ltr'><strong>necessitatem</strong></span> <span class='ocrx_word' id='word_1_126' title='bbox 3289 675 3344 734; x_wconf 83' lang='lat' dir='ltr'><strong>et</strong></span> <span class='ocrx_word' id='word_1_127' title='bbox 3367 675 3736 735; x_wconf 74' lang='lat' dir='ltr'><strong>inﬁrmitatem</strong></span> <span class='ocrx_word' id='word_1_128' title='bbox 3766 700 3780 734; x_wconf 90' lang='lat'><strong>:</strong></span> 
     </span>
    </p>
   </div>
   <div class='ocr_carea' id='block_1_21' title="bbox 2209 744 3786 818">
    <p class='ocr_par' dir='ltr' id='par_1_21' title="bbox 2209 744 3786 818">
     <span class='ocr_line' id='line_1_21' title="bbox 2209 744 3786 818; baseline 0.003 -17"><span class='ocrx_word' id='word_1_129' title='bbox 2209 745 2309 801; x_wconf 88' lang='lat' dir='ltr'><strong>sub</strong></span> <span class='ocrx_word' id='word_1_130' title='bbox 2339 745 2534 814; x_wconf 85' lang='lat' dir='ltr'><strong>quibus</strong></span> <span class='ocrx_word' id='word_1_131' title='bbox 2563 744 2762 818; x_wconf 80' lang='lat' dir='ltr'><strong>gulam,</strong></span> <span class='ocrx_word' id='word_1_132' title='bbox 2794 762 2913 815; x_wconf 63' lang='lat' dir='ltr'><strong>quae</strong></span> <span class='ocrx_word' id='word_1_133' title='bbox 2946 763 3012 802; x_wconf 81' lang='lat' dir='ltr'><strong>ex</strong></span> <span class='ocrx_word' id='word_1_134' title='bbox 3036 763 3236 818; x_wconf 80' lang='lat' dir='ltr'><strong>genere</strong></span> <span class='ocrx_word' id='word_1_135' title='bbox 3276 765 3372 804; x_wconf 90' lang='lat' dir='ltr'><strong>suo</strong></span> <span class='ocrx_word' id='word_1_136' title='bbox 3400 765 3504 803; x_wconf 91' lang='lat' dir='ltr'><strong>non</strong></span> <span class='ocrx_word' id='word_1_137' title='bbox 3533 758 3618 806; x_wconf 83' lang='lat' dir='ltr'><strong>est</strong></span> <span class='ocrx_word' id='word_1_138' title='bbox 3655 765 3786 818; x_wconf 82' lang='lat' dir='ltr'><strong>pec-</strong></span> 
     </span>
    </p>
   </div>
   <div class='ocr_carea' id='block_1_22' title="bbox 2210 815 3786 878">
    <p class='ocr_par' dir='ltr' id='par_1_22' title="bbox 2210 815 3786 878">
     <span class='ocr_line' id='line_1_22' title="bbox 2210 815 3786 878; baseline 0.002 -7"><span class='ocrx_word' id='word_1_139' title='bbox 2210 825 2387 871; x_wconf 88' lang='lat' dir='ltr'><strong>eatum</strong></span> <span class='ocrx_word' id='word_1_140' title='bbox 2416 815 2664 878; x_wconf 81' lang='lat' dir='ltr'><strong>mortale,</strong></span> <span class='ocrx_word' id='word_1_141' title='bbox 2695 818 2959 872; x_wconf 89' lang='lat' dir='ltr'><strong>contineri</strong></span> <span class='ocrx_word' id='word_1_142' title='bbox 2989 815 3220 872; x_wconf 80' lang='lat' dir='ltr'><strong>constat.</strong></span> <span class='ocrx_word' id='word_1_143' title='bbox 3254 818 3406 873; x_wconf 85' lang='lat' dir='ltr'><strong>Patet</strong></span> <span class='ocrx_word' id='word_1_144' title='bbox 3436 835 3564 873; x_wconf 90' lang='lat' dir='ltr'><strong>vero</strong></span> <span class='ocrx_word' id='word_1_145' title='bbox 3591 815 3786 874; x_wconf 84' lang='lat' dir='ltr'><strong>omnes</strong></span> 
     </span>
    </p>
   </div>
   <div class='ocr_carea' id='block_1_23' title="bbox 2209 885 3786 957">
    <p class='ocr_par' dir='ltr' id='par_1_23' title="bbox 2209 885 3786 957">
     <span class='ocr_line' id='line_1_23' title="bbox 2209 885 3786 957; baseline 0.003 -18"><span class='ocrx_word' id='word_1_146' title='bbox 2209 886 2420 957; x_wconf 73' lang='lat' dir='ltr'><strong>modos,</strong></span> <span class='ocrx_word' id='word_1_147' title='bbox 2444 885 2640 953; x_wconf 90' lang='lat' dir='ltr'><strong>quibus</strong></span> <span class='ocrx_word' id='word_1_148' title='bbox 2689 885 2740 938; x_wconf 90' lang='lat' dir='ltr'><strong>in</strong></span> <span class='ocrx_word' id='word_1_149' title='bbox 2789 887 2910 956; x_wconf 85' lang='lat' dir='ltr'><strong>gula</strong></span> <span class='ocrx_word' id='word_1_150' title='bbox 2956 887 3336 957; x_wconf 86' lang='lat' dir='ltr'><strong>delinquimus,</strong></span> <span class='ocrx_word' id='word_1_151' title='bbox 3368 905 3434 943; x_wconf 86' lang='lat' dir='ltr'><strong>ex</strong></span> <span class='ocrx_word' id='word_1_152' title='bbox 3487 889 3786 957; x_wconf 68' lang='lat' dir='ltr'><strong>fragilitate</strong></span> 
     </span>
    </p>
   </div>
   <div class='ocr_carea' id='block_1_24' title="bbox 2205 955 3783 1025">
    <p class='ocr_par' dir='ltr' id='par_1_24' title="bbox 2205 955 3783 1025">
     <span class='ocr_line' id='line_1_24' title="bbox 2205 955 3783 1025; baseline 0.001 -16"><span class='ocrx_word' id='word_1_153' title='bbox 2205 956 2360 1014; x_wconf 87' lang='lat' dir='ltr'><strong>oriri.</strong></span> <span class='ocrx_word' id='word_1_154' title='bbox 2390 955 2514 1007; x_wconf 89' lang='lat' dir='ltr'><strong>dum</strong></span> <span class='ocrx_word' id='word_1_155' title='bbox 2545 955 2807 1025; x_wconf 64' lang='lat' dir='ltr'><strong>praetextu</strong></span> <span class='ocrx_word' id='word_1_156' title='bbox 2836 955 3178 1012; x_wconf 82' lang='lat' dir='ltr'><strong>necessitatis</strong></span> <span class='ocrx_word' id='word_1_157' title='bbox 3217 960 3463 1025; x_wconf 82' lang='lat' dir='ltr'><strong>voluptas</strong></span> <span class='ocrx_word' id='word_1_158' title='bbox 3509 955 3665 1012; x_wconf 88' lang='lat' dir='ltr'><strong>nobis</strong></span> <span class='ocrx_word' id='word_1_159' title='bbox 3697 960 3783 1011; x_wconf 91' lang='lat' dir='ltr'><strong>in-</strong></span> 
     </span>
    </p>
   </div>
   <div class='ocr_carea' id='block_1_25' title="bbox 2205 1023 3784 1092">
    <p class='ocr_par' dir='ltr' id='par_1_25' title="bbox 2205 1023 3784 1092">
     <span class='ocr_line' id='line_1_25' title="bbox 2205 1023 3784 1092; baseline 0.001 -13"><span class='ocrx_word' id='word_1_160' title='bbox 2205 1025 2458 1088; x_wconf 84' lang='lat' dir='ltr'><strong>sidiatur;</strong></span> <span class='ocrx_word' id='word_1_161' title='bbox 2482 1034 2539 1078; x_wconf 89' lang='lat' dir='ltr'><strong>ut</strong></span> <span class='ocrx_word' id='word_1_162' title='bbox 2561 1024 2712 1078; x_wconf 77' lang='lat' dir='ltr'><strong>aiunt</strong></span> <span class='ocrx_word' id='word_1_163' title='bbox 2731 1023 2968 1080; x_wconf 82' lang='lat' dir='ltr'><strong>Joannes</strong></span> <span class='ocrx_word' id='word_1_164' title='bbox 2983 1027 3311 1092; x_wconf 81' lang='lat' dir='ltr'><strong>Climachus,</strong></span> <span class='ocrx_word' id='word_1_165' title='bbox 3332 1023 3496 1083; x_wconf 84' lang='lat' dir='ltr'><strong>Grad.</strong></span> <span class='ocrx_word' id='word_1_166' title='bbox 3514 1027 3579 1082; x_wconf 76' lang='grc'><strong>14</strong></span> <span class='ocrx_word' id='word_1_167' title='bbox 3603 1038 3658 1083; x_wconf 88' lang='lat' dir='ltr'><strong>et</strong></span> <span class='ocrx_word' id='word_1_168' title='bbox 3680 1027 3784 1092; x_wconf 62' lang='lat'><strong>45;</strong></span> 
     </span>
    </p>
   </div>
   <div class='ocr_carea' id='block_1_26' title="bbox 2205 1091 3788 1168">
    <p class='ocr_par' dir='ltr' id='par_1_26' title="bbox 2205 1091 3788 1168">
     <span class='ocr_line' id='line_1_26' title="bbox 2205 1091 3788 1168; baseline 0.003 -20"><span class='ocrx_word' id='word_1_169' title='bbox 2205 1093 2443 1168; x_wconf 83' lang='lat' dir='ltr'><strong>Joannes</strong></span> <span class='ocrx_word' id='word_1_170' title='bbox 2469 1091 2758 1168; x_wconf 75' lang='lat' dir='ltr'><strong>Cassianus</strong></span> <span class='ocrx_word' id='word_1_171' title='bbox 2783 1095 2875 1149; x_wconf 89' lang='lat' dir='ltr'><strong>lib.</strong></span> <span class='ocrx_word' id='word_1_172' title='bbox 2911 1111 2963 1149; x_wconf 76' lang='lat' dir='ltr'><strong>Ix</strong></span> <span class='ocrx_word' id='word_1_173' title='bbox 2992 1111 3112 1168; x_wconf 85' lang='lat' dir='ltr'><strong>cap.</strong></span> <span class='ocrx_word' id='word_1_174' title='bbox 3144 1098 3174 1151; x_wconf 90' lang='lat'><strong>7</strong></span> <span class='ocrx_word' id='word_1_175' title='bbox 3227 1091 3304 1152; x_wconf 87' lang='lat' dir='ltr'><strong>De</strong></span> <span class='ocrx_word' id='word_1_176' title='bbox 3346 1099 3539 1168; x_wconf 80' lang='lat' dir='ltr'><strong>spiritu</strong></span> <span class='ocrx_word' id='word_1_177' title='bbox 3590 1091 3788 1168; x_wconf 84' lang='lat' dir='ltr'><strong>gastri-</strong></span> 
     </span>
    </p>
   </div>
   <div class='ocr_carea' id='block_1_27' title="bbox 2208 1164 3785 1232">
    <p class='ocr_par' dir='ltr' id='par_1_27' title="bbox 2208 1164 3785 1232">
     <span class='ocr_line' id='line_1_27' title="bbox 2208 1164 3785 1232; baseline 0.003 -15"><span class='ocrx_word' id='word_1_178' title='bbox 2208 1164 2426 1232; x_wconf 72' lang='lat' dir='ltr'><strong>margize</strong></span> <span class='ocrx_word' id='word_1_179' title='bbox 2449 1203 2463 1227; x_wconf 94' lang='lat'><strong>,</strong></span> <span class='ocrx_word' id='word_1_180' title='bbox 2495 1164 2584 1231; x_wconf 89' lang='lat' dir='ltr'><strong>qui</strong></span> <span class='ocrx_word' id='word_1_181' title='bbox 2633 1164 2754 1218; x_wconf 84' lang='lat' dir='ltr'><strong>huic</strong></span> <span class='ocrx_word' id='word_1_182' title='bbox 2797 1164 3080 1221; x_wconf 62' lang='lat' dir='ltr'><strong>sententia}</strong></span> <span class='ocrx_word' id='word_1_183' title='bbox 3118 1178 3315 1222; x_wconf 76' lang='lat' dir='ltr'><strong>nostra:</strong></span> <span class='ocrx_word' id='word_1_184' title='bbox 3344 1164 3521 1220; x_wconf 80' lang='lat' dir='ltr'><strong>favere</strong></span> <span class='ocrx_word' id='word_1_185' title='bbox 3549 1164 3785 1230; x_wconf 77' lang='lat' dir='ltr'><strong>videtur.</strong></span> 
     </span>
    </p>
   </div>
   <div class='ocr_carea' id='block_1_28' title="bbox 2207 1232 3784 1306">
    <p class='ocr_par' dir='ltr' id='par_1_28' title="bbox 2207 1232 3784 1306">
     <span class='ocr_line' id='line_1_28' title="bbox 2207 1232 3784 1306; baseline 0.001 -19"><span class='ocrx_word' id='word_1_186' title='bbox 2207 1234 2339 1306; x_wconf 72' lang='lat' dir='ltr'><strong>dum</strong></span> <span class='ocrx_word' id='word_1_187' title='bbox 2363 1232 2477 1306; x_wconf 63' lang='lat' dir='ltr'><strong>ait;</strong></span> <span class='ocrx_word' id='word_1_188' title='bbox 2495 1252 2532 1306; x_wconf 68' lang='lat'><strong>_¢</strong></span> <span class='ocrx_word' id='word_1_189' title='bbox 2567 1233 2852 1290; x_wconf 83' lang='lat' dir='ltr'><strong>lniirmitas</strong></span> <span class='ocrx_word' id='word_1_190' title='bbox 2876 1236 3058 1290; x_wconf 88' lang='lat' dir='ltr'><strong>carnis</strong></span> <span class='ocrx_word' id='word_1_191' title='bbox 3079 1238 3143 1289; x_wconf 91' lang='lat' dir='ltr'><strong>ad</strong></span> <span class='ocrx_word' id='word_1_192' title='bbox 3168 1239 3453 1306; x_wconf 90' lang='lat' dir='ltr'><strong>puritatem</strong></span> <span class='ocrx_word' id='word_1_193' title='bbox 3481 1236 3660 1300; x_wconf 80' lang='lat' dir='ltr'><strong>cordis</strong></span> <span class='ocrx_word' id='word_1_194' title='bbox 3677 1251 3784 1290; x_wconf 92' lang='lat' dir='ltr'><strong>non</strong></span> 
     </span>
    </p>
   </div>
   <div class='ocr_carea' id='block_1_29' title="bbox 2207 1302 3790 1377">
    <p class='ocr_par' dir='ltr' id='par_1_29' title="bbox 2207 1302 3790 1377">
     <span class='ocr_line' id='line_1_29' title="bbox 2207 1302 3790 1377; baseline 0.004 -22"><span class='ocrx_word' id='word_1_195' title='bbox 2207 1302 2392 1377; x_wconf 79' lang='lat' dir='ltr'><strong>oﬂlcit,</strong></span> <span class='ocrx_word' id='word_1_196' title='bbox 2419 1303 2463 1356; x_wconf 89' lang='lat' dir='ltr'><strong>si</strong></span> <span class='ocrx_word' id='word_1_197' title='bbox 2495 1303 2618 1377; x_wconf 66' lang='lat' dir='ltr'><strong>hace</strong></span> <span class='ocrx_word' id='word_1_198' title='bbox 2641 1307 3034 1369; x_wconf 89' lang='lat' dir='ltr'><strong>tantummodo,</strong></span> <span class='ocrx_word' id='word_1_199' title='bbox 3068 1302 3186 1375; x_wconf 67' lang='lat' dir='ltr'><strong>quae</strong></span> <span class='ocrx_word' id='word_1_200' title='bbox 3230 1307 3516 1377; x_wconf 76' lang='lat' dir='ltr'><strong>fragilitas,</strong></span> <span class='ocrx_word' id='word_1_201' title='bbox 3537 1320 3648 1363; x_wconf 85' lang='lat' dir='ltr'><strong>non</strong></span> <span class='ocrx_word' id='word_1_202' title='bbox 3669 1319 3790 1375; x_wconf 69' lang='lat' dir='ltr'><strong>que</strong></span> 
     </span>
    </p>
   </div>
   <div class='ocr_carea' id='block_1_30' title="bbox 2208 1373 3098 1443">
    <p class='ocr_par' dir='ltr' id='par_1_30' title="bbox 2208 1373 3098 1443">
     <span class='ocr_line' id='line_1_30' title="bbox 2208 1373 3098 1443; baseline 0.006 -19"><span class='ocrx_word' id='word_1_203' title='bbox 2208 1373 2454 1442; x_wconf 80' lang='lat' dir='ltr'><strong>voluptas</strong></span> <span class='ocrx_word' id='word_1_204' title='bbox 2481 1374 2669 1442; x_wconf 77' lang='lat' dir='ltr'><strong>exigit,</strong></span> <span class='ocrx_word' id='word_1_205' title='bbox 2697 1387 3044 1443; x_wconf 88' lang='lat' dir='ltr'><strong>usurpentur.</strong></span> <span class='ocrx_word' id='word_1_206' title='bbox 3081 1373 3098 1428; x_wconf 65' lang='grc' dir='ltr'><strong>ὁ</strong></span> 
     </span>
    </p>
   </div>
   <div class='ocr_carea' id='block_1_31' title="bbox 2493 1461 3503 1522">
    <p class='ocr_par' dir='ltr' id='par_1_31' title="bbox 2493 1461 3503 1522">
     <span class='ocr_line' id='line_1_31' title="bbox 2493 1461 3503 1522; baseline 0.004 -6"><span class='ocrx_word' id='word_1_207' title='bbox 2493 1461 2577 1517; x_wconf 87' lang='lat' dir='ltr'><strong>Sit</strong></span> <span class='ocrx_word' id='word_1_208' title='bbox 2635 1479 2821 1518; x_wconf 82' lang='lat' dir='ltr'><strong>nomen</strong></span> <span class='ocrx_word' id='word_1_209' title='bbox 2886 1464 3096 1520; x_wconf 85' lang='lat' dir='ltr'><strong>Domini</strong></span> <span class='ocrx_word' id='word_1_210' title='bbox 3161 1467 3503 1522; x_wconf 82' lang='lat' dir='ltr'><strong>benedictum.</strong></span> 
     </span>
    </p>
   </div>
   <div class='ocr_carea' id='block_1_32' title="bbox 529 1661 3138 1685">
    <p class='ocr_par' dir='ltr' id='par_1_32' title="bbox 529 1661 3138 1685">
     <span class='ocr_line' id='line_1_32' title="bbox 529 1661 3138 1685; baseline 0 -3"><span class='ocrx_word' id='word_1_211' title='bbox 529 1661 3138 1685; x_wconf 59' lang='lat' dir='ltr'><strong>Mm</strong></span> 
     </span>
    </p>
   </div>
   <div class='ocr_carea' id='block_1_33' title="bbox 1004 1816 3229 1955">
    <p class='ocr_par' dir='ltr' id='par_1_33' title="bbox 1004 1816 3229 1955">
     <span class='ocr_line' id='line_1_33' title="bbox 1004 1816 3229 1955; baseline 0.009 -22"><span class='ocrx_word' id='word_1_212' title='bbox 1004 1816 1356 1890; x_wconf 67' lang='lat' dir='ltr'><strong>221m</strong></span> <span class='ocrx_word' id='word_1_213' title='bbox 1439 1832 2289 1949; x_wconf 87' lang='lat' dir='ltr'><strong>OPUSCULUM</strong></span> <span class='ocrx_word' id='word_1_214' title='bbox 2380 1838 3229 1955; x_wconf 75' lang='lat' dir='ltr'><strong>UNDECIMUM</strong></span> 
     </span>
    </p>
   </div>
   <div class='ocr_carea' id='block_1_34' title="bbox 709 2069 3629 2148">
    <p class='ocr_par' dir='ltr' id='par_1_34' title="bbox 709 2069 3629 2148">
     <span class='ocr_line' id='line_1_34' title="bbox 709 2069 3629 2148; baseline 0.002 -9"><span class='ocrx_word' id='word_1_215' title='bbox 709 2076 943 2139; x_wconf 78' lang='lat' dir='ltr'><strong>LIBER</strong></span> <span class='ocrx_word' id='word_1_216' title='bbox 986 2073 1120 2148; x_wconf 75' lang='lat' dir='ltr'><strong>QUI</strong></span> <span class='ocrx_word' id='word_1_217' title='bbox 1166 2073 1710 2146; x_wconf 53' lang='lat' dir='ltr'><strong>APPELLATUR,</strong></span> <span class='ocrx_word' id='word_1_218' title='bbox 1749 2069 2127 2134; x_wconf 78' lang='lat' dir='ltr'><strong>DOMINUS</strong></span> <span class='ocrx_word' id='word_1_219' title='bbox 2173 2073 2603 2138; x_wconf 77' lang='lat' dir='ltr'><strong>VOBISCUM.</strong></span> <span class='ocrx_word' id='word_1_220' title='bbox 2654 2077 2762 2137; x_wconf 79' lang='lat' dir='ltr'><strong>AD</strong></span> <span class='ocrx_word' id='word_1_221' title='bbox 2806 2076 3135 2140; x_wconf 83' lang='lat' dir='ltr'>LEONEM</span> <span class='ocrx_word' id='word_1_222' title='bbox 3179 2079 3629 2144; x_wconf 75' lang='grc' dir='ltr'><strong>ΒΡιΕΜΙΤΑΜ.</strong></span> 
     </span>
    </p>
   </div>
   <div class='ocr_carea' id='block_1_35' title="bbox 532 2387 3798 2465">
    <p class='ocr_par' dir='ltr' id='par_1_35' title="bbox 532 2387 3798 2465">
     <span class='ocr_line' id='line_1_35' title="bbox 532 2387 3798 2465; baseline -0.001 -15"><span class='ocrx_word' id='word_1_223' title='bbox 532 2395 930 2454; x_wconf 69' lang='lat' dir='ltr'><strong>Aacuusuruu.</strong></span> <span class='ocrx_word' id='word_1_224' title='bbox 966 2423 1033 2432; x_wconf 88' lang='lat'><strong><em>—</em></strong></span> <span class='ocrx_word' id='word_1_225' title='bbox 1056 2393 1292 2447; x_wconf 82' lang='lat' dir='ltr'><strong>Leonem</strong></span> <span class='ocrx_word' id='word_1_226' title='bbox 1323 2393 1474 2465; x_wconf 69' lang='lat' dir='ltr'><strong>mine</strong></span> <span class='ocrx_word' id='word_1_227' title='bbox 1494 2389 1818 2465; x_wconf 70' lang='lat' dir='ltr'><strong>sanctitatis</strong></span> <span class='ocrx_word' id='word_1_228' title='bbox 1844 2387 2124 2465; x_wconf 78' lang='lat' dir='ltr'><strong>eremitam</strong></span> <span class='ocrx_word' id='word_1_229' title='bbox 2151 2403 2311 2465; x_wconf 82' lang='lat' dir='ltr'><strong>super</strong></span> <span class='ocrx_word' id='word_1_230' title='bbox 2333 2389 2565 2465; x_wconf 79' lang='lat' dir='ltr'><strong>quadam</strong></span> <span class='ocrx_word' id='word_1_231' title='bbox 2593 2390 2935 2465; x_wconf 64' lang='lat' dir='ltr'><strong>dubitatione</strong></span> <span class='ocrx_word' id='word_1_232' title='bbox 2948 2393 3076 2462; x_wconf 89' lang='lat' dir='ltr'><strong>quid</strong></span> <span class='ocrx_word' id='word_1_233' title='bbox 3108 2395 3448 2451; x_wconf 79' lang='lat' dir='ltr'><strong>sentiendum</strong></span> <span class='ocrx_word' id='word_1_234' title='bbox 3477 2399 3568 2465; x_wconf 87' lang='lat' dir='ltr'><strong>sit,</strong></span> <span class='ocrx_word' id='word_1_235' title='bbox 3598 2416 3798 2459; x_wconf 92' lang='lat' dir='ltr'><strong>eonsu-</strong></span> 
     </span>
    </p>
   </div>
   <div class='ocr_carea' id='block_1_36' title="bbox 602 2458 3798 2535">
    <p class='ocr_par' dir='ltr' id='par_1_36' title="bbox 602 2458 3798 2535">
     <span class='ocr_line' id='line_1_36' title="bbox 602 2458 3798 2535; baseline 0.002 -14"><span class='ocrx_word' id='word_1_236' title='bbox 602 2469 700 2531; x_wconf 86' lang='lat' dir='ltr'><strong>lit;</strong></span> <span class='ocrx_word' id='word_1_237' title='bbox 731 2483 798 2519; x_wconf 88' lang='lat' dir='ltr'><strong>an</strong></span> <span class='ocrx_word' id='word_1_238' title='bbox 829 2465 1055 2527; x_wconf 80' lang='lat' dir='ltr'><strong>scilicet,</strong></span> <span class='ocrx_word' id='word_1_239' title='bbox 1082 2461 1435 2535; x_wconf 74' lang='lat' dir='ltr'><strong>utnonnullis</strong></span> <span class='ocrx_word' id='word_1_240' title='bbox 1457 2461 1763 2535; x_wconf 70' lang='lat' dir='ltr'><strong>videbatur,</strong></span> <span class='ocrx_word' id='word_1_241' title='bbox 1787 2475 1908 2512; x_wconf 88' lang='lat' dir='ltr'><strong>cum</strong></span> <span class='ocrx_word' id='word_1_242' title='bbox 1943 2459 2066 2526; x_wconf 88' lang='lat' dir='ltr'><strong>quis</strong></span> <span class='ocrx_word' id='word_1_243' title='bbox 2110 2458 2162 2511; x_wconf 91' lang='lat' dir='ltr'><strong>in</strong></span> <span class='ocrx_word' id='word_1_244' title='bbox 2192 2459 2323 2535; x_wconf 81' lang='lat' dir='ltr'><strong>cella</strong></span> <span class='ocrx_word' id='word_1_245' title='bbox 2373 2461 2522 2512; x_wconf 84' lang='lat' dir='ltr'><strong>solus</strong></span> <span class='ocrx_word' id='word_1_246' title='bbox 2550 2459 2785 2515; x_wconf 72' lang='lat' dir='ltr'><strong>ofﬁciant</strong></span> <span class='ocrx_word' id='word_1_247' title='bbox 2813 2458 3092 2526; x_wconf 71' lang='lat' dir='ltr'><strong>recitaret,</strong></span> <span class='ocrx_word' id='word_1_248' title='bbox 3128 2465 3248 2519; x_wconf 87' lang='lat' dir='ltr'><strong>illas</strong></span> <span class='ocrx_word' id='word_1_249' title='bbox 3271 2458 3586 2535; x_wconf 73' lang='lat' dir='ltr'><strong>particulas,</strong></span> <span class='ocrx_word' id='word_1_250' title='bbox 3617 2458 3798 2528; x_wconf 82' lang='lat' dir='ltr'><strong>Domi-</strong></span> 
     </span>
    </p>
   </div>
   <div class='ocr_carea' id='block_1_37' title="bbox 528 2529 3794 2610">
    <p class='ocr_par' dir='ltr' id='par_1_37' title="bbox 528 2529 3794 2610">
     <span class='ocr_line' id='line_1_37' title="bbox 528 2529 3794 2610; baseline 0.002 -20"><span class='ocrx_word' id='word_1_251' title='bbox 528 2587 536 2593; x_wconf 79' lang='lat'><strong>.</strong></span> <span class='ocrx_word' id='word_1_252' title='bbox 605 2529 702 2610; x_wconf 68' lang='lat' dir='ltr'><strong>nus</strong></span> <span class='ocrx_word' id='word_1_253' title='bbox 728 2535 1010 2597; x_wconf 73' lang='lat' dir='ltr'><strong>vobiscum,</strong></span> <span class='ocrx_word' id='word_1_254' title='bbox 1039 2532 1253 2610; x_wconf 79' lang='lat' dir='ltr'><strong>etJube</strong></span> <span class='ocrx_word' id='word_1_255' title='bbox 1277 2573 1291 2594; x_wconf 84' lang='lat'><strong>,</strong></span> <span class='ocrx_word' id='word_1_256' title='bbox 1328 2535 1548 2610; x_wconf 51' lang='lat' dir='ltr'><strong>domne,</strong></span> <span class='ocrx_word' id='word_1_257' title='bbox 1581 2531 1903 2610; x_wconf 65' lang='lat' dir='ltr'><strong>benedicere.</strong></span> <span class='ocrx_word' id='word_1_258' title='bbox 1933 2539 2185 2610; x_wconf 70' lang='lat' dir='ltr'><strong>tauquam</strong></span> <span class='ocrx_word' id='word_1_259' title='bbox 2214 2529 2373 2581; x_wconf 79' lang='lat' dir='ltr'><strong>liuius</strong></span> <span class='ocrx_word' id='word_1_260' title='bbox 2404 2545 2782 2610; x_wconf 55' lang='lat' dir='ltr'><strong>personenon</strong></span> <span class='ocrx_word' id='word_1_261' title='bbox 2809 2535 3223 2610; x_wconf 59' lang='lat' dir='ltr'><strong>convenientes,</strong></span> <span class='ocrx_word' id='word_1_262' title='bbox 3253 2529 3504 2590; x_wconf 69' lang='lat' dir='ltr'><strong>(induere</strong></span> <span class='ocrx_word' id='word_1_263' title='bbox 3534 2529 3794 2610; x_wconf 84' lang='lat' dir='ltr'><strong>deberet;</strong></span> 
     </span>
    </p>
   </div>
   <div class='ocr_carea' id='block_1_38' title="bbox 604 2596 3800 2674">
    <p class='ocr_par' dir='ltr' id='par_1_38' title="bbox 604 2596 3800 2674">
     <span class='ocr_line' id='line_1_38' title="bbox 604 2596 3800 2674; baseline 0.003 -14"><span class='ocrx_word' id='word_1_264' title='bbox 604 2607 718 2674; x_wconf 89' lang='lat' dir='ltr'><strong>ipse</strong></span> <span class='ocrx_word' id='word_1_265' title='bbox 748 2615 936 2658; x_wconf 87' lang='lat' dir='ltr'><strong>contra</strong></span> <span class='ocrx_word' id='word_1_266' title='bbox 968 2596 1258 2674; x_wconf 80' lang='lat' dir='ltr'><strong>sen;irese</strong></span> <span class='ocrx_word' id='word_1_267' title='bbox 1300 2602 1374 2654; x_wconf 86' lang='lat' dir='ltr'><strong>ait</strong></span> <span class='ocrx_word' id='word_1_268' title='bbox 1403 2600 1582 2653; x_wconf 85' lang='lat' dir='ltr'><strong>multis</strong></span> <span class='ocrx_word' id='word_1_269' title='bbox 1615 2600 1931 2660; x_wconf 87' lang='lat' dir='ltr'><strong>rationibus,</strong></span> <span class='ocrx_word' id='word_1_270' title='bbox 1964 2599 2032 2650; x_wconf 91' lang='lat' dir='ltr'><strong>ad</strong></span> <span class='ocrx_word' id='word_1_271' title='bbox 2074 2596 2191 2665; x_wconf 89' lang='lat' dir='ltr'><strong>ejus</strong></span> <span class='ocrx_word' id='word_1_272' title='bbox 2225 2596 2415 2654; x_wconf 69' lang='lat' dir='ltr'><strong>tamch</strong></span> <span class='ocrx_word' id='word_1_273' title='bbox 2433 2600 2758 2654; x_wconf 88' lang='lat' dir='ltr'><strong>sententiam</strong></span> <span class='ocrx_word' id='word_1_274' title='bbox 2788 2603 3048 2674; x_wconf 75' lang='lat' dir='ltr'><strong>confugit.</strong></span> <span class='ocrx_word' id='word_1_275' title='bbox 3080 2605 3161 2658; x_wconf 65' lang='lat' dir='ltr'><strong>Aa</strong></span> <span class='ocrx_word' id='word_1_276' title='bbox 3191 2596 3492 2662; x_wconf 79' lang='lat' dir='ltr'><strong>extremum</strong></span> <span class='ocrx_word' id='word_1_277' title='bbox 3526 2610 3579 2666; x_wconf 90' lang='lat' dir='ltr'><strong>in</strong></span> <span class='ocrx_word' id='word_1_278' title='bbox 3607 2596 3800 2668; x_wconf 64' lang='lat' dir='ltr'><strong>solitul</strong></span> 
     </span>
    </p>
   </div>
   <div class='ocr_carea' id='block_1_39' title="bbox 644 2672 1302 2730">
    <p class='ocr_par' dir='ltr' id='par_1_39' title="bbox 644 2672 1302 2730">
     <span class='ocr_line' id='line_1_39' title="bbox 644 2672 1302 2730; baseline -0.008 0"><span class='ocrx_word' id='word_1_279' title='bbox 644 2679 748 2730; x_wconf 91' lang='lat' dir='ltr'><strong>ims</strong></span> <span class='ocrx_word' id='word_1_280' title='bbox 779 2677 964 2729; x_wconf 89' lang='lat' dir='ltr'><strong>laudes</strong></span> <span class='ocrx_word' id='word_1_281' title='bbox 989 2672 1302 2728; x_wconf 81' lang='lat' dir='ltr'><strong>ctfunditur.</strong></span> 
     </span>
    </p>
   </div>
   <div class='ocr_carea' id='block_1_40' title="bbox 605 2844 3797 2928">
    <p class='ocr_par' dir='ltr' id='par_1_40' title="bbox 605 2844 3797 2928">
     <span class='ocr_line' id='line_1_40' title="bbox 605 2844 3797 2928; baseline 0.003 -21"><span class='ocrx_word' id='word_1_282' title='bbox 605 2853 812 2908; x_wconf 80' lang='lat' dir='ltr'><strong>Domno</strong></span> <span class='ocrx_word' id='word_1_283' title='bbox 841 2852 1008 2906; x_wconf 72' lang='lat' dir='ltr'><strong>Leos:</strong></span> <span class='ocrx_word' id='word_1_284' title='bbox 1063 2864 1247 2904; x_wconf 88' lang='lat' dir='ltr'><strong>amore</strong></span> <span class='ocrx_word' id='word_1_285' title='bbox 1301 2863 1544 2916; x_wconf 77' lang='lat' dir='ltr'><strong>superine</strong></span> <span class='ocrx_word' id='word_1_286' title='bbox 1582 2845 1850 2898; x_wconf 86' lang='lat' dir='ltr'><strong>libertatis</strong></span> <span class='ocrx_word' id='word_1_287' title='bbox 1879 2844 2105 2909; x_wconf 85' lang='lat' dir='ltr'><strong>incluso,</strong></span> <span class='ocrx_word' id='word_1_288' title='bbox 2139 2845 2185 2905; x_wconf 81' lang='grc' dir='ltr'><strong>Β</strong></span> <span class='ocrx_word' id='word_1_289' title='bbox 2215 2859 2457 2913; x_wconf 85' lang='lat' dir='ltr'><strong>peccare,</strong></span> <span class='ocrx_word' id='word_1_290' title='bbox 2477 2854 2732 2917; x_wconf 85' lang='lat' dir='ltr'><strong>tanquam</strong></span> <span class='ocrx_word' id='word_1_291' title='bbox 2755 2851 3092 2922; x_wconf 48' lang='lat' dir='ltr'><strong>qui‘pensum</strong></span> <span class='ocrx_word' id='word_1_292' title='bbox 3111 2855 3277 2910; x_wconf 79' lang='lat' dir='ltr'><strong>divini</strong></span> <span class='ocrx_word' id='word_1_293' title='bbox 3304 2858 3797 2928; x_wconf 67' lang='lat' dir='ltr'><strong>scrvitiiminuaxt,</strong></span> 
     </span>
    </p>
   </div>
   <div class='ocr_carea' id='block_1_41' title="bbox 534 2933 2112 3012">
    <p class='ocr_par' dir='ltr' id='par_1_41' title="bbox 534 2933 2112 3012">
     <span class='ocr_line' id='line_1_41' title="bbox 534 2933 2112 3012; baseline -0.01 -10"><span class='ocrx_word' id='word_1_294' title='bbox 534 2947 751 3002; x_wconf 75' lang='lat' dir='ltr'><strong>Psrnus</strong></span> <span class='ocrx_word' id='word_1_295' title='bbox 801 2951 1056 3012; x_wconf 85' lang='lat' dir='ltr'><strong>peccator</strong></span> <span class='ocrx_word' id='word_1_296' title='bbox 1090 2940 1384 2994; x_wconf 78' lang='lat' dir='ltr'><strong>monachus</strong></span> <span class='ocrx_word' id='word_1_297' title='bbox 1409 2937 1669 3005; x_wconf 85' lang='lat' dir='ltr'><strong>quidquid</strong></span> <span class='ocrx_word' id='word_1_298' title='bbox 1700 2951 1914 2999; x_wconf 77' lang='lat' dir='ltr'><strong>servus,</strong></span> <span class='ocrx_word' id='word_1_299' title='bbox 1942 2945 1997 2988; x_wconf 89' lang='lat' dir='ltr'><strong>ct</strong></span> <span class='ocrx_word' id='word_1_300' title='bbox 2052 2933 2112 2986; x_wconf 84' lang='lat' dir='ltr'><strong>fi-</strong></span> 
     </span>
    </p>
   </div>
   <div class='ocr_carea' id='block_1_42' title="bbox 532 3034 658 3090">
    <p class='ocr_par' dir='ltr' id='par_1_42' title="bbox 532 3034 658 3090">
     <span class='ocr_line' id='line_1_42' title="bbox 532 3034 658 3090; baseline -0.024 0"><span class='ocrx_word' id='word_1_301' title='bbox 532 3034 658 3090; x_wconf 81' lang='lat' dir='ltr'><strong>lius.</strong></span> 
     </span>
    </p>
   </div>
   <div class='ocr_carea' id='block_1_43' title="bbox 604 3114 2115 3195">
    <p class='ocr_par' dir='ltr' id='par_1_43' title="bbox 604 3114 2115 3195">
     <span class='ocr_line' id='line_1_43' title="bbox 604 3114 2115 3195; baseline -0.009 -14"><span class='ocrx_word' id='word_1_302' title='bbox 604 3127 720 3181; x_wconf 81' lang='lat' dir='ltr'><strong>Non</strong></span> <span class='ocrx_word' id='word_1_303' title='bbox 752 3126 962 3195; x_wconf 77' lang='lat' dir='ltr'><strong>ignorat</strong></span> <span class='ocrx_word' id='word_1_304' title='bbox 992 3121 1300 3176; x_wconf 76' lang='lat' dir='ltr'><strong>sanctitatis</strong></span> <span class='ocrx_word' id='word_1_305' title='bbox 1323 3130 1513 3173; x_wconf 66' lang='lat' dir='ltr'><strong>vestrze</strong></span> <span class='ocrx_word' id='word_1_306' title='bbox 1545 3117 1853 3187; x_wconf 86' lang='lat' dir='ltr'><strong>prudentia,</strong></span> <span class='ocrx_word' id='word_1_307' title='bbox 1876 3114 2115 3170; x_wconf 87' lang='lat' dir='ltr'><strong>dilectis-</strong></span> 
     </span>
    </p>
   </div>
   <div class='ocr_carea' id='block_1_44' title="bbox 533 3211 2110 3284">
    <p class='ocr_par' dir='ltr' id='par_1_44' title="bbox 533 3211 2110 3284">
     <span class='ocr_line' id='line_1_44' title="bbox 533 3211 2110 3284; baseline -0.009 -11"><span class='ocrx_word' id='word_1_308' title='bbox 533 3219 669 3274; x_wconf 78' lang='lat' dir='ltr'><strong>sime</strong></span> <span class='ocrx_word' id='word_1_309' title='bbox 699 3219 876 3277; x_wconf 83' lang='lat' dir='ltr'><strong>Pater,</strong></span> <span class='ocrx_word' id='word_1_310' title='bbox 905 3215 1030 3284; x_wconf 88' lang='lat' dir='ltr'><strong>quia</strong></span> <span class='ocrx_word' id='word_1_311' title='bbox 1075 3226 1124 3266; x_wconf 89' lang='lat' dir='ltr'><strong>te</strong></span> <span class='ocrx_word' id='word_1_312' title='bbox 1163 3229 1264 3266; x_wconf 93' lang='lat' dir='ltr'><strong>non</strong></span> <span class='ocrx_word' id='word_1_313' title='bbox 1315 3213 1742 3280; x_wconf 86' lang='lat' dir='ltr'><strong>qualemcunque</strong></span> <span class='ocrx_word' id='word_1_314' title='bbox 1770 3211 2110 3278; x_wconf 88' lang='lat' dir='ltr'><strong>complicem,</strong></span> 
     </span>
    </p>
   </div>
   <div class='ocr_carea' id='block_1_45' title="bbox 533 3299 2115 3372">
    <p class='ocr_par' dir='ltr' id='par_1_45' title="bbox 533 3299 2115 3372">
     <span class='ocr_line' id='line_1_45' title="bbox 533 3299 2115 3372; baseline -0.008 -10"><span class='ocrx_word' id='word_1_315' title='bbox 533 3309 620 3362; x_wconf 85' lang='lat' dir='ltr'><strong>vel</strong></span> <span class='ocrx_word' id='word_1_316' title='bbox 651 3308 916 3367; x_wconf 88' lang='lat' dir='ltr'><strong>amicum;</strong></span> <span class='ocrx_word' id='word_1_317' title='bbox 952 3307 1045 3359; x_wconf 89' lang='lat' dir='ltr'><strong>sed</strong></span> <span class='ocrx_word' id='word_1_318' title='bbox 1095 3315 1146 3358; x_wconf 92' lang='lat' dir='ltr'><strong>te</strong></span> <span class='ocrx_word' id='word_1_319' title='bbox 1185 3317 1415 3372; x_wconf 79' lang='lat' dir='ltr'><strong>patrem,</strong></span> <span class='ocrx_word' id='word_1_320' title='bbox 1443 3315 1493 3355; x_wconf 87' lang='lat' dir='ltr'><strong>te</strong></span> <span class='ocrx_word' id='word_1_321' title='bbox 1515 3303 1816 3363; x_wconf 85' lang='lat' dir='ltr'><strong>doctorem,</strong></span> <span class='ocrx_word' id='word_1_322' title='bbox 1851 3314 1902 3354; x_wconf 90' lang='lat' dir='ltr'><strong>te</strong></span> <span class='ocrx_word' id='word_1_323' title='bbox 1948 3299 2115 3368; x_wconf 84' lang='lat' dir='ltr'><strong>magi-</strong></span> 
     </span>
    </p>
   </div>
   <div class='ocr_carea' id='block_1_46' title="bbox 535 3392 2115 3461">
    <p class='ocr_par' dir='ltr' id='par_1_46' title="bbox 535 3392 2115 3461">
     <span class='ocr_line' id='line_1_46' title="bbox 535 3392 2115 3461; baseline -0.005 -10"><span class='ocrx_word' id='word_1_324' title='bbox 535 3408 734 3460; x_wconf 84' lang='lat' dir='ltr'><strong>strum,</strong></span> <span class='ocrx_word' id='word_1_325' title='bbox 767 3405 822 3449; x_wconf 88' lang='lat' dir='ltr'><strong>et</strong></span> <span class='ocrx_word' id='word_1_326' title='bbox 850 3396 1125 3449; x_wconf 88' lang='lat' dir='ltr'><strong>domimnn</strong></span> <span class='ocrx_word' id='word_1_327' title='bbox 1157 3395 1386 3446; x_wconf 88' lang='lat' dir='ltr'><strong>electqu</strong></span> <span class='ocrx_word' id='word_1_328' title='bbox 1425 3393 1553 3446; x_wconf 88' lang='lat' dir='ltr'><strong>mihi</strong></span> <span class='ocrx_word' id='word_1_329' title='bbox 1599 3407 1710 3461; x_wconf 74' lang='lat' dir='ltr'><strong>pra:</strong></span> <span class='ocrx_word' id='word_1_330' title='bbox 1737 3392 1946 3444; x_wconf 85' lang='lat' dir='ltr'><strong>cunctis</strong></span> <span class='ocrx_word' id='word_1_331' title='bbox 1980 3406 2115 3460; x_wconf 87' lang='lat' dir='ltr'><strong>pene</strong></span> 
     </span>
    </p>
   </div>
   <div class='ocr_carea' id='block_1_47' title="bbox 536 3479 2111 3552">
    <p class='ocr_par' dir='ltr' id='par_1_47' title="bbox 536 3479 2111 3552">
     <span class='ocr_line' id='line_1_47' title="bbox 536 3479 2111 3552; baseline -0.008 -10"><span class='ocrx_word' id='word_1_332' title='bbox 536 3487 856 3542; x_wconf 83' lang='lat' dir='ltr'><strong>mortalibus</strong></span> <span class='ocrx_word' id='word_1_333' title='bbox 901 3486 1100 3546; x_wconf 85' lang='lat' dir='ltr'><strong>habeo;</strong></span> <span class='ocrx_word' id='word_1_334' title='bbox 1137 3498 1328 3552; x_wconf 89' lang='lat' dir='ltr'><strong>meque</strong></span> <span class='ocrx_word' id='word_1_335' title='bbox 1385 3491 1485 3534; x_wconf 75' lang='lat' dir='ltr'><strong>tuae</strong></span> <span class='ocrx_word' id='word_1_336' title='bbox 1529 3481 1791 3534; x_wconf 88' lang='lat' dir='ltr'><strong>orationis</strong></span> <span class='ocrx_word' id='word_1_337' title='bbox 1834 3479 2111 3541; x_wconf 89' lang='lat' dir='ltr'><strong>instantia,</strong></span> 
     </span>
    </p>
   </div>
   <div class='ocr_carea' id='block_1_48' title="bbox 536 3573 2118 3648">
    <p class='ocr_par' dir='ltr' id='par_1_48' title="bbox 536 3573 2118 3648">
     <span class='ocr_line' id='line_1_48' title="bbox 536 3573 2118 3648; baseline -0.005 -15"><span class='ocrx_word' id='word_1_338' title='bbox 536 3581 678 3648; x_wconf 86' lang='lat' dir='ltr'><strong>apud</strong></span> <span class='ocrx_word' id='word_1_339' title='bbox 703 3581 912 3633; x_wconf 81' lang='lat' dir='ltr'><strong>divinas</strong></span> <span class='ocrx_word' id='word_1_340' title='bbox 927 3592 1088 3631; x_wconf 89' lang='lat' dir='ltr'><strong>aures</strong></span> <span class='ocrx_word' id='word_1_341' title='bbox 1113 3576 1498 3629; x_wconf 57' lang='lat' dir='ltr'><strong>misericordia</strong></span> <span class='ocrx_word' id='word_1_342' title='bbox 1528 3575 1702 3628; x_wconf 90' lang='lat' dir='ltr'><strong>locum</strong></span> <span class='ocrx_word' id='word_1_343' title='bbox 1727 3573 1970 3626; x_wconf 84' lang='lat' dir='ltr'><strong>invenire</strong></span> <span class='ocrx_word' id='word_1_344' title='bbox 1989 3587 2118 3626; x_wconf 89' lang='lat' dir='ltr'><strong>con-</strong></span> 
     </span>
    </p>
   </div>
   <div class='ocr_carea' id='block_1_49' title="bbox 537 3665 2114 3737">
    <p class='ocr_par' dir='ltr' id='par_1_49' title="bbox 537 3665 2114 3737">
     <span class='ocr_line' id='line_1_49' title="bbox 537 3665 2114 3737; baseline -0.004 -15"><span class='ocrx_word' id='word_1_345' title='bbox 537 3671 646 3722; x_wconf 83' lang='lat' dir='ltr'><strong>fido</strong></span> <span class='ocrx_word' id='word_1_346' title='bbox 694 3671 758 3722; x_wconf 86' lang='lat' dir='ltr'><strong>Et</strong></span> <span class='ocrx_word' id='word_1_347' title='bbox 783 3669 910 3737; x_wconf 89' lang='lat' dir='ltr'><strong>quid</strong></span> <span class='ocrx_word' id='word_1_348' title='bbox 953 3667 1183 3735; x_wconf 87' lang='lat' dir='ltr'><strong>amplius</strong></span> <span class='ocrx_word' id='word_1_349' title='bbox 1221 3666 1432 3720; x_wconf 85' lang='lat' dir='ltr'><strong>dicam?</strong></span> <span class='ocrx_word' id='word_1_350' title='bbox 1457 3665 1901 3732; x_wconf 86' lang='lat' dir='ltr'><strong>Quandoquidem</strong></span> <span class='ocrx_word' id='word_1_351' title='bbox 1938 3678 2114 3717; x_wconf 88' lang='lat' dir='ltr'><strong>meum</strong></span> 
     </span>
    </p>
   </div>
   <div class='ocr_carea' id='block_1_50' title="bbox 541 3753 2117 3826">
    <p class='ocr_par' dir='ltr' id='par_1_50' title="bbox 541 3753 2117 3826">
     <span class='ocr_line' id='line_1_50' title="bbox 541 3753 2117 3826; baseline -0.005 -12"><span class='ocrx_word' id='word_1_352' title='bbox 541 3769 595 3814; x_wconf 85' lang='lat' dir='ltr'><strong>te</strong></span> <span class='ocrx_word' id='word_1_353' title='bbox 638 3775 757 3826; x_wconf 66' lang='lat' dir='ltr'><strong>:Illgt</strong></span> <span class='ocrx_word' id='word_1_354' title='bbox 777 3758 885 3809; x_wconf 90' lang='lat' dir='ltr'><strong>lum</strong></span> <span class='ocrx_word' id='word_1_355' title='bbox 922 3772 1041 3810; x_wconf 89' lang='lat' dir='ltr'><strong>esse</strong></span> <span class='ocrx_word' id='word_1_356' title='bbox 1085 3755 1365 3819; x_wconf 85' lang='lat' dir='ltr'><strong>constitui,</strong></span> <span class='ocrx_word' id='word_1_357' title='bbox 1397 3763 1453 3806; x_wconf 88' lang='lat' dir='ltr'><strong>ut</strong></span> <span class='ocrx_word' id='word_1_358' title='bbox 1484 3755 1537 3806; x_wconf 92' lang='lat' dir='ltr'><strong>in</strong></span> <span class='ocrx_word' id='word_1_359' title='bbox 1568 3753 1741 3808; x_wconf 89' lang='lat' dir='ltr'><strong>dubiis</strong></span> <span class='ocrx_word' id='word_1_360' title='bbox 1770 3753 1927 3806; x_wconf 85' lang='lat' dir='ltr'><strong>rebus</strong></span> <span class='ocrx_word' id='word_1_361' title='bbox 1949 3753 2117 3821; x_wconf 90' lang='lat' dir='ltr'><strong>quod-</strong></span> 
     </span>
    </p>
   </div>
   <div class='ocr_carea' id='block_1_51' title="bbox 538 3843 2118 3916">
    <p class='ocr_par' dir='ltr' id='par_1_51' title="bbox 538 3843 2118 3916">
     <span class='ocr_line' id='line_1_51' title="bbox 538 3843 2118 3916; baseline -0.006 -12"><span class='ocrx_word' id='word_1_362' title='bbox 538 3863 755 3916; x_wconf 83' lang='lat' dir='ltr'><strong>cunque</strong></span> <span class='ocrx_word' id='word_1_363' title='bbox 793 3847 1062 3901; x_wconf 75' lang='lat' dir='ltr'><strong>lncsitanti</strong></span> <span class='ocrx_word' id='word_1_364' title='bbox 1109 3861 1174 3898; x_wconf 87' lang='lat' dir='ltr'><strong>ac</strong></span> <span class='ocrx_word' id='word_1_365' title='bbox 1220 3845 1516 3898; x_wconf 85' lang='lat' dir='ltr'><strong>sciscitanti</strong></span> <span class='ocrx_word' id='word_1_366' title='bbox 1563 3843 1693 3896; x_wconf 91' lang='lat' dir='ltr'><strong>mihi</strong></span> <span class='ocrx_word' id='word_1_367' title='bbox 1731 3843 2014 3896; x_wconf 89' lang='lat' dir='ltr'><strong>consilium</strong></span> <span class='ocrx_word' id='word_1_368' title='bbox 2050 3859 2118 3896; x_wconf 77' lang='lat' dir='ltr'><strong>ex</strong></span> 
     </span>
    </p>
   </div>
   <div class='ocr_carea' id='block_1_52' title="bbox 540 3933 2118 4006">
    <p class='ocr_par' dir='ltr' id='par_1_52' title="bbox 540 3933 2118 4006">
     <span class='ocr_line' id='line_1_52' title="bbox 540 3933 2118 4006; baseline -0.006 -12"><span class='ocrx_word' id='word_1_369' title='bbox 540 3948 632 3994; x_wconf 85' lang='lat' dir='ltr'><strong>tuo</strong></span> <span class='ocrx_word' id='word_1_370' title='bbox 658 3954 753 3992; x_wconf 88' lang='lat' dir='ltr'><strong>ore</strong></span> <span class='ocrx_word' id='word_1_371' title='bbox 801 3937 1138 4006; x_wconf 81' lang='lat' dir='ltr'><strong>procederet,</strong></span> <span class='ocrx_word' id='word_1_372' title='bbox 1185 3937 1257 3988; x_wconf 92' lang='lat' dir='ltr'><strong>ita</strong></span> <span class='ocrx_word' id='word_1_373' title='bbox 1307 3935 1552 4004; x_wconf 89' lang='lat' dir='ltr'><strong>protinus</strong></span> <span class='ocrx_word' id='word_1_374' title='bbox 1589 3934 1954 3987; x_wconf 88' lang='lat' dir='ltr'><strong>indubitanter</strong></span> <span class='ocrx_word' id='word_1_375' title='bbox 1983 3933 2118 3985; x_wconf 78' lang='lat' dir='ltr'><strong>acci-</strong></span> 
     </span>
    </p>
   </div>
   <div class='ocr_carea' id='block_1_53' title="bbox 541 4023 2114 4102">
    <p class='ocr_par' dir='ltr' id='par_1_53' title="bbox 541 4023 2114 4102">
     <span class='ocr_line' id='line_1_53' title="bbox 541 4023 2114 4102; baseline -0.006 -18"><span class='ocrx_word' id='word_1_376' title='bbox 541 4045 724 4102; x_wconf 89' lang='lat' dir='ltr'><strong>perem</strong></span> <span class='ocrx_word' id='word_1_377' title='bbox 757 4045 819 4082; x_wconf 89' lang='lat' dir='ltr'><strong>ac</strong></span> <span class='ocrx_word' id='word_1_378' title='bbox 854 4027 898 4081; x_wconf 90' lang='lat' dir='ltr'><strong>si</strong></span> <span class='ocrx_word' id='word_1_379' title='bbox 938 4043 1036 4081; x_wconf 80' lang='lat' dir='ltr'><strong>vox</strong></span> <span class='ocrx_word' id='word_1_380' title='bbox 1072 4026 1199 4080; x_wconf 91' lang='lat' dir='ltr'><strong>mihi</strong></span> <span class='ocrx_word' id='word_1_381' title='bbox 1236 4026 1474 4079; x_wconf 75' lang='lat' dir='ltr'><strong>cmlestis</strong></span> <span class='ocrx_word' id='word_1_382' title='bbox 1516 4024 1720 4078; x_wconf 86' lang='lat' dir='ltr'><strong>oraculi</strong></span> <span class='ocrx_word' id='word_1_383' title='bbox 1748 4025 2009 4092; x_wconf 79' lang='lat' dir='ltr'><strong>angelitus</strong></span> <span class='ocrx_word' id='word_1_384' title='bbox 2032 4023 2114 4075; x_wconf 90' lang='lat' dir='ltr'><strong>iu-</strong></span> 
     </span>
    </p>
   </div>
   <div class='ocr_carea' id='block_1_54' title="bbox 543 4110 2114 4184">
    <p class='ocr_par' dir='ltr' id='par_1_54' title="bbox 543 4110 2114 4184">
     <span class='ocr_line' id='line_1_54' title="bbox 543 4110 2114 4184; baseline -0.005 -12"><span class='ocrx_word' id='word_1_385' title='bbox 543 4128 796 4172; x_wconf 72' lang='lat' dir='ltr'><strong>tonaret:</strong></span> <span class='ocrx_word' id='word_1_386' title='bbox 839 4127 1000 4184; x_wconf 87' lang='lat' dir='ltr'><strong>atque</strong></span> <span class='ocrx_word' id='word_1_387' title='bbox 1051 4116 1170 4169; x_wconf 85' lang='lat' dir='ltr'><strong>ideo</strong></span> <span class='ocrx_word' id='word_1_388' title='bbox 1206 4115 1249 4168; x_wconf 87' lang='lat' dir='ltr'><strong>si</strong></span> <span class='ocrx_word' id='word_1_389' title='bbox 1287 4114 1501 4183; x_wconf 88' lang='lat' dir='ltr'><strong>quando</strong></span> <span class='ocrx_word' id='word_1_390' title='bbox 1544 4113 1873 4181; x_wconf 88' lang='lat' dir='ltr'><strong>scrupulos:e</strong></span> <span class='ocrx_word' id='word_1_391' title='bbox 1899 4110 2114 4180; x_wconf 80' lang='lat' dir='ltr'><strong>cujusli-</strong></span> 
     </span>
    </p>
   </div>
   <div class='ocr_carea' id='block_1_55' title="bbox 543 4191 2190 4275">
    <p class='ocr_par' dir='ltr' id='par_1_55' title="bbox 543 4191 2190 4275">
     <span class='ocr_line' id='line_1_55' title="bbox 543 4191 2190 4275; baseline -0.007 -11"><span class='ocrx_word' id='word_1_392' title='bbox 543 4211 633 4264; x_wconf 88' lang='lat' dir='ltr'><strong>bet</strong></span> <span class='ocrx_word' id='word_1_393' title='bbox 668 4211 740 4262; x_wconf 85' lang='lat' dir='ltr'><strong>rei</strong></span> <span class='ocrx_word' id='word_1_394' title='bbox 767 4209 895 4260; x_wconf 85' lang='lat' dir='ltr'><strong>n.ihi</strong></span> <span class='ocrx_word' id='word_1_395' title='bbox 924 4207 1167 4275; x_wconf 88' lang='lat' dir='ltr'><strong>subrepit</strong></span> <span class='ocrx_word' id='word_1_396' title='bbox 1194 4207 1481 4270; x_wconf 86' lang='lat' dir='ltr'><strong>articulus,</strong></span> <span class='ocrx_word' id='word_1_397' title='bbox 1507 4215 1796 4273; x_wconf 87' lang='lat' dir='ltr'><strong>antequam</strong></span> <span class='ocrx_word' id='word_1_398' title='bbox 1827 4215 1877 4258; x_wconf 88' lang='lat' dir='ltr'><strong>te</strong></span> <span class='ocrx_word' id='word_1_399' title='bbox 1904 4201 2118 4258; x_wconf 85' lang='lat' dir='ltr'><strong>consul-</strong></span> <span class='ocrx_word' id='word_1_400' title='bbox 2145 4191 2190 4253; x_wconf 89' lang='lat' dir='ltr'><strong><em>C</em></strong></span> 
     </span>
    </p>
   </div>
   <div class='ocr_carea' id='block_1_56' title="bbox 545 4295 2118 4366">
    <p class='ocr_par' dir='ltr' id='par_1_56' title="bbox 545 4295 2118 4366">
     <span class='ocr_line' id='line_1_56' title="bbox 545 4295 2118 4366; baseline -0.003 -12"><span class='ocrx_word' id='word_1_401' title='bbox 545 4312 697 4354; x_wconf 85' lang='lat' dir='ltr'><strong>lltlttS</strong></span> <span class='ocrx_word' id='word_1_402' title='bbox 721 4300 996 4360; x_wconf 78' lang='lat' dir='ltr'><strong>accedam,</strong></span> <span class='ocrx_word' id='word_1_403' title='bbox 1025 4299 1126 4352; x_wconf 89' lang='lat' dir='ltr'><strong>hoc</strong></span> <span class='ocrx_word' id='word_1_404' title='bbox 1183 4298 1322 4366; x_wconf 86' lang='lat' dir='ltr'><strong>apud</strong></span> <span class='ocrx_word' id='word_1_405' title='bbox 1373 4314 1458 4350; x_wconf 92' lang='lat' dir='ltr'><strong>me</strong></span> <span class='ocrx_word' id='word_1_406' title='bbox 1487 4297 1722 4351; x_wconf 71' lang='lat' dir='ltr'><strong>divinam</strong></span> <span class='ocrx_word' id='word_1_407' title='bbox 1755 4295 1984 4364; x_wconf 87' lang='lat' dir='ltr'><strong>imploro</strong></span> <span class='ocrx_word' id='word_1_408' title='bbox 2012 4295 2118 4349; x_wconf 88' lang='lat' dir='ltr'><strong>cle-</strong></span> 
     </span>
    </p>
   </div>
   <div class='ocr_carea' id='block_1_57' title="bbox 544 4386 2117 4456">
    <p class='ocr_par' dir='ltr' id='par_1_57' title="bbox 544 4386 2117 4456">
     <span class='ocr_line' id='line_1_57' title="bbox 544 4386 2117 4456; baseline -0.003 -12"><span class='ocrx_word' id='word_1_409' title='bbox 544 4391 796 4444; x_wconf 83' lang='lat' dir='ltr'><strong>mentiam</strong></span> <span class='ocrx_word' id='word_1_410' title='bbox 814 4406 828 4452; x_wconf 87' lang='lat'><strong>;</strong></span> <span class='ocrx_word' id='word_1_411' title='bbox 849 4398 904 4441; x_wconf 94' lang='lat' dir='ltr'><strong>ut</strong></span> <span class='ocrx_word' id='word_1_412' title='bbox 929 4399 980 4442; x_wconf 90' lang='lat' dir='ltr'><strong>te</strong></span> <span class='ocrx_word' id='word_1_413' title='bbox 1001 4388 1153 4456; x_wconf 89' lang='lat' dir='ltr'><strong>quasi</strong></span> <span class='ocrx_word' id='word_1_414' title='bbox 1179 4403 1288 4441; x_wconf 78' lang='lat' dir='ltr'><strong>sua:</strong></span> <span class='ocrx_word' id='word_1_415' title='bbox 1304 4387 1590 4441; x_wconf 72' lang='lat' dir='ltr'><strong>voluntatis</strong></span> <span class='ocrx_word' id='word_1_416' title='bbox 1613 4402 1872 4456; x_wconf 79' lang='lat' dir='ltr'><strong>organum</strong></span> <span class='ocrx_word' id='word_1_417' title='bbox 1895 4386 2117 4449; x_wconf 81' lang='lat' dir='ltr'><strong>faciens,</strong></span> 
     </span>
    </p>
   </div>
   <div class='ocr_carea' id='block_1_58' title="bbox 543 4473 2121 4546">
    <p class='ocr_par' dir='ltr' id='par_1_58' title="bbox 543 4473 2121 4546">
     <span class='ocr_line' id='line_1_58' title="bbox 543 4473 2121 4546; baseline -0.004 -12"><span class='ocrx_word' id='word_1_418' title='bbox 543 4490 635 4535; x_wconf 90' lang='lat' dir='ltr'><strong>tuo</strong></span> <span class='ocrx_word' id='word_1_419' title='bbox 669 4479 797 4532; x_wconf 91' lang='lat' dir='ltr'><strong>mihi</strong></span> <span class='ocrx_word' id='word_1_420' title='bbox 847 4492 942 4532; x_wconf 88' lang='lat' dir='ltr'><strong>ore</strong></span> <span class='ocrx_word' id='word_1_421' title='bbox 988 4478 1264 4546; x_wconf 71' lang='lat' dir='ltr'><strong>praecipiat</strong></span> <span class='ocrx_word' id='word_1_422' title='bbox 1303 4477 1431 4546; x_wconf 88' lang='lat' dir='ltr'><strong>quid</strong></span> <span class='ocrx_word' id='word_1_423' title='bbox 1474 4493 1561 4531; x_wconf 92' lang='lat' dir='ltr'><strong>me</strong></span> <span class='ocrx_word' id='word_1_424' title='bbox 1596 4476 1775 4530; x_wconf 87' lang='lat' dir='ltr'><strong>facere</strong></span> <span class='ocrx_word' id='word_1_425' title='bbox 1804 4477 1858 4530; x_wconf 93' lang='lat' dir='ltr'><strong>in</strong></span> <span class='ocrx_word' id='word_1_426' title='bbox 1911 4473 2121 4542; x_wconf 86' lang='lat' dir='ltr'><strong>objecta</strong></span> 
     </span>
    </p>
   </div>
   <div class='ocr_carea' id='block_1_59' title="bbox 543 4569 2121 4638">
    <p class='ocr_par' dir='ltr' id='par_1_59' title="bbox 543 4569 2121 4638">
     <span class='ocr_line' id='line_1_59' title="bbox 543 4569 2121 4638; baseline -0.003 -13"><span class='ocrx_word' id='word_1_427' title='bbox 543 4570 892 4638; x_wconf 81' lang='lat' dir='ltr'><strong>ambiguitate</strong></span> <span class='ocrx_word' id='word_1_428' title='bbox 914 4569 1166 4622; x_wconf 89' lang='lat' dir='ltr'><strong>decernat</strong></span> <span class='ocrx_word' id='word_1_429' title='bbox 1189 4585 1200 4620; x_wconf 93' lang='lat'>:</span> <span class='ocrx_word' id='word_1_430' title='bbox 1235 4583 1393 4637; x_wconf 88' lang='lat' dir='ltr'><strong>quam</strong></span> <span class='ocrx_word' id='word_1_431' title='bbox 1409 4577 1462 4622; x_wconf 89' lang='lat' dir='ltr'><strong>et</strong></span> <span class='ocrx_word' id='word_1_432' title='bbox 1487 4584 1627 4622; x_wconf 86' lang='lat' dir='ltr'><strong>mmc</strong></span> <span class='ocrx_word' id='word_1_433' title='bbox 1650 4582 1864 4637; x_wconf 89' lang='lat' dir='ltr'><strong>quoque</strong></span> <span class='ocrx_word' id='word_1_434' title='bbox 1891 4582 2121 4623; x_wconf 88' lang='lat' dir='ltr'><strong>consue-</strong></span> 
     </span>
    </p>
   </div>
   <div class='ocr_carea' id='block_1_60' title="bbox 543 4659 2122 4728">
    <p class='ocr_par' dir='ltr' id='par_1_60' title="bbox 543 4659 2122 4728">
     <span class='ocr_line' id='line_1_60' title="bbox 543 4659 2122 4728; baseline -0.002 -13"><span class='ocrx_word' id='word_1_435' title='bbox 543 4660 786 4715; x_wconf 87' lang='lat' dir='ltr'><strong>tudinem</strong></span> <span class='ocrx_word' id='word_1_436' title='bbox 817 4668 1028 4723; x_wconf 87' lang='lat' dir='ltr'><strong>tenens,</strong></span> <span class='ocrx_word' id='word_1_437' title='bbox 1071 4659 1173 4712; x_wconf 90' lang='lat' dir='ltr'><strong>hoc</strong></span> <span class='ocrx_word' id='word_1_438' title='bbox 1194 4676 1222 4711; x_wconf 92' lang='lat' dir='ltr'><strong>a</strong></span> <span class='ocrx_word' id='word_1_439' title='bbox 1257 4668 1307 4713; x_wconf 91' lang='lat' dir='ltr'><strong>te</strong></span> <span class='ocrx_word' id='word_1_440' title='bbox 1337 4659 1611 4712; x_wconf 90' lang='lat' dir='ltr'><strong>docendus</strong></span> <span class='ocrx_word' id='word_1_441' title='bbox 1657 4659 1888 4728; x_wconf 86' lang='lat' dir='ltr'><strong>inquiro,</strong></span> <span class='ocrx_word' id='word_1_442' title='bbox 1925 4661 2066 4728; x_wconf 86' lang='lat' dir='ltr'><strong>quod</strong></span> <span class='ocrx_word' id='word_1_443' title='bbox 2092 4675 2122 4712; x_wconf 91' lang='lat' dir='ltr'><strong>a</strong></span> 
     </span>
    </p>
   </div>
   <div class='ocr_carea' id='block_1_61' title="bbox 544 4748 2122 4820">
    <p class='ocr_par' dir='ltr' id='par_1_61' title="bbox 544 4748 2122 4820">
     <span class='ocr_line' id='line_1_61' title="bbox 544 4748 2122 4820; baseline -0.003 -14"><span class='ocrx_word' id='word_1_444' title='bbox 544 4751 729 4806; x_wconf 89' lang='lat' dir='ltr'><strong>multis</strong></span> <span class='ocrx_word' id='word_1_445' title='bbox 754 4765 894 4819; x_wconf 65' lang='lat' dir='ltr'><strong>saepe</strong></span> <span class='ocrx_word' id='word_1_446' title='bbox 919 4749 1072 4818; x_wconf 89' lang='lat' dir='ltr'><strong>quasi</strong></span> <span class='ocrx_word' id='word_1_447' title='bbox 1101 4763 1459 4820; x_wconf 89' lang='lat' dir='ltr'><strong>responsurus</strong></span> <span class='ocrx_word' id='word_1_448' title='bbox 1485 4748 1880 4817; x_wconf 89' lang='lat' dir='ltr'><strong>inquirentibus</strong></span> <span class='ocrx_word' id='word_1_449' title='bbox 1914 4750 2122 4815; x_wconf 79' lang='lat' dir='ltr'><strong>exigor.</strong></span> 
     </span>
    </p>
   </div>
   <div class='ocr_carea' id='block_1_62' title="bbox 544 4840 2127 4898">
    <p class='ocr_par' dir='ltr' id='par_1_62' title="bbox 544 4840 2127 4898">
     <span class='ocr_line' id='line_1_62' title="bbox 544 4840 2127 4898; baseline -0.003 0"><span class='ocrx_word' id='word_1_450' title='bbox 544 4842 794 4898; x_wconf 69' lang='lat' dir='ltr'><strong>Nonnulli</strong></span> <span class='ocrx_word' id='word_1_451' title='bbox 825 4843 970 4897; x_wconf 90' lang='lat' dir='ltr'><strong>enim</strong></span> <span class='ocrx_word' id='word_1_452' title='bbox 1007 4841 1205 4896; x_wconf 78' lang='lat' dir='ltr'><strong>fratres</strong></span> <span class='ocrx_word' id='word_1_453' title='bbox 1232 4841 1523 4896; x_wconf 75' lang='lat' dir='ltr'><strong>eremiticze</strong></span> <span class='ocrx_word' id='word_1_454' title='bbox 1551 4851 1848 4896; x_wconf 85' lang='lat' dir='ltr'><strong>sectatores</strong></span> <span class='ocrx_word' id='word_1_455' title='bbox 1875 4843 1996 4895; x_wconf 85' lang='lat' dir='ltr'><strong>vit:e</strong></span> <span class='ocrx_word' id='word_1_456' title='bbox 2019 4840 2127 4895; x_wconf 88' lang='lat' dir='ltr'><strong>fre-</strong></span> 
     </span>
    </p>
   </div>
   <div class='ocr_carea' id='block_1_63' title="bbox 543 4933 2126 5005">
    <p class='ocr_par' dir='ltr' id='par_1_63' title="bbox 543 4933 2126 5005">
     <span class='ocr_line' id='line_1_63' title="bbox 543 4933 2126 5005; baseline 0 -20"><span class='ocrx_word' id='word_1_457' title='bbox 543 4943 775 5005; x_wconf 86' lang='lat' dir='ltr'><strong>quenter</strong></span> <span class='ocrx_word' id='word_1_458' title='bbox 811 4935 1160 5003; x_wconf 85' lang='lat' dir='ltr'><strong>interrogant,</strong></span> <span class='ocrx_word' id='word_1_459' title='bbox 1192 4949 1312 4988; x_wconf 91' lang='lat' dir='ltr'><strong>cum</strong></span> <span class='ocrx_word' id='word_1_460' title='bbox 1348 4933 1649 5003; x_wconf 80' lang='lat' dir='ltr'><strong>singulares</strong></span> <span class='ocrx_word' id='word_1_461' title='bbox 1672 4935 1722 4987; x_wconf 92' lang='lat' dir='ltr'><strong>in</strong></span> <span class='ocrx_word' id='word_1_462' title='bbox 1751 4933 1954 4988; x_wconf 91' lang='lat' dir='ltr'><strong>cellulis</strong></span> <span class='ocrx_word' id='word_1_463' title='bbox 1976 4949 2126 4987; x_wconf 90' lang='lat' dir='ltr'><strong>com-</strong></span> 
     </span>
    </p>
   </div>
   <div class='ocr_carea' id='block_1_64' title="bbox 547 5025 2131 5091">
    <p class='ocr_par' dir='ltr' id='par_1_64' title="bbox 547 5025 2131 5091">
     <span class='ocr_line' id='line_1_64' title="bbox 547 5025 2131 5091; baseline -0.001 -11"><span class='ocrx_word' id='word_1_464' title='bbox 547 5035 850 5090; x_wconf 80' lang='lat' dir='ltr'><strong>morantur,</strong></span> <span class='ocrx_word' id='word_1_465' title='bbox 900 5035 1080 5080; x_wconf 89' lang='lat' dir='ltr'><strong>utrum</strong></span> <span class='ocrx_word' id='word_1_466' title='bbox 1129 5025 1232 5080; x_wconf 89' lang='lat' dir='ltr'><strong>illis</strong></span> <span class='ocrx_word' id='word_1_467' title='bbox 1266 5025 1426 5080; x_wconf 89' lang='lat' dir='ltr'><strong>liceat</strong></span> <span class='ocrx_word' id='word_1_468' title='bbox 1470 5025 1668 5091; x_wconf 89' lang='lat' dir='ltr'><strong>dicere,</strong></span> <span class='ocrx_word' id='word_1_469' title='bbox 1711 5026 1965 5079; x_wconf 74' lang='lat' dir='ltr'><strong>Dominus</strong></span> <span class='ocrx_word' id='word_1_470' title='bbox 1993 5025 2131 5079; x_wconf 77' lang='lat' dir='ltr'><strong>vobi-</strong></span> 
     </span>
    </p>
   </div>
   <div class='ocr_carea' id='block_1_65' title="bbox 544 5115 2130 5186">
    <p class='ocr_par' dir='ltr' id='par_1_65' title="bbox 544 5115 2130 5186">
     <span class='ocr_line' id='line_1_65' title="bbox 544 5115 2130 5186; baseline 0 -16"><span class='ocrx_word' id='word_1_471' title='bbox 544 5131 725 5180; x_wconf 67' lang='lat' dir='ltr'><strong>scum;</strong></span> <span class='ocrx_word' id='word_1_472' title='bbox 761 5115 918 5180; x_wconf 86' lang='lat' dir='ltr'><strong>Jube,</strong></span> <span class='ocrx_word' id='word_1_473' title='bbox 963 5117 1168 5182; x_wconf 82' lang='lat' dir='ltr'><strong>deume,</strong></span> <span class='ocrx_word' id='word_1_474' title='bbox 1209 5115 1504 5170; x_wconf 78' lang='lat' dir='ltr'><strong>benedicere</strong></span> <span class='ocrx_word' id='word_1_475' title='bbox 1525 5132 1544 5169; x_wconf 89' lang='lat'><strong><em>:</em></strong></span> <span class='ocrx_word' id='word_1_476' title='bbox 1575 5127 1735 5185; x_wconf 88' lang='lat' dir='ltr'><strong>atque</strong></span> <span class='ocrx_word' id='word_1_477' title='bbox 1771 5117 1893 5186; x_wconf 88' lang='lat' dir='ltr'><strong>ipsi,</strong></span> <span class='ocrx_word' id='word_1_478' title='bbox 1921 5125 1976 5169; x_wconf 87' lang='lat' dir='ltr'><strong>ut</strong></span> <span class='ocrx_word' id='word_1_479' title='bbox 2003 5126 2130 5170; x_wconf 89' lang='lat' dir='ltr'><strong>sunt</strong></span> 
     </span>
    </p>
   </div>
   <div class='ocr_carea' id='block_1_66' title="bbox 549 5208 2134 5278">
    <p class='ocr_par' dir='ltr' id='par_1_66' title="bbox 549 5208 2134 5278">
     <span class='ocr_line' id='line_1_66' title="bbox 549 5208 2134 5278; baseline -0.003 -13"><span class='ocrx_word' id='word_1_480' title='bbox 549 5209 670 5272; x_wconf 76' lang='lat' dir='ltr'><strong>soli,</strong></span> <span class='ocrx_word' id='word_1_481' title='bbox 713 5209 866 5278; x_wconf 82' lang='lat' dir='ltr'><strong>juxta</strong></span> <span class='ocrx_word' id='word_1_482' title='bbox 909 5224 1114 5263; x_wconf 88' lang='lat' dir='ltr'><strong>morem</strong></span> <span class='ocrx_word' id='word_1_483' title='bbox 1167 5208 1597 5264; x_wconf 89' lang='lat' dir='ltr'><strong>ecclesiasticum</strong></span> <span class='ocrx_word' id='word_1_484' title='bbox 1649 5209 1864 5262; x_wconf 85' lang='lat' dir='ltr'><strong>sibimet</strong></span> <span class='ocrx_word' id='word_1_485' title='bbox 1900 5208 2134 5261; x_wconf 85' lang='lat' dir='ltr'><strong>debeant</strong></span> 
     </span>
    </p>
   </div>
   <div class='ocr_carea' id='block_1_67' title="bbox 551 5298 2133 5374">
    <p class='ocr_par' dir='ltr' id='par_1_67' title="bbox 551 5298 2133 5374">
     <span class='ocr_line' id='line_1_67' title="bbox 551 5298 2133 5374; baseline -0.003 -18"><span class='ocrx_word' id='word_1_486' title='bbox 551 5302 899 5374; x_wconf 86' lang='lat' dir='ltr'><strong>respondere.</strong></span> <span class='ocrx_word' id='word_1_487' title='bbox 933 5300 1162 5365; x_wconf 84' lang='lat' dir='ltr'><strong>Quidam</strong></span> <span class='ocrx_word' id='word_1_488' title='bbox 1200 5301 1344 5356; x_wconf 91' lang='lat' dir='ltr'><strong>enim</strong></span> <span class='ocrx_word' id='word_1_489' title='bbox 1369 5301 1510 5356; x_wconf 90' lang='lat' dir='ltr'><strong>inter</strong></span> <span class='ocrx_word' id='word_1_490' title='bbox 1532 5315 1590 5354; x_wconf 89' lang='lat' dir='ltr'><strong>se</strong></span> <span class='ocrx_word' id='word_1_491' title='bbox 1621 5299 1773 5370; x_wconf 87' lang='lat' dir='ltr'><strong>quasi</strong></span> <span class='ocrx_word' id='word_1_492' title='bbox 1804 5298 2133 5353; x_wconf 87' lang='lat' dir='ltr'><strong>ratiocinan-</strong></span> 
     </span>
    </p>
   </div>
   <div class='ocr_carea' id='block_1_68' title="bbox 553 5388 2134 5461">
    <p class='ocr_par' dir='ltr' id='par_1_68' title="bbox 553 5388 2134 5461">
     <span class='ocr_line' id='line_1_68' title="bbox 553 5388 2134 5461; baseline 0 -17"><span class='ocrx_word' id='word_1_493' title='bbox 553 5401 656 5452; x_wconf 84' lang='lat' dir='ltr'><strong>tes,</strong></span> <span class='ocrx_word' id='word_1_494' title='bbox 681 5391 868 5445; x_wconf 88' lang='lat' dir='ltr'><strong>dicunt</strong></span> <span class='ocrx_word' id='word_1_495' title='bbox 904 5405 918 5443; x_wconf 89' lang='lat'><strong>:</strong></span> <span class='ocrx_word' id='word_1_496' title='bbox 951 5389 1329 5461; x_wconf 82' lang='lat' dir='ltr'><strong>Nunquidnam</strong></span> <span class='ocrx_word' id='word_1_497' title='bbox 1386 5407 1416 5445; x_wconf 90' lang='lat' dir='ltr'><strong>a</strong></span> <span class='ocrx_word' id='word_1_498' title='bbox 1461 5391 1748 5460; x_wconf 91' lang='lat' dir='ltr'><strong>lapidibus,</strong></span> <span class='ocrx_word' id='word_1_499' title='bbox 1788 5399 1880 5443; x_wconf 92' lang='lat' dir='ltr'><strong>aut</strong></span> <span class='ocrx_word' id='word_1_500' title='bbox 1938 5388 2134 5444; x_wconf 90' lang='lat' dir='ltr'><strong>tabulis</strong></span> 
     </span>
    </p>
   </div>
   <div class='ocr_carea' id='block_1_69' title="bbox 550 5479 2131 5551">
    <p class='ocr_par' dir='ltr' id='par_1_69' title="bbox 550 5479 2131 5551">
     <span class='ocr_line' id='line_1_69' title="bbox 550 5479 2131 5551; baseline -0.003 -15"><span class='ocrx_word' id='word_1_501' title='bbox 550 5481 755 5536; x_wconf 76' lang='lat' dir='ltr'><strong>cellula:</strong></span> <span class='ocrx_word' id='word_1_502' title='bbox 787 5479 1014 5551; x_wconf 88' lang='lat' dir='ltr'><strong>petenda</strong></span> <span class='ocrx_word' id='word_1_503' title='bbox 1062 5489 1146 5536; x_wconf 91' lang='lat' dir='ltr'><strong>est</strong></span> <span class='ocrx_word' id='word_1_504' title='bbox 1198 5481 1538 5535; x_wconf 86' lang='lat' dir='ltr'><strong>benedictio?</strong></span> <span class='ocrx_word' id='word_1_505' title='bbox 1564 5490 1657 5535; x_wconf 92' lang='lat' dir='ltr'><strong>aut</strong></span> <span class='ocrx_word' id='word_1_506' title='bbox 1703 5479 1808 5534; x_wconf 87' lang='lat' dir='ltr'><strong>illis</strong></span> <span class='ocrx_word' id='word_1_507' title='bbox 1849 5479 2131 5533; x_wconf 88' lang='lat' dir='ltr'><strong>dicendum</strong></span> 
     </span>
    </p>
   </div>
   <div class='ocr_carea' id='block_1_70' title="bbox 551 5569 2134 5638">
    <p class='ocr_par' dir='ltr' id='par_1_70' title="bbox 551 5569 2134 5638">
     <span class='ocr_line' id='line_1_70' title="bbox 551 5569 2134 5638; baseline -0.003 -11"><span class='ocrx_word' id='word_1_508' title='bbox 551 5584 656 5635; x_wconf 75' lang='lat' dir='ltr'><strong>est,</strong></span> <span class='ocrx_word' id='word_1_509' title='bbox 687 5581 743 5625; x_wconf 92' lang='lat' dir='ltr'><strong>ut</strong></span> <span class='ocrx_word' id='word_1_510' title='bbox 776 5570 1031 5626; x_wconf 87' lang='lat' dir='ltr'><strong>Dominus</strong></span> <span class='ocrx_word' id='word_1_511' title='bbox 1059 5571 1128 5627; x_wconf 87' lang='lat' dir='ltr'><strong>sit</strong></span> <span class='ocrx_word' id='word_1_512' title='bbox 1160 5587 1280 5626; x_wconf 91' lang='lat' dir='ltr'><strong>cum</strong></span> <span class='ocrx_word' id='word_1_513' title='bbox 1317 5571 1431 5625; x_wconf 85' lang='lat' dir='ltr'><strong>eis?</strong></span> <span class='ocrx_word' id='word_1_514' title='bbox 1457 5569 1685 5636; x_wconf 84' lang='lat' dir='ltr'><strong>Quidam</strong></span> <span class='ocrx_word' id='word_1_515' title='bbox 1715 5580 1915 5634; x_wconf 90' lang='lat' dir='ltr'><strong>autem,</strong></span> <span class='ocrx_word' id='word_1_516' title='bbox 1953 5569 1998 5624; x_wconf 88' lang='lat' dir='ltr'><strong>si</strong></span> <span class='ocrx_word' id='word_1_517' title='bbox 2028 5585 2134 5638; x_wconf 80' lang='lat' dir='ltr'><strong>quo</strong></span> 
     </span>
    </p>
   </div>
   <div class='ocr_carea' id='block_1_71' title="bbox 553 5663 2132 5732">
    <p class='ocr_par' dir='ltr' id='par_1_71' title="bbox 553 5663 2132 5732">
     <span class='ocr_line' id='line_1_71' title="bbox 553 5663 2132 5732; baseline -0.001 -12"><span class='ocrx_word' id='word_1_518' title='bbox 553 5666 710 5720; x_wconf 65' lang='grc' dir='ltr'>ιιιυάε</span> <span class='ocrx_word' id='word_1_519' title='bbox 743 5663 1124 5721; x_wconf 73' lang='lat' dir='ltr'><strong>ecclesiasticae</strong></span> <span class='ocrx_word' id='word_1_520' title='bbox 1153 5663 1457 5719; x_wconf 87' lang='lat' dir='ltr'><strong>traditionis</strong></span> <span class='ocrx_word' id='word_1_521' title='bbox 1481 5664 1725 5720; x_wconf 88' lang='lat' dir='ltr'><strong>ordinem</strong></span> <span class='ocrx_word' id='word_1_522' title='bbox 1762 5663 2035 5732; x_wconf 88' lang='lat' dir='ltr'><strong>deserant,</strong></span> <span class='ocrx_word' id='word_1_523' title='bbox 2073 5680 2132 5718; x_wconf 88' lang='lat' dir='ltr'><strong>se</strong></span> 
     </span>
    </p>
   </div>
   <div class='ocr_carea' id='block_1_72' title="bbox 2214 2937 3803 3018">
    <p class='ocr_par' dir='ltr' id='par_1_72' title="bbox 2214 2937 3803 3018">
     <span class='ocr_line' id='line_1_72' title="bbox 2214 2937 3803 3018; baseline 0.013 -29"><span class='ocrx_word' id='word_1_524' title='bbox 2214 2937 2624 3006; x_wconf 87' lang='lat' dir='ltr'><strong>pertimescunt.</strong></span> <span class='ocrx_word' id='word_1_525' title='bbox 2662 2939 2812 2993; x_wconf 87' lang='lat' dir='ltr'><strong>Unde</strong></span> <span class='ocrx_word' id='word_1_526' title='bbox 2831 2945 3005 3008; x_wconf 81' lang='lat' dir='ltr'><strong>nobis,</strong></span> <span class='ocrx_word' id='word_1_527' title='bbox 3039 2945 3163 2998; x_wconf 90' lang='lat' dir='ltr'><strong>dum</strong></span> <span class='ocrx_word' id='word_1_528' title='bbox 3194 2948 3391 3002; x_wconf 92' lang='lat' dir='ltr'><strong>solutio</strong></span> <span class='ocrx_word' id='word_1_529' title='bbox 3429 2952 3707 3018; x_wconf 57' lang='lat' dir='ltr'><strong>queritur,</strong></span> <span class='ocrx_word' id='word_1_530' title='bbox 3733 2956 3803 3009; x_wconf 86' lang='lat' dir='ltr'><strong>ad</strong></span> 
     </span>
    </p>
   </div>
   <div class='ocr_carea' id='block_1_73' title="bbox 2215 3029 3802 3106">
    <p class='ocr_par' dir='ltr' id='par_1_73' title="bbox 2215 3029 3802 3106">
     <span class='ocr_line' id='line_1_73' title="bbox 2215 3029 3802 3106; baseline 0.011 -31"><span class='ocrx_word' id='word_1_531' title='bbox 2215 3029 2714 3095; x_wconf 85' lang='lat' dir='ltr'><strong>percunctationem</strong></span> <span class='ocrx_word' id='word_1_532' title='bbox 2749 3031 2927 3098; x_wconf 87' lang='lat' dir='ltr'><strong>potius</strong></span> <span class='ocrx_word' id='word_1_533' title='bbox 2953 3046 3104 3087; x_wconf 88' lang='lat' dir='ltr'><strong>mens</strong></span> <span class='ocrx_word' id='word_1_534' title='bbox 3132 3050 3284 3103; x_wconf 66' lang='lat' dir='ltr'><strong>aeque</strong></span> <span class='ocrx_word' id='word_1_535' title='bbox 3330 3038 3509 3090; x_wconf 89' lang='lat' dir='ltr'><strong>nescia</strong></span> <span class='ocrx_word' id='word_1_536' title='bbox 3541 3053 3802 3106; x_wconf 76' lang='lat' dir='ltr'><strong>provoca-</strong></span> 
     </span>
    </p>
   </div>
   <div class='ocr_carea' id='block_1_74' title="bbox 2215 3117 3803 3198">
    <p class='ocr_par' dir='ltr' id='par_1_74' title="bbox 2215 3117 3803 3198">
     <span class='ocr_line' id='line_1_74' title="bbox 2215 3117 3803 3198; baseline 0.012 -30"><span class='ocrx_word' id='word_1_537' title='bbox 2215 3125 2321 3169; x_wconf 89' lang='lat' dir='ltr'><strong>tur.</strong></span> <span class='ocrx_word' id='word_1_538' title='bbox 2372 3117 2465 3172; x_wconf 89' lang='lat' dir='ltr'><strong>llis</strong></span> <span class='ocrx_word' id='word_1_539' title='bbox 2514 3119 2695 3189; x_wconf 89' lang='lat' dir='ltr'><strong>itaque</strong></span> <span class='ocrx_word' id='word_1_540' title='bbox 2737 3125 3096 3190; x_wconf 62' lang='lat' dir='ltr'><strong>quaestionum</strong></span> <span class='ocrx_word' id='word_1_541' title='bbox 3144 3127 3372 3182; x_wconf 89' lang='lat' dir='ltr'><strong>vallatus</strong></span> <span class='ocrx_word' id='word_1_542' title='bbox 3420 3132 3701 3198; x_wconf 79' lang='lat' dir='ltr'><strong>angustiis,</strong></span> <span class='ocrx_word' id='word_1_543' title='bbox 3733 3135 3803 3188; x_wconf 82' lang='lat' dir='ltr'><strong>ad</strong></span> 
     </span>
    </p>
   </div>
   <div class='ocr_carea' id='block_1_75' title="bbox 2216 3208 3805 3282">
    <p class='ocr_par' dir='ltr' id='par_1_75' title="bbox 2216 3208 3805 3282">
     <span class='ocr_line' id='line_1_75' title="bbox 2216 3208 3805 3282; baseline 0.009 -22"><span class='ocrx_word' id='word_1_544' title='bbox 2216 3208 2466 3278; x_wconf 77' lang='lat' dir='ltr'><strong>angelum</strong></span> <span class='ocrx_word' id='word_1_545' title='bbox 2501 3226 2677 3264; x_wconf 91' lang='lat' dir='ltr'><strong>meum</strong></span> <span class='ocrx_word' id='word_1_546' title='bbox 2704 3211 2859 3279; x_wconf 80' lang='lat' dir='ltr'><strong>juxta</strong></span> <span class='ocrx_word' id='word_1_547' title='bbox 2901 3218 3343 3271; x_wconf 77' lang='lat' dir='ltr'><strong>consuetudinem</strong></span> <span class='ocrx_word' id='word_1_548' title='bbox 3373 3219 3557 3282; x_wconf 88' lang='lat' dir='ltr'><strong>redeo,</strong></span> <span class='ocrx_word' id='word_1_549' title='bbox 3593 3222 3659 3273; x_wconf 90' lang='lat' dir='ltr'><strong>ad</strong></span> <span class='ocrx_word' id='word_1_550' title='bbox 3683 3221 3805 3275; x_wconf 86' lang='lat' dir='ltr'><strong>fon-</strong></span> 
     </span>
    </p>
   </div>
   <div class='ocr_carea' id='block_1_76' title="bbox 2218 3299 3802 3379">
    <p class='ocr_par' dir='ltr' id='par_1_76' title="bbox 2218 3299 3802 3379">
     <span class='ocr_line' id='line_1_76' title="bbox 2218 3299 3802 3379; baseline 0.009 -29"><span class='ocrx_word' id='word_1_551' title='bbox 2218 3306 2324 3350; x_wconf 91' lang='lat' dir='ltr'><strong>tem</strong></span> <span class='ocrx_word' id='word_1_552' title='bbox 2349 3314 2454 3351; x_wconf 91' lang='lat' dir='ltr'><strong>non</strong></span> <span class='ocrx_word' id='word_1_553' title='bbox 2489 3299 2747 3353; x_wconf 79' lang='lat' dir='ltr'><strong>Tulliana:</strong></span> <span class='ocrx_word' id='word_1_554' title='bbox 2774 3302 3116 3372; x_wconf 58' lang='lat' dir='ltr'><strong>eloquentiae,</strong></span> <span class='ocrx_word' id='word_1_555' title='bbox 3149 3306 3243 3360; x_wconf 88' lang='lat' dir='ltr'><strong>sed</strong></span> <span class='ocrx_word' id='word_1_556' title='bbox 3284 3306 3478 3362; x_wconf 80' lang='lat' dir='ltr'><strong>divina:</strong></span> <span class='ocrx_word' id='word_1_557' title='bbox 3509 3309 3686 3379; x_wconf 87' lang='lat' dir='ltr'><strong>potius</strong></span> <span class='ocrx_word' id='word_1_558' title='bbox 3707 3325 3802 3365; x_wconf 83' lang='lat' dir='ltr'><strong>sa-</strong></span> 
     </span>
    </p>
   </div>
   <div class='ocr_carea' id='block_1_77' title="bbox 2217 3391 3004 3460">
    <p class='ocr_par' dir='ltr' id='par_1_77' title="bbox 2217 3391 3004 3460">
     <span class='ocr_line' id='line_1_77' title="bbox 2217 3391 3004 3460; baseline 0.009 -19"><span class='ocrx_word' id='word_1_559' title='bbox 2217 3391 2430 3460; x_wconf 63' lang='lat' dir='ltr'><strong>pientiae</strong></span> <span class='ocrx_word' id='word_1_560' title='bbox 2459 3392 2584 3446; x_wconf 83' lang='lat' dir='ltr'><strong>trito</strong></span> <span class='ocrx_word' id='word_1_561' title='bbox 2606 3392 2738 3448; x_wconf 61' lang='lat' dir='ltr'><strong>cane</strong></span> <span class='ocrx_word' id='word_1_562' title='bbox 2766 3410 3004 3448; x_wconf 88' lang='lat' dir='ltr'><strong>recurro.</strong></span> 
     </span>
    </p>
   </div>
   <div class='ocr_carea' id='block_1_78' title="bbox 2729 3501 3260 3560">
    <p class='ocr_par' dir='ltr' id='par_1_78' title="bbox 2729 3501 3260 3560">
     <span class='ocr_line' id='line_1_78' title="bbox 2729 3501 3260 3560; baseline 0.009 -5"><span class='ocrx_word' id='word_1_563' title='bbox 2729 3501 2955 3556; x_wconf 83' lang='lat' dir='ltr'><strong>CAPUT</strong></span> <span class='ocrx_word' id='word_1_564' title='bbox 2997 3504 3260 3560; x_wconf 76' lang='lat' dir='ltr'><strong>PRIMUM</strong></span> 
     </span>
    </p>
   </div>
   <div class='ocr_carea' id='block_1_79' title="bbox 2223 3590 3804 3734">
    <p class='ocr_par' dir='ltr' id='par_1_79' title="bbox 2223 3590 3804 3734">
     <span class='ocr_line' id='line_1_79' title="bbox 2223 3590 3804 3734; baseline 0.009 -92"><span class='ocrx_word' id='word_1_565' title='bbox 2223 3590 2375 3654; x_wconf 76' lang='lat' dir='ltr'><strong>Quod</strong></span> <span class='ocrx_word' id='word_1_566' title='bbox 2405 3603 2588 3646; x_wconf 80' lang='lat' dir='ltr'><strong>sancta</strong></span> <span class='ocrx_word' id='word_1_567' title='bbox 2613 3594 2940 3734; x_wconf 62' lang='lat' dir='ltr'><strong>simplicitas’,</strong></span> <span class='ocrx_word' id='word_1_568' title='bbox 2971 3599 3150 3649; x_wconf 83' lang='lat' dir='ltr'><strong>mundi</strong></span> <span class='ocrx_word' id='word_1_569' title='bbox 3173 3598 3494 3669; x_wconf 74' lang='lat' dir='ltr'><strong>philosophis</strong></span> <span class='ocrx_word' id='word_1_570' title='bbox 3517 3600 3641 3670; x_wconf 85' lang='lat' dir='ltr'><strong>jure</strong></span> <span class='ocrx_word' id='word_1_571' title='bbox 3659 3619 3804 3671; x_wconf 73' lang='lat' dir='ltr'><strong>prm-</strong></span> 
     </span>
     <span class='ocr_line' id='line_1_80' title="bbox 2936 3678 3096 3718; baseline 0.006 -1"><span class='ocrx_word' id='word_1_572' title='bbox 2936 3678 3096 3718; x_wconf 83' lang='lat' dir='ltr'><strong>ertur.</strong></span> 
     </span>
    </p>
   </div>
   <div class='ocr_carea' id='block_1_80' title="bbox 2936 3678 3096 3718">
    <p class='ocr_par' dir='ltr' id='par_1_80' title="bbox 2936 3678 3096 3718">
     <span class='ocr_line' id='line_1_81' title="bbox 2936 3678 3096 3718; baseline 0.006 -1"><span class='ocrx_word' id='word_1_573' title='bbox 2936 3678 3096 3718; x_wconf 83' lang='lat' dir='ltr'><strong>ertur.</strong></span> 
     </span>
    </p>
   </div>
   <div class='ocr_carea' id='block_1_81' title="bbox 2290 3753 3804 3830">
    <p class='ocr_par' dir='ltr' id='par_1_81' title="bbox 2290 3753 3804 3830">
     <span class='ocr_line' id='line_1_82' title="bbox 2290 3753 3804 3830; baseline 0.007 -25"><span class='ocrx_word' id='word_1_574' title='bbox 2290 3753 2566 3806; x_wconf 67' lang='lat' dir='ltr'><strong>a’latonem</strong></span> <span class='ocrx_word' id='word_1_575' title='bbox 2585 3753 2803 3807; x_wconf 91' lang='lat' dir='ltr'><strong>latentis</strong></span> <span class='ocrx_word' id='word_1_576' title='bbox 2821 3765 3026 3808; x_wconf 82' lang='lat' dir='ltr'><strong>naturae</strong></span> <span class='ocrx_word' id='word_1_577' title='bbox 3039 3768 3246 3812; x_wconf 88' lang='lat' dir='ltr'><strong>secreta</strong></span> <span class='ocrx_word' id='word_1_578' title='bbox 3268 3759 3554 3814; x_wconf 68' lang='lat' dir='ltr'><strong>rimantem</strong></span> <span class='ocrx_word' id='word_1_579' title='bbox 3582 3776 3804 3830; x_wconf 86' lang='lat' dir='ltr'><strong>respuo,</strong></span> 
     </span>
    </p>
   </div>
   <div class='ocr_carea' id='block_1_82' title="bbox 2221 3841 3810 3918">
    <p class='ocr_par' dir='ltr' id='par_1_82' title="bbox 2221 3841 3810 3918">
     <span class='ocr_line' id='line_1_83' title="bbox 2221 3841 3810 3918; baseline 0.011 -26"><span class='ocrx_word' id='word_1_580' title='bbox 2221 3841 2558 3910; x_wconf 91' lang='lat' dir='ltr'><strong>planetarum</strong></span> <span class='ocrx_word' id='word_1_581' title='bbox 2603 3843 2818 3897; x_wconf 82' lang='lat' dir='ltr'><strong>circulis</strong></span> <span class='ocrx_word' id='word_1_582' title='bbox 2865 3856 3058 3910; x_wconf 90' lang='lat' dir='ltr'><strong>metas,</strong></span> <span class='ocrx_word' id='word_1_583' title='bbox 3115 3857 3494 3918; x_wconf 88' lang='lat' dir='ltr'><strong>astrorumque</strong></span> <span class='ocrx_word' id='word_1_584' title='bbox 3536 3853 3810 3909; x_wconf 79' lang='lat' dir='ltr'><strong>meatibus</strong></span> 
     </span>
    </p>
   </div>
   <div class='ocr_carea' id='block_1_83' title="bbox 2220 3931 3810 4008">
    <p class='ocr_par' dir='ltr' id='par_1_83' title="bbox 2220 3931 3810 4008">
     <span class='ocr_line' id='line_1_84' title="bbox 2220 3931 3810 4008; baseline 0.009 -24"><span class='ocrx_word' id='word_1_585' title='bbox 2220 3931 2457 3985; x_wconf 90' lang='lat' dir='ltr'><strong>calculos</strong></span> <span class='ocrx_word' id='word_1_586' title='bbox 2487 3933 2788 4002; x_wconf 82' lang='lat' dir='ltr'><strong>atligentcm</strong></span> <span class='ocrx_word' id='word_1_587' title='bbox 2825 3948 2840 3987; x_wconf 91' lang='lat'><strong>:</strong></span> <span class='ocrx_word' id='word_1_588' title='bbox 2878 3947 3072 3990; x_wconf 86' lang='lat' dir='ltr'><strong>cuncta</strong></span> <span class='ocrx_word' id='word_1_589' title='bbox 3121 3939 3282 3992; x_wconf 90' lang='lat' dir='ltr'><strong>etiam</strong></span> <span class='ocrx_word' id='word_1_590' title='bbox 3338 3941 3592 4008; x_wconf 75' lang='lat' dir='ltr'><strong>sphmrici</strong></span> <span class='ocrx_word' id='word_1_591' title='bbox 3654 3941 3810 3998; x_wconf 68' lang='lat' dir='ltr'><strong>orbis</strong></span> 
     </span>
    </p>
   </div>
   <div class='ocr_carea' id='block_1_84' title="bbox 2222 4022 3802 4100">
    <p class='ocr_par' dir='ltr' id='par_1_84' title="bbox 2222 4022 3802 4100">
     <span class='ocr_line' id='line_1_85' title="bbox 2222 4022 3802 4100; baseline 0.008 -26"><span class='ocrx_word' id='word_1_592' title='bbox 2222 4022 2438 4075; x_wconf 87' lang='lat' dir='ltr'><strong>climata</strong></span> <span class='ocrx_word' id='word_1_593' title='bbox 2484 4025 2634 4078; x_wconf 80' lang='lat' dir='ltr'><strong>radio</strong></span> <span class='ocrx_word' id='word_1_594' title='bbox 2673 4025 3095 4095; x_wconf 81' lang='lat' dir='ltr'><strong>distinguentem</strong></span> <span class='ocrx_word' id='word_1_595' title='bbox 3127 4027 3487 4098; x_wconf 74' lang='lat' dir='ltr'><strong>Pythagoram</strong></span> <span class='ocrx_word' id='word_1_596' title='bbox 3518 4033 3802 4100; x_wconf 78' lang='lat' dir='ltr'><strong>parvipcn—</strong></span> 
     </span>
    </p>
   </div>
   <div class='ocr_carea' id='block_1_85' title="bbox 2223 4113 3809 4198">
    <p class='ocr_par' dir='ltr' id='par_1_85' title="bbox 2223 4113 3809 4198">
     <span class='ocr_line' id='line_1_86' title="bbox 2223 4113 3809 4198; baseline 0.006 -31"><span class='ocrx_word' id='word_1_597' title='bbox 2223 4113 2291 4167; x_wconf 93' lang='lat' dir='ltr'><strong>do</strong></span> <span class='ocrx_word' id='word_1_598' title='bbox 2320 4130 2332 4166; x_wconf 93' lang='lat'>:</span> <span class='ocrx_word' id='word_1_599' title='bbox 2361 4113 2745 4170; x_wconf 80' lang='lat' dir='ltr'><strong>Nichomacum</strong></span> <span class='ocrx_word' id='word_1_600' title='bbox 2776 4132 2992 4198; x_wconf 83' lang='lat' dir='ltr'><strong>quoque</strong></span> <span class='ocrx_word' id='word_1_601' title='bbox 3026 4118 3213 4172; x_wconf 85' lang='lat' dir='ltr'><strong>tritum</strong></span> <span class='ocrx_word' id='word_1_602' title='bbox 3243 4120 3681 4186; x_wconf 88' lang='lat' dir='ltr'><strong>ephemeridibus</strong></span> <span class='ocrx_word' id='word_1_603' title='bbox 3723 4123 3809 4176; x_wconf 89' lang='lat' dir='ltr'><strong>di-</strong></span> 
     </span>
    </p>
   </div>
   <div class='ocr_carea' id='block_1_86' title="bbox 2224 4206 3806 4280">
    <p class='ocr_par' dir='ltr' id='par_1_86' title="bbox 2224 4206 3806 4280">
     <span class='ocr_line' id='line_1_87' title="bbox 2224 4206 3806 4280; baseline 0.006 -23"><span class='ocrx_word' id='word_1_604' title='bbox 2224 4206 2362 4275; x_wconf 85' lang='lat' dir='ltr'><strong>gitos</strong></span> <span class='ocrx_word' id='word_1_605' title='bbox 2419 4206 2610 4261; x_wconf 72' lang='lat' dir='ltr'><strong>abdico</strong></span> <span class='ocrx_word' id='word_1_606' title='bbox 2651 4206 2975 4261; x_wconf 83' lang='lat' dir='ltr'><strong>:Euclidem</strong></span> <span class='ocrx_word' id='word_1_607' title='bbox 3024 4208 3292 4277; x_wconf 81' lang='lat' dir='ltr'><strong>perplexis</strong></span> <span class='ocrx_word' id='word_1_608' title='bbox 3342 4211 3806 4280; x_wconf 81' lang='lat' dir='ltr'><strong>geometricalium</strong></span> 
     </span>
    </p>
   </div>
   <div class='ocr_carea' id='block_1_87' title="bbox 2225 4298 3810 4370">
    <p class='ocr_par' dir='ltr' id='par_1_87' title="bbox 2225 4298 3810 4370">
     <span class='ocr_line' id='line_1_88' title="bbox 2225 4298 3810 4370; baseline 0.005 -21"><span class='ocrx_word' id='word_1_609' title='bbox 2225 4298 2514 4370; x_wconf 75' lang='lat' dir='ltr'><strong>figurarum</strong></span> <span class='ocrx_word' id='word_1_610' title='bbox 2565 4299 2754 4352; x_wconf 89' lang='lat' dir='ltr'><strong>studiis</strong></span> <span class='ocrx_word' id='word_1_611' title='bbox 2808 4301 3084 4354; x_wconf 78' lang='lat' dir='ltr'><strong>incurvum</strong></span> <span class='ocrx_word' id='word_1_612' title='bbox 3119 4317 3271 4368; x_wconf 75' lang='lat' dir='ltr'><strong>mque</strong></span> <span class='ocrx_word' id='word_1_613' title='bbox 3301 4301 3548 4356; x_wconf 88' lang='lat' dir='ltr'><strong>declino:</strong></span> <span class='ocrx_word' id='word_1_614' title='bbox 3581 4312 3810 4357; x_wconf 85' lang='lat' dir='ltr'><strong>cunctos</strong></span> 
     </span>
    </p>
   </div>
   <div class='ocr_carea' id='block_1_88' title="bbox 2223 4392 3810 4464">
    <p class='ocr_par' dir='ltr' id='par_1_88' title="bbox 2223 4392 3810 4464">
     <span class='ocr_line' id='line_1_89' title="bbox 2223 4392 3810 4464; baseline 0.004 -19"><span class='ocrx_word' id='word_1_615' title='bbox 2223 4407 2353 4446; x_wconf 87' lang='lat' dir='ltr'><strong>sane</strong></span> <span class='ocrx_word' id='word_1_616' title='bbox 2401 4392 2647 4444; x_wconf 87' lang='lat' dir='ltr'><strong>rhetores</strong></span> <span class='ocrx_word' id='word_1_617' title='bbox 2701 4407 2824 4444; x_wconf 90' lang='lat' dir='ltr'><strong>cum</strong></span> <span class='ocrx_word' id='word_1_618' title='bbox 2877 4393 2991 4447; x_wconf 91' lang='lat' dir='ltr'><strong>suis</strong></span> <span class='ocrx_word' id='word_1_619' title='bbox 3043 4392 3364 4463; x_wconf 73' lang='lat' dir='ltr'><strong>syllogismis</strong></span> <span class='ocrx_word' id='word_1_620' title='bbox 3405 4403 3460 4447; x_wconf 88' lang='lat' dir='ltr'><strong>et</strong></span> <span class='ocrx_word' id='word_1_621' title='bbox 3499 4395 3810 4464; x_wconf 84' lang='lat' dir='ltr'><strong>sophisticis</strong></span> 
     </span>
    </p>
   </div>
   <div class='ocr_carea' id='block_1_89' title="bbox 2223 4481 3809 4554">
    <p class='ocr_par' dir='ltr' id='par_1_89' title="bbox 2223 4481 3809 4554">
     <span class='ocr_line' id='line_1_90' title="bbox 2223 4481 3809 4554; baseline 0.003 -18"><span class='ocrx_word' id='word_1_622' title='bbox 2223 4481 2658 4537; x_wconf 85' lang='lat' dir='ltr'><strong>cavillationibus</strong></span> <span class='ocrx_word' id='word_1_623' title='bbox 2719 4483 2966 4554; x_wconf 81' lang='lat' dir='ltr'><strong>indignos</strong></span> <span class='ocrx_word' id='word_1_624' title='bbox 3041 4485 3139 4539; x_wconf 89' lang='lat' dir='ltr'><strong>hac</strong></span> <span class='ocrx_word' id='word_1_625' title='bbox 3199 4486 3496 4553; x_wconf 68' lang='lat' dir='ltr'><strong>quiestione</strong></span> <span class='ocrx_word' id='word_1_626' title='bbox 3549 4486 3809 4541; x_wconf 87' lang='lat' dir='ltr'><strong>decerno.</strong></span> 
     </span>
    </p>
   </div>
   <div class='ocr_carea' id='block_1_90' title="bbox 2224 4569 3815 4642">
    <p class='ocr_par' dir='ltr' id='par_1_90' title="bbox 2224 4569 3815 4642">
     <span class='ocr_line' id='line_1_91' title="bbox 2224 4569 3815 4642; baseline 0.001 -18"><span class='ocrx_word' id='word_1_627' title='bbox 2224 4569 2482 4624; x_wconf 89' lang='lat' dir='ltr'><strong>Tremant</strong></span> <span class='ocrx_word' id='word_1_628' title='bbox 2513 4571 2748 4641; x_wconf 82' lang='lat' dir='ltr'><strong>gymnici</strong></span> <span class='ocrx_word' id='word_1_629' title='bbox 2781 4587 2936 4625; x_wconf 90' lang='lat' dir='ltr'><strong>suam</strong></span> <span class='ocrx_word' id='word_1_630' title='bbox 2963 4571 3166 4642; x_wconf 86' lang='lat' dir='ltr'><strong>jugiter</strong></span> <span class='ocrx_word' id='word_1_631' title='bbox 3185 4588 3372 4627; x_wconf 85' lang='lat' dir='ltr'><strong>amore</strong></span> <span class='ocrx_word' id='word_1_632' title='bbox 3400 4573 3678 4641; x_wconf 70' lang='lat' dir='ltr'><strong>sapientia:</strong></span> <span class='ocrx_word' id='word_1_633' title='bbox 3709 4591 3815 4626; x_wconf 79' lang='lat' dir='ltr'><strong>nn-</strong></span> 
     </span>
    </p>
   </div>
   <div class='ocr_carea' id='block_1_91' title="bbox 2225 4661 3817 4731">
    <p class='ocr_par' dir='ltr' id='par_1_91' title="bbox 2225 4661 3817 4731">
     <span class='ocr_line' id='line_1_92' title="bbox 2225 4661 3817 4731; baseline 0.002 -17"><span class='ocrx_word' id='word_1_634' title='bbox 2225 4661 2447 4716; x_wconf 89' lang='lat' dir='ltr'><strong>ditatem</strong></span> <span class='ocrx_word' id='word_1_635' title='bbox 2485 4679 2496 4715; x_wconf 91' lang='lat'>:</span> <span class='ocrx_word' id='word_1_636' title='bbox 2531 4672 2776 4731; x_wconf 67' lang='lat' dir='ltr'><strong>quaerant</strong></span> <span class='ocrx_word' id='word_1_637' title='bbox 2807 4663 3146 4731; x_wconf 89' lang='lat' dir='ltr'><strong>peripatetici</strong></span> <span class='ocrx_word' id='word_1_638' title='bbox 3187 4662 3448 4716; x_wconf 90' lang='lat' dir='ltr'><strong>latentem</strong></span> <span class='ocrx_word' id='word_1_639' title='bbox 3493 4663 3544 4716; x_wconf 93' lang='lat' dir='ltr'><strong>in</strong></span> <span class='ocrx_word' id='word_1_640' title='bbox 3586 4662 3817 4730; x_wconf 84' lang='lat' dir='ltr'><strong>profun-</strong></span> 
     </span>
    </p>
   </div>
   <div class='ocr_carea' id='block_1_92' title="bbox 2225 4751 3812 4824">
    <p class='ocr_par' dir='ltr' id='par_1_92' title="bbox 2225 4751 3812 4824">
     <span class='ocr_line' id='line_1_93' title="bbox 2225 4751 3812 4824; baseline 0.001 -18"><span class='ocrx_word' id='word_1_641' title='bbox 2225 4752 2292 4806; x_wconf 88' lang='lat' dir='ltr'><strong>do</strong></span> <span class='ocrx_word' id='word_1_642' title='bbox 2323 4764 2483 4822; x_wconf 88' lang='lat' dir='ltr'><strong>puteo</strong></span> <span class='ocrx_word' id='word_1_643' title='bbox 2513 4753 2814 4808; x_wconf 86' lang='lat' dir='ltr'><strong>veritatem.</strong></span> <span class='ocrx_word' id='word_1_644' title='bbox 2857 4751 2967 4824; x_wconf 85' lang='lat' dir='ltr'><strong>Ego</strong></span> <span class='ocrx_word' id='word_1_645' title='bbox 3009 4754 3273 4807; x_wconf 86' lang='lat' dir='ltr'><strong>summam</strong></span> <span class='ocrx_word' id='word_1_646' title='bbox 3301 4769 3330 4807; x_wconf 86' lang='lat' dir='ltr'><strong>a</strong></span> <span class='ocrx_word' id='word_1_647' title='bbox 3373 4763 3425 4808; x_wconf 89' lang='lat' dir='ltr'><strong>te</strong></span> <span class='ocrx_word' id='word_1_648' title='bbox 3456 4769 3638 4822; x_wconf 82' lang='lat' dir='ltr'><strong>quer</strong></span> <span class='ocrx_word' id='word_1_649' title='bbox 3671 4755 3812 4808; x_wconf 69' lang='lat' dir='ltr'><strong>seri-</strong></span> 
     </span>
    </p>
   </div>
   <div class='ocr_carea' id='block_1_93' title="bbox 2227 4843 3811 4912">
    <p class='ocr_par' dir='ltr' id='par_1_93' title="bbox 2227 4843 3811 4912">
     <span class='ocr_line' id='line_1_94' title="bbox 2227 4843 3811 4912; baseline 0.001 -16"><span class='ocrx_word' id='word_1_650' title='bbox 2227 4851 2415 4907; x_wconf 86' lang='lat' dir='ltr'><strong>tatcm,</strong></span> <span class='ocrx_word' id='word_1_651' title='bbox 2469 4843 2616 4896; x_wconf 90' lang='lat' dir='ltr'><strong>illam</strong></span> <span class='ocrx_word' id='word_1_652' title='bbox 2650 4843 2916 4908; x_wconf 77' lang='lat' dir='ltr'><strong>videlicet,</strong></span> <span class='ocrx_word' id='word_1_653' title='bbox 2947 4858 3065 4912; x_wconf 78' lang='lat' dir='ltr'><strong>qua:</strong></span> <span class='ocrx_word' id='word_1_654' title='bbox 3112 4844 3177 4898; x_wconf 91' lang='lat' dir='ltr'><strong>de</strong></span> <span class='ocrx_word' id='word_1_655' title='bbox 3216 4852 3359 4898; x_wconf 90' lang='lat' dir='ltr'><strong>terra</strong></span> <span class='ocrx_word' id='word_1_656' title='bbox 3387 4852 3506 4896; x_wconf 87' lang='lat' dir='ltr'><strong>orta</strong></span> <span class='ocrx_word' id='word_1_657' title='bbox 3543 4851 3641 4907; x_wconf 89' lang='lat' dir='ltr'><strong>est,</strong></span> <span class='ocrx_word' id='word_1_658' title='bbox 3699 4859 3811 4897; x_wconf 89' lang='lat' dir='ltr'><strong>non</strong></span> 
     </span>
    </p>
   </div>
   <div class='ocr_carea' id='block_1_94' title="bbox 2223 4932 3812 5002">
    <p class='ocr_par' dir='ltr' id='par_1_94' title="bbox 2223 4932 3812 5002">
     <span class='ocr_line' id='line_1_95' title="bbox 2223 4932 3812 5002; baseline 0.001 -18"><span class='ocrx_word' id='word_1_659' title='bbox 2223 4932 2333 5001; x_wconf 87' lang='lat' dir='ltr'><strong>jam</strong></span> <span class='ocrx_word' id='word_1_660' title='bbox 2363 4933 2414 4984; x_wconf 93' lang='lat' dir='ltr'><strong>in</strong></span> <span class='ocrx_word' id='word_1_661' title='bbox 2455 4941 2614 4999; x_wconf 88' lang='lat' dir='ltr'><strong>puteo</strong></span> <span class='ocrx_word' id='word_1_662' title='bbox 2648 4933 2961 5002; x_wconf 79' lang='lat' dir='ltr'><strong>ignObiliter</strong></span> <span class='ocrx_word' id='word_1_663' title='bbox 2983 4933 3302 4996; x_wconf 90' lang='lat' dir='ltr'><strong>latitantem,</strong></span> <span class='ocrx_word' id='word_1_664' title='bbox 3334 4935 3426 4987; x_wconf 83' lang='lat' dir='ltr'><strong>sed</strong></span> <span class='ocrx_word' id='word_1_665' title='bbox 3457 4933 3601 4986; x_wconf 91' lang='lat' dir='ltr'><strong>omni</strong></span> <span class='ocrx_word' id='word_1_666' title='bbox 3629 4934 3812 4986; x_wconf 88' lang='lat' dir='ltr'><strong>mani-</strong></span> 
     </span>
    </p>
   </div>
   <div class='ocr_carea' id='block_1_95' title="bbox 2227 5025 3814 5094">
    <p class='ocr_par' dir='ltr' id='par_1_95' title="bbox 2227 5025 3814 5094">
     <span class='ocr_line' id='line_1_96' title="bbox 2227 5025 3814 5094; baseline 0.002 -18"><span class='ocrx_word' id='word_1_667' title='bbox 2227 5025 2478 5079; x_wconf 84' lang='lat' dir='ltr'><strong>festatam</strong></span> <span class='ocrx_word' id='word_1_668' title='bbox 2527 5027 2744 5089; x_wconf 88' lang='lat' dir='ltr'><strong>mundo,</strong></span> <span class='ocrx_word' id='word_1_669' title='bbox 2787 5035 3041 5094; x_wconf 86' lang='lat' dir='ltr'><strong>perpetua</strong></span> <span class='ocrx_word' id='word_1_670' title='bbox 3085 5026 3139 5080; x_wconf 92' lang='lat' dir='ltr'><strong>iu</strong></span> <span class='ocrx_word' id='word_1_671' title='bbox 3193 5026 3341 5080; x_wconf 73' lang='lat' dir='ltr'><strong>cmlis</strong></span> <span class='ocrx_word' id='word_1_672' title='bbox 3393 5025 3676 5092; x_wconf 83' lang='lat' dir='ltr'><strong>majestate</strong></span> <span class='ocrx_word' id='word_1_673' title='bbox 3725 5040 3814 5079; x_wconf 86' lang='lat' dir='ltr'><strong>re-</strong></span> 
     </span>
    </p>
   </div>
   <div class='ocr_carea' id='block_1_96' title="bbox 2229 5113 3815 5187">
    <p class='ocr_par' dir='ltr' id='par_1_96' title="bbox 2229 5113 3815 5187">
     <span class='ocr_line' id='line_1_97' title="bbox 2229 5113 3815 5187; baseline 0.003 -21"><span class='ocrx_word' id='word_1_674' title='bbox 2229 5123 2508 5183; x_wconf 88' lang='lat' dir='ltr'><strong>gnantem.</strong></span> <span class='ocrx_word' id='word_1_675' title='bbox 2554 5113 2692 5180; x_wconf 83' lang='lat' dir='ltr'><strong>Quid</strong></span> <span class='ocrx_word' id='word_1_676' title='bbox 2734 5115 2876 5169; x_wconf 89' lang='lat' dir='ltr'><strong>enim</strong></span> <span class='ocrx_word' id='word_1_677' title='bbox 2919 5116 3308 5172; x_wconf 86' lang='lat' dir='ltr'><strong>insanientium</strong></span> <span class='ocrx_word' id='word_1_678' title='bbox 3349 5128 3624 5187; x_wconf 90' lang='lat' dir='ltr'><strong>poetarum</strong></span> <span class='ocrx_word' id='word_1_679' title='bbox 3660 5117 3815 5170; x_wconf 85' lang='lat' dir='ltr'><strong>fabu-</strong></span> 
     </span>
    </p>
   </div>
   <div class='ocr_carea' id='block_1_97' title="bbox 2229 5204 3816 5276">
    <p class='ocr_par' dir='ltr' id='par_1_97' title="bbox 2229 5204 3816 5276">
     <span class='ocr_line' id='line_1_98' title="bbox 2229 5204 3816 5276; baseline 0.001 -18"><span class='ocrx_word' id='word_1_680' title='bbox 2229 5204 2339 5258; x_wconf 88' lang='lat' dir='ltr'><strong>losa</strong></span> <span class='ocrx_word' id='word_1_681' title='bbox 2373 5213 2677 5258; x_wconf 88' lang='lat' dir='ltr'><strong>commenta</strong></span> <span class='ocrx_word' id='word_1_682' title='bbox 2701 5205 2724 5257; x_wconf 88' lang='lat'><strong>?</strong></span> <span class='ocrx_word' id='word_1_683' title='bbox 2748 5205 2887 5272; x_wconf 84' lang='lat' dir='ltr'><strong>Quid</strong></span> <span class='ocrx_word' id='word_1_684' title='bbox 2939 5207 3070 5260; x_wconf 91' lang='lat' dir='ltr'><strong>mihi</strong></span> <span class='ocrx_word' id='word_1_685' title='bbox 3122 5208 3443 5261; x_wconf 88' lang='lat' dir='ltr'><strong>tumentium</strong></span> <span class='ocrx_word' id='word_1_686' title='bbox 3483 5207 3816 5276; x_wconf 80' lang='lat' dir='ltr'><strong>tragieorum</strong></span> 
     </span>
    </p>
   </div>
   <div class='ocr_carea' id='block_1_98' title="bbox 2231 5297 3816 5366">
    <p class='ocr_par' dir='ltr' id='par_1_98' title="bbox 2231 5297 3816 5366">
     <span class='ocr_line' id='line_1_99' title="bbox 2231 5297 3816 5366; baseline 0 -16"><span class='ocrx_word' id='word_1_687' title='bbox 2231 5297 2940 5351; x_wconf 70' lang='lat' dir='ltr'><strong>cethuruata&#39;discrimina&#39;3</strong></span> <span class='ocrx_word' id='word_1_688' title='bbox 2969 5297 3187 5352; x_wconf 90' lang='lat' dir='ltr'><strong>Desinat</strong></span> <span class='ocrx_word' id='word_1_689' title='bbox 3199 5297 3313 5366; x_wconf 89' lang='lat' dir='ltr'><strong>jam</strong></span> <span class='ocrx_word' id='word_1_690' title='bbox 3341 5300 3673 5353; x_wconf 87' lang='lat' dir='ltr'><strong>comicorum</strong></span> <span class='ocrx_word' id='word_1_691' title='bbox 3699 5308 3816 5350; x_wconf 87' lang='lat' dir='ltr'><strong>tur-</strong></span> 
     </span>
    </p>
   </div>
   <div class='ocr_carea' id='block_1_99' title="bbox 2232 5386 3818 5458">
    <p class='ocr_par' dir='ltr' id='par_1_99' title="bbox 2232 5386 3818 5458">
     <span class='ocr_line' id='line_1_100' title="bbox 2232 5386 3818 5458; baseline 0 -16"><span class='ocrx_word' id='word_1_692' title='bbox 2232 5389 2299 5442; x_wconf 90' lang='lat' dir='ltr'><strong>ba</strong></span> <span class='ocrx_word' id='word_1_693' title='bbox 2335 5403 2537 5443; x_wconf 82' lang='lat' dir='ltr'><strong>venena</strong></span> <span class='ocrx_word' id='word_1_694' title='bbox 2564 5388 2848 5443; x_wconf 91' lang='lat' dir='ltr'><strong>libidinum</strong></span> <span class='ocrx_word' id='word_1_695' title='bbox 2893 5389 3285 5458; x_wconf 89' lang='lat' dir='ltr'><strong>crepitantibus</strong></span> <span class='ocrx_word' id='word_1_696' title='bbox 3333 5388 3522 5443; x_wconf 87' lang='lat' dir='ltr'><strong>buccis</strong></span> <span class='ocrx_word' id='word_1_697' title='bbox 3552 5386 3773 5442; x_wconf 76' lang='lat' dir='ltr'><strong>caluere</strong></span> <span class='ocrx_word' id='word_1_698' title='bbox 3798 5425 3818 5442; x_wconf 87' lang='lat'><strong>.</strong></span> 
     </span>
    </p>
   </div>
   <div class='ocr_carea' id='block_1_100' title="bbox 2237 5476 3824 5549">
    <p class='ocr_par' dir='ltr' id='par_1_100' title="bbox 2237 5476 3824 5549">
     <span class='ocr_line' id='line_1_101' title="bbox 2237 5476 3824 5549; baseline -0.001 -17"><span class='ocrx_word' id='word_1_699' title='bbox 2237 5487 2414 5532; x_wconf 89' lang='lat' dir='ltr'><strong>cesset</strong></span> <span class='ocrx_word' id='word_1_700' title='bbox 2445 5479 2804 5549; x_wconf 83' lang='lat' dir='ltr'><strong>satyricorum</strong></span> <span class='ocrx_word' id='word_1_701' title='bbox 2837 5478 3028 5548; x_wconf 86' lang='lat' dir='ltr'><strong>vulgus</strong></span> <span class='ocrx_word' id='word_1_702' title='bbox 3058 5493 3183 5533; x_wconf 91' lang='lat' dir='ltr'><strong>suos</strong></span> <span class='ocrx_word' id='word_1_703' title='bbox 3205 5479 3422 5532; x_wconf 85' lang='lat' dir='ltr'><strong>(larnos</strong></span> <span class='ocrx_word' id='word_1_704' title='bbox 3442 5477 3697 5547; x_wconf 73' lang='lat' dir='ltr'><strong>captorite</strong></span> <span class='ocrx_word' id='word_1_705' title='bbox 3725 5476 3824 5530; x_wconf 73' lang='lat' dir='ltr'><strong>do-</strong></span> 
     </span>
    </p>
   </div>
   <div class='ocr_carea' id='block_1_101' title="bbox 2247 5563 3822 5635">
    <p class='ocr_par' dir='ltr' id='par_1_101' title="bbox 2247 5563 3822 5635">
     <span class='ocr_line' id='line_1_102' title="bbox 2247 5563 3822 5635; baseline -0.006 -11"><span class='ocrx_word' id='word_1_706' title='bbox 2247 5569 2526 5624; x_wconf 81' lang='lat' dir='ltr'><strong>traetionis</strong></span> <span class='ocrx_word' id='word_1_707' title='bbox 2557 5568 2758 5625; x_wconf 86' lang='lat' dir='ltr'><strong>amaris</strong></span> <span class='ocrx_word' id='word_1_708' title='bbox 2785 5568 3011 5635; x_wconf 73' lang='lat' dir='ltr'><strong>dapibus</strong></span> <span class='ocrx_word' id='word_1_709' title='bbox 3049 5583 3318 5625; x_wconf 89' lang='lat' dir='ltr'><strong>onerare:</strong></span> <span class='ocrx_word' id='word_1_710' title='bbox 3351 5581 3456 5620; x_wconf 87' lang='lat' dir='ltr'><strong>non</strong></span> <span class='ocrx_word' id='word_1_711' title='bbox 3513 5565 3645 5620; x_wconf 84' lang='lat' dir='ltr'><strong>mihi</strong></span> <span class='ocrx_word' id='word_1_712' title='bbox 3689 5563 3822 5616; x_wconf 83' lang='lat' dir='ltr'><strong>Tul-</strong></span> 
     </span>
    </p>
   </div>
   <div class='ocr_carea' id='block_1_102' title="bbox 2243 5655 3822 5730">
    <p class='ocr_par' dir='ltr' id='par_1_102' title="bbox 2243 5655 3822 5730">
     <span class='ocr_line' id='line_1_103' title="bbox 2243 5655 3822 5730; baseline -0.001 -17"><span class='ocrx_word' id='word_1_713' title='bbox 2243 5660 2369 5714; x_wconf 91' lang='lat' dir='ltr'><strong>liani</strong></span> <span class='ocrx_word' id='word_1_714' title='bbox 2405 5669 2648 5716; x_wconf 87' lang='lat' dir='ltr'><strong>oratores</strong></span> <span class='ocrx_word' id='word_1_715' title='bbox 2698 5665 2948 5713; x_wconf 86' lang='lat' dir='ltr'><strong>accurata</strong></span> <span class='ocrx_word' id='word_1_716' title='bbox 2993 5657 3181 5730; x_wconf 81' lang='lat' dir='ltr'><strong>lepida:</strong></span> <span class='ocrx_word' id='word_1_717' title='bbox 3207 5657 3528 5715; x_wconf 82' lang='lat' dir='ltr'><strong>urbanitatis</strong></span> <span class='ocrx_word' id='word_1_718' title='bbox 3555 5655 3822 5712; x_wconf 79' lang='lat' dir='ltr'><strong>trutiuent</strong></span> 
     </span>
    </p>
   </div>
  </div>
