4106 6320
569 361 649 394 -Ἰη
691 362 702 372 r
759 357 787 368 ι’

301 397 412 454 255

252 651 256 655 .
296 596 545 656 suadela:
591 599 908 662 argumenta
949 598 1166 643 versuta
1199 597 1527 656 componant
1561 605 1574 642 :
1607 590 1800 642 cedant
1839 589 1890 642 in

250 687 258 697 ’
299 707 436 748 suas
467 688 718 743 tenebras
748 699 938 740 omnes
965 691 1193 736 terrenae
1238 680 1517 749 sapientiae
1559 679 1778 736 faecibus
1801 681 1894 735 de-

247 772 257 788 τ
300 783 462 838 libuti
499 799 511 834 :
545 780 622 834 nil
664 779 796 832 mihi
825 775 1110 832 conferant
1139 774 1435 842 sulphureo
1464 773 1773 844 caliginosae
1799 775 1895 830 do-

294 876 497 932 ctrina:
528 872 816 943 splendore
845 868 1053 923 caecati.
1077 867 1276 923 Christi
1316 882 1403 921 me
1451 867 1770 937 simplicitas
1801 870 1895 923 do-

249 949 258 955 .
295 977 451 1033 ceat,
491 982 623 1021 vera
676 963 1006 1034 sapientium
1040 960 1319 1015 rusticitas
1353 959 1726 1029 ambiguitatis
1761 977 1893 1017 mea“:

249 1043 260 1049 ’
299 1059 580 1114 vinculum
604 1055 800 1111 solvat.
831 1072 849 1105 ‹
877 1053 1036 1120 Quia,
1067 1072 1086 1104 ι
1119 1051 1284 1126 enim,
1308 1050 1463 1120 juxta
1501 1050 1654 1104 Pauli
1677 1067 1889 1116 vocem,

253 1137 261 1151 ’
308 1170 328 1202 ι
355 1167 461 1205 non
477 1147 731 1218 cognovit
754 1145 988 1199 mundus
1010 1156 1103 1212 per
1125 1142 1452 1211 sapientiam
1480 1141 1669 1206 Deum,
1689 1143 1892 1212 placuit

298 1242 416 1295 Deo
450 1254 546 1308 per
569 1235 854 1290 stultitiam
905 1232 1309 1304 praedicationis
1335 1219 1513 1288 salvos
1548 1231 1728 1288 facere
1771 1249 1890 1288 cre-

299 1331 496 1385 dentes
529 1328 581 1398 (I
607 1325 727 1381 Cor.
761 1327 824 1397 ι).
861 1345 881 1377 ι

375 1422 584 1475 Littera
612 1419 795 1490 igitur,
829 1433 949 1488 quae
975 1415 1198 1484 occidit,
1227 1415 1525 1482 abscedat;
1565 1417 1784 1486 spiritus
1809 1418 1889 1472 vi-

298 1510 558 1565 viticator
618 1509 837 1564 assistat
865 1507 950 1576 (II
991 1505 1114 1561 Cor.
1175 1507 1282 1576 ιιι).
1323 1525 1342 1558 ‹
1407 1507 1695 1564 Prudentia
1743 1506 1930 1594 enim:

303 1605 508 1668 carnis,
546 1620 563 1653 ι
598 1610 658 1655 ιιι
687 1600 828 1654 idem
861 1599 993 1653 dicit
1029 1597 1336 1667 Apostolus,
1370 1615 1389 1648 ι
1424 1613 1570 1652 mors
1605 1607 1686 1652 est
1711 1595 1884 1668 (Rom.

300 1696 422 1764 vni)
447 1711 460 1759 ;
488 1714 505 1746 ι
528 1691 813 1763 prudentia
829 1699 1008 1744 autem
1026 1689 1266 1759 spiritus,
1293 1688 1398 1742 vita
1412 1698 1582 1758 etpax
1603 1691 1884 1759 :quoniam

296 1786 591 1858 prudentia
622 1784 803 1840 carnis
829 1782 1048 1837 inimica
1078 1781 1287 1837 estDeo
1319 1800 1332 1846 ;
1359 1781 1464 1851 legi
1492 1782 1634 1836 enim
1662 1783 1756 1836 Dei
1780 1797 1886 1836 non

986 381 1226 440 OPUSC.
1261 384 1351 438 Xl.
1381 411 1452 425 —
1485 381 1684 437 LIBER
1721 382 1841 450 QUI
1882 386 2158 442 DItIlTUR
2200 386 2504 442 DOMINUS
2541 386 2902 444 VOBIStiUM.

301 508 472 564 verba
509 521 522 557 :
557 516 664 557 non
697 483 1100 554 Dem‘osthenici
1152 498 1397 578 rhetores
1443 497 1604 567 223
1634 497 1891 565 captiosa:
1918 507 1968 562 Α
1993 515 2076 564 ce,
2113 500 2308 571 inquit,
2335 517 2434 573 ego
2461 502 2738 556 vobiscum
2768 519 2885 556 sum
2928 502 3141 574 (Matth.
3172 506 3386 576 xxvm).
3422 526 3442 560 ι
3476 509 3578 574 Qui

1945 655 1952 659 _
1998 581 2254 646 nimirum
2299 594 2640 648 salutationis
2671 609 2849 648 sermo
2901 612 3005 649 non
3044 599 3303 652 moderno
3331 599 3582 656 humana:

1949 748 1958 754 _
1999 684 2396 739 adinventionis
2430 685 2656 741 arbitrio
2695 688 3022 742 constitutus
3053 709 3065 741 :
3101 690 3192 743 sed
3241 704 3305 744 ex
3336 692 3580 759 antiqua

1999 774 2142 828 sacri
2171 775 2369 844 eloquii
2397 777 2720 832 auctoritate
2759 777 3014 846 probatur
3045 789 3368 849 assumptus.
3405 780 3503 835 Ubi
3533 780 3581 834 si

1996 864 2285 936 diligenter
2315 868 2628 936 inquiritur,
2661 871 2854 938 smpius
2883 871 3252 939 singulariter,
3281 882 3336 928 et
3391 873 3577 942 plura-

1946 1028 1960 1035 _
1998 953 2124 1009 liter
2153 957 2430 1024 appositus
2458 959 2748 1013 invenitur.
2795 959 3170 1029 Singulariter,
3201 962 3340 1018 sicut
3363 963 3428 1016 ad
3458 963 3582 1019 hea-

1949 1087 1952 1107 ς
1998 1057 2108 1102 tam
2136 1048 2228 1102 Dei
2258 1050 2589 1106 Genitriccm
2644 1052 2866 1122 angelus
2897 1055 2973 1107 ait
3007 1074 3018 1108 :
3060 1075 3076 1105 (
3111 1055 3244 1120 Ave,
3276 1056 3446 1126 gratia
3478 1058 3584 1127 ple-

1949 1198 1975 1230 ί.
1995 1156 2086 1205 na,
2119 1142 2380 1197 Dominus
2405 1144 2750 1215 tecum(Luc.
2783 1146 2843 1217 ι).
2889 1165 2905 1196 ι
2939 1148 3018 1202 Ad
3042 1147 3346 1205 Gedeoncm
3370 1165 3584 1220 quoque

1964 1257 1965 1260 η
1994 1230 2347 1287 nihilominus
2382 1235 2602 1304 angelus
2632 1235 2743 1292 ait:
2779 1256 2797 1288 ‹
2834 1237 3091 1292 Dominus
3119 1247 3314 1303 tecum,
3344 1242 3583 1295 virormu

1953 1314 2292 1393 fortissime
2324 1323 2554 1392 (Juditlt.
2589 1327 2682 1396 vn).
2729 1347 2747 1378 ι
2789 1327 3078 1382 Pluraliter
3108 1339 3312 1397 autem,
3345 1333 3484 1386 utin
3518 1332 3584 1384 li-o

1945 1399 2095 1500 bro
2145 1413 2314 1477 Ruth,
2371 1414 2512 1469 Booz
2573 1419 2858 1471 salutando
2911 1421 3241 1474 messoribus
3288 1422 3400 1476 suis
3465 1421 3579 1475 ait:

1949 1498 2019 1593 ge
2060 1505 2318 1559 Dominus
2355 1507 2631 1560 vobiscum
2679 1508 2860 1580 (Rulli.
2913 1510 2995 1578 ιι),
3043 1529 3060 1560 ι
3093 1519 3146 1565 et
3182 1511 3322 1566 sicut
3353 1512 3405 1565 in
3445 1512 3582 1566 libro

1942 1591 2468 1665 Paralipomenon,
2500 1599 2764 1668 propheta
2792 1617 2820 1652 a
2848 1600 2957 1655 Deo
2986 1601 3470 1657 missusim'enitur
3501 1620 3584 1658 sa-

1955 1673 2196 1760 ilutasse
2229 1693 2336 1745 Asa
2376 1706 2556 1760 regem
2587 1690 2721 1744 Juda
2756 1707 2875 1744 cum
2911 1693 3150 1746 exercitu
3193 1709 3290 1748 suo
3321 1693 3582 1749 victorem

1994 1781 2062 1834 de
2085 1781 2269 1852 praelio
2300 1790 2683 1846 revertentem,
2712 1782 2906 1849 quibus
2931 1782 3004 1834 ait
3037 1800 3048 1835 ;
3080 1801 3097 1834 ι
3119 1783 3377 1839 Dominus
3405 1785 3584 1840 vobis-

298 1877 612 1945 subjicitur,
645 1890 743 1930 nec
782 1875 923 1929 enim
955 1881 1153 1943 potest.
1189 1872 1246 1926 Si
1288 1887 1418 1944 ergo
1441 1874 1624 1928 carnis
1651 1874 1883 1944 pruden-
1911 1860 1962 1918 Β
1989 1889 2140 1940 cum,
2167 1875 2292 1944 quia
2325 1874 2502 1928 fuistis
2531 1889 2654 1928 cum
2680 1873 2908 1926 Domino
2939 1874 3020 1941 (ll
3051 1873 3236 1928 l’aral.
3267 1877 3382 1945 xv).
3423 1896 3441 1928 ι

298 1969 378 2022 tia
406 1967 593 2036 nequit
620 1965 720 2035 legi
752 1964 844 2019 Dei
876 1963 1016 2018 colla
1069 1964 1410 2029 submittere,
1431 1981 1540 2035 quo
1583 1974 1742 2034 pacto
1769 1965 1882 2019 suf-

297 2061 421 2117 fusa
450 2059 636 2114 oculos
676 2057 821 2111 fumo
853 2055 1119 2126 superbiae
1153 2055 1324 2126 legem
1373 2056 1465 2110 Dei
1513 2056 1766 2124 praevalet
1794 2072 1886 2125 pe-

298 2152 684 2218 netrare?Age
725 2150 905 2219 igitur,
958 2157 1134 2217 pater,
1193 2147 1391 2202 nodum
1441 2148 1571 2204 mihi
1602 2148 1886 2218 proposita:

298 2245 620 2319 quaestionis
648 2241 798 2298 ocius
824 2240 972 2295 solve
998 2257 1010 2293 :
1032 2254 1133 2295 nec
1152 2238 1709 2310 patiarislmmilitatis
1730 2238 1885 2292 Chri-

299 2341 372 2394 sti
397 2335 719 2406 discipulum
775 2332 1124 2403 grandiIOQua
1177 2332 1497 2386 tumentium
1544 2331 1886 2400 philosopho-

299 2447 424 2484 rum
454 2426 734 2500 gymnasia
784 2424 1031 2479 circuire.
1092 2423 1247 2479 Dicat
1295 2423 1428 2477 mihi
1458 2422 1680 2492 angelus
1710 2437 1883 2488 meus,

299 2523 447 2592 quod
474 2517 780 2588 imperitmn
807 2515 1209 2570 dialecticorum
1235 2513 1425 2582 vulgus
1454 2515 1663 2582 ignorat
1693 2531 1704 2564 :
1741 2514 1886 2566 dicat

299 2614 520 2684 Sapiens
554 2608 842 2680 imperitia,
886 2607 1028 2677 quod
1059 2606 1223 2661 stulta
1247 2604 1507 2674 sapientia
1550 2618 1658 2656 non
1692 2619 1887 2674 appre-

298 2703 511 2762 hendit.
553 2699 677 2754 Haec
712 2699 895 2769 igitur,
927 2712 1046 2767 quae
1089 2696 1361 2764 proposita
1390 2703 1534 2755 sunt,
1573 2703 1726 2762 pater
1756 2696 1883 2748 cha-

299 2795 538 2857 rissime,
590 2793 883 2863 prudenter
927 2789 1185 2853 edissere,
1231 2796 1288 2842 ut
1339 2796 1621 2857 postquam
1653 2787 1720 2841 ad
1750 2787 1884 2842 divi-

299 2903 428 2942 nam
453 2893 770 2955 perventum
809 2889 893 2936 est
925 2879 1265 2950 sapientiam,
1296 2876 1425 2934 nulli
1456 2877 1679 2933 ulterius
1708 2878 1761 2932 in
1799 2878 1883 2934 his

298 2979 657 3048 quzestionem
684 2975 935 3045 expediat
955 2973 1235 3028 ventilare.

938 3063 1163 3119 CAPUT
1189 3063 1264 3135 ⁸ιι.

481 3165 658 3230 Quare
695 3163 904 3226 dicitur,
933 3159 1086 3224 June,
1120 3158 1329 3223 Dousa,
1360 3171 1703 3211 BENEDICERE.

372 3259 478 3313 Sed
505 3258 665 3327 hujus
692 3253 1008 3326 quzcstionis
1039 3253 1236 3305 nodum
1261 3250 1707 3320 qualitercunque
1739 3265 1767 3301 a
1795 3264 1882 3303 me

296 3351 451 3421 prius
481 3349 615 3404 solvi
638 3348 868 3402 fortasse
890 3343 1186 3414 praecipies,
1205 3351 1261 3397 et
1285 3341 1362 3396 sic
1388 3341 1728 3411 postmodum
1760 3356 1883 3410 pro-

297 3441 402 3512 prii
430 3438 739 3494 intellectus
777 3435 1100 3491 sententiam
1141 3446 1356 3503 promes
1385 3450 1397 3486 :
1431 3431 1881 3487 scholasticorum

296 3532 511 3590 scilicet
547 3545 699 3584 more
756 3529 1060 3591 doctorum,
1117 3525 1209 3593 qui
1257 3523 1608 3578 sciscitantur
1637 3539 1664 3575 a
1699 3523 1881 3592 pueris

295 3641 362 3682 ex
394 3636 716 3696 quacunque
760 3619 1019 3692 prepositi
1072 3616 1326 3671 thematis
1365 3615 1695 3680 difﬁcultate,
1751 3614 1878 3685 quid

295 3718 567 3780 sentiant;
601 3725 657 3769 ut
686 3710 977 3768 docilitatis
1009 3707 1237 3762 indolem
1260 3721 1325 3759 ex
1368 3721 1555 3760 eorum
1587 3705 1737 3774 prius
1758 3720 1882 3774 pro-

295 3811 498 3864 latione
528 3802 957 3876 deprehendant.
991 3798 1104 3868 Ego
1155 3798 1335 3866 itaque
1368 3805 1419 3850 te
1440 3796 1661 3867 jubente
1698 3811 1881 3850 moror

293 3900 604 3970 exprimere
657 3909 820 3964 super
863 3894 964 3947 hac
1010 3889 1302 3950 dubietate,
1337 3888 1480 3956 quod
1509 3887 1702 3952 sentio,
1732 3887 1881 3940 salva

295 3993 507 4048 scilicet
556 3989 695 4046 fide:
731 3995 790 4042 ut
821 3985 907 4040 vel
954 3985 1133 4053 inepte
1191 3980 1396 4052 prolata
1445 3980 1740 4048 corrigere,
1796 3978 1882 4034 vel

293 4085 547 4156 gnaviter
583 4081 849 4145 absoluta,
901 4087 993 4132 tua
1041 4076 1241 4130 debeas
1277 4072 1598 4127 auctoritate
1627 4071 1876 4140 probare.

296 4177 408 4234 Sed
439 4192 545 4230 non
593 4176 660 4229 ab
689 4188 746 4228 re
796 4171 1026 4235 videtur,
1056 4167 1102 4222 si
1129 4182 1236 4237 quo
1282 4165 1456 4220 studio
1483 4165 1598 4217 hmc
1627 4161 1880 4218 Ecclesiis

294 4272 353 4327 in
383 4267 830 4326 consuetudinem
859 4263 1126 4326 venerint,
1155 4260 1332 4331 primo
1366 4259 1603 4312 nitamur
1631 4255 1880 4310 ostende-

296 4379 358 4418 rc
388 4380 400 4416 :
440 4360 632 4416 deinde
659 4358 783 4428 quid
806 4355 985 4422 nobis,
1013 4369 1175 4425 super
1200 4353 1284 4408 his
1299 4365 1419 4422 qua:
1446 4348 1715 4420 proposita
1732 4352 1876 4412 sunt,

295 4457 566 4517 videatur,
601 4460 758 4523 prout
789 4464 1037 4520 superna:
1065 4446 1254 4518 gratia:
1286 4443 1518 4499 facultas
1549 4441 1754 4505 tulerit,
1786 4454 1880 4493 ex-

293 4546 508 4618 pedire.
536 4542 800 4599 Lecturus
834 4555 1068 4611 namque
1105 4552 1312 4609 magna:
1345 4533 1665 4590 humilitatis
1705 4531 1879 4595 gratia

297 4656 409 4697 non
438 4655 468 4693 a
492 4637 792 4701 sacerdote,
827 4637 919 4691 sed
946 4636 1012 4688 ab
1042 4647 1129 4697 eo,
1155 4631 1240 4686 cui
1267 4626 1521 4684 sacerdos
1539 4624 1786 4693 jusserit,
1817 4637 1877 4679 sc

295 4730 533 4802 postulat
559 4728 829 4792 benedici,
860 4726 1045 4780 dicens
1075 4741 1086 4776 :
1126 4721 1280 4785 Jube,
1307 4719 1528 4781 Donme,
1557 4716 1873 4770 benedicere.

300 4824 570 4880 Sacerdos
614 4830 815 4885 autem,
845 4827 900 4873 ut
937 4825 1098 4872 tanta:
1127 4812 1415 4870 humilitati
1447 4811 1622 4865 vicem
1664 4808 1874 4872 reddat,

298 4931 409 4973 non
440 4912 682 4981 subjecto
705 4911 959 4982 cuiquam
984 4905 1333 4964 benedicendi
1358 4901 1568 4972 delegat
1604 4897 1869 4963 oﬂicium;

298 5023 406 5063 non
439 5022 534 5078 per
558 5005 904 5072 semetipsum
946 4999 1373 5056 benedictionem
1399 4995 1528 5049 dare
1569 4991 1870 5063 praesumit,

299 5100 396 5156 sed
431 5098 630 5168 potius,
656 5104 712 5148 ut
747 5109 774 5146 a
810 5095 940 5157 Deo,
994 5091 1084 5159 qui
1112 5097 1196 5145 est
1222 5101 1383 5158 super
1408 5083 1610 5147 omnia,
1659 5079 1878 5137 benedi-

299 5193 410 5248 ctio
431 5196 778 5262 prmrogctur,
805 5185 1066 5254 exposcit.

921 5272 1147 5331 CAPUT
1186 5271 1266 5326 lll.

563 5370 708 5426 Unde
735 5378 906 5424 ortum
941 5368 1027 5429 sit,
1063 5366 1298 5418 DOMtNUS
1335 5373 1610 5415 vomscuu.

397 5467 629 5520 ilautem
676 5461 817 5532 quod
846 5460 1064 5521 dicitur,
1096 5455 1348 5508 Dominus
1386 5451 1665 5513 vobiscum,
1696 5461 1875 5503 sacer‘

302 5559 444 5614 dotis
475 5565 558 5613 est
581 5555 647 5610 ad
679 5553 931 5625 populum
965 5548 1214 5606 salutatio
1242 5561 1256 5599 :
1281 5553 1403 5601 orat
1435 5543 1577 5597 enim
1613 5549 1669 5594 ut
1692 5537 1874 5594 Domi-

304 5669 404 5708 nus
455 5653 528 5706 sit
568 5664 691 5704 cum
762 5645 1043 5720 eis;sicut
1085 5641 1338 5711 dignatur
1388 5634 1550 5706 224
1578 5634 1754 5688 dicere
1783 5645 1878 5700 per

304 5743 667 5813 prophetam:
707 5756 723 5788 ι
761 5733 1079 5793 lnhabitabo
1105 5732 1159 5784 in
1182 5730 1301 5800 ‘illis
1324 5726 1508 5799 (Leuit.
1541 5724 1708 5792 xxvi).
1755 5741 1773 5774 ι
1812 5721 1877 5775 Et

307 5834 557 5890 Salvator
586 5830 865 5900 discipulis
887 5826 1021 5890 suis,
1058 5823 1372 5894 cunctisque
1401 5817 1643 5875 ﬁdelibus
1674 5834 1684 5870 :
1724 5833 1740 5866 ι
1772 5813 1873 5868 Ec-

705 5921 976 5984 ΡΔτιιοι.
1023 5919 1267 5982 CXLV.

1905 4583 1958 4645 D

1980 2020 1982 2023 .
2068 1963 2315 2018 Ecclesia
2373 1978 2502 2033 ergo
2541 1962 2747 2017 salubri
2779 1962 3103 2017 salutatione
3154 1964 3450 2019 sacerdotis
3487 1981 3582 2020 ac-

1952 2042 1971 2130 _'
1993 2066 2180 2128 cepta,
2208 2065 2262 2111 et
2287 2057 2402 2126 ipsa
2435 2054 2781 2110 resalutando
2811 2064 2952 2120 orat,
2977 2064 3031 2109 et
3060 2056 3263 2109 orando
3285 2056 3578 2111 resalutat:

1993 2153 2278 2223 postulans
2317 2162 2372 2206 ut
2404 2153 2544 2207 sicut
2581 2152 2668 2206 ille
2699 2153 2985 2207 Dominum
3011 2168 3130 2207 esse
3171 2168 3290 2207 cum
3322 2155 3401 2209 eis
3426 2163 3580 2223 opta-

1950 2266 1962 2317 -_
1992 2246 2094 2308 vit,
2124 2244 2198 2297 ita
2227 2253 2424 2297 etcum
2454 2258 2518 2297 eo
2547 2256 2666 2297 esse
2686 2243 2956 2312 dignetur,
2985 2242 3203 2297 dicens:
3236 2241 3303 2295 Et
3329 2260 3447 2297 cum
3475 2245 3580 2312 spi-

1997 2337 2103 2388 ritu
2132 2343 2256 2401 tuo,
2296 2335 2350 2388 id
2403 2343 2506 2399 est,
2574 2350 2694 2389 emn
2755 2335 2936 2388 anima
2993 2345 3081 2389 tua
3125 2336 3197 2390 sit
3241 2337 3583 2406 omnipotens

1995 2425 2160 2490 Deus,
2191 2434 2248 2478 ut
2279 2441 2400 2478 eum
2433 2426 2594 2496 digne
2641 2440 2739 2494 pro
2773 2434 2956 2479 nostra
2996 2425 3168 2480 salute
3188 2426 3359 2494 possit
3398 2439 3577 2482 orare.

1993 2516 2063 2570 Et
2089 2516 2384 2570 notandum
2426 2515 2568 2584 quod
2612 2531 2718 2568 non
2751 2516 2902 2581 dicit,
2933 2523 3110 2570 tecum
3143 2533 3158 2581 ;
3189 2517 3300 2579 sed,
3326 2532 3442 2569 cum
3473 2517 3582 2586 spi-

1993 2608 2100 2659 ritu
2131 2617 2218 2660 tuo
2249 2615 2345 2660 :ut
2377 2615 2570 2671 totum,
2601 2607 2742 2676 quod
2776 2607 2829 2660 in
2861 2606 3245 2662 ecclesiasticis
3273 2606 3461 2663 ofﬁciis
3489 2623 3584 2678 ge-

1992 2699 2152 2763 ritur,
2205 2699 2557 2769 spiritualiter
2604 2698 3131 2769 fieriperpendatur.
3185 2699 3250 2753 Et
3279 2699 3414 2754 bene
3457 2715 3581 2754 cum

1989 2792 2186 2862 spiritu
2233 2792 2473 2848 hominis
2523 2806 2642 2847 esse
2687 2791 2829 2847 Deus
2877 2801 3118 2861 optatur,
3149 2792 3275 2861 quia
3307 2793 3361 2846 in‘
3397 2799 3577 2847 mente

1988 2891 2045 2936 et
2076 2883 2288 2952 spiritu,
2345 2884 2411 2938 ad
2443 2883 2733 2953 imaginem
2771 2893 2824 2938 et
2854 2883 3262 2938 similitudinem
3293 2883 3385 2938 Dei
3415 2885 3578 2939 homo

1992 2974 2272 3028 rationalis
2302 2981 2387 3028 est
2431 2974 2705 3038 conditus,
2735 2982 2900 3042 atque
2931 2974 3005 3028 ibi
3062 2973 3254 3029 divinae
3282 2975 3473 3041 gratia:
3523 2983 3579 3030 et

1988 3063 2402 3118 illuminationis
2431 3071 2514 3117 est
2539 3077 2732 3133 capax.

2066 3149 2174 3211 sed
2198 3164 2252 3210 et
2283 3156 2370 3210 illa
2399 3155 2650 3210 salutatio
2685 3156 3011 3225 episcopalis
3060 3156 3126 3210 ad
3155 3156 3433 3226 populum,
3467 3175 3577 3231 qua

1990 3249 2190 3303 dicitur
2224 3262 2238 3300 :
2265 3245 2384 3300 Pax
2414 3247 2701 3312 vobiscum,
2733 3247 2870 3311 sive,
2911 3263 3017 3316 pax
3046 3247 3206 3314 vobis,
3239 3263 3346 3303 non
3372 3265 3441 3305 ex
3469 3251 3576 3306 ltu-

1990 3343 2138 3396 mani
2170 3356 2363 3396 sensus
2392 3341 2574 3395 studio
2606 3339 2824 3409 prodiit,
2860 3341 2954 3394 sed
2983 3341 3047 3394 de
3069 3355 3239 3396 sacrae
3281 3340 3578 3411 Scriptura:

1987 3433 2240 3488 similiter
2257 3433 2584 3488 auctoritate
2612 3431 2884 3502 profluxit.
2918 3431 3057 3486 Nam
3104 3444 3158 3487 et
3184 3435 3237 3489 in
3264 3434 3445 3490 Veteri
3470 3435 3579 3492 Te-

1987 3534 2260 3580 stamento
2290 3525 2492 3580 dixisse
2544 3524 2751 3578 Danieli
2801 3524 3023 3592 angelus
3053 3524 3327 3580 invenitur
3360 3544 3372 3580 :
3407 3545 3424 3578 ι
3454 3527 3576 3584 Noli

1987 3617 2202 3682 timere,
2236 3618 2320 3671 vir
2375 3619 2787 3682 desideriorum,
2832 3633 2937 3688 pax
3003 3619 3114 3683 tibi,
3168 3619 3490 3686 eonfortare,
3521 3631 3577 3678 et

1985 3719 2106 3765 esto
2136 3711 2392 3765 robustus
2418 3711 2579 3780 (Dan.
2605 3711 2688 3783 x);
2723 3733 2740 3764 ι
2767 3721 2822 3766 et
2846 3712 2900 3766 in
2928 3711 3079 3766 Novo
3104 3727 3469 3784 penesemper
3492 3716 3572 3772 ita

1985 3805 2252 3860 Dominus
2292 3805 2561 3860 salutasse
2617 3804 2913 3874 discipulos
2953 3805 3188 3876 legitur:
3224 3824 3241 3858 ι
3271 3805 3384 3861 Pax
3419 3808 3575 3864 vobis

1986 3895 2141 3966 (Luc.
2175 3911 2334 3962 χχιιι,
2360 3895 2520 3951 Joan.
2553 3897 2666 3967 xx).
2699 3915 2716 3948 ι
2747 3897 2953 3964 Quibus
3000 3898 3257 3954 nimirum
3293 3899 3572 3970 discipulis

1983 3989 2233 4041 eamdem
2256 3987 2597 4042 salutationis
2619 3987 2845 4043 formam
2887 3989 3303 4050 commendavit.
3341 3990 3568 4046 dicens:

1991 4095 2010 4127 ι
2045 4075 2100 4128 ln
2125 4091 2508 4146 quamcunque
2529 4076 2745 4130 domum
2781 4077 3112 4132 intraveritis
3129 4117 3144 4141 ,
3169 4077 3400 4133 salutate
3425 4093 3566 4145 eam,

1986 4167 2228 4221 dicentes
2261 4184 2274 4220 :
2302 4169 2408 4221 Pax
2444 4167 2570 4222 huic
2597 4168 2777 4222 domui
2809 4168 3022 4237 (Matth.
3059 4170 3134 4238 ι).
3173 4189 3190 4220 ι
3220 4168 3412 4224 Merito
3438 4184 3568 4241 ergo

1985 4260 2358 4329 apostolorum
2405 4275 2768 4324 successores,
2826 4260 2879 4314 id
2917 4269 3001 4313 est
3031 4259 3396 4314 Ecclesiarum
3431 4275 3568 4328 prae-

1984 4352 2151 4418 sules,
2211 4351 2369 4420 hujus
2433 4351 2607 4407 forma
2662 4351 3000 4405 salutationis
3049 4359 3303 4416 utuntur;
3349 4351 3565 4405 domum

1985 4448 2196 4504 scilicet
2227 4447 2320 4501 Dei
2351 4445 2664 4510 salutantes,
2694 4445 2784 4500 ubi
2832 4459 3021 4498 omnes
3049 4451 3262 4514 oportet
3288 4457 3408 4498 esse
3429 4441 3567 4499 ﬁlios

1986 4541 2161 4612 pacis,
2195 4549 2254 4594 ut
2301 4539 2554 4594 salutatio
2585 4541 2732 4609 pacis
2777 4553 2937 4606 super
2987 4550 3083 4592 eos
3115 4535 3487 4605 requiescens,
3513 4544 3568 4590 et

1987 4630 2350 4688 salutantibus
2377 4638 2432 4684 et
2457 4629 2707 4684 salutatis
2732 4629 2904 4697 possit
2932 4642 3049 4682 esse
3072 4624 3365 4682 fructuosa.

2599 4723 2821 4779 CAPUT
2856 4721 2940 4776 IV.

1987 4821 2140 4888 Quod
2166 4822 2296 4875 sicut
2323 4821 2428 4872 alia
2458 4832 2610 4872 sacra
2640 4815 2913 4888 Sgripturn
2944 4829 3048 4866 non
3069 4813 3302 4878 subjacet
3345 4809 3566 4862 mutabi-

2325 4890 2484 4954 litati,
2513 4889 2584 4941 ita
2613 4897 2658 4940 et
2688 4884 2924 4938 Doumus
2952 4897 3227 4936 vomscun.

2052 4986 2172 5040 Jam
2201 4985 2366 5056 igitur
2385 4999 2447 5037 ex
2485 4983 2552 5037 iis
2580 4997 2698 5052 quae
2723 4971 3003 5048 pizemissa
3032 4986 3178 5039 sunt,
3221 4980 3397 5043 patet,
3436 4975 3560 5044 quia

1983 5075 2464 5145 sicutprophetica
2511 5070 2801 5140 scriptura,
2836 5068 3274 5138 psalmorumque
3320 5065 3561 5119 modula—

1987 5170 2078 5235 tio,
2112 5167 2195 5222 vel
2224 5167 2386 5222 etiam
2410 5161 2716 5233 evangelica
2750 5160 2923 5230 gratia
2951 5157 3209 5212 divinitus
3233 5157 3295 5210 ad
3319 5166 3560 5211 nostram

1985 5261 2230 5316 notitiam
2264 5258 2462 5327 prodiit
2489 5273 2507 5320 ;
2539 5256 2618 5310 sic
2646 5254 2811 5308 etiam
2864 5253 2916 5305 id
2948 5251 3090 5320 quod
3119 5251 3342 5314 dicitur,
3373 5249 3561 5304 Domi-

1987 5372 2082 5409 nus
2132 5353 2413 5416 vobiscum,
2445 5365 2548 5404 non
2579 5365 2646 5403 ex
2693 5346 2913 5399 humani
2952 5358 3144 5400 sensus
3179 5342 3424 5406 arbitrio,
3466 5343 3561 5396 sed

1986 5464 2015 5502 a
2042 5447 2252 5500 Veteris
2275 5444 2519 5512 Novique
2556 5439 2886 5495 Testamenti
2912 5437 3231 5492 auctoritate
3255 5422 3558 5491 descendit.

1985 5541 2138 5596 Sicut
2167 5554 2292 5609 ergo
2331 5536 2632 5590 divinarum
2680 5532 3085 5602 Scripturarum
3139 5527 3448 5584 auctoritati
3484 5526 3561 5580 nil

1981 5649 2080 5703 pro
2126 5644 2304 5684 rerum
2329 5627 2593 5681 varietate
2648 5622 3006 5688 subtrahitur,
3041 5621 3115 5676 nil
3169 5628 3421 5690 augetur;
3465 5617 3557 5671 sed

1983 5722 2143 5793 225
2162 5720 2339 5791 potius
2365 5719 2418 5772 in
2437 5715 2908 5772 his'ecclesiastica
2922 5712 3253 5771 consuetudo
3271 5715 3515 5764 servatur
3538 5721 3553 5758 :

1984 5816 2058 5870 ita
2073 5813 2327 5867 nimirum
2344 5817 2396 5866 et
2420 5811 2533 5866 hzec
2553 5806 2906 5865 sacerdotalis
2930 5803 3183 5862 salutatio
3220 5809 3555 5867 nequaquam

1985 4929 2010 4976 P-
