4106 6320
276 390 383 447 287

1025 395 1267 456 OPUSC.
1307 397 1397 455 XL
1439 431 1512 444 --
1544 401 1744 457 LIBER
1782 401 1899 469 QL’i
1933 401 2207 459 DlClTUR
2245 401 2548 462 DOMINUS
2586 403 2953 463 VOBISCUM.

3428 404 3535 461 258

274 520 468 561 mones
513 505 692 577 legitis
718 521 736 560 :
770 508 965 579 quibus
1010 512 1265 588 nimirum
1315 523 1545 586 cogente
1609 516 1859 571 lectionis
1887 522 1933 582 Α
1963 516 2221 573 Ecclesiae
2240 517 2500 572 unitatem
2513 518 2803 588 Apostolus
2829 517 3113 575 manifeste
3130 517 3389 585 declarat,
3414 535 3539 576 cuin

274 598 461 662 modo,
492 598 747 668 populum
765 599 973 671 alloqui
999 582 1282 671 videmirii,
1312 615 1367 661 et
1388 582 1538 661 velut
1566 607 1631 661 ad
1662 622 1856 664 secun-

275 689 401 744 dam
446 704 760 758 personam,
807 692 1013 748 scilicet
1069 695 1421 761 auditorum,
1467 698 1647 753 omnia
1694 698 1859 754 verba

270 789 462 835 vestra
484 781 751 852 dirigitis.;
780 792 945 853 atque
964 795 1023 842 ut
1050 787 1168 857 ipsa
1197 789 1540 846 bomiliarum
1571 793 1734 848 verba
1763 807 1861 863 po—

272 886 492 937 namus,
544 873 760 942 quibus,
790 888 994 946 ,quaso,
1020 878 1243 935 dicitis:
1271 880 1483 948 Audite,
1516 881 1706 951 fratres
1736 885 1863 938 cha-

273 968 497 1033 rissimi,
528 977 583 1024 et
620 977 837 1033 caetera,
863 985 983 1041 quae
1021 982 1348 1043 sequuntur,
1375 991 1497 1030 cum
1542 976 1615 1031 ibi
1663 975 1864 1033 fratres

272 1059 408 1114 nulli
439 1060 567 1115 sint.
595 1059 725 1128 Quae
760 1062 1012 1119 videlicet
1038 1065 1084 1119 si
1113 1065 1278 1121 vultis
1306 1068 1373 1120 ad
1413 1075 1649 1122 vestram
1680 1067 1863 1138 singu-

269 1149 553 1209 laritatem
628 1152 768 1222 style
830 1154 1165 1210 reclamante
1230 1157 1500 1213 violenter
1567 1156 1860 1225 inﬂectere,

272 1240 403 1310 quia
432 1240 486 1294 id
523 1256 746 1310 prorsus
773 1242 1106 1314 impossibile
1125 1255 1230 1312 est,
1268 1248 1353 1303 his
1382 1248 1601 1303 omissis
1643 1263 1864 1305 necesse

265 1331 385 1402 jam
408 1334 566 1391 vobis
594 1336 699 1391 erit
721 1350 859 1391 nova
887 1338 1113 1395 dictare.
1138 1340 1248 1395 Cur
1276 1342 1438 1397 etiam
1485 1358 1609 1397 cum
1642 1343 1711 1397 ad
1742 1358 1865 1398 ora-

277 1428 457 1483 tiones
475 1437 797 1496 perventum
820 1430 1005 1495 fuerit,
1034 1431 1252 1488 dicitis:
1275 1431 1534 1497 Orcmus;
1562 1448 1682 1486 cum
1705 1448 1864 1487 nemo

273 1517 390 1572 illic
420 1519 510 1582 sit,
544 1519 635 1588 qui
664 1534 824 1574 orare
852 1522 1131 1576 vobiscum
1165 1524 1397 1578 debeat?
1427 1538 1586 1593 quem
1622 1524 1688 1578 ad
1717 1539 1866 1578 com-

273 1608 595 1666 munionem
646 1611 911 1667 orationis
968 1613 1235 1677 invitatis,
1295 1615 1388 1682 qui
1437 1615 1639 1668 nullum
1674 1616 1866 1670 adesse

271 1700 632 1769 conspicitis?
656 1700 769 1758 Cur
795 1703 961 1758 etiam
999 1703 1052 1756 in
1090 1704 1284 1772 expleti
1315 1703 1472 1758 oliicii
1521 1704 1764 1758 clausula
1797 1718 1867 1760 ex

276 1807 436 1847 more
458 1792 787 1863 subjungitis
806 1810 820 1847 :
837 1792 1217 1849 Benedicamus
1231 1795 1488 1860 Domino;
1520 1811 1642 1850 cum
1669 1805 1867 1865 pl‘iBSlO

1962 605 2094 660 dicit
2126 623 2139 660 :
2176 606 2393 662 «Unum
2420 622 2640 677 corpus,
2690 623 2827 662 unus
2868 610 3043 677 panis,
3075 608 3229 664 multi
3273 624 3459 665 sumus
3486 608 3542 680 (Ι

1961 695 2082 751 Cor.
2113 696 2190 769 ι).
2213 717 2232 750 i
2263 697 2433 752 Tanta
2455 706 2539 752 est
2559 699 2701 753 enim
2734 698 2986 755 Ecclesia:
3015 701 3193 756 unitas
3222 701 3274 755 in
3300 700 3541 770 Christo,

1962 795 2024 840 ut
2053 803 2191 843 unus
2216 788 2417 859 ubique
2448 791 2500 843 in
2543 792 2655 845 tcto
2686 791 2819 846 orbe
2846 801 3111 847 terrarum
3140 794 3211 848 sit
3233 794 3387 864 panis
3415 809 3542 850 cor-

1962 877 2112 948 poris
2139 878 2361 944 Christi,
2396 887 2450 933 et
2474 895 2613 936 unus
2640 880 2781 935 calix
2809 881 3090 950 sanguinis
3117 880 3253 949 ejus.
3276 883 3546 950 Quoniam

1962 968 2104 1023 sicut
2133 968 2387 1025 divinitas
2423 970 2576 1026 Verbi
2618 972 2710 1025 Dei
2744 989 2852 1026 una
2886 981 2993 1039 est,
3016 988 3136 1042 qua:
3161 981 3330 1029 totum
3359 974 3548 1045 implet

1966 1060 2365 1115 mundum:ita
2418 1061 2545 1116 licet
2588 1062 2771 1118 multis
2820 1063 2979 1129 locis,
3030 1064 3324 1135 multisque
3354 1065 3547 1123 diebus

1964 1149 2096 1205 illud
2146 1165 2342 1221 corpus
2395 1162 2777 1220 consecretur;
2820 1169 2925 1209 non
2976 1163 3103 1209 sunt
3150 1163 3331 1209 tamen
3381 1154 3550 1211 multa

1966 1256 2217 1311 corpora,
2241 1243 2333 1297 sed
2362 1259 2524 1297 unum
2550 1260 2748 1315 corpus
2761 1244 2986 1300 Christi.
3011 1246 3077 1301 Et
3102 1247 3242 1302 sicut
3284 1245 3371 1302 ille
3397 1247 3551 1318 panis

1966 1343 2022 1387 et
2048 1333 2269 1401 sanguis
2312 1328 2364 1387 in
2409 1349 2609 1403 corpus
2650 1334 2850 1390 Christi
2881 1337 3151 1392 veraciter
3177 1337 3551 1393 transierunt:

1967 1425 2041 1479 ita
2072 1440 2282 1492 omnes,
2330 1427 2422 1495 qui
2472 1426 2601 1483 illud
2642 1427 2696 1482 in
2738 1415 2983 1484 Ecclesia
3024 1430 3182 1501 digne
3222 1430 3552 1501 percipiunt,

1928 1542 1931 1545 π
1968 1533 2133 1571 unum
2174 1519 2379 1588 absque
2413 1519 2578 1574 dubio
2608 1518 2810 1575 Christi
2858 1536 3055 1590 corpus
3087 1522 3220 1576 liunt
3245 1562 3260 1586 ,
3309 1521 3426 1593 ipso
3476 1530 3557 1576 te-

1968 1613 2168 1672 stante,
2198 1622 2318 1661 cum
2363 1607 2474 1660 ait:
2508 1627 2526 1659 ι
2548 1607 2652 1675 Qui
2696 1611 2987 1664 manducat
3018 1625 3238 1665 carnem
3267 1625 3467 1677 meam,
3495 1616 3553 1664 et

1969 1698 2107 1753 bibit
2134 1699 2455 1770 sanguinem
2498 1716 2699 1767 meum,
2746 1701 2799 1755 in
2827 1717 2915 1757 ine
2948 1710 3154 1767 manet,
3185 1711 3239 1757 et
3276 1716 3375 1773 ego
3402 1702 3455 1757 in
3487 1715 3554 1758 eo

1970 1789 2154 1861 (Joan.
2183 1791 2280 1860 vi).
2297 1811 2316 1841 ι

278 1872 465 1937 nullus
496 1883 739 1950 assistat,
780 1889 879 1964 qui
914 1886 1193 1940 vobiscum
1234 1886 1516 1941 Dominum
1550 1887 1870 1943 benedicat?
1902 1881 1944 1938 Β
2044 1883 2101 1937 Si
2133 1898 2261 1954 ergo
2290 1897 2481 1936 omnes
2519 1898 2683 1937 unum
2712 1881 2909 1938 Christi
2943 1897 3139 1953 corpus
3167 1898 3376 1949 sumus,
3409 1892 3466 1938 et
3492 1882 3558 1938 li-

354 1970 481 2026 Hzec
505 1971 671 2042 igitur
696 1980 749 2029 et
782 1973 891 2028 alia
917 1973 1084 2028 multa
1127 1990 1248 2046 qua:
1288 1976 1505 2045 longum
1533 1977 1616 2032 est
1643 1993 1869 2035 enume-

281 2077 431 2130 rare,
472 2063 814 2132 perpendite,
864 2071 920 2119 et
963 2064 1349 2120 ecclesiasticae
1380 2067 1685 2121 traditionis
1716 2083 1872 2137 regu-

275 2158 387 2212 lam
414 2157 530 2213 sive
562 2156 685 2223 soli,
717 2157 834 2211 sive
874 2172 1000 2212 cum
1031 2157 1276 2227 pluribus
1315 2158 1659 2215 uniformiter
1685 2160 1872 2215 obser-

273 2257 425 2303 vate.
454 2248 515 2302 Si
553 2249 701 2303 enim
730 2248 980 2304 doctores
1010 2248 1266 2303 Ecclesia:
1296 2250 1351 2304 id
1392 2251 1650 2319 expedire
1683 2254 1872 2307 decer-

282 2349 503 2405 nerent,
563 2339 619 2393 in
679 2340 1071 2396 ecclesiasticis
1129 2340 1321 2395 ciliciis
1385 2341 1551 2396 alium
1621 2342 1867 2413 singulis,

277 2429 449 2487 alium
529 2428 715 2489 multis
793 2430 1038 2485 ordinem
1098 2425 1480 2497 tradidissent;
1557 2432 1651 2487 sed
1704 2449 1869 2488 unum

276 2520 531 2579 contenti
600 2529 811 2577 remota
875 2522 1191 2577 diversitate
1246 2537 1620 2593 componere,
1703 2541 1870 2579 unum

279 2628 381 2669 nos
408 2613 709 2669 docuerunt
738 2611 985 2667 ordinem
1032 2611 1327 2667 inviolabili
1356 2626 1572 2682 semper
1611 2614 1873 2667 observa-

279 2708 431 2761 tione
483 2714 691 2763 tenere.
726 2704 1086 2759 Providerunt
1130 2706 1300 2771 enim,
1350 2705 1476 2775 quia
1523 2705 1787 2775 quidquid
1817 2707 1873 2760 in

279 2798 485 2855 divinis
524 2796 797 2866 obsequiis
823 2811 855 2851 a
879 2795 1119 2865 quolibet
1150 2796 1408 2851 Ecclesiae
1450 2797 1694 2852 membro
1721 2812 1876 2853 reve-

284 2898 472 2947 renter
495 2886 742 2953 oﬂertur,
780 2888 834 2942 id
860 2888 1026 2943 etiam
1073 2887 1179 2942 ﬁde
1224 2897 1279 2943 et
1332 2888 1620 2945 dev0tioue
1649 2898 1875 2945 cuncto-

284 3000 405 3038 rum
437 2983 819 3040 universaliter
845 2985 1190 3039 exhibeatur.
1226 2982 1378 3041 Unus
1405 2994 1490 3041 est
1523 2986 1668 3040 enim
1686 2986 1875 3044 Eccle-

282 3077 378 3132 siae
404 3076 671 3146 Spiritus,
699 3092 809 3147 quo
835 3076 1147 3132 viviﬁcatur
1189 3091 1359 3132 unum
1408 3092 1627 3147 corpus,
1666 3078 1813 3148 quod
1842 3094 1875 3133 a

284 3168 507 3223 Christo
539 3167 794 3222 videlicet
832 3181 932 3222 suo
969 3168 1149 3237 capite
1186 3176 1570 3238 praiservatur.
1602 3166 1739 3223 Tota
1778 3168 1877 3240 igi-

1972 1985 2061 2030 cct
2095 1989 2189 2044 per
2217 1975 2555 2044 corporalem
2585 1976 2819 2044 speciem
2851 1975 3131 2029 videamur
3164 1973 3406 2046 abjungi,
3443 1974 3559 2045 spi-

1974 2070 2079 2123 ritu
2108 2080 2283 2124 tamen
2317 2071 2384 2125 ab
2412 2070 2639 2124 invicem
2688 2070 2927 2137 separari
2974 2084 3078 2124 non
3115 2083 3424 2139 possumus,
3465 2067 3560 2138 qui

1973 2161 2027 2214 in
2053 2177 2117 2215 eo
2140 2177 2453 2226 manemus;
2485 2160 2612 2229 quid
2642 2168 2855 2223 noceat,
2880 2175 2980 2230 ego
3010 2174 3114 2213 non
3138 2149 3316 2225 video,
3346 2160 3391 2217 si
3414 2174 3561 2213 com-

1975 2266 2191 2304 munem
2220 2250 2471 2304 Ecclesim
2496 2250 2940 2304 consuetudinem
2968 2258 3021 2303 et
3038 2248 3234 2320 singuli
3260 2261 3561 2315 teneamus,

1975 2348 2064 2414 qui
2092 2362 2192 2416 per
2217 2346 2441 2399 unitatis
2472 2344 2763 2398 individua:
2790 2352 3202 2399 sacramentum
3235 2343 3304 2398 ab
3333 2360 3395 2398 ea
3425 2360 3564 2398 nuu-

1976 2452 2137 2507 qnam
2189 2437 2529 2491 recessimus.
2583 2434 2717 2490 Cum
2772 2434 2919 2490 enim
2954 2433 3260 2489 communia
3309 2432 3567 2489 Ecclesia:

1979 2528 2145 2582 verba
2175 2527 2320 2582 solus
2347 2525 2583 2597 profero,
2617 2542 2737 2580 cum
2785 2542 2849 2580 ea
2881 2540 2968 2580 me
3015 2540 3133 2579 esse
3165 2539 3351 2590 unum,
3380 2540 3441 2581 ac
3469 2540 3567 2595 per
3628 2584 3632 2588 _

1977 2620 2322 2689 praesentiam
2368 2618 2592 2688 spiritus
2626 2618 2678 2670 in
2708 2633 2771 2671 ea
2805 2630 2890 2670 me
2921 2616 3183 2670 veraciter
3225 2607 3445 2670 manere
3475 2615 3569 2669 de-

1982 2719 2227 2765 monstro
2254 2727 2268 2763 :
2292 2718 2346 2763 et
2375 2710 2418 2764 si
2476 2709 2592 2779 ejus
2639 2724 2758 2763 sum
2809 2708 3077 2762 veraciter
3107 2708 3434 2773 membrum,
3462 2722 3571 2762 non

1980 2800 2429 2857 inconvenienter
2452 2799 2721 2870 adimplcu
2749 2814 2883 2853 meae
2914 2798 3289 2853 universitatis
3310 2795 3569 2853 officium.

2589 2911 2815 2967 CAPUT
2853 2909 2945 2964 IX.

1983 3004 2135 3073 Quod
2162 3005 2387 3077 cilicium
2408 3001 2928 3085 membricujuslibet
2957 2999 3216 3070 speciale,
3245 3000 3339 3054 toti
3366 2999 3574 3071 corpori

2580 3082 2645 3127 δίε
2672 3087 2965 3125 commune.

2055 3168 2227 3224 Porro
2250 3168 2306 3222 in
2337 3168 2576 3221 humano
2606 3179 2835 3234 corpore
2885 3162 3029 3217 aliud
3074 3161 3240 3222 oculi.
3288 3161 3434 3215 aliud
3473 3159 3578 3215 lin-

290 3268 376 3313 tur
408 3259 652 3314 Ecclesia
693 3259 1033 3314 diversorum
1084 3237 1307 3328 quidem
1353 3268 1569 3319 constat
1622 3237 1883 3329 compa-ge

1988 3276 2115 3335 gua,
2142 3260 2288 3314 aliud
2315 3259 2499 3328 pedes,
2552 3256 2698 3310 aliud
2746 3269 2940 3308 manus
2992 3237 3196 3309 habent
3248 3251 3577 3307 naturaliter

290 3353 688 3415 membrorum,
740 3351 835 3405 sed
881 3366 1050 3404 unum
1098 3358 1184 3404 est
1230 3349 1418 3420 procul
1464 3350 1630 3404 dubio
1660 3365 1882 3419 corpus,

290 3444 453 3499 unius
475 3442 603 3497 fidei
634 3441 906 3497 soliditate
929 3440 1241 3506 fundatum,
1272 3455 1381 3495 una
1405 3438 1727 3495 vivificantis
1759 3439 1883 3509 Spi-

290 3539 432 3594 ritus
483 3538 684 3592 virtute
740 3535 1039 3606 perfusum.
1092 3534 1250 3590 Unde
1302 3544 1358 3590 et
1409 3533 1704 3604 Apostolus
1758 3533 1881 3587 ait:

296 3651 315 3683 ι
349 3631 529 3688 Unum
574 3645 791 3701 corpus,
824 3644 963 3684 unus
1011 3629 1255 3699 spiritus,
1286 3627 1428 3683 sicut
1449 3628 1629 3682 vocati
1660 3627 1794 3683 estis
1830 3628 1885 3683 in

293 3739 402 3778 una
436 3738 533 3792 spe
558 3722 855 3776 vocationis
884 3730 1075 3775 vestrm
1096 3718 1314 3790 (Ephes.
1342 3719 1474 3791 tv).i
1502 3719 1732 3789 Dignum
1756 3733 1887 3789 ergo

291 3827 382 3872 est
407 3827 467 3870 ut
490 3816 753 3886 quidquid
779 3814 834 3869 in
855 3814 1029 3869 sacris
1060 3810 1249 3867 oﬂieiis
1271 3828 1302 3865 a
1328 3811 1739 3881 quibuscunque
1762 3810 1889 3865 lide-

296 3910 440 3965 libus
491 3909 889 3979 particulariter
933 3908 1133 3978 agitur,
1182 3907 1283 3961 hoc
1333 3906 1451 3975 ipsa
1498 3905 1743 3960 Ecclesia
1794 3919 1891 3975 per

297 4005 567 4058 unitatem
620 4002 766 4067 lidei,
818 4012 875 4057 et
923 4001 1213 4058 cbaritatis
1265 4013 1508 4054 amorem
1560 3998 1892 4053 unanimiter

298 4108 469 4165 agere
490 4094 755 4149 videatur.

469 4182 482 4191 ‘
893 4163 1123 4221 CAPUT
1168 4162 1301 4219 VIII.

305 4257 466 4325 Quod
493 4256 814 4326 sacriﬁcium
867 4258 1005 4327 quod
1049 4256 1310 4311 altaribus
1335 4252 1727 4324 superponitur,
1759 4268 1793 4306 α
1816 4252 1894 4307 ui-

618 4331 692 4381 ris
713 4326 943 4385 simulet
977 4326 1284 4383 mulieribus
1308 4327 1583 4396 offeratur.

381 4440 522 4497 Hinc
549 4449 634 4497 est
657 4441 825 4505 enim,
874 4442 1015 4510 quod
1050 4440 1105 4495 in
1140 4439 1257 4510 ipsa
1291 4438 1659 4494 celebratione
1701 4435 1899 4492 missa-

306 4552 434 4591 rum
486 4535 572 4591 cui
622 4533 1161 4598 diciturzdlemento,
1200 4532 1441 4597 Domine,
1474 4530 1796 4602 famulorum
1818 4528 1902 4599 fa-

1986 3353 2287 3426 proprium.
2318 3348 2427 3405 Sed
2472 3362 2648 3419 neque
2675 3361 2867 3399 manus
2892 3343 3021 3399 solae
3061 3344 3283 3398 sibimet
3322 3348 3575 3413 tangunt,

1987 3459 2088 3500 nec.
2116 3442 2218 3498 sibi
2254 3441 2421 3511 pedes
2448 3438 2729 3503 incedunt,
2758 3445 2849 3489 aut
2876 3434 3057 3506 lingua
3112 3434 3371 3504 loquitur,
3400 3431 3486 3488 vel
3507 3431 3582 3489 si-

1989 3538 2156 3593 bimet
2181 3534 2323 3589 oculi
2346 3530 2782 3601 contemplantur
2803 3546 2816 3581 :
2841 3529 2936 3582 sed
2958 3527 3219 3598 quidquid
3248 3535 3427 3597 potest
3454 3541 3584 3581 una-

1993 3642 2219 3701 quaeque
2248 3640 2375 3697 pars
2405 3623 2651 3694 corporis
2679 3619 2984 3691 specialiter
3012 3634 3198 3690 agere,
3250 3618 3354 3672 hoc
3390 3617 3587 3686 proba-

1998 3733 2084 3777 tur
2106 3720 2358 3775 omnibns
2392 3716 2446 3769 in
2494 3726 2780 3769 commune
2810 3710 3078 3765 conferre.
3108 3709 3176 3763 Et
3199 3707 3343 3778 quod
3375 3706 3585 3762 unicui-

1994 3829 2097 3883 quc
2122 3811 2367 3865 membro
2408 3806 2663 3880 singulari
2711 3806 2833 3876 jure
2884 3816 3089 3859 natura:
3117 3803 3453 3869 conceditur,
3483 3802 3588 3857 hoc

1996 3903 2063 3957 ab
2089 3903 2205 3971 ipso
2234 3913 2463 3969 corpore
2480 3897 2643 3967 (quod
2669 3907 2752 3952 est
2781 3904 2948 3951 totum
2973 3893 3109 3964 ejus)
3140 3892 3256 3948 ﬁeri
3276 3892 3585 3964 judicatur:

1996 4000 2054 4044 ut
2084 4006 2189 4046 non
2217 3991 2511 4059 incongrue
2553 3996 2606 4041 et
2640 4002 2761 4056 pars
2795 3987 2979 4053 totius,
3008 3993 3059 4038 et
3091 3991 3260 4038 totum
3306 3998 3416 4037 suae
3446 3982 3592 4055 parti

1997 4083 2251 4137 exhibere
2280 4081 2491 4135 dicatur
2517 4078 2771 4134 cilicium.
2798 4077 2935 4132 Hinc
2965 4085 3050 4132 est
3077 4078 3221 4131 enim
3247 4084 3379 4131 utet
3407 4077 3591 4149 lingua

1998 4172 2155 4228 Pauli
2194 4174 2462 4228 veraciter
2496 4171 2640 4225 dicat
2666 4189 2677 4223 :
2710 4189 2727 4220 ι
2755 4169 2968 4224 Laboro
2996 4169 3047 4221 in
3072 4167 3365 4240 Evangello
3388 4166 3592 4223 Christi

2000 4280 2171 4335 usque
2200 4264 2268 4319 ad
2293 4263 2505 4318 vincula
2541 4261 2626 4332 (Il
2654 4261 2788 4314 Tim.
2827 4260 2925 4331 ii);
2957 4280 2975 4312 i
3005 4275 3128 4314 cum
3153 4259 3336 4330 lingua
3376 4257 3494 4325 ejus
3524 4258 3591 4314 li-

2001 4368 2121 4432 gata
2148 4372 2255 4414 non
2292 4358 2384 4411 sit.
2413 4355 2550 4410 Nam
2602 4364 2662 4408 ut
2701 4352 2807 4408 illic
2858 4352 3142 4423 sequitur:
3185 4351 3463 4406 «Verbum
3492 4350 3590 4405 Dei

2002 4458 2218 4506 nonest
2239 4449 2515 4522 alligatum
2552 4445 2794 4518 (Ibid.).i
2848 4444 2914 4499 Et
2942 4443 3138 4498 Petrus
3183 4442 3251 4497 ad
3284 4441 3593 4512 sepulcrum

2009 4539 2213 4597 Christi
2244 4555 2365 4595 cum
2394 4537 2601 4593 Joanne
2623 4535 2951 4601 cucurrerit,
2996 4550 3122 4591 cum
3152 4533 3251 4589 soli
3279 4533 3443 4605 pedes
3472 4549 3596 4589 cur-

310 4628 680 4699 mularumque
706 4638 948 4691 tuarum.
976 4626 1136 4696 paulo
1176 4636 1300 4696 posl
1327 4624 1576 4679 SUMilUI‘
1599 4641 1611 4677 ε
1638 4622 1748 4676 Ρνο
1791 4622 1907 4693 qui-
1936 4606 1986 4664 Ῐ)
2010 4632 2165 4687 rendi
2192 4632 2420 4687 subeant
2445 4630 2803 4687 ministerium
2832 4627 3017 4696 (Joan.
3051 4627 3165 4701 xx).
3191 4627 3256 4682 Et
3288 4626 3599 4698 Stephanus

313 4722 409 4777 bus
432 4722 527 4775 tibi
549 4721 842 4791 o/ferimus,
864 4719 948 4773 vel
975 4719 1065 4789 qui
1095 4718 1190 4771 tibi
1215 4718 1440 4787 o/ferunt
1463 4717 1562 4769 hoc
1585 4714 1907 4783 sacriﬁcium

314 4813 517 4869 laudis.
550 4813 606 4868 ιιι
632 4814 831 4882 quibus
862 4811 1045 4867 verbis
1068 4818 1322 4881 patenter
1349 4808 1675 4871 ostenditur,
1704 4807 1848 4877 quod
1874 4822 1908 4861 a

312 4905 534 4963 cunctis
560 4904 828 4967 ﬁdelibus,
864 4919 971 4959 non
1000 4902 1175 4958 solum
1204 4902 1357 4966 viris,
1391 4900 1483 4955 sed
1516 4910 1567 4955 et
1592 4899 1910 4955 mulieribus

316 4998 650 5056 sacrificium
679 4997 809 5052 illud
836 4996 1014 5052 laudis
1042 4995 1283 5058 oli‘ertur,
1316 4995 1444 5049 licet
1474 4996 1542 5050 ab
1568 5009 1677 5050 uno
1699 4993 1902 5064 specia-

319 5090 447 5145 liter
477 5088 663 5144 oﬁ‘erri
692 5088 975 5143 sacerdote
1017 5088 1302 5151 videatur;
1324 5085 1450 5155 quia
1490 5085 1634 5155 quod
1682 5084 1773 5138 ille
1800 5083 1912 5138 Deo

320 5180 602 5236 offerendo
653 5179 901 5234 matribus
942 5186 1159 5243 tractat,
1207 5176 1312 5231 hoc
1357 5176 1644 5233 multitudo
1675 5175 1912 5229 ﬁdelium

326 5276 534 5331 intenta
580 5272 843 5328 mentium
889 5271 1174 5327 devotione
1226 5270 1589 5326 commendat.
1622 5268 1775 5336 Quod
1808 5268 1917 5324 illic

326 5387 543 5443 quoque
592 5369 921 5435 declaratur,
979 5368 1069 5422 ubi
1119 5364 1551 5436 dicitur:228
1575 5363 1729 5418 Hanc
1760 5365 1920 5434 igitur

328 5465 645 5519 oblationem
693 5461 956 5515 servitutis
1002 5469 1216 5523 nostrtc,
1248 5458 1339 5512 sed
1381 5466 1429 5511 et
1475 5466 1674 5511 cuncta:
1703 5454 1920 5524 familia:

330 5570 457 5623 tute,
486 5571 817 5627 quwsumus,
866 5552 1110 5619 Domine,
1151 5562 1209 5605 ut
1237 5550 1477 5622 placatus
1515 5550 1764 5619 accipias.
1792 5548 1923 5615 Qui-

330 5654 432 5708 bus
465 5649 669 5715 verbis,
716 5648 836 5703 luce
884 5647 1085 5703 clarius
1130 5655 1359 5707 constat,
1415 5645 1538 5716 quia
1571 5643 1921 5709 sacriﬁcium,

335 5746 482 5816 quod
512 5759 541 5797 a
570 5742 854 5797 sacerdote
909 5742 1083 5797 sacris
1132 5740 1397 5795 altaribus
1448 5737 1851 5809 superponitur,
1894 5749 1924 5790 a
1958 5746 1965 5816 ᾗ

2010 4722 2210 4777 viderit
2268 4720 2437 4776 coelos
2490 4729 2731 4789 apertos,
2786 4735 2906 4773 cum
2959 4716 3154 4773 Videre
3205 4715 3484 4787 proprium
3528 4716 3602 4771 sit

2011 4814 2291 4871 oculorum
2322 4813 2460 4886 (Act.
2488 4816 2609 4880 vn).
2640 4812 2704 4867 Et
2734 4812 2880 4867 lsaac
2913 4811 3078 4864 lilium
3107 4825 3262 4864 suum
3282 4806 3451 4863 Jacob
3477 4807 3597 4878 pal-

2011 4910 2192 4977 pando
2216 4907 2473 4977 tetigerit,
2497 4920 2619 4959 cum
2649 4904 2899 4975 tangendi
2937 4902 3022 4957 vel
3068 4900 3320 4972 palpandi
3363 4898 3597 4957 facultas

2015 4999 2264 5054 manibus
2294 4999 2363 5052 sit
2391 4996 2702 5067 specialiter
2730 4996 2993 5067 attributa
3037 4990 3192 5064 (Gen.
3216 4989 3414 5062 xxvu).
3443 4989 3604 5058 Quod

2017 5105 2145 5158 ergo
2171 5087 2471 5143 membrum
2494 5087 2771 5156 qu'odlihet
2792 5100 2949 5155 agere
2972 5081 3236 5145 cernitur,
3262 5083 3367 5139 hoc
3388 5083 3458 5138 ab
3484 5082 3606 5153 ipso

2020 5194 2248 5250 corpore
2274 5178 2391 5234 fieri
2425 5175 2974 5249 irreprehensibiliter
2999 5173 3316 5244 perhibetur
3344 5190 3359 5228 ;
3388 5182 3444 5229 et
3477 5188 3508 5228 e
3529 5172 3608 5228 di-

2020 5288 2178 5328 verso
2203 5273 2347 5344 quod
2371 5286 2566 5341 corpus
2597 5269 2751 5335 facit,
2797 5266 3083 5323 multitudo
3128 5266 3364 5348 partium
3411 5279 3606 5337 coope-
3654 5270 3696 5320 Tr.

2023 5366 2194 5421 rando
2215 5364 2500 5420 consentit.

2557 5451 2722 5524 229
2749 5446 2977 5507 CAPUT
3010 5448 3076 5503 Χ.

2102 5547 2255 5614 Quod
2291 5542 2556 5607 sacerdos,
2579 5560 2701 5609 pars
2732 5539 3065 5614 ecclesiastici
3093 5539 3351 5614 corporis,
3381 5536 3540 5593 totius

2298 5616 2549 5671 Ecclesia:
2569 5608 2927 5668 convenienter
2952 5610 3121 5665 utitur
3137 5608 3324 5664 verbis.

2104 5732 2243 5803 Quid
2290 5744 2420 5802 ergo
2463 5730 2662 5785 mirum
2706 5729 2753 5785 si
2802 5726 3054 5783 sacerdos
3079 5724 3328 5795 quilibet,
3369 5721 3460 5792 qui
3491 5719 3611 5775 sine

338 5811 536 5893 cuncta
565 5836 661 5894 Dei
689 5836 891 5892 familia
919 5835 1241 5908 generaliter
1263 5826 1539 5889 olieratur.
1572 5831 1722 5887 Hanc
1749 5839 1926 5886 autem
1960 5811 1980 5882 Ζ
2037 5828 2199 5885 dubio
2238 5824 2591 5883 ecclesiastici
2632 5823 2876 5883 corporis
2912 5835 3041 5881 pars
3076 5827 3193 5886 est,
3241 5815 3416 5871 vicem
3470 5811 3616 5870 salu-
