4106 6320
575 393 685 453 259

1036 387 1093 444 S.
1130 385 1335 443 PETRI
1369 380 1651 439 DAMIANI
1684 380 1834 437 OPP.
1876 375 2115 434 TOMUS
2153 373 2286 434 SEU
2323 372 2504 433 PARS
2538 371 2627 431 lll.
2653 369 3099 429 --0PUSCULA
3140 367 3369 425 VARIA.

3674 356 3828 423 "240

581 505 745 566 tantis
784 518 846 558 ac
865 498 1210 557 resalutantis
1248 495 1501 552 Ecclesiae
1521 492 1666 549 solus
1685 490 1921 562 eXpleat,
1944 488 2147 544 dicens:
2177 494 2232 553 Α
2254 500 2360 541 non
2382 484 2673 555 ambigitur
2685 482 2993 539 communia
3018 480 3184 537 totius
3202 476 3461 534 Ecclesiae
3482 489 3827 533 sacramenta

581 603 836 659 Dominus
879 598 1189 662 vobiscum;
1254 594 1586 663 subindeque
1643 589 1975 661 respondens
2020 605 2034 642 :
2082 584 2150 641 Et

580 711 700 750 cum
725 691 912 763 spiritu
934 699 1021 743 tuo
1046 701 1065 740 :
1096 699 1417 755 rursumque
1440 683 1868 739 benedictionem
1896 679 2043 735 solus
2062 693 2154 747 pe-

528 780 533 854 ξ
584 788 764 841 tat'et
811 780 1030 844 reddat;
1066 792 1190 834 cum
1239 791 1337 846 per
1365 773 1588 829 unitatis
1620 772 1820 826 intima:
1846 784 2153 826 sacramen-

528 940 531 943 _
582 886 696 931 tum
722 883 833 930 tota
857 869 1171 944 spiritaliter
1187 865 1533 931 sitEcclesia,
1559 863 1647 918 ubi
1674 861 1914 931 ejusdem
1940 860 2062 917 ﬁdei
2094 874 2156 914 ac

580 968 835 1023 fraterna:
865 961 1163 1019 devotionis
1187 958 1346 1014 fuerit
1374 973 1479 1012 una
1504 970 1752 1027 persona.
1771 954 1870 1010 Ubi
1899 954 2155 1008 nimirum

581 1060 761 1114 unitas
802 1055 946 1120 lidei,
979 1068 1079 1109 nec
1118 1052 1170 1107 in
1212 1066 1319 1105 uno
1348 1049 1693 1105 solitudinem
1728 1046 1936 1117 recipit,
1971 1060 2072 1101 nec
2101 1045 2155 1099 in

526 1128 533 1221 ί
581 1148 826 1221 pluribus
848 1145 1134 1200 scissuram
1165 1139 1494 1195 diversitatis
1535 1137 1793 1192 admittit.
1846 1136 1998 1190 Enim
2027 1149 2157 1190 vero

529 1218 533 1229 ’
582 1218 710 1310 quid
732 1234 1065 1308 praejudicat,
1083 1232 1127 1287 si
1148 1247 1214 1286 ex
1248 1245 1353 1285 uno
1378 1243 1477 1310 ore
1510 1243 1700 1283 vocum
1726 1225 2009 1280 diversitas
2033 1239 2159 1310 pro-

526 1310 531 1315 ’
583 1302 750 1383 deat;
766 1302 902 1385 quas
947 1322 1003 1368 et
1040 1313 1087 1367 si
1116 1326 1212 1380 per
1232 1310 1413 1379 plures
1445 1308 1647 1375 lingua,
1679 1320 1784 1359 una
1818 1314 1995 1358 tamen
2026 1302 2160 1358 ﬁdes

531 1404 537 1411 ’
586 1407 851 1464 alternat?
866 1405 1000 1461 Tota
1014 1418 1246 1474 namque
1260 1401 1498 1457 Ecclesia
1517 1397 1808 1469 (sicutjam
1831 1397 2030 1451 dictum
2054 1394 2159 1466 est)

532 1499 537 1505 ’
583 1514 751 1556 unum
778 1496 963 1567 procul
993 1494 1155 1551 dubio
1168 1509 1362 1565 corpus
1388 1500 1493 1548 est.
1519 1490 1675 1557 Nam,
1710 1498 1849 1544 teste
1869 1486 2155 1558 Apostolo:

528 1576 533 1579 ’
590 1608 611 1642 ι
645 1590 798 1646 Sicut
828 1588 975 1644 enim
1021 1602 1218 1657 corpus
1269 1600 1435 1640 unum
1479 1591 1584 1649 est,
1625 1589 1680 1637 et
1722 1580 1964 1636 membra
2000 1578 2163 1633 habet

585 1680 777 1747 multa,
822 1679 1004 1735 omnia
1066 1687 1247 1732 autem
1295 1674 1538 1729 membra
1598 1670 1843 1741 corporis
1883 1684 2006 1724 cum
2053 1668 2163 1721 sint

538 1768 541 1769 ⁷
585 1771 775 1835 multa,
817 1784 986 1824 unum
1036 1776 1215 1822 tamen
1251 1780 1449 1835 corpus
1480 1772 1607 1819 sunt
1653 1776 1668 1814 :
1714 1762 1789 1815 ita
1808 1768 1863 1814 et
1888 1758 2158 1814 Christus;

2257 575 2555 644 suscipere,
2584 589 2683 629 cur
2709 572 3060 644 prohibeatur
3078 570 3383 626 communia
3408 568 3661 624 Ecclesia:
3680 569 3833 623 solus

2257 668 2422 724 verba
2465 665 2727 738 proferre,
2778 681 2902 720 cum
2938 664 3191 721 videlicet
3241 662 3411 718 multo
3447 660 3669 731 majoris
3715 677 3833 717 mo-

2258 762 2425 817 menti
2453 761 2566 817 sint
2587 759 2939 816 Sacramenta
2967 772 3131 827 quam
3156 755 3357 812 verba?

2854 866 3080 925 CAPUT
3140 866 3229 921 XI.

2301 964 2455 1030 Quod
2496 963 2718 1035 populus
2743 961 2914 1017 Israel
2958 961 3027 1015 ad
3081 959 3449 1035 ostendendam
3500 958 3803 1013 societatem

2611 1034 2796 1087 altaris
2818 1041 3121 1087 exstruxere
3140 1032 3449 1101 congeriem.

2332 1123 2483 1192 Quod
2511 1124 2556 1178 si
2583 1123 2702 1193 quis
2748 1122 2924 1178 adhuc
2952 1122 3037 1178 his
3067 1120 3234 1177 etiam
3272 1122 3475 1176 nostris
3512 1120 3843 1191 disputatio-

2261 1214 2419 1269 nibus
2440 1213 2800 1269 calumniator
2821 1212 3109 1279 exstiterit,
3135 1211 3322 1267 dicens
3347 1225 3362 1265 :
3387 1210 3584 1282 Utique
3611 1226 3722 1267 non
3747 1211 3844 1264 dc-

2260 1307 2389 1362 bere
2428 1320 2458 1359 a
2501 1303 2727 1375 singulis
2782 1303 3053 1374 usurpari,
3098 1319 3219 1374 quae
3267 1304 3540 1359 communi
3594 1302 3840 1359 ﬁdelium

2264 1407 2389 1454 sunt
2426 1397 2674 1452 instituta
2704 1406 2989 1461 conventu,
3031 1402 3089 1450 ut
3140 1411 3247 1451 non
3278 1405 3387 1449 tam
3423 1395 3623 1458 verbis,
3671 1410 3841 1465 quam

2219 1546 2227 1551 ,
2266 1489 2564 1544 rationibus
2585 1489 2912 1557 acquiescat,
2941 1487 3248 1559 exemplum
3273 1487 3462 1542 damus
3485 1487 3631 1557 quod
3657 1501 3725 1542 ex
3750 1502 3842 1542 sa-

2265 1581 2346 1636 cri
2406 1580 2609 1652 eloquii
2681 1582 3005 1637 auctoritate
3058 1580 3364 1636 didicimus.
3434 1579 3630 1636 Notum
3682 1596 3841 1636 nam-

2265 1687 2370 1742 que
2427 1681 2548 1739 est,
2604 1673 2745 1728 sicut
2798 1672 2959 1728 losue
3013 1673 3149 1728 libro
3196 1681 3467 1741 testante,
3533 1682 3838 1728 narratur:

2266 1766 2409 1836 quod
2432 1764 2525 1819 ﬁlii
2556 1766 2769 1832 Ruben,
2796 1775 2853 1820 et
2885 1765 3022 1829 Gad,
3050 1774 3105 1821 et
3141 1766 3363 1820 dimidia
3396 1766 3567 1823 tribus
3590 1764 3843 1821 Manasse

585 1859 799 1916 Etenim
824 1860 877 1915 in
908 1874 1015 1913 uno
1039 1858 1231 1927 spiritu
1271 1870 1459 1911 omnes
1482 1869 1579 1909 nos
1604 1867 1770 1907 unum
1801 1865 1999 1921 corpus
2030 1850 2164 1919 bap-
2190 1866 2240 1928 B
2270 1858 2563 1913 redeuntes
2591 1873 2619 1910 a
2645 1857 2769 1911 ﬁliis
2812 1855 2977 1912 Israel
3005 1859 3070 1911 de
3092 1855 3225 1921 Silo,
3252 1865 3312 1910 ut
3338 1857 3607 1911 intrarent
3635 1854 3844 1911 Galaad

587 1949 741 2005 tizati
786 1964 973 2004 sumus
1012 1946 1065 2019 (1
1104 1946 1224 2003 Cor.
1268 1945 1399 2016 xn);
1443 1963 1463 1997 ι
1496 1952 1550 1999 et
1585 1943 1750 1999 alibi:
1796 1961 1814 1994 ι
1852 1941 1987 1997 Cum
2046 1955 2167 1996 cor—

534 2030 543 2036 ’
586 2054 739 2112 pore,
764 2039 960 2109 inquit,
992 2052 1110 2101 suo,
1139 2035 1282 2107 quod
1310 2042 1395 2091 est
1420 2034 1659 2089 Ecclesia
1688 2031 1912 2099 (Coloss.
1937 2031 2002 2104 ι).
2036 2050 2054 2082 ι

659 2128 719 2185 Si
746 2144 877 2200 ergo
915 2136 1024 2183 tota
1055 2125 1295 2181 Ecclesia
1324 2140 1489 2178 unum
1520 2122 1721 2179 Christi
1750 2138 1950 2193 corpus
1978 2130 2085 2188 est,
2113 2130 2169 2178 et

538 2211 545 2218 ’
587 2237 689 2278 nos
720 2219 971 2275 Ecclesiae
994 2218 1239 2273 membra
1265 2231 1481 2280 sumus;
1515 2214 1645 2285 quid
1671 2214 1827 2269 obest
1852 2215 1896 2270 si
1926 2215 2168 2284 corporis

589 2312 787 2376 nostri,
830 2310 885 2367 id
928 2320 1032 2375 est,
1075 2307 1332 2365 Ecclesiae
1377 2306 1576 2378 singuli
1620 2306 1820 2377 quique
1847 2308 2026 2362 verbis
2051 2316 2169 2362 uta-

538 2398 541 2401 “
588 2419 735 2470 mur,
762 2402 1001 2473 quicum
1034 2415 1095 2456 ea
1128 2414 1294 2453 unum
1319 2398 1586 2454 veraciter
1624 2398 1848 2453 sumus?
1877 2396 2079 2468 Nempe
2122 2400 2167 2454 si

591 2492 748 2548 multi
789 2506 954 2546 unum
1002 2504 1187 2545 sumus
1221 2489 1277 2542 in
1305 2487 1545 2553 Christo,
1593 2495 1763 2541 totum
1785 2496 2031 2542 nostrum
2053 2488 2167 2543 sin-

538 2572 542 2576 ’
593 2583 702 2654 guli
733 2572 1089 2651 possidemus
1120 2580 1171 2633 in
1205 2579 1322 2649 ipso
1353 2596 1367 2631 :
1406 2587 1567 2649 atque
1616 2576 1759 2644 ideo,
1808 2577 1934 2633 licet
1975 2579 2168 2633 remoti
2207 2620 2214 2628 .

538 2672 545 2677 ’
591 2673 778 2747 procul
808 2674 876 2729 ab
904 2672 1143 2727 Ecclesia
1165 2670 1448 2725 videamur
1477 2683 1576 2740 per
1597 2668 1942 2725 solitudinem
1972 2684 2163 2740 corpov

594 2782 740 2833 rum,
772 2766 827 2821 in
854 2780 917 2822 ea
949 2775 1127 2820 tamen
1170 2761 1577 2833 praesentissimi
1624 2774 1838 2831 semper
1866 2760 2170 2816 assistimus

552 2860 557 2869 '
594 2873 695 2930 per
716 2857 940 2914 unitatis
986 2854 1293 2911 inviolabile
1318 2862 1738 2908 sacramentum.
1771 2851 1968 2921 Sicque
2008 2852 2086 2916 ﬁt,
2114 2860 2174 2906 ut

597 2948 740 3023 quod
781 2957 863 3004 est
902 2945 1162 3013 omnium,
1218 2945 1289 3000 sit
1332 2942 1497 2998 etiam
1542 2942 1913 3014 singulorum:
1947 2951 2002 2997 et
2031 2942 2173 3012 quod

599 3043 919 3116 quibusdam
950 3050 1034 3099 est
1060 3039 1409 3110 singulariter
1435 3038 1688 3108 speciale,
1736 3038 1986 3092 omnibus
2034 3051 2172 3106 quo-

2270 1956 2470 2003 terram
2502 1946 2859 2016 possessionis
2906 1961 3037 2012 suae,
3088 1946 3489 2001 aediﬁcaverunt
3517 1944 3687 2001 altare
3719 1945 3845 1999 inﬁ-

2267 2038 2395 2091 nitae
2423 2037 2805 2108 magnitudinis
2831 2036 3045 2091 interra
3069 2036 3325 2092 Chanaan
3361 2054 3375 2090 :
3410 2050 3641 2107 cumque
3665 2036 3844 2093 iratus

2267 2128 2511 2199 graviter
2535 2126 2763 2197 populus
2789 2125 2955 2182 lsrael
2999 2127 3260 2182 adversus
3296 2141 3388 2183 eos
3410 2142 3563 2181 arma
3597 2129 3844 2196 corripe-

2268 2228 2374 2283 ret,
2404 2218 2743 2288 interrogati,
2774 2233 2869 2275 cur
2896 2218 3067 2274 altare
3092 2227 3406 2275 construere
3443 2226 3642 2287 praeter
3668 2218 3847 2272 altare

2216 2372 2217 2375 η
2268 2308 2484 2364 Domini
2507 2316 2709 2364 temere
2738 2308 3245 2379 praesumpsissent?
3270 2308 3702 2378 Responderunt,
3733 2322 3845 2363 non

2271 2400 2374 2456 hoc
2393 2399 2851 2470 praevaricationis
2893 2403 3075 2467 causa,
3113 2400 3209 2456 sed
3234 2414 3331 2470 pro
3353 2399 3520 2455 futuri
3548 2400 3849 2456 testimonii

2270 2489 2465 2547 fecisse
2493 2490 2723 2545 cautela.
2762 2508 2781 2541 ι
2811 2489 2887 2545 Ne
2913 2490 3149 2560 quando,
3181 2491 3448 2561 inquiunt,
3480 2490 3725 2547 dicerent
3747 2491 3848 2548 lilii

2270 2583 2438 2637 vestri
2484 2582 2608 2639 ﬁliis
2657 2583 2895 2639 nostris:
2924 2582 3064 2651 Quid
3103 2582 3276 2649 vobis,
3300 2594 3357 2637 et
3386 2583 3615 2639 Domino
3634 2583 3745 2639 Deo
3771 2583 3851 2639 ls-

2274 2675 2428 2730 rael?
2462 2674 2776 2730 Terminum
2801 2676 2983 2745 posuit
3021 2675 3279 2731 Dominus
3324 2676 3465 2731 inter
3507 2689 3607 2732 nos
3666 2684 3723 2730 et
3753 2691 3855 2732 vos

2235 2819 2241 2824 .
2272 2766 2559 2823 Iordanem
2583 2764 2822 2832 ﬁuvium,
2845 2774 2900 2822 et
2931 2766 3135 2822 idcirco
3168 2775 3379 2837 partem
3405 2781 3513 2822 non
3542 2766 3754 2823 habetis
3796 2769 3855 2823 in

2273 2856 2502 2911 Domino
2531 2875 2542 2909 :
2572 2865 2627 2911 et
2650 2872 2747 2928 per
2776 2850 2916 2913 hanc
2944 2859 3285 2914 occasionem
3316 2867 3561 2915 avertent
3600 2859 3695 2913 ﬁlii
3758 2873 3857 2916 ve-

2273 2948 2373 3004 stri
2397 2947 2535 3003 ﬁlios
2557 2957 2773 3004 nostros
2796 2964 2827 3003 a
2857 2950 3050 3005 timore
3076 2951 3287 3006 Domini
3312 2951 3447 3023 (los.
3472 2952 3628 3024 xm).
3661 2971 3678 3005 ι

2345 3038 2457 3095 Cur
2508 3049 2688 3093 autem
2729 3039 2970 3095 historiae
3003 3039 3162 3109 hujus
3191 3040 3475 3096 articulum
3511 3042 3578 3096 ad
3615 3042 3853 3097 medium

602 3153 708 3210 que
743 3138 813 3194 sit
842 3138 894 3193 in
928 3136 1052 3193 ﬁdei
1098 3144 1154 3192 et
1181 3136 1465 3191 charitatis
1496 3134 1804 3205 integritate
1853 3148 2169 3199 commune;
2228 3176 2231 3177 ν
2276 3128 2679 3198 deduxerimus,
2732 3132 2777 3187 si
2826 3132 2915 3188 cui
2951 3131 3183 3189 fortasse
3218 3149 3324 3189 non
3370 3144 3571 3205 pateat,
3615 3135 3857 3191 breviter

544 3219 551 3303 ξ
602 3240 666 3285 ιιι
692 3238 748 3286 et
783 3228 1008 3300 populus
1046 3235 1191 3283 recte
1210 3226 1447 3282 clamet:
1487 3244 1505 3276 ι
1546 3223 1799 3279 Miserere
1837 3224 1968 3291 mei,
2008 3223 2169 3288 Deus,
2200 3219 2247 3284 Ο
2278 3223 2572 3293 aperimus.
2628 3224 2850 3280 Poterat
2903 3239 3096 3295 nempe
3141 3226 3498 3296 quorumdam
3535 3226 3858 3297 simplicitas

602 3319 863 3375 miserere
914 3318 1020 3373 mei
1059 3315 1229 3388 (Psal.
1262 3316 1393 3386 ινι).
1424 3333 1443 3366 ι
1481 3315 1547 3368 Ει
1581 3332 1593 3368 :
1631 3331 1649 3365 ι
1685 3313 1828 3368 Deus
1867 3314 1921 3367 in
1967 3311 2175 3382 adjuto-
2240 3389 2247 3395 .
2278 3313 2510 3371 fratrum
2537 3316 2755 3381 tentari,
2781 3324 2842 3371 ut
2865 3316 3263 3386 quodammodo
3291 3328 3602 3390 segregatos
3629 3333 3689 3374 se
3712 3333 3744 3373 a
3772 3335 3859 3375 so-

550 3412 557 3421 '
602 3413 936 3468 riummeum
963 3408 1459 3477 intende,Domine,
1486 3408 1552 3463 ad
1577 3408 1936 3479 adjuvandum
1961 3422 2047 3462 me
2071 3406 2179 3462 les-
2280 3406 2475 3462 cietate
2527 3406 2765 3463 ﬁdelium
2811 3408 3093 3473 ducerent,
3149 3409 3194 3464 si
3249 3410 3302 3464 in
3352 3410 3643 3465 solitudine
3667 3411 3855 3480 positi,

607 3501 723 3557 tina
754 3500 925 3574 (Psal.
960 3500 1132 3572 uix).
1171 3518 1191 3552 ι
1223 3500 1399 3569 Atque
1427 3514 1564 3555 unus
1605 3500 1766 3555 homo
1786 3496 1909 3566 jure
1933 3511 2176 3567 pronun-
2244 3566 2250 3572 ᾔ
2280 3498 2444 3555 etiam
2493 3500 2802 3555 communia
2847 3499 3102 3556 Ecclesiae
3130 3498 3291 3555 verba
3316 3501 3634 3570 depromere
3659 3501 3715 3556 in
3742 3502 3860 3557 suis

542 3578 551 3583 ’
604 3597 749 3652 tiet:
788 3615 806 3648 ι
846 3595 986 3651 Deus
1030 3596 1351 3650 misereatur
1393 3594 1604 3659 nostri,
1652 3602 1707 3649 et
1746 3592 2032 3649 benedicat
2081 3608 2179 3650 nos
2280 3589 2617 3648 orationibus
2645 3606 2752 3647 non
2786 3589 3350 3648 auderent.-Utuntur
3371 3592 3534 3663 igitur
3554 3594 3862 3649 communi-

608 3685 782 3759 (Psal.
813 3686 977 3759 ιιγι).
1019 3705 1038 3738 ι
1073 3686 1244 3754 Quam
1284 3684 1534 3740 videlicet
1587 3683 1822 3739 ﬁdelium
1852 3683 2054 3740 Christi
2080 3700 2178 3741 ne-
2244 3746 2247 3755 _
2280 3680 2384 3737 bus
2410 3683 2588 3738 verbis
2634 3682 2927 3748 Ecclesiae,
2967 3691 3027 3738 ut
3051 3682 3103 3737 in
3133 3681 3499 3739 ecclesiastica
3527 3697 3585 3739 se
3612 3699 3862 3739 commu-

612 3776 1019 3844 cessitudinem,
1047 3786 1101 3833 et
1128 3776 1558 3832 communionem
1591 3775 1764 3831 sancti
1792 3776 1983 3833 Patres
2008 3778 2180 3834 nostri
2241 3833 2245 3837 ,
2283 3772 2446 3830 uione
2490 3775 2716 3831 doceant
2762 3787 3103 3844 permanere,
3129 3782 3293 3844 atque
3335 3774 3450 3844 ipsa
3477 3776 3638 3830 verba
3675 3776 3863 3831 anino

546 3852 549 3855 Ἲ
606 3875 771 3923 tantae
807 3866 1142 3922 certitudinis
1180 3880 1300 3921 esse
1336 3865 1533 3921 debere
1575 3865 1902 3932 decrevere,
1934 3875 1995 3920 ut
2041 3866 2180 3922 hanc
2242 3916 2245 3919 .
2284 3865 2623 3921 satisfaciant
2674 3864 2975 3933 ﬂuctuanti,
3020 3882 3141 3938 qua:
3181 3867 3545 3923 testimonium
3576 3868 3865 3939 perhibent

554 3958 557 3961 “
610 3956 854 4030 symbolo
879 3956 1157 4012 catholicae
1188 3956 1541 4028 professionis
1584 3965 1936 4026 apponerent,
1979 3965 2035 4013 et
2074 3955 2182 4013 fre—
2256 4032 2259 4035 ν
2285 3956 2586 4026 praesentiae
2615 3954 2852 4012 ﬁdelium
2877 3956 3163 4026 spirituali.
3188 3956 3358 4012 Porro
3387 3966 3567 4014 autem
3586 3957 3660 4012 illi
3682 3959 3860 4015 altare

550 4048 553 4053 ‘
609 4047 974 4118 quentandam
1012 4047 1170 4103 nobis
1208 4048 1351 4102 inter
1379 4048 1492 4118 ipsa
1520 4046 1844 4104 Christiana:
1873 4048 1999 4105 ﬁdei
2029 4050 2181 4105 rudi-
2284 4044 2711 4113 tediﬁcaverunt,
2750 4062 2857 4104 non
2888 4047 2957 4103 ad
2979 4063 3133 4104 usum
3169 4048 3508 4114 libaminum,
3556 4049 3649 4105 sed
3681 4049 3749 4103 ad
3782 4051 3864 4104 vi-

613 4148 795 4195 menta
838 4141 1178 4195 mandarent.
1211 4138 1345 4194 Nam
1372 4156 1496 4195 mox
1535 4151 1595 4195 ut
1626 4140 1855 4197 dicimus
1889 4158 1903 4195 :
1938 4139 2105 4196 Credo
2126 4142 2182 4196 in
2285 4138 2448 4195 caris:
2486 4152 2609 4193 cum
2661 4137 2952 4196 Israelitica
2991 4139 3146 4210 plebe
3171 4142 3450 4197 societatis
3477 4141 3755 4206 indicium,
3784 4142 3865 4197 si-

554 4238 557 4241 ’
611 4231 863 4303 Spiritum
893 4242 1152 4295 sanctum,
1179 4242 1413 4285 sanctam
1452 4231 1777 4298 Ecclesium;
1809 4232 2058 4304 protinus
2088 4233 2183 4288 ad-
2248 4273 2253 4277 ρ
2284 4241 2376 4290 cut
2426 4242 2481 4289 et
2536 4233 2638 4306 ipsi
2684 4234 2834 4303 quasi
2871 4234 2984 4303 jam
3021 4249 3086 4290 ex
3113 4249 3342 4305 persona
3369 4234 3598 4289 ﬁliorum
3637 4250 3863 4289 suorum

554 4318 557 4321 ’
614 4324 794 4387 (limus
824 4340 837 4377 :
868 4321 1179 4377 Sanctorum
1217 4324 1670 4389 communionem;
1703 4331 1763 4377 ut
1796 4322 1887 4378 ubi
1926 4322 2035 4378 Deo
2060 4322 2184 4378 ﬁdei

608 4423 808 4469 nostra:
851 4411 1222 4466 testimonium
1268 4412 1541 4467 reddimus
1568 4430 1581 4465 :
1612 4412 1686 4468 ibi
1724 4414 1893 4467 etiam
1934 4427 2183 4467 commu-

556 4502 559 4507 ’
611 4507 827 4560 nionem
850 4503 1125 4569 Ecclesiae,
1154 4519 1273 4572 quae
1294 4520 1415 4558 cum
1437 4519 1502 4559 eo
1528 4520 1694 4559 unum
1720 4514 1821 4569 est,
1850 4519 2185 4575 consequeno

2286 4323 2474 4379 dicunt
2504 4340 2519 4376 :
2547 4343 2565 4375 ι
2594 4323 2735 4379 Ecce
2759 4323 2928 4379 altare
2954 4323 3197 4391 Domini,
3224 4325 3368 4395 quod
3406 4322 3647 4379 fecerunt
3676 4334 3873 4394 patres

2246 4457 2252 4461 .
2291 4416 2484 4482 nostri,
2516 4430 2622 4472 non
2647 4416 2701 4471 in
2729 4417 3065 4484 holocausta,
3104 4433 3279 4488 neque
3305 4418 3356 4472 in
3380 4416 3732 4482 sacriﬁcium,
3775 4420 3873 4473 scd

2289 4506 2345 4562 in
2385 4507 2750 4562 testimonium
2799 4517 3044 4564 nostrum
3089 4525 3154 4565 ac
3193 4518 3434 4565 vestrum
3479 4509 3689 4581 (Μήτι).
3725 4529 3743 4561 ι
3792 4509 3871 4565 llli

554 4589 563 4595 ’
612 4605 696 4651 ter
723 4596 1085 4651 adstruamus.
1122 4594 1445 4651 Sanctorum
1474 4596 1738 4666 siquidem
1770 4596 1885 4652 lucc
1923 4606 2008 4651 est
2038 4598 2091 4653 in
2124 4596 2189 4652 ﬁ-
2217 4583 2271 4644 ι)
2293 4596 2546 4653 nimirum
2575 4597 2629 4652 id
2656 4596 2903 4654 fecerunt
2927 4600 2994 4654 ad
3038 4600 3401 4655 testimonium
3441 4600 3745 4657 Israeliticae
3779 4616 3872 4656 sa-

554 4686 559 4693 ’
612 4687 699 4743 dei
733 4687 939 4741 unitate
966 4686 1298 4753 communio,
1325 4696 1384 4740 ut
1409 4686 1463 4740 in
1484 4702 1649 4740 unum
1678 4687 1850 4744 Deum
1871 4688 2183 4756 credentes,

2294 4689 2526 4755 cietatis,
2572 4704 2671 4745 nos
2718 4689 2821 4745 ista
2867 4690 3098 4745 dicimus
3141 4691 3210 4745 oh
3238 4691 3450 4764 signum
3486 4692 3875 4748 ecclesiasticm

611 4793 723 4835 uno
747 4779 1074 4850 baptismate
1105 4778 1212 4833 sint
1241 4779 1436 4844 renati,
1468 4793 1575 4833 uno
1603 4788 1793 4835 sancto
1824 4780 2030 4851 Spiritu
2059 4796 2191 4837 con-
2249 4820 2255 4844 ς
2293 4781 2561 4837 veraciter
2610 4781 2852 4836 unitatis.
2897 4780 2978 4836 llli
3016 4795 3083 4835 ne
3118 4782 3525 4852 despicerentur
3550 4798 3582 4837 a
3609 4782 3876 4839 fratribus

613 4870 834 4937 ﬁrmati,
871 4872 939 4926 ad
977 4885 1141 4926 unam
1166 4870 1329 4925 vitam
1360 4878 1620 4926 aeternam
1668 4871 1778 4928 sint
1820 4884 1918 4942 per
1953 4873 2187 4944 gratiam

558 4962 562 4971 ’
614 4964 920 5035 adoptionis
939 4964 1151 5019 adsciti.

687 5052 840 5109 Sicut
867 5064 1044 5110 autem
1078 5054 1259 5122 homo,
1292 5054 1478 5111 Graeco
1500 5056 1714 5127 eloquio
1748 5055 1948 5111 dicitur
1994 5055 2189 5111 Μισγο-

559 5148 565 5153 ’
619 5160 842 5213 cesmus,
871 5147 974 5201 hoc
996 5155 1100 5211 est,
1131 5147 1308 5202 minor
1336 5148 1587 5215 mundus,
1609 5149 1863 5218 quoniam
1886 5162 1983 5218 per
2015 5156 2187 5202 mate-

557 5230 561 5233 λ
616 5236 805 5294 rialem
856 5238 1146 5293 essentiam
1190 5239 1391 5295 eisdem
1429 5248 1659 5309 quatuor
1698 5239 1980 5295 elementis
2024 5239 2187 5294 homo

560 5322 571 5327 ’
619 5335 853 5392 constat,
872 5328 1065 5397 quibus
1080 5337 1135 5382 et
1163 5320 1483 5385 universalis
1509 5314 1596 5385 hic
1621 5330 1890 5395 mundus;
1924 5330 1996 5384 ita
2021 5330 2188 5384 etiam

622 5419 991 5488 unusquisque
1033 5420 1452 5490 ﬁdeliumrquasi
1482 5421 1724 5490 quaedam
1756 5422 1930 5475 minor
1973 5421 2187 5476 videtur

620 5523 742 5565 esse
764 5509 1024 5576 Ecclesia,
1048 5511 1171 5565 dum
1194 5511 1355 5582 230
1376 5514 1526 5567 salvo
1555 5511 1776 5565 unitatis
1805 5526 2015 5565 arcanae
2044 5526 2190 5583 mys-

624 5599 782 5664 terio,
807 5601 967 5675 etiam
1008 5610 1200 5656 cuncta
1236 5601 1619 5671 redemptionis
1641 5603 1891 5658 humana:
1929 5616 2065 5656 unus
2095 5602 2191 5658 hoc

622 5708 712 5749 mo
742 5695 966 5764 suscipit
996 5704 1357 5764 sacramenta,
1388 5710 1507 5766 qua:
1548 5696 1648 5766 ipsi
1689 5695 1977 5751 universali
2006 5696 2191 5753 Eccle-

564 5770 568 5775 ’
625 5785 719 5846 size
773 5796 899 5841 sunt
948 5786 1205 5842 divinitus
1258 5787 1534 5843 attributa.
1579 5778 1808 5859 Si'ergo
1856 5804 1991 5847 unus
2029 5788 2189 5843 homo

2294 4872 2447 4936 suis;
2493 4884 2591 4926 nos
2616 4886 2682 4926 ne
2712 4871 3123 4927 remordeamur
3155 4888 3186 4927 a
3207 4872 3627 4943 cogitationibus
3648 4874 3871 4928 nostris.

2294 4960 2372 5018 llli
2404 4962 2600 5016 terreni
2625 4961 2815 5017 altaris
2834 4970 3154 5019 exstruxere
3174 4963 3607 5029 similitudinem;
3633 4979 3732 5018 nos
3760 4966 3867 5034 spi.

2294 5054 2466 5109 ritalis
2521 5054 2820 5110 concordiae
2864 5054 3199 5111 ostendimus
3225 5054 3531 5111 veritatem.
3558 5053 3634 5109 Illi
3685 5055 3751 5108 ad
3785 5070 3861 5110 os-

2250 5206 2253 5209 _
2296 5143 2619 5199 tendendum
2657 5144 2739 5200 sui
2779 5145 2997 5215 generis
3027 5147 3425 5212 testimonium;
3451 5161 3548 5203 nos
3578 5147 3643 5202 ad
3681 5155 3876 5203 tenen-

2295 5234 2422 5290 dum
2451 5250 2602 5290 novre
2631 5236 3057 5307 regenerationis
3086 5246 3142 5292 et
3192 5236 3446 5293 fraterna:
3473 5239 3875 5294 communionis

2296 5328 2606 5387 inviolabile
2628 5339 3049 5387 sacramentum.

2789 5448 2945 5519 εει
2998 5446 3227 5504 CAPUT
3265 5448 3376 5504 xu.

2248 5570 2253 5573 -
2297 5536 2406 5591 Cur
2452 5537 2687 5609 bigamus
2741 5555 2774 5591 (ι
2825 5538 3117 5609 sacerdotio
3155 5539 3375 5593 omnino
3414 5538 3696 5607 repellitur,
3750 5553 3873 5591 cum

2366 5608 2423 5661 in
2472 5607 2873 5676 fornicationem
2920 5607 3098 5678 lapsus
3145 5625 3280 5679 sirpe
3331 5610 3385 5664 in
3432 5609 3681 5664 Ordinem
3732 5624 3873 5662 reco-

2250 5674 2258 5683 ’
2338 5744 2343 5749 τ
2369 5674 2535 5732 cetur.

2367 5789 2619 5869 Quaedam
2653 5806 2887 5862 namque
2933 5791 3067 5847 ﬁunt
3114 5792 3167 5849 in
3208 5790 3470 5859 Ecclesia,
3517 5804 3638 5863 quae
3677 5804 3867 5862 snper-
