4106 6320
620 513 726 568 245

1077 512 1133 565 S.
1173 511 1376 567 PETRI
1414 510 1696 566 DAMIANI
1734 510 1885 567 OPP.
1924 508 2158 567 TOMUS
2189 509 2318 565 SEU
2361 508 2538 563 PARS
2573 508 2657 562 Ill.
2689 539 2750 549 -—
2785 507 3145 564 OPUSCULA
3186 508 3418 562 VARIA.

3741 507 3848 563 244

616 627 878 698 originem
907 628 1158 692 duceret,
1190 627 1274 681 vel
1312 628 1382 682 ob
1416 626 1468 681 id
1498 626 1705 696 potius,
1735 627 1861 697 quia
1892 626 2051 679 unius
2084 625 2173 678 Dei
2203 627 2256 687 Α
2281 623 2324 678 si
2368 631 2477 675 tota
2509 622 2837 676 Testamenti
2869 620 3077 676 Veteris
3122 622 3288 675 series
3329 630 3715 675 recenseatur:
3753 625 3847 677 sed

614 719 819 778 cultum
850 729 1093 786 teneret,
1127 728 1381 789 tanquam
1430 735 1538 774 una
1569 734 1795 789 persona
1836 718 2181 787 singulariter

614 810 874 880 loquitur,
913 810 1048 863 utin
1081 810 1264 864 multis
1296 825 1354 865 se
1385 825 1552 864 unum
1588 824 1707 865 esse
1742 816 2015 864 testetur:
2053 805 2181 876 quid

616 899 870 954 nimirum
910 899 953 952 si
989 907 1175 952 sancta
1214 898 1481 960 Ecclesia,
1530 912 1652 968 qua:
1690 913 1795 951 uno
1841 896 1937 951 Dei
1978 895 2181 964 Spiritu

612 989 1006 1055 sanctiﬁcatur,
1057 997 1113 1043 et
1154 989 1376 1056 regitur,
1420 989 1576 1042 unius
1620 988 1769 1040 Fidei
1817 995 1872 1040 et
1924 985 2182 1055 Baptismi

619 1080 978 1135 sacramentis
1010 1079 1268 1133 imbuitur
1302 1081 1366 1133 ad
1406 1080 1647 1133 eamdem
1687 1078 2052 1134 luereditatem
2087 1092 2180 1131 ca-

612 1169 932 1239 pessendam
962 1187 1059 1241 per
1088 1171 1390 1241 adoptionis
1418 1172 1645 1243 gratiam
1680 1178 2026 1233 convocatur,
2065 1177 2182 1221 tan-

614 1270 723 1315 tam
762 1263 903 1316 inter
937 1277 997 1316 se
1032 1263 1230 1317 habeat
1276 1263 1736 1324 communionem,
1784 1273 1844 1314 ut
1895 1269 1948 1315 et
1986 1257 2181 1328 singuli

617 1355 801 1408 verbis
838 1356 1111 1419 omnium,
1146 1365 1200 1408 et
1228 1369 1416 1408 omnes
1447 1356 1627 1408 verbis
1654 1354 1732 1408 uti
1762 1354 1974 1407 valeant
2002 1352 2182 1420 singu-

613 1442 835 1497 lorum?
860 1443 998 1499 Hinc
1025 1452 1109 1498 est
1135 1445 1327 1511 etiam,
1362 1444 1505 1513 quod
1535 1445 1730 1500 divinis
1761 1444 2069 1498 insistentes
2097 1441 2182 1497 of-

613 1532 786 1599 ﬁciis,
823 1547 962 1603 sarpe
996 1534 1053 1588 in
1092 1536 1248 1590 unius
1286 1536 1457 1589 sancti
1491 1535 1837 1589 veneratione
1867 1543 2180 1601 cantamus,

612 1624 757 1693 quod
805 1626 902 1678 toti
952 1625 1111 1679 simul
1160 1626 1414 1681 Ecclesia:
1448 1627 1732 1680 convenire
1769 1626 2181 1696 cognoscimus:

610 1714 754 1783 quod
779 1714 1031 1769 videlicet
1053 1716 1145 1785 qui
1173 1727 1365 1772 cantus
1389 1717 1563 1772 beatae
1591 1717 1685 1772 Dei
1724 1716 2014 1772 Genitricis
2052 1717 2185 1772 alio-

608 1818 837 1872 rumque
874 1813 1189 1860 sanctorum
1215 1806 1504 1877 diligenter
1534 1808 1782 1877 inspicit,
1815 1807 2184 1864 indubitanter

608 1892 874 1963 agnoscit;

1205 1988 1434 2046 CAPUT
1471 1990 1590 2045 XV.

680 2079 832 2146 Quod
872 2080 1109 2151 qua'dam
1141 2081 1439 2153 festivitates
1470 2099 1573 2137 non
1599 2099 1694 2137 suo
1723 2090 1947 2153 tempore
1986 2083 2115 2138 cele-

1272 2151 1508 2207 brantur.
1826 2151 1833 2153 i
1922 2156 1926 2161 ’

684 2263 924 2320 Ecclesia
964 2265 1232 2335 siquidem
1268 2265 1509 2335 Christi,
1538 2283 1658 2338 quae
1687 2277 1771 2323 est
1799 2268 2048 2323 columna
2080 2268 2181 2323 im-

614 2356 859 2421 mobilis,
892 2373 1013 2427 qute
1040 2361 1190 2428 regni
1216 2359 1476 2416 ccelorum
1507 2360 1686 2415 claves
1715 2361 1951 2430 accepit,
1982 2376 2185 2430 nequa-

612 2462 777 2514 quam
827 2449 1076 2513 casibus,
1123 2450 1430 2505 numerisve
1479 2450 1750 2517 deservit,
1801 2452 1893 2506 sed
1940 2452 2181 2506 omnium

609 2537 939 2593 locutionum
970 2540 1160 2595 modth
1191 2541 1334 2595 intra
1365 2556 1476 2597 suae
1513 2541 1647 2610 legis
1676 2541 1800 2611 jura
1840 2542 2179 2612 constringit.

604 2626 729 2696 Nec,
773 2638 1072 2700 aucupatur
1124 2633 1322 2696 verba,
1380 2634 1472 2689 sed
1531 2635 1760 2689 animas.
1829 2632 1945 2690 Non
1998 2636 2181 2704 itaque

610 2721 975 2790 maguipendit
1020 2725 1363 2793 praesentiam
1412 2739 1732 2796 corporum,
1783 2726 1866 2782 vel
1921 2726 2181 2781 articulos

612 2820 940 2881 temporum,
999 2815 1094 2870 sed
1151 2816 1219 2870 ad
1276 2816 1614 2873 devotionem
1652 2817 1829 2887 potius
1880 2826 1935 2871 et
1998 2817 2178 2870 unita-

610 2908 716 2957 tem
766 2903 985 2972 respicit
1032 2905 1360 2962 animorum.
1413 2907 1579 2978 «Ipsa
1615 2924 1810 2978 nempe
1833 2908 2040 2979 judicat
2067 2924 2181 2963 om-

607 2990 697 3046 nia
718 3031 734 3058 ,
780 3002 836 3048 et
874 3009 905 3047 a
945 2996 1159 3052 nemine
1193 2995 1468 3065 judicatur
1496 2998 1566 3070 (1
1598 2996 1721 3055 Cor.
1753 3014 1791 3053 n
1813 2999 1854 3071 ).
1886 3018 1905 3051 ι
1937 2999 2072 3055 Hinc
2098 3007 2182 3056 est

606 3085 755 3140 enim
776 3126 792 3152 ,
822 3090 964 3156 quod
992 3089 1046 3144 in
1075 3102 1424 3147 sacrosancta
1454 3091 1794 3148 solemnitate
1834 3094 2073 3164 paschali
2104 3095 2182 3148 di-

606 3173 781 3229 cimus
810 3194 822 3228 :
856 3175 997 3231 Deus
1023 3178 1394 3248 qui.ltodierna
1423 3181 1506 3235 die
1531 3197 1624 3251 per
1655 3179 1990 3252 Unigenitum
2030 3190 2179 3235 tuum

605 3267 910 3320 aternitatis
965 3268 1111 3322 nobis
1156 3270 1357 3324 aditum
1412 3270 1611 3325 devicta
1663 3282 1829 3324 morte
1886 3271 2177 3336 reserasti;

2280 712 2406 782 quia
2438 712 2492 765 in
2522 712 2859 766 solemnitate
2896 711 3132 782 paschali
3159 711 3406 766 venerari
3438 711 3595 781 digne
3624 728 3728 767 non
3760 726 3851 782 po-

2280 810 2492 867 tetaut,
2525 803 2589 856 ad
2616 818 2799 856 earum
2827 804 3028 857 cultum
3057 803 3199 856 aliud
3230 811 3442 874 tempus
3468 813 3551 859 est
3582 802 3849 860 Ecclesia-

2279 893 2417 947 stica
2447 892 2803 962 dispositione
2834 893 3124 961 provisum.

2353 983 2477 1039 Hmc
2506 996 2684 1038 autem
2717 985 2918 1038 idcirco
2949 984 3014 1038 de
3044 984 3214 1038 sacris
3243 982 3671 1039 solemnitatibus
3695 984 3850 1052 juxta

2278 1076 2659 1144 compendium
2691 1075 2919 1129 dixerim
2939 1116 2954 1139 ,
2989 1082 3051 1129 ut
3079 1073 3368 1129 manifeste
3395 1075 3693 1139 clarescat,
3725 1077 3852 1144 quia

2276 1174 2473 1219 sancta
2503 1165 2738 1219 Ecclesia
2773 1180 2877 1218 non
2910 1173 3018 1218 tam
3051 1165 3446 1235 constringitur
3484 1165 3600 1237 lege
3642 1176 3853 1237 tempo-

2280 1266 2439 1322 rum,
2471 1271 2630 1325 quam
2660 1257 2804 1326 ipsas
2833 1264 3135 1324 temporum
3165 1256 3314 1310 vices
3340 1256 3405 1310 ad
3446 1270 3599 1311 suum
3636 1258 3857 1311 cohibet

2283 1358 2496 1404 nutum.
2538 1346 2721 1419 Neque
2749 1349 2893 1403 enim
2925 1349 3025 1403 sub
3064 1347 3342 1402 clementis
3377 1349 3543 1402 servit
3574 1348 3814 1403 Ecclesia
3838 1390 3853 1414 ,

2278 1442 2378 1495 sed
2419 1440 2516 1510 ipsi
2558 1440 2735 1508 potius
2776 1439 3017 1506 subjecta
3047 1448 3200 1503 sunt,
3241 1448 3295 1493 et
3329 1440 3703 1508 obtemperant
3740 1438 3855 1494 ele-

2284 1539 2486 1584 menta.
2547 1529 2697 1584 Unde
2736 1538 2789 1584 et
2835 1528 3085 1599 Magister
3133 1530 3371 1599 gentium
3404 1528 3572 1584 dicit:
3603 1549 3621 1581 ι
3652 1518 3857 1585 Omnia

2285 1624 2427 1676 cnim
2477 1632 2653 1675 vestra
2701 1633 2857 1686 sunt,
2909 1622 3021 1676 sive
3068 1620 3300 1687 Paulus,
3334 1621 3445 1676 sive
3489 1621 3708 1691 Apollo,
3742 1622 3859 1677 sive

2278 1712 2528 1783 Cephas,
2580 1713 2696 1768 sive
2742 1713 2973 1766 mundus
2994 1751 3009 1777 ,
3055 1711 3171 1766 sive
3214 1713 3323 1766 vita
3345 1754 3358 1778 ,
3389 1713 3500 1767 sive
3530 1729 3706 1778 mors,
3740 1713 3858 1768 sive

2282 1804 2590 1872 prmsentia,
2619 1802 2732 1857 sive
2755 1801 2956 1856 futura.
2982 1800 3173 1856 Omnia
3195 1803 3337 1856 enim
3366 1810 3543 1857 vestra
3575 1811 3733 1869 sunt,
3758 1818 3858 1858 vos

2286 1899 2465 1945 autem
2511 1891 2747 1958 Christi,
2799 1891 3050 1947 Christus
3098 1899 3274 1946 autem
3316 1890 3409 1946 Dei
3441 1892 3510 1963 (I
3539 1892 3661 1947 Cor.
3683 1909 3717 1948 v
3747 1892 3801 1965 ),
3833 1912 3853 1946 ι

2208 1984 2258 2046 Β
2286 1988 2449 2049 atque
2468 2021 2482 2047 ,
2518 1991 2574 2035 ut
2602 1981 2853 2037 ostendat
2882 1990 3095 2051 quantae
3123 1983 3462 2037 auctoritatis
3493 1983 3855 2054 praerogativa

2286 2081 2475 2127 sancta
2504 2074 2777 2144 przecellat
2804 2074 3074 2141 Ecclesia,
3112 2090 3297 2130 rursus
3324 2077 3391 2131 ad
3417 2076 3632 2131 eosdem
3662 2074 3855 2131 Corin-

2284 2162 2473 2218 thios:
2512 2183 2531 2215 ς
2564 2165 2644 2218 An
2686 2166 2934 2228 nescitis,
2973 2165 3079 2231 ait,
3119 2166 3373 2235 quoniam
3413 2166 3588 2222 sancti
3636 2167 3701 2221 de
3749 2166 3860 2221 hoc

2284 2254 2484 2309 mundo
2525 2253 2883 2322 judicabunt?
2927 2255 2992 2310 Et
3037 2258 3082 2311 si
3125 2270 3155 2310 a
3202 2257 3355 2312 vobis
3392 2255 3724 2325 iudicabitur
3761 2258 3855 2313 hic

2284 2348 2516 2402 mundus
2547 2364 2560 2400 :
2608 2348 2813 2418 indigni
2854 2349 3018 2414 estis,
3051 2348 3143 2418 qui
3181 2347 3249 2402 de
3287 2348 3527 2403 minimis
3557 2347 3853 2416 judicetis:

2282 2429 2507 2492 nescitis
2538 2438 2665 2507 quia
2706 2437 2927 2509 angelos
2962 2437 3379 2508 judieahimus?
3416 2447 3620 2508 quanto
3680 2438 3855 2509 magis

2284 2528 2562 2585 saecularia
2590 2530 2614 2583 τ
2650 2548 2668 2582 ι
2703 2528 2754 2600 (Ι
2791 2528 2913 2584 Cor.
2938 2529 3040 2600 v1.)

2848 2637 3076 2696 CAPUT
3110 2634 3245 2696 XVI.

2426 2727 2579 2795 Quod
2613 2732 2666 2783 in
2701 2724 2938 2784 Ecclesia
2976 2740 3111 2851 recte
3149 2731 3285 2786 alius
3319 2729 3521 2802 supplet
3559 2731 3710 2786 verba

2940 2816 2972 2851 a
2995 2809 3173 2851 terms.

2850 2853 2854 2858 ,
2940 2809 3173 2854 αιιενῑιιε.

2352 2888 2519 2958 Igitur
2554 2897 2613 2942 ut
2652 2887 2716 2942 ad
2746 2889 3023 2959 superiora
3056 2889 3338 2946 redeamus
3363 2930 3379 2956 ,
3412 2890 3543 2961 quid
3573 2890 3770 2944 mirum
3802 2890 3852 2945 si

2282 2988 2467 3034 sancta
2518 2979 2791 3044 Ecclesia,
2843 2981 2928 3033 cui
2976 2988 3126 3035 tanta
3176 2990 3418 3051 potestas
3467 2981 3726 3037 divinitus
3767 2990 3853 3036 est

2282 3085 2575 3133 concessa,
2626 3071 2789 3124 verba
2833 3068 2935 3125 sibi
2975 3069 3288 3125 famulantia
3331 3071 3404 3125 ita
3442 3071 3507 3125 ad
3537 3085 3690 3125 suum
3723 3083 3852 3124 con-

2279 3173 2457 3219 vertat
2488 3164 2769 3219 arbitrium
2793 3206 2808 3231 ,
2843 3173 2901 3219 ut
2926 3164 3011 3219 vel
3037 3164 3231 3237 singuli
3260 3166 3523 3237 plurium,
3555 3165 3639 3220 vel
3666 3163 3853 3235 plures

2282 3255 2494 3325 eloquia
2525 3255 2801 3325 proferant
2844 3255 3221 3326 singulorum?
3259 3258 3367 3312 Aut
3406 3256 3534 3327 quid
3575 3257 3762 3320 obest,
3800 3255 3853 3310 si

608 3354 735 3408 dum
761 3358 943 3409 cuncti
969 3357 1176 3426 liquido
1199 3360 1485 3425 novimus,
1516 3362 1643 3432 quia
1680 3362 1870 3433 (juxta
1909 3333 2177 3417 calculan;

2281 3360 2372 3409 ea,
2417 3360 2537 3416 quae
2573 3346 2693 3402 aliis
2732 3347 3041 3416 specialiter
3070 3358 3404 3419 congruunt,
3434 3346 3502 3401 ab
3530 3347 3650 3401 aliis
3672 3345 3856 3417 profe-

604 3442 744 3501 tium
778 3448 1210 3520 supputationes)
1236 3450 1582 3507 Hebraeorum
1619 3451 1827 3509 Pascha
1861 3455 2174 3523 praecedat;

608 3535 756 3591 circa
810 3539 953 3609 quod
1007 3539 1267 3597 Dominus
1320 3556 1512 3613 passus
1560 3551 1679 3611 est,
1733 3554 1788 3600 et
1839 3547 2174 3614 resurrexit;

608 3626 804 3683 deinde
832 3630 923 3684 ubi
952 3631 1103 3699 prius
1129 3633 1461 3703 quotuslibet
1485 3634 1796 3693 Dominicus
1833 3638 1947 3693 dies
1982 3654 2177 3695 oecur-

614 3718 717 3783 rit,
758 3718 1036 3777 Paschalis
1064 3724 1223 3780 nobis
1257 3723 1525 3798 festivitas
1562 3727 1841 3785 illucescit.
1875 3727 2011 3784 Nam
2038 3738 2093 3785 et
2123 3731 2179 3786 in

606 3815 937 3872 Ascensione
969 3819 1179 3876 Domini
1209 3830 1264 3878 et
1290 3832 1480 3879 sancto
1525 3822 1844 3882 Pentecoste
1865 3827 1965 3882 sub
1987 3828 2177 3882 eodem

606 3919 772 3962 sensu
799 3907 1063 3975 dicimus,
1089 3911 1251 3968 hodie
1276 3927 1293 3967 :
1317 3928 1443 3970 cum
1472 3923 1530 3969 et
1560 3915 1679 3971 ista:
1706 3915 2028 3974 festivitates
2050 3934 2179 3975 con-

607 4007 900 4068 sequenter
932 3998 1085 4069 juxta
1116 4004 1379 4060 rationem
1407 4004 1685 4075 paschalis
1714 4008 1971 4077 temporis
2000 4009 2179 4078 dispo-

610 4098 832 4146 nantur.
867 4092 1160 4151 Decollatio
1206 4111 1425 4166 quoque
1473 4086 1619 4152 bea'ti
1653 4096 1878 4155 Joannis
1922 4098 2180 4170 Baptista:

607 4195 794 4238 mense
842 4183 1085 4255 Augusto
1138 4185 1478 4254 celebratur,
1531 4204 1654 4243 cum
1706 4196 1885 4246 tamen
1937 4198 2180 4261 tempore

602 4274 896 4333 Dominicre
919 4277 1189 4349 passionis
1218 4280 1523 4338 trucidatus
1552 4283 1620 4338 ab
1634 4280 1850 4340 Herode
1878 4282 2045 4340 fuisse
2078 4284 2181 4339 mi-

607 4366 750 4420 nime
774 4364 1067 4424 dubitetur.

678 4456 880 4511 Eadem
928 4473 1142 4528 quoque
1185 4462 1325 4516 ratio
1371 4470 1461 4518 est
1491 4471 1547 4517 et
1578 4463 1645 4518 de
1680 4461 1973 4518 festivitate
2006 4464 2179 4519 sancti

606 4544 826 4611 Jacobi,
852 4560 955 4604 nec
976 4562 1083 4603 non
1104 4558 1163 4605 et
1185 4549 1247 4604 Β.
1277 4550 1458 4615 Petri,
1486 4567 1610 4622 quae
1634 4552 1830 4607 dicitur
1858 4567 1888 4606 a
1911 4551 2176 4608 Vinculis.

603 4638 738 4739 Cum
758 4641 929 4739 .enim
956 4641 1125 4698 Actus
1155 4644 1434 4715 apostolici
1465 4643 1746 4717 Scriptura
1776 4646 1919 4702 dicat
1945 4662 1960 4700 :
1992 4644 2176 4739 «.Quia
2204 4677 2255 4739 Β

601 4728 859 4798 Herodes,
889 4740 1178 4803 postquam
1225 4735 1426 4791 occidit
1461 4734 1721 4791 Jacobum
1754 4735 1975 4792 fratrem
2011 4732 2176 4792 Joan-

606 4818 693 4878 nis
740 4821 952 4893 gladio,
1001 4822 1189 4879 videns
1223 4823 1348 4894 quia
1381 4819 1624 4896 placeret
1655 4822 1884 4890 Judaeis,
1914 4825 2171 4896 apposuit

601 4915 1005 4983 apprehendere
1041 4925 1097 4971 et
1129 4915 1349 4972 Petrum
1386 4917 1542 4989 (Act.
1574 4934 1651 4974 xu
1675 4918 1694 4991 )
1721 4936 1736 4986 ;
1767 4938 1785 4972 ι
1814 4918 2004 4974 deinde
2041 4920 2171 4975 sub-

591 5000 820 5073 jungat:
850 5023 869 5056 t
899 5004 1068 5060 Erant
1085 5016 1264 5063 autem
1292 5006 1405 5063 dies
1422 5008 1776 5080 Azymorum,
1809 5029 1829 5063 ι
1855 5020 2017 5080 atque
2042 5025 2169 5080 pro-

600 5093 743 5148 tinus
787 5094 948 5151 addat
977 5113 992 5150 :
1026 5116 1046 5149 r
1076 5097 1246 5164 Quem
1271 5113 1395 5154 cum
1427 5100 1905 5169 apprehendisset,
1935 5102 2081 5156 misit
2113 5103 2171 5155 in

601 5197 874 5240 carcerem
892 5226 907 5251 ,
940 5187 1270 5258 tradensque
1297 5198 1530 5260 quatuor
1556 5191 1998 5259 quatemionibus
2027 5191 2169 5245 mili-

596 5282 713 5329 tum
742 5276 1148 5332 custodiendum
1172 5318 1187 5345 ,
1233 5280 1419 5336 volens
1457 5290 1577 5349 post
1616 5279 1824 5335 Pascha
1869 5282 2168 5351 producere

596 5380 720 5420 eum
768 5367 965 5437 populo
1007 5368 1227 5440 (lbid.)
1257 5386 1270 5435 ;
1306 5378 1499 5440 ipatct
1545 5370 1747 5439 absque
1795 5370 1994 5437 dubio,
2042 5368 2169 5440 quia

600 5455 708 5510 alio
754 5457 878 5511 anni
925 5465 1167 5529 tempore
1214 5460 1330 5514 haec
1374 5474 1472 5528 per
1519 5461 1894 5515 executionem
1942 5472 2164 5528 operum

597 5556 728 5604 sunt
753 5547 943 5605 eﬂ‘ecta
963 5589 980 5616 ,
1011 5558 1175 5620 atque
1201 5549 1306 5603 alio
1335 5549 1671 5618 postmodum
1705 5549 1945 5605 colendis
1970 5548 2169 5603 solem-

594 5642 859 5698 nitatibus
887 5644 1151 5697 instituta.
1180 5641 1524 5697 Festivitates
1546 5641 1687 5696 enim
1712 5641 1815 5695 illae
1839 5682 1854 5705 ,
1886 5650 1944 5694 ut
1969 5650 2156 5696 notum

590 5745 673 5791 est
692 5777 707 5802 ,
736 5737 1078 5792 celebrantur
1100 5736 1244 5792 circa
1270 5734 1433 5807 234
1456 5743 1625 5789 metas
1648 5732 1773 5788 Julii
1803 5734 2022 5799 mensis,
2051 5747 2158 5804 quo

590 5824 840 5879 videlicet
885 5834 1123 5893 tempore
1160 5841 1333 5894 neque
1378 5824 1581 5878 Pascha
1614 5825 1945 5889 celebrasse,
1983 5840 2160 5896 neque

591 5915 918 5983 Azymarum
945 5914 1059 5971 dies
1088 5912 1179 5968 ille
1209 5914 1557 5970 Hebraeorum
1586 5915 1814 5983 populus
1858 5914 2151 5984 invenitur,

2281 3442 2477 3488 mntur
2504 3434 2526 3487 ?
2569 3434 2730 3490 Certe
2757 3450 2863 3490 non
2895 3437 3240 3507 ignoramus,
3270 3437 3394 3506 quia
3419 3452 3541 3491 cum
3570 3437 3721 3507 pueri
3762 3449 3856 3489 ca-

2284 3525 2646 3589 tecbizantur,
2692 3526 2956 3582 Sacerdos
2992 3528 3294 3599 interrogat
3323 3545 3336 3581 :
3368 3527 3504 3595 Quid
3534 3524 3719 3598 petis?
3747 3524 3853 3581 Ubi

2280 3630 2386 3671 non
2430 3630 2585 3688 puer,
2634 3617 2731 3673 sed
2780 3617 2913 3672 alius
2963 3617 3138 3673 reddit
3184 3617 3300 3687 ejus
3338 3618 3456 3672 vice
3493 3628 3852 3685 responsum,

2281 3709 2501 3764 dicens:
2532 3708 2717 3765 Fidem
2761 3718 2815 3764 et
2850 3718 3043 3765 caetera
3063 3752 3077 3776 ,
3107 3724 3224 3779 quae
3266 3708 3484 3781 proprie
3525 3709 3592 3762 ad
3622 3718 3852 3778 puerum

2280 3801 2583 3871 pertinent,
2616 3800 2752 3857 alius
2779 3799 2895 3869 ejus
2924 3801 2977 3855 in
3012 3814 3241 3870 persona
3284 3800 3586 3870 respondet.
3632 3797 3690 3852 Si
3720 3806 3852 3867 ergo

2280 3890 2337 3944 in
2380 3890 2496 3961 ipso
2522 3890 2951 3959 regenerationis
2976 3899 3180 3945 nostra:
3211 3890 3498 3960 mysterio,
3526 3886 3615 3942 ubi
3644 3885 3854 3941 scilicet

2282 3982 2448 4037 totius
2495 3982 2743 4035 humanae
2793 3980 2981 4035 salutis
3024 3988 3238 4035 constat
3283 3982 3469 4050 origo,
3516 3986 3662 4033 recte
3713 3975 3852 4030 alios

2284 4076 2447 4130 verba
2480 4075 2658 4129 reddit
2682 4074 2943 4129 alterius:
2984 4074 3113 4144 quid
3152 4070 3435 4143 prohibet,
3464 4070 3513 4125 si
3556 4080 3609 4125 et
3648 4069 3701 4124 in
3744 4066 3852 4122 iliis

2280 4166 2661 4221 ecclesiasticis
2709 4165 3162 4233 salutationibus,
3208 4162 3292 4217 vel
3337 4161 3580 4232 petendis
3625 4158 3852 4215 benedi-

2281 4261 2548 4318 ctionibus
2594 4260 2732 4316 alter
2776 4260 3148 4330 respondendo
3179 4258 3422 4329 suppleat
3464 4256 3636 4310 locum
3676 4250 3850 4316 illius,

2282 4351 2373 4420 qui
2411 4349 2610 4404 vacat?
2654 4348 2789 4402 Nam
2830 4358 2888 4403 ut
2926 4348 3062 4404 alter
3098 4363 3196 4419 pro
3228 4348 3396 4401 altero
3430 4343 3755 4415 respondere
3796 4340 3852 4395 in

2281 4439 2523 4495 Ecclesia
2571 4438 2775 4505 valeat,
2828 4454 2932 4494 non
2984 4440 3237 4494 moderna
3288 4437 3563 4494 temeritas
3606 4432 3850 4503 reperit,

2281 4532 2377 4588 sed
2437 4533 2504 4588 ab
2569 4531 2863 4602 apostolica
2935 4534 3111 4602 potius
3168 4532 3488 4586 auctoritate
3550 4526 3849 4584 descendit.

2283 4622 2436 4680 Unde
2462 4633 2519 4680 et
2546 4624 2742 4680 Paulus
2771 4627 2837 4680 ad
2865 4626 3176 4682 Corinthios
3207 4646 3220 4682 :
3256 4648 3273 4679 ‹
3299 4627 3597 4691 Creterum,
3631 4623 3849 4692 inquit,

2280 4714 2325 4770 si
2368 4714 2707 4772 benedixeris
2745 4716 2961 4786 spiritu.
2997 4718 3118 4772 ouis
3144 4716 3354 4787 supplet
3383 4717 3559 4771 locum
3586 4713 3846 4771 idiotas?»

2280 4805 2332 4877 (Ι
2360 4805 2481 4861 Cor.
2516 4807 2650 4877 xlv.)

2348 4898 2465 4953 Huc
2490 4898 2729 4959 accedit,
2762 4897 2901 4965 quod
2927 4898 2970 4953 si
3000 4907 3225 4967 propter
3250 4896 3551 4952 absentiam
3579 4894 3700 4964 quis
3724 4907 3859 4964 per-

2278 5002 2533 5043 sonarum
2556 4990 2709 5044 timet
2731 4989 2910 5044 dicere
2936 5006 2948 5041 :
2980 4989 3233 5043 Dominus
3259 4989 3517 5044 vobiscum
3537 5028 3551 5052 ,
3576 4986 3659 5041 vel
3681 4986 3853 5040 etiam

2274 5081 2603 5148 respondere
2628 5094 2643 5132 :
2672 5079 2736 5132 Et
2767 5094 2882 5133 cum
2912 5081 3101 5148 spiritu
3130 5090 3219 5134 tuo
3248 5120 3263 5146 ,
3292 5081 3484 5135 timeat
3510 5093 3723 5149 quoque
3755 5092 3852 5131 ne-

2275 5189 2431 5231 cesse
2458 5183 2571 5238 est,
2600 5190 2668 5231 ne
2698 5175 2843 5230 dicat
2868 5193 2881 5229 :
2917 5173 3169 5240 Oremus,
3204 5177 3296 5231 sed
3325 5178 3505 5247 potius
3523 5215 3537 5236 .
3565 5188 3747 5238 orem,
3781 5188 3851 5228 ne

2270 5266 2526 5320 videlicet
2569 5266 2688 5321 illos
2733 5267 2801 5320 ad
2844 5268 3145 5323 orationem
3172 5268 3423 5322 videatur
3459 5266 3719 5328 invitare,
3754 5264 3849 5334 qui

2273 5359 2467 5415 desunt
2498 5374 2513 5414 :
2541 5370 2595 5415 et
2627 5361 2716 5430 qui
2761 5362 3105 5433 sacrilegium
3153 5363 3302 5419 ducit
3342 5361 3502 5417 nullis
3543 5360 3849 5416 astantibus

2269 5451 2703 5508 benedictionem
2738 5462 2958 5523 petere,
3000 5455 3083 5509 vel
3130 5454 3299 5522 dare,
3345 5462 3537 5509 caveat
3579 5453 3743 5508 etiam
3789 5451 3847 5506 in

2268 5542 2376 5597 flne
2404 5544 2654 5600 lectionis
2698 5546 2879 5601 dicere
2910 5565 2922 5601 :
2958 5545 3035 5599 Tu
3074 5554 3279 5612 autem,
3314 5545 3565 5609 Domine,
3602 5545 3849 5598 miserere

2266 5637 2450 5703 nobis;
2475 5638 2569 5692 sed
2595 5637 2740 5692 dicat
2767 5640 2965 5707 potius,
2992 5639 3254 5694 miserere
3285 5638 3438 5692 mihi.
3471 5636 3621 5703 Quod
3650 5636 3693 5691 si
3726 5648 3848 5689 om-

2264 5727 2396 5781 nino
2423 5739 2812 5797 praeposmrum
2836 5768 2849 5793 ,
2879 5729 3099 5783 omnino
3130 5729 3341 5783 videtur
3380 5726 3703 5791 absurdum,
3735 5740 3846 5778 non

2265 5830 2521 5875 vereatur
2549 5820 2807 5876 Ecclesiae
2829 5821 2993 5875 verba
3024 5820 3172 5877 solus
3198 5822 3392 5888 edere,
3433 5819 3524 5889 qui
3570 5820 3637 5872 ab
3678 5833 3739 5872 ea
3786 5831 3847 5871 se

2267 5923 2466 5983 mente,
2489 5920 2544 5970 et
2564 5912 2759 5984 spiritu
2781 5926 3047 5985 nusquam
3069 5912 3313 5970 decernit
3336 5912 3527 5969 abesse
3552 5929 3564 5969 :
3594 5905 3758 5982 235
3787 5915 3847 5965 et
