4110 5364
279 461 386 518 245

915 454 1154 511 OPUSC.
1196 455 1286 509 XI.
1335 485 1400 494 —
1444 453 1643 510 LIBER
1663 453 1801 525 {QUI
1839 453 2113 510 DICITUR
2157 450 2459 508 DOMINUS
2504 449 2862 506 VOBISCUM.

3424 443 3528 500 246

283 575 436 646 cujus
503 588 564 630 se
623 572 906 645 proﬁtetur
972 571 1278 640 specialiter
1341 571 1677 634 membrtun,
1742 585 1844 624 non
1874 566 2099 637 Alepor
2145 566 2463 635 eloquentiae
2511 565 2776 634 suppetit,
2807 563 2930 617 dum
2960 569 3204 634 patentes
3241 559 3532 630 Scripturaz

284 687 343 726 se
390 687 422 724 a
464 684 566 723 suo
613 680 836 737 corpore
874 665 1106 720 divisum
1153 672 1362 719 asserat
1395 663 1691 734 prolatione
1729 673 1848 715 ver-

287 763 524 825 borum;
579 759 678 814 sed
729 773 850 812 cum
881 757 1084 811 Christi
1147 755 1386 811 Ecclesia
1448 766 1532 808 est
1589 753 1855 807 veraciter

235 837 247 882 ’ῖ
288 868 487 916 unum,
536 850 868 905 conﬁdenter
915 850 1130 918 expleat
1179 863 1292 904 sua:
1338 847 1703 902 universitatis
1747 843 1857 898 otii-

289 943 464 1005 cium,
527 940 802 1011 magisque
852 939 907 993 in
968 940 1052 994 his
1109 933 1476 994 Ecclesiastici
1532 937 1855 992 sacramenti

289 1048 508 1086 servare
533 1032 789 1090 virtutem
839 1030 1086 1094 studeat,
1122 1040 1286 1099 Quam
1315 1030 1724 1099 congruentiam
1767 1031 1859 1084 do-

291 1124 529 1178 mestica:
557 1121 1008 1178 confabulationis
1033 1119 1292 1176 attendat.

857 1232 1085 1291 CAPUT
1125 1232 1285 1287 XVII.

293 1325 448 1390 Quod
484 1325 737 1396 quidquid
775 1340 902 1396 pene
949 1326 1004 1377 in
1055 1326 1243 1396 divinis
1295 1323 1472 1394 ofﬁciis
1520 1324 1714 1392 agitur,
1767 1323 1860 1376 sub

669 1395 854 1464 ﬁguris
891 1396 1122 1463 mysticis
1161 1395 1488 1463 disponatur.

362 1485 518 1538 Sicut
546 1485 691 1537 enim
723 1485 976 1553 superius
1007 1485 1208 1538 dictum
1242 1493 1356 1546 est,
1397 1483 1650 1538 nonnulla
1689 1484 1740 1537 in
1772 1499 1862 1538 ec-

294 1575 616 1629 clesiasticis
643 1574 1114 1628 observationibus
1145 1571 1281 1627 ﬁunt
1301 1615 1316 1637 ,
1348 1589 1466 1642 quae
1496 1574 1550 1626 in
1581 1575 1866 1642 superﬁcie

293 1667 506 1735 quidem
538 1665 732 1720 frivola
763 1666 1013 1720 videntur
1038 1674 1093 1719 et
1124 1665 1260 1719 levia
1288 1683 1302 1730 ;
1365 1665 1710 1720 considerata
1738 1679 1867 1719 vero

298 1759 550 1813 sabtilius
581 1774 787 1827 magnae
815 1759 1037 1812 virtutis
1066 1759 1416 1828 reperiuntur
1446 1758 1713 1824 gravitate
1742 1757 1868 1810 sub-

296 1850 439 1902 nixa.
465 1847 536 1902 Ut
561 1849 706 1902 enim
731 1863 895 1916 pauca
927 1847 1352 1917 perstringamus
1377 1862 1406 1901 e
1436 1847 1682 1916 plurimis
1700 1887 1714 1909 ,
1747 1847 1868 1914 quis

1955 672 2174 726 campos
2224 655 2457 709 eﬁ'raznis
2509 653 2690 723 lingua
2726 652 3021 720 percurrit,
3069 649 3314 722 populari
3360 648 3533 703 favori

1956 763 2055 803 cor
2109 747 2345 803 deditum
2403 746 2626 816 spiritus
2687 743 2936 800 elationis
2997 743 3243 798 invadit:
3293 751 3350 796 et
3403 740 3530 795 dum

1956 836 2091 891 alios
2132 852 2230 905 per
2279 837 2412 891 recti
2444 835 2671 890 itineris
2717 835 2986 888 tramitem
3035 832 3239 900 dirigit,
3291 831 3403 901 ipse
3453 830 3537 884 di—

1958 924 2279 981 verticulum
2330 940 2573 979 errones:
2620 921 2953 978 confusionis
3006 921 3251 975 incurrit.
3283 917 3418 974 Hinc
3452 927 3536 972 est

1959 1024 2156 1087 etiam,
2196 1021 2337 1093 quod
2383 1035 2579 1074 mensa:
2626 1017 2917 1074 lectoribus
2963 1031 3026 1070 ex
3080 1028 3229 1068 more
3273 1012 3472 1066 dicitur
3521 1029 3532 1064 :

1961 1114 2179 1184 Auferat
2207 1131 2238 1166 a
2273 1122 2320 1168 te
2364 1112 2503 1166 Deus
2533 1110 2775 1181 spiritum
2811 1107 3072 1162 elationis.
3104 1103 3174 1161 Ut
3197 1119 3326 1174 ergo
3356 1103 3535 1156 immi-

1960 1205 2109 1260 nenti
2143 1203 2364 1257 forsitan
2393 1202 2717 1272 arrogantiae
2737 1215 2850 1267 jam
2882 1199 2935 1252 in
2969 1199 3082 1266 ipso
3106 1193 3354 1250 lectionis
3380 1208 3532 1246 exor-

1964 1296 2053 1349 dio
2085 1293 2361 1348 humilitas
2407 1301 2729 1363 apponatur,
2777 1301 2922 1345 recte
2979 1298 3127 1343 tanta
3191 1283 3540 1354 subjectionis

1965 1396 2081 1439 arte
2110 1385 2415 1440 benedictio
2440 1385 2660 1453 petitur,
2687 1392 2741 1436 ut
2765 1381 2972 1436 lecturo
2992 1396 3097 1435 non
3126 1378 3414 1435 Sacerdos.
3448 1382 3542 1431 sed

1967 1478 2050 1532 cui
2081 1478 2192 1549 ipse
2216 1477 2468 1544 jusserit,
2503 1476 2801 1529 benedicat.

2049 1568 2411 1622 Sacerdotalis
2441 1576 2621 1621 autem
2652 1565 2903 1618 salutatio
2930 1563 3133 1616 idcirco
3169 1560 3227 1613 ﬁt
3268 1559 3320 1613 in
3350 1557 3542 1614 Eccle-

1969 1659 2046 1714 sia
2069 1701 2084 1722 ,
2118 1668 2176 1712 ut
2222 1672 2280 1711 se
2318 1655 2574 1710 sacerdos
2624 1668 2810 1724 pacem
2860 1653 3057 1707 habere
3087 1666 3208 1704 cum
3252 1658 3361 1703 tota
3391 1647 3546 1718 plebe

1971 1747 2205 1801 ﬁdelium
2237 1746 2447 1800 doceat.
2497 1743 2746 1812 Prtet-ipit
2778 1741 2921 1794 enim
2965 1741 3015 1792 in
3046 1738 3334 1807 Evangelio
3365 1737 3514 1791 Domi

1974 1856 2107 1901 nus,
2140 1838 2325 1892 dicens
2353 1856 2363 1889 :
2395 1855 2413 1888 ‹
2444 1835 2577 1889 Cum
2611 1834 2826 1888 stabilis
2854 1831 2920 1886 ad
2947 1832 3206 1886 orandum
3228 1871 3243 1894 ,
3275 1829 3543 1890 dimittite,

294 1958 412 1994 cum
443 1941 797 1996 sacerdotalia
831 1941 1097 2010 conspicit
1128 1940 1443 1995 indumenta
1463 1981 1478 2003 ,
1513 1940 1869 1995 admiratione
1898 1918 1946 1978 Β
1977 1932 2019 1985 Si
2056 1929 2186 2001 quid
2213 1927 2424 1983 habelis
2453 1927 2711 1980 adversus
2735 1923 2989 1992 aliquem.
3015 1930 3074 1974 υι
3094 1931 3145 1974 ει
3168 1919 3329 1972 Ρίιιοΐ
3349 1926 3543 1983 νθειεΐο

299 2032 516 2099 dignum
543 2030 726 2086 inesse
755 2031 860 2085 illis
889 2031 1090 2100 aliquid
1123 2032 1344 2095 credat,
1380 2031 1483 2085 nisi
1526 2031 1653 2100 quid
1698 2032 1751 2084 in
1792 2033 1871 2086 eis

297 2123 597 2193 ﬁguraliter
627 2125 906 2185 innitatur,
940 2123 1244 2194 intelligat?
1272 2124 1341 2176 At
1365 2124 1408 2178 si
1443 2123 1737 2194 spiritualis
1764 2124 1874 2177 cla-

302 2225 478 2268 rescat
517 2213 772 2276 intuitus,
817 2214 1200 2269 animadvertit
1236 2230 1337 2269 cur
1370 2215 1610 2269 sandalia
1650 2214 1878 2270 clerico-

296 2322 415 2360 rum
445 2307 612 2376 pedes
640 2309 857 2377 quidem
899 2323 926 2361 a
971 2317 1112 2362 terra
1154 2308 1426 2375 dividunt,
1463 2309 1657 2378 pedum
1694 2319 1874 2364 autem

293 2396 575 2464 superiora
616 2411 684 2449 ex
735 2406 888 2466 parte
939 2403 1156 2466 tegunt,
1205 2412 1272 2452 ex
1316 2411 1470 2465 parte
1519 2413 1625 2453 non
1669 2407 1872 2469 tegunt.

300 2488 623 2543 Considerat
668 2489 869 2554 etiam,
921 2504 1019 2544 cur
1055 2489 1271 2558 poderis
1299 2505 1471 2560 usque
1507 2492 1572 2545 ad
1613 2491 1748 2547 talos
1786 2493 1875 2546 de-

294 2582 458 2647 ﬂuat,
499 2596 599 2635 cur
636 2582 1079 2652 superbumerale
1117 2597 1185 2637 ex
1233 2583 1328 2640 lini
1376 2584 1608 2638 materia
1657 2599 1872 2654 semper

306 2673 439 2741 ﬁat;
478 2674 766 2744 perpendit
803 2675 1003 2738 etiam,
1043 2674 1172 2742 quid
1211 2674 1482 2744 cingulum
1508 2714 1524 2738 ,
1563 2675 1693 2744 quid
1731 2676 1875 2730 desi-

303 2776 432 2837 gnat
471 2766 712 2821 orarium
741 2782 756 2830 ;
799 2774 1071 2820 scrutatur
1106 2780 1321 2835 quoque
1359 2765 1741 2832 nihilominus,
1777 2782 1877 2822 cur

303 2859 360 2913 in
393 2859 613 2912 modum
643 2857 824 2914 crucis
854 2858 923 2913 sit
962 2857 1223 2927 quadrata
1257 2857 1543 2913 dalmatica
1569 2875 1585 2924 ;
1627 2874 1723 2914 cur
1752 2860 1877 2915 reli-

299 2951 425 3022 quis
465 2950 791 3004 indumentis
829 2951 897 3004 sit
926 2951 1338 3020 superponenda
1367 2950 1685 3015 casula,cur
1711 2953 1876 3006 etiam

307 3044 618 3116 manipulus
652 3045 706 3099 in
746 3045 962 3099 sinistra
1004 3055 1158 3114 parte
1195 3052 1451 3114 gestetur,
1483 3060 1592 3114 quo
1621 3045 1876 3100 nimirum

304 3141 666 3214 spiritualium
717 3141 934 3211 potius,
987 3157 1149 3211 quam
1204 3139 1506 3196 carnalium
1557 3138 1873 3203 oculorum,

305 3233 389 3288 vel
421 3232 635 3286 narium
661 3231 856 3301 pituita
885 3230 1201 3300 detergitur.

375 3323 488 3379 Nec
535 3322 666 3378 illud
715 3323 880 3376 etiam
928 3323 1046 3376 sine
1095 3337 1257 3376 causa
1311 3321 1555 3378 decernit
1590 3320 1742 3387 ﬁeri,
1782 3336 1882 3376 cur

308 3414 604 3476 diaconus,
657 3413 748 3481 qui
802 3412 1092 3468 dalmalica
1145 3427 1252 3466 non
1290 3420 1374 3467 est
1409 3411 1654 3474 indutus,
1696 3411 1881 3466 casula

307 3505 732 3560 circumcinctus
768 3503 952 3573 legat;
994 3518 1092 3557 cur
1129 3503 1294 3557 etiam
1336 3503 1455 3572 ipsa
1494 3500 1785 3558 dalmatica
1824 3503 1882 3558 in

310 3597 536 3653 sinistra
567 3596 650 3651 sui
677 3603 829 3666 parte
856 3595 1100 3650 ﬁmbrias
1128 3594 1344 3651 habeat.
1373 3594 1545 3649 Porro
1573 3606 1753 3650 autem
1783 3609 1886 3650 nec

309 3689 398 3744 illa
441 3687 781 3743 consuetudo
819 3687 1053 3742 inaniter
1094 3687 1294 3750 tenuit,
1321 3685 1465 3754 quod
1492 3686 1720 3755 pallium
1752 3703 1886 3756 pou-

312 3779 612 3833 tiﬁcalibus
633 3777 961 3832 indumentis
987 3776 1294 3845 apponitur,
1319 3784 1377 3830 ut
1399 3775 1600 3830 lamina
1627 3777 1680 3830 in
1708 3774 1887 3830 fronte

309 3871 596 3927 Pontiﬁcis
623 3873 689 3926 ad
718 3871 970 3926 decorem
1019 3882 1075 3924 et
1133 3869 1360 3939 gloriam
1393 3869 1691 3939 antiquitus
1723 3883 1888 3937 pone-

317 3963 521 4019 batur:
566 3964 616 4017 in
657 3979 759 4033 qua
799 3963 1054 4018 nimirum
1091 3962 1288 4016 lamina
1328 3976 1523 4016 nomen
1563 3959 1772 4014 Domini
1809 3968 1890 4013 te-

317 4061 745 4122 tragrammaton
785 4053 1046 4121 scriptum
1085 4062 1205 4105 erat
1239 4049 1438 4120 (Exod.
1477 4047 1710 4118 xxvm),
1747 4047 1891 4116 quod

314 4151 568 4198 sanctum
608 4141 818 4196 Domini
859 4141 1179 4206 vocabatur,
1216 4140 1402 4210 paucis
1439 4139 1656 4208 quidem
1696 4136 1892 4191 litteris

315 4245 606 4298 constans,
647 4235 744 4288 sed
787 4233 966 4304 magni
1011 4233 1314 4287 intellectus
1353 4232 1608 4285 virtutem
1661 4229 1892 4284 interius

319 4323 626 4377 continens.
661 4323 766 4378 Sed
798 4323 928 4392 quid
957 4338 1059 4379 nos
1088 4323 1300 4376 inﬁnita
1331 4319 1732 4391 persequimur,
1761 4317 1893 4371 dum

285 4413 580 4482 .quithuid
617 4414 716 4469 sub
756 4414 936 4468 Veteri
995 4413 1079 4468 vel
1117 4413 1217 4468 sub
1261 4411 1412 4466 Novo
1451 4408 1798 4465 Testamento
1837 4407 1892 4461 in

323 4505 520 4560 divinis
557 4504 736 4574 agitur
766 4503 992 4568 oﬁiciis,
1035 4511 1204 4573 totum
1243 4516 1380 4571 pene
1416 4516 1512 4570 per
1550 4499 1750 4571 ﬁguras
1781 4512 1897 4568 my-

322 4598 492 4652 sticas
533 4604 592 4651 et
617 4596 904 4666 anigmata
958 4594 1077 4650 ﬁeri
1107 4594 1357 4649 videatur
1382 4593 1405 4646 ?
1434 4590 1574 4659 Quid
1605 4591 1750 4646 enim
1787 4597 1897 4644 tota

326 4689 418 4743 illa
471 4687 804 4743 tabernaculi
842 4685 1197 4756 compositio,
1223 4685 1367 4762 quid
1404 4699 1664 4738 numerus
1703 4682 1896 4737 levita-

325 4794 483 4844 rum,
522 4779 652 4848 quid
683 4779 1020 4834 caremoniae
1069 4777 1410 4831 sacerdotum
1433 4816 1446 4838 ,
1487 4775 1616 4844 quid
1666 4773 1898 4844 denique

325 4870 411 4924 vel
442 4871 686 4924 moderni
717 4877 918 4925 sancta:
943 4868 1195 4924 Ecclesiae
1230 4868 1365 4921 ritus
1397 4867 1626 4937 exigunt
1653 4905 1668 4929 ,
1701 4864 1808 4920 nisi
1838 4875 1899 4920 ut

325 4946 504 5016 virtus
551 4963 604 5016 in
652 4961 734 5016 eis
783 4960 1082 5029 spiritualis
1128 4957 1497 5027 intelligentia».
1547 4955 1898 5028 requiratur?

325 5054 532 5123 Atque,
562 5062 621 5108 ut
647 5054 718 5108 ita
745 5053 958 5122 loquar,
987 5051 1303 5123 mysterium
1332 5049 1460 5104 latet
1487 5050 1542 5105 in
1569 5047 1892 5111 ministerio,

327 5145 455 5182 dum
492 5145 777 5182 ιινΙονῖηι-ἰα
804 5143 979 5182 hullnc
1008 5143 1272 5182 atarnilin
1300 5156 1554 5182 atoannm
1589 5141 1896 5182 almum-inm.

1905 3269 1954 3332 C

1979 2023 2070 2093 qui
2125 2022 2176 2075 in
2234 2019 2386 2075 cmlis
2421 2027 2531 2080 est,
2587 2016 2825 2070 dimittat
2880 2012 3028 2067 vobis
3083 2019 3302 2083 peccata
3368 2018 3548 2064 vestra

1978 2114 2172 2184 (Marc.
2211 2113 2308 2182 χι).
2348 2130 2364 2160 ι
2394 2110 2460 2163 Et
2488 2109 2679 2161 iterum
2715 2124 2726 2159 :
2759 2125 2776 2157 ί
2816 2105 2870 2159 Si
2905 2103 3090 2166 oﬁ'ers,
3116 2103 3318 2172 inquit,
3358 2117 3550 2156 munus

1977 2216 2126 2261 tuum
2167 2204 2232 2257 ad
2265 2201 2466 2263 altare,
2497 2208 2552 2252 et
2577 2197 2648 2252 ibi
2680 2197 2994 2250 recordatus
3019 2193 3207 2256 fueris,
3239 2193 3362 2262 quia
3388 2190 3553 2244 frater

1980 2307 2101 2350 tuus
2129 2295 2290 2348 habet
2316 2289 2516 2359 aliquid
2543 2288 2828 2342 adversum
2867 2293 2918 2338 te
2940 2324 2954 2350 ,
2983 2282 3225 2358 relinque
3255 2281 3326 2335 ibi
3359 2294 3553 2334 munus

1979 2397 2126 2441 tuum
2155 2394 2278 2439 ante
2309 2382 2482 2436 altare
2504 2421 2516 2443 ,
2551 2388 2604 2433 et
2645 2377 2782 2433 vade
2825 2377 2976 2447 prius
3013 2373 3351 2429 reconciliari
3399 2371 3556 2426 fratri

1978 2487 2093 2542 tuo,
2115 2487 2170 2530 et
2195 2486 2320 2529 tunc
2341 2473 2562 2527 veniens
2584 2468 2780 2524 oﬁeres
2803 2482 2998 2522 munus
3023 2476 3172 2520 tuum
3195 2463 3407 2533 (Matth.
3433 2463 3507 2530 v).
3533 2481 3551 2512 ι

1981 2571 2246 2626 Sacerdos
2277 2583 2407 2638 ergo
2429 2607 2443 2633 ,
2474 2576 2532 2620 ut
2565 2564 2670 2619 hoc
2709 2562 3047 2618 Dominicum
3089 2566 3412 2629 praeceptum
3451 2570 3556 2610 non

1978 2662 2149 2717 solum
2178 2659 2339 2716 corde
2367 2655 2657 2720 custodiat,
2690 2652 2784 2708 sed
2809 2652 2973 2706 etiam
2999 2666 3096 2720 per
3116 2646 3408 2703 exterioris
3434 2658 3556 2715 spe-

1977 2756 2113 2810 ciem
2144 2754 2280 2807 ritus
2305 2750 2593 2814 ostendat,
2627 2755 2920 2814 antequam
2970 2745 3078 2797 Deo
3118 2738 3402 2794 fundendte
3431 2751 3558 2792 ora-

1977 2845 2142 2902 tionis
2190 2845 2384 2900 offerat
2430 2839 2790 2902 sacriﬁcium,
2825 2851 2921 2906 per
2969 2842 3168 2889 mutum
3219 2829 3561 2887 salutationis

1980 2939 2238 2994 indicium
2261 2933 2500 2991 ostendit
2519 2948 2577 2987 se
2599 2931 2653 2985 in
2680 2930 2917 2984 fraterna
2943 2925 3208 2982 charitate
3231 2921 3561 2979 unanimiter

1981 3030 2318 3086 foederatum.
2345 3026 2684 3094 Quapropter
2709 3022 2821 3076 sive
2841 3026 3038 3088 praesto
3063 3017 3196 3079 sint,
3224 3016 3336 3069 sive
3361 3012 3559 3076 desint,

1981 3122 2094 3192 ipse
2145 3117 2514 3188 spiritualibus
2559 3114 2733 3170 oculis
2781 3117 3077 3180 praesentes
3137 3105 3411 3167 attendat,
3464 3116 3562 3171 pro

1982 3213 2174 3283 quibus
2202 3225 2363 3265 orare
2393 3207 2660 3276 disponit;
2696 3217 2796 3257 nec
2825 3202 3016 3256 abesse
3035 3197 3135 3252 sibi
3161 3211 3258 3267 per
3283 3192 3562 3264 spirituale

1984 3302 2395 3360 contubernium
2432 3297 2641 3359 credit,
2667 3309 2803 3364 quos
2833 3293 2886 3346 in
2918 3289 3163 3344 oratione
3195 3301 3379 3341 secum
3413 3284 3558 3354 pari-

1985 3405 2068 3452 ter
2109 3389 2538 3463 comprehendit.
2567 3387 2798 3443 Obtutus
2827 3383 3009 3450 itaque
3051 3378 3175 3435 ﬁdei
3226 3373 3565 3432 salutationis

1985 3489 2099 3558 ejus
2126 3487 2291 3541 verba
2326 3483 2582 3546 intendit,
2609 3490 2665 3535 et
2692 3477 2890 3547 accipit
2920 3474 3061 3545 quod
3092 3472 3282 3526 adesse
3317 3469 3564 3524 cominus

1986 3596 2085 3651 per
2115 3574 2451 3648 spiritualem
2507 3569 2849 3642 praesentiam
2891 3564 3086 3622 cernit.
3137 3561 3394 3630 Quisquis
3436 3573 3565 3625 ergo

1985 3649 2155 3726 frater
2186 3670 2240 3724 in
2277 3665 2464 3722 cellula
2512 3661 2860 3734 singulariter
2881 3657 3112 3722 habitat,
3133 3651 3437 3711 communia
3467 3649 3568 3703 Ec-

1987 3759 2166 3816 clesiae
2190 3756 2350 3811 verba
2393 3752 2636 3824 proferre
2667 3766 2772 3805 non
2803 3749 3021 3810 timeat,
3055 3759 3216 3815 quem
3248 3739 3497 3795 videlicet
3531 3748 3555 3791 θ

1989 3859 2256 3904 conventu
2289 3843 2522 3899 ﬁdelium
2541 3883 2554 3907 ,
2580 3851 2635 3897 et
2660 3841 2703 3896 si
2735 3838 2906 3894 locale
2930 3835 3166 3907 spatium
3189 3829 3409 3894 dividit,
3438 3832 3538 3882 eui

1989 3942 2242 3998 omnibus
2277 3948 2458 3994 tamen
2504 3936 2684 3991 unitas
2711 3933 2832 3989 ﬁdei
2867 3932 2919 3985 in
2956 3928 3220 3984 charitate
3245 3920 3564 3993 conjungit:

1990 4037 2081 4106 qui
2114 4035 2240 4089 licet
2270 4032 2448 4087 ahsint
2495 4045 2592 4099 per
2638 4025 2804 4080 moles
2855 4035 3178 4090 corporum,
3215 4021 3411 4086 praesto
3443 4017 3571 4066 sunt

1993 4137 2171 4181 tamen
2199 4139 2293 4194 per
2321 4109 2540 4177 unitatis
2569 4116 2950 4174 ecclesiasticae
2981 4118 3401 4167 sacramentum.

2193 4228 2196 4236 ‘
2576 4205 2802 4264 CAPUT
2839 4202 2979 4258 XIX.

2448 4299 2590 4354 Laus
2632 4295 2926 4351 Eremiticw
2975 4290 3112 4344 vita.

2067 4397 2173 4454 Sed
2209 4397 2350 4450 inter
2393 4392 2509 4446 haec
2557 4389 2686 4444 libet
2730 4385 2796 4439 de
2843 4379 3132 4452 singularis
3177 4374 3300 4429 vitae
3361 4367 3573 4426 meritis

1997 4504 2168 4560 pauca
2200 4485 2585 4558 perstringere,
2606 4487 2660 4534 et
2682 4475 2812 4547 quid
2833 4475 2899 4528 de
2923 4470 3159 4544 praefata:
3186 4466 3312 4522 vitae
3336 4462 3572 4560 culmine

2003 4552 2264 4642 sentiam,
2307 4552 2576 4630 laudando
2601 4569 2810 4641 potius,
2856 4579 3016 4635 quam
3047 4555 3402 4628 disputando,
3446 4552 3573 4606 bre-

2004 4678 2143 4730 viter
2174 4670 2444 4726 intimare.
2475 4661 2729 4721 Solitaria
2761 4674 2892 4713 sane
2918 4657 3027 4711 vita
3052 4649 3288 4707 ctelestis
3315 4645 3576 4702 doctrinae

2003 4764 2186 4825 schola
2230 4770 2346 4828 est,
2394 4773 2459 4814 ac
2505 4756 2808 4813 divinarum
2867 4749 3065 4802 artium
3113 4740 3417 4810 disciplina.
3465 4733 3580 4786 lllic

2001 4860 2144 4916 enim
2175 4858 2315 4911 Deus
2343 4859 2427 4908 est
2456 4859 2628 4906 totum
2651 4887 2666 4914 ,
2690 4844 2835 4915 quod
2865 4841 3122 4901 discitur;
3158 4834 3246 4887 via
3265 4873 3278 4894 ,
3309 4844 3415 4898 qua
3457 4834 3578 4879 ten-

2002 4951 2165 5010 ditur,
2199 4961 2296 5015 per
2321 4957 2482 5014 quam
2534 4940 2600 4994 ad
2638 4948 2867 5012 summa:
2913 4924 3156 4986 veritatis
3187 4920 3432 5015 notitiam
3460 4927 3584 4984 per-

2002 5005 2234 5095 venitur.
2268 5005 2500 5090 Eremus
2538 5007 2769 5094 namque
2797 5029 2882 5075 est
2924 5013 3206 5090 paradisus
3235 5005 3587 5095 deliciarum,

2001 5130 2091 5182 ubi
2123 5137 2376 5182 tanuuam
2410 5116 2768 5176 redolentium
2807 5110 3018 5179 species
3045 5101 3475 5172 pigmentorum,
3505 5086 3592 5141 vel
