4110 5364
482 365 588 420 23.7

945 364 1002 421 S.
1049 365 1251 421 PETRI
1290 356 1575 421 DAMIANI
1612 355 2036 438 OPP.‘TOMUS
2075 360 2207 420 SEU
2246 358 2426 416 PARS
2459 358 2546 415 111.
2586 386 2657 400 —-
2685 350 3045 417 OPUSCULA
3088 321 3315 415 VARIA‘.

3628 352 3765 439 ω.

481 478 934 553 Quandoquidem
970 481 1149 535 omnia
1189 481 1295 536 illic
1326 490 1635 537 sanctarum
1658 481 1915 535 virtutum
1940 495 2064 551 gcr-
2093 484 2140 543 Α
2170 480 2251 535 sui
2292 478 2490 533 invicta
2536 478 2889 548 protectione‘
2931 477 3246 548 tripudiant,
3293 484 3349 530 et
3393 476 3458 530 de
3505 444 3765 532 hostium-

483 571 630 625 mina
662 572 887 629 diVersis
911 580 1135 628 venusta
1187 572 1456 628 coloribus
1488 572 1729 638 rutilant,
1774 580 1830 627 et
1866 586 2057 642 perpe-

480 669 588 716 tua:
632 661 918 718 viriditatis
962 663 1135 733 gratia
1185 663 1678 733 incomparabiliter
1721 657 1965 718 vernant.
2011 662 2056 719 0

478 768 702 810 eremus
751 762 1063 810 sanctarum
1115 756 1375 810 mentium
1423 755 1729 822 delectatio,
1780 756 1836 811 et
1880 757 2053 813 intimi

474 850 671 912 gustus
713 842 1034 899 inexhausta
1062 844 1288 900 dulcedo
1314 835 1436 901 !'Tu
1479 848 1723 903 caminus
1762 847 1853 902 ille
1899 847 2059 902 Chal--

475 934 691 1001 «laicus,
723 936 814 992 ubi
855 936 1026 991 sancti
1053 938 1200 1007 pueri
1232 937 1459 993 furentis
1498 938 1730 993 incendii
1763 918 1908 993 vires
1934 953 2059 993 ora-

476 1026 737 1084 tionibus
776 1029 1099 1099 reprimunt,
1153 1039 1207 1085 et
1255 1030 1447 1086 ardore
1496 1030 1618 1084 ﬁdei
1676 1030 2058 1100 crepitantium

475 1127 672 1172 contra
706 1132 765 1173 se
800 1116 1139 1174 ﬂammarum
1170 1118 1357 1191 globos
1383 1106 1764 1188 iexstinguunt;
1798 1117 1884 1172 ubi
1909 1117 2057 1173 scili-

475 1211 561 1259 cet
599 1215 653 1261 et
678 1220 853 1262 nexus
877 1219 1130 1274 uruntur,
1166 1218 1221 1263 et
1247 1192 1496 1263 ardorem
1535 1208 1778 1262 membra
1806 1220 1912 1260 non
1940 1221 2062 1261 sen—

478 1294 660 1359 tiunt;
711 1295 836 1365 quia
882 1304 935 1350 et
978 1304 1202 1365 peccata
1250 1296 1546 1359 solvuntur,
1598 1305 1654 1349 et
1704 1296 1759 1349 in
1803 1295 2059 1366 hymnum

483 1388 678 1443 divinae
719 1387 892 1444 laudis
922 1388 1100 1442 anima
1129 1400 1471 1459 provocatur,
1510 1388 1735 1443 dicens:
1791 1406 1809 1438 ι
1844 1386 2060 1456 Dirupi-

482 1483 575 1547 sti,
604 1482 846 1549 Domine,
874 1483 1086 1538 vincula
1114 1498 1232 1537 mea
1261 1501 1273 1536 :
1323 1483 1419 1537 tibi
1467 1482 1785 1537 sacriﬁcabo
1825 1481 2060 1537 hostiam

484 1571 661 1627 laudis
689 1570 849 1642 (Dan.
875 1588 966 1637 ut;
994 1570 1302 1643 Psal.cxv).
1328 1592 1347 1625 ι
1377 1572 1455 1628 Tu
1481 1573 1696 1638 fornax,
1718 1573 1808 1628 ubi
1840 1571 2063 1643 superni

481 1665 648 1737 Regis
682 1680 811 1722 vasa
865 1664 1191 1730 formantur,
1239 1674 1294 1720 ct
1348 1666 1412 1720 ad
1458 1675 1774 1737 perpetuum
1829 1666 2061 1721 nitorem

480 1748 679 1812 malleo
701 1758 1035 1828 pmnitentice
1062 1772 1341 1828 percussa,
1374 1772 1437 1813 ac
1466 1758 1595 1813 lima
1620 1758 1913 1814 salutifer-.c
1941 1773 2064 1814 cor-

2162 564 2380 626 suorum
2426 567 2724 637 dejectione
2775 567 2888 637 jam
2938 569 3072 623 certi
3134 566 3486 635 triumphant.
3535 566 3749 633 Quibus

2163 644 2417 717 nimirum
2470 662 2667 716 dicitur
2694 679 2708 716 :
2748 679 2767 713 ‹
2800 661 3061 716 Dominus
3083 658 3340 729 pugnabit
3365 671 3465 727 pro
3490 658 3665 721 vobis,
3694 644 3773 713 et-

2160 766 2257 806 vos
2287 750 2531 806 lacebitis
2562 749 2757 821 (Exod.
2783 750 2917 820 xw).
2959 744 2981 802 ί
3026 747 3116 804 Vel
3141 749 3184 803 si
3214 762 3353 801 unus
3381 755 3465 802 est
3492 764 3505 800 :
3546 764 3566 798 ι
3604 732 3771 814 Noli,"

2161 842 2358 913 inquit,
2392 841 2599 907 timere,
2629 841 2811 911 plures
2836 841 3002 905 enim,
3046 839 3242 910 inquit,
3272 838 3551 892 uobiscum
3584 839 3755 909 238

2162 943 2311 1001 sunt,
2337 949 2495 1004 quam
2526 949 2647 989 cum
2672 932 2775 987 illis
2800 931 2905 1005 (IV
2937 930 3061 1001 Reg.
3088 932 3184 1000 vi).
3221 949 3240 984 ι
3284 929 3328 985 0
3361 943 3576 984 eremus
3606 943 3770 983 Iners-

2162 1026 2441 1089 vitiorum,
2482 1040 2544 1080 ac
2572 1023 2760 1095 procul
2801 1023 2963 1078 dubio
3006 1020 3200 1087 fomes,
3230 1029 3285 1076 et
3310 1021 3421 1076 vita
3448 1019 3753 1074 virtutum!

2165 1114 2243 1171 Te
2269 1115 2355 1169 lex
2403 1114 2621 1179 attollit,
2647 1122 2698 1169 te
2725 1112 3011 1184 prepbetia
3040 1112 3271 1166 miratur
3300 1128 3313 1164 :
3357 1119 3413 1166 et
3445 1109 3770 1180 quicunque

2165 1207 2233 1262 ad
2256 1205 2601 1274 perfectionis
2635 1204 2908 1259 cumulum
2953 1210 3336 1274 pervenerunt,
3378 1209 3525 1255 tuum
3554 1213 3779 1271 novere"

2162 1297 2512 1368 praeconium.
2541 1295 2711 1352 Porro
2743 1296 2837 1350 tibi
2865 1294 3075 1366 Moyses
3110 1295 3270 1349 debet
3306 1293 3391 1350 bis
3420 1301 3655 1363 accepta:
3680 1291 3773 1347 leo

2166 1389 2248 1460 gis
2274 1388 2595 1459 Dccalogum
2646 1386 2843 1457 (Exod.
2894 1401 3037 1451 xxtv,
3068 1384 3339 1455 3‘);'per
3366 1391 3420 1439 te
3470 1383 3615 1441 Elias
3664 1398 3772 1438 co-

2168 1458 2353 1551 gnovit
2398 1458 2610 1534 Domini
2659 1476 3086 1547 pertranseuntis
3130 1489 3419 1531 excursum
3459 1473 3578 1546 (III
3622 1458 3778 1544 Reg.‘

2166 1588 2261 1626 xrx
2293 1574 2345 1643 );
2389 1587 2485 1642 per
2517 1580 2568 1626 te
2596 1570 2806 1626 Eliseus
2836 1569 3107 1640 duplicem
3155 1568 3396 1638 magistri
3425 1568 3508 1624 sui
3535 1551 3778 1624 sortitus-0

2168 1675 2251 1721 est
2280 1665 2529 1735 spiritum
2560 1662 2667 1734 (IV
2695 1662 2826 1735 Reg.
2875 1665 2959 1734 ιι).

2242 1756 2311 1811 Ει
2353 1754 2479 1826 quid
2510 1754 2740 1825 amplius
2781 1754 2996 1810 dicam?
3038 1751 3478 1821 Quandoquidem
3509 1749 3779 1806 Salvator

481 1847 741 1919 rectionis
764 1861 940 1912 erasa,
987 1846 1306 1917 perveniunt
1338 1864 1351 1901 :
1394 1849 1448 1901 iu
1481 1862 1586 1918 qua
1617 1848 1868 1902 nimirum
1898 1849 2067 1904 obsoe
2093 1842 2145 1902 B
2176 1848 2360 1903 mundi
2385 1848 2438 1903 in
2471 1848 2587 1918 ipso
2612 1845 2998 1916 redemptionis
3028 1845 3276 1900 humanm
3303 1843 3603 1913 primordio
3624 1857 3779 1912 praev

480 1936 602 1992 leta:
630 1937 824 1992 animae
867 1938 1058 2008 rubigo
1085 1940 1443 2004 consumitur,
1488 1951 1543 1995 et
1586 1941 1793 1996 scabra:
1821 1951 2069 2012 peccato-
2110 1948 2113 1949 ⁷

482 2041 602 2080 rum
654 2019 847 2082 scoria:
904 2026 1266 2095 deponuntur.
1331 2046 1350 2080 ι
1410 2028 1549 2083 Vasa
1604 2031 1859 2100 siquidem
1921 2031 2069 2104 ﬁguli

480 2114 678 2183 probat
708 2115 921 2181 fornax,
956 2123 1011 2170 et
1044 2116 1292 2171 homines
1310 2117 1488 2187 justos
1512 2120 1738 2176 tentatio
1769 2120 2069 2180 tribulatio-

482 2204 566 2259 nis
593 2202 784 2274 (Eccli.
818 2207 1008 2277 xxvn).
1032 2224 1069 2259 -›

554 2294 599 2349 0
627 2295 763 2351 cella
792 2298 1195 2368 negotiatorum
1226 2300 1529 2356 caelestium
1563 2304 1847 2374 apotheca,
1878 2305 1932 2359 in
1962 2320 2071 2374 qua

481 2383 737 2440 videlicet
781 2385 992 2441 illarum
1030 2390 1292 2444 mercium
1320 2407 1529 2446 summa
1580 2394 1913 2460 reconditur,
1954 2395 2073 2465 qui-

484 2475 589 2532 bus
634 2486 792 2534 terra:
836 2480 1131 2536 viventium
1176 2483 1447 2551 possessio
1481 2486 1866 2554 comparatur!
1919 2486 2075 2542 Felix

486 2569 895 2636 commercium,
929 2572 1020 2627 ubi
1049 2588 1147 2642 pro
1199 2575 1430 2630 terrenis
1475 2575 1740 2643 coelestia,
1789 2576 1844 2631 in
1876 2577 2077 2633 transi-

485 2660 641 2716 toriis
666 2671 1070 2719 commutantur
1098 2675 1321 2722 aeterna.
1369 2667 1599 2734 Felices,
1646 2670 1886 2739 inquam,
1930 2687 2076 2725 nun-

490 2752 652 2822 dinae,
692 2756 781 2810 ubi
815 2756 1020 2813 venalis
1062 2768 1264 2814 aeterna
1309 2759 1418 2814 vita
1446 2762 1782 2831 proponitur,
1815 2762 1881 2816 ad
1912 2777 2074 2832 quam
2106 2772 2109 2777 ‘

489 2846 773 2900 emendam
802 2848 965 2902 etiam
994 2849 1278 2905 minimum
1308 2852 1435 2920 quid
1480 2852 1651 2907 solum
1685 2852 1898 2919 sullicit,
1931 2854 2079 2923 quod

487 2936 762 2991 habetur:
806 2939 896 2994 ubi
953 2940 1135 2996 brevis
1190 2942 1407 2998 afﬂictio
1453 2946 1633 3001 carnis
1677 2946 1808 3001 emit
1856 2946 2080 3001 caeleste

486 3028 818 3096 convivium,
853 3038 908 3085 et
938 3032 1146 3103 exiguae
1191 3034 1445 3107 lacrymte
1475 3036 1643 3091 risum
1688 3038 1906 3108 pariunt
1934 3048 2107 3093 sem-'

486 3119 792 3188 piternum;
818 3126 1091 3193 possessio
1128 3134 1343 3183 terrena
1374 3128 1717 3193 distrahitur,
1747 3138 1801 3185 et
1823 3128 1889 3183 ad
1918 3139 2081 3184 aeter-

2176 1953 2366 1996 conem
2398 1954 2553 1994 suum
2589 1938 2666 1992 tui
2713 1936 2951 1991 accolam
3000 1933 3127 1990 fecit
3158 1952 3174 1990 :
3207 1943 3475 2004 quatenus
3516 1933 3618 1990 sub
3646 1933 3776 2002 ipsa!

2173 2033 2286 2102 jam
2327 2030 2507 2088 saeculi
2535 2030 2805 2085 venientis
2854 2043 3046 2105 aurora
3086 2043 3154 2083 cx
3194 2038 3247 2084 te
3289 2026 3479 2082 lucifer
3515 2026 3779 2082 veritatis;

2177 2128 2532 2192 erumperet:
2580 2127 2704 2190 post
2749 2133 2907 2187 quem
2952 2117 3142 2187 plenus
3182 2116 3260 2171 sol
3289 2116 3529 2181 veniens,
3578 2115 3775 2170 mundii

2178 2211 2464 2282 caliginem
2495 2208 2801 2281 splendoris
2829 2207 2912 2263 sui
2944 2207 3111 2262 radiis
3156 2206 3469 2261 illustraret.
3503 2205 3582 2260 Tu
3619 2203 3777 2260 scala

2180 2303 2269 2357 illa
2298 2300 2467 2357 Jacob
2495 2298 2648 2372 (Gen.
2686 2298 2899 2370 xxvm),
2931 2313 3051 2368 qua:
3080 2298 3327 2353 homines
3357 2296 3509 2351 vehis
3553 2296 3620 2351 ad
3648 2298 3785 2351 cce-1

2177 2392 2316 2459 lum,
2345 2400 2401 2447 et
2426 2391 2646 2461 angelos
2691 2390 2757 2445 ad
2789 2391 3083 2446 humanum
3114 2389 3337 2458 deponis
3363 2388 3641 2442 auxilium.
3683 2386 3777 2442 Tus

2181 2484 2267 2539 via
2312 2496 2475 2538 aurea
2503 2522 2519 2548 ,
2571 2497 2693 2551 qua:
2742 2480 2992 2535 homines
3034 2479 3249 2535 reducis
3296 2479 3359 2533 ad
3402 2478 3653 2549 patriam.
3684 2476 3777 2532 Τιι

2184 2574 2439 2638 stadium,
2472 2574 2614 2643 quod
2635 2572 2772 2626 bene
2796 2577 3079 2626 currentes
3101 2569 3354 2640 provehis
3383 2569 3448 2623 ad
3478 2580 3775 2623 coronam.

2183 2663 2228 2719 0
2256 2665 2365 2719 vita
2403 2663 2700 2723 eremitica,
2746 2662 2998 2717 balneum
3037 2662 3360 2725 animarum,
3388 2672 3535 2715 mors
3581 2657 3782 2714 crimi-

2183 2772 2335 2822 num,
2366 2754 2735 2826 purgatorium
2761 2753 3121 2808 sordidorum.
3158 2750 3237 2805 Tu
3268 2749 3529 2804 mentium
3553 2755 3781 2804 secreta

2183 2845 2459 2916 puritlcas,
2493 2843 2772 2915 squalores
2801 2841 2962 2897 diluis
2983 2841 3269 2906 scelerum,
3300 2848 3461 2910 atque
3496 2838 3564 2893 ad
3603 2852 3785 2909 ange—

2184 2940 2303 2994 lica:
2340 2939 2571 2994 nitorem
2596 2935 2875 2991 munditia:
2898 2934 3181 3005 pervenire
3194 2934 3404 2988 animas
3428 2931 3586 2988 facis.
3618 2930 3781 2988 Cella:

2186 3045 2380 3102 nempe
2399 3038 2483 3085 est
2502 3027 2916 3085 conciliabulum
2947 3026 3041 3082 Dei
3065 3033 3119 3081 et
3147 3025 3446 3089 hominum,
3470 3022 3774 3092 compitum

2181 3120 2241 3175 in
2274 3136 2438 3176 carne
2464 3118 2793 3189 degentium,
2831 3126 2887 3172 et
2926 3130 3306 3187 supernorum.
3339 3113 3470 3169 Illuc
3496 3111 3775 3183 siquidem

487 3222 573 3264 nte
623 3208 957 3269 baereditatis
1011 3217 1398 3285 patrimonium
1451 3214 1784 3287 pervenitur.
1843 3217 1887 3273 0
1944 3217 2076 3273 cella
2105 3229 2155 3291 ρ
2188 3212 2406 3281 snperni
2444 3212 2592 3267 cives
2620 3211 2687 3264 ad
2728 3207 2994 3278 colloquia
3024 3209 3258 3263 humana
3289 3204 3635 3269 conveniunt,
3675 3200 3775 3257 ubi

497 3298 799 3368 spiritualis
843 3305 1090 3358 exercitii
1132 3305 1395 3362 mirabilis
1423 3306 1655 3374 olIicina,
1697 3307 1753 3362 in
1783 3323 1886 3378 qua
1925 3317 2076 3363 certe

492 3391 727 3447 humana
753 3394 933 3448 anima
964 3395 1253 3454 'Creatoris
1284 3399 1366 3453 sui
1416 3400 1469 3454 in
1499 3415 1556 3455 se
1591 3409 1861 3455 restaurat
1889 3400 2080 3471 imagi-

494 3498 640 3551 nem,
664 3493 719 3540 et
747 3486 813 3540 ad
843 3501 952 3542 suae
981 3487 1121 3544 redit
1151 3490 1375 3559 originis
1398 3493 1683 3562 puritatem
1707 3493 1720 3546 !
1754 3490 1858 3548 Ubi
1886 3506 2079 3548 sensus

497 3573 676 3629 obtusi
700 3575 769 3629 ad
795 3575 1143 3633 subtilitatem
1172 3581 1255 3635 sui
1304 3583 1568 3637 acuminis
1621 3583 1865 3650 redeunt,
1908 3592 1963 3636 et
1998 3583 2087 3638 vi-

494 3663 644 3718 tiata:
670 3673 874 3721 natura:
903 3682 1092 3739 azyma
1123 3670 1335 3726 sincere
1362 3682 1699 3742 reparantur.
1749 3673 1829 3728 Tu
1871 3674 1986 3739 das,
2017 3683 2085 3728 ut

489 3755 712 3825 jejuuiis
767 3759 1055 3815 videantur
1108 3776 1204 3817 ora
1255 3763 1527 3834 pallentia,
1585 3774 1638 3821 et
1695 3782 1844 3822 meus
1883 3765 2083 3820 divina:

498 3849 807 3937 gratimgsit
848 3850 1171 3921 pinguedine
1222 3855 1466 3926 saginata
1499 3874 1510 3908 :
1563 3865 1617 3910 tu
1657 3857 1772 3921 das,
1825 3864 1883 3910 ut
1916 3856 2083 3910 homo

499 3941 703 4025 mundo
731 3936 894 3997 corde
944 3945 1109 3999 Deum
1160 3947 1474 4017 conSpiciat,
1527 3949 1619 4019 qui
1668 3947 2084 4003 suisinvuluttrs

497 4030 761 4097 tenebris,
808 4030 1043 4104 seipsum
1073 4035 1221 4105 prius
1269 4037 1571 4107 ignorabat.
1602 4037 1680 4093 Tu
1709 4038 1984 4094 hominem
2011 4036 2086 4093 ad

502 4133 657 4173 suum
699 4120 832 4176 facis
863 4121 1042 4178 redire
1068 4124 1413 4195 principium,
1444 4134 1500 4182 et
1524 4126 1591 4182 de
1629 4127 1775 4183 exilii
1815 4127 2084 4197 ejectione

497 4206 566 4262 ad
588 4208 821 4279 antiquae
849 4211 1124 4283 dignitatis
1169 4229 1392 4271 revocas
1433 4216 1829 4274 celsitudinem.
1879 4217 1961 4272 Tu
2007 4213 2088 4271 fa-

499 4296 598 4361 cis,
624 4307 686 4352 ut
711 4297 873 4355 homo
900 4302 954 4354 in
981 4304 1177 4358 mentis
1223 4319 1348 4360 arce
1382 4308 1725 4373 constitutus,
1754 4314 1949 4363 cuncta
1982 4305 2084 4360 sub

498 4399 559 4441 se
597 4386 775 4441 videat
820 4397 1035 4445 terrena
1079 4392 1335 4460 deﬂuere,
1379 4398 1724 4466 semetipsum
1766 4410 1986 4466 quoque
2024 4394 2084 4450 in

500 4474 740 4546 ipsarum
770 4493 973 4555 rerum
1030 4481 1323 4536 labentium
1393 4487 1686 4555 prospiciat
1757 4487 2082 4542 decursione

2186 3319 2297 3358 non
2330 3311 2442 3358 tam
2470 3303 2663 3373 linguae
2688 3301 2870 3356 carnis
2892 3298 3057 3354 verba
3086 3304 3438 3368 componunt,
3466 3310 3623 3366 quam
3651 3293 3778 3350 sine

2186 3398 2338 3453 vocis
2374 3396 2603 3464 strepitu
2632 3393 2861 3450 fecunda
2909 3393 3172 3447 mentium
3222 3404 3420 3444 arcana
3458 3392 3775 3459 patescunt.

2188 3488 2333 3546 Cella
2361 3501 2598 3557 namque
2621 3484 2953 3541 conscientia
2981 3490 3067 3538 est
3109 3480 3304 3537 secreti
3352 3478 3584 3543 consilii,
3624 3474 3778 3547 quod

2189 3582 2355 3639 habet
2380 3596 2503 3636 cum
2533 3570 2840 3635 hominibus
2873 3576 3028 3631 Deus.
3051 3572 3106 3630 .0
3141 3588 3303 3645 quam
3330 3571 3554 3641 pulchra
3589 3581 3778 3625 rerum

2190 3676 2419 3747 species,
2451 3689 2572 3730 cum
2603 3673 2773 3728 frater
2811 3671 2864 3726 in
2895 3668 3086 3726 cellula
3107 3666 3435 3724 constitutus
3471 3672 3777 3720 nocturnas

2187 3766 2398 3837 peragit
2426 3763 2776 3834 psalmodias,
2812 3771 2869 3817 et
2895 3759 3048 3830 quasi
3076 3773 3175 3829 pro
3215 3756 3409 3811 divinis
3438 3752 3639 3809 castris
3662 3750 3773 3807 mia

2185 3859 2377 3916 litares
2430 3856 2661 3916 custodit
2713 3853 2971 3912 excubias
3018 3870 3031 3906 :
3085 3846 3480 3918 contemplatur
3526 3844 3581 3899 in
3628 3841 3771 3900 caele

2189 3963 2385 4006 cursus
2422 3946 2680 4013 siderum,
2730 3944 2973 4001 decurrit
3016 3941 3178 3997 etiam
3208 3953 3306 4010 per
3351 3951 3415 3993 os
3466 3933 3581 4002 ejus
3634 3932 3774 3990 ordo

2188 4039 2543 4112 psiilmorum.
2574 4037 2643 4093 Et
2688 4037 2828 4093 sicut
2868 4034 3237 4107 praecedentes
3286 4045 3350 4085 ac
3379 4027 3775 4096 subsequentes

2189 4130 2359 4187 stella:
2387 4129 2453 4185 ad
2478 4128 2617 4184 diem
2645 4142 2770 4183 suas
2796 4126 3194 4182 vicissitudines
3224 4116 3540 4177 alternando
3566 4130 3771 4188 perve-

2187 4224 2366 4288 niunt,
2418 4220 2490 4274 ita
2526 4218 2741 4289 psalmi,
2774 4217 2865 4287 qui
2904 4231 2973 4272 ex
2996 4230 3092 4271 ore
3114 4214 3232 4285 ejus
3259 4220 3513 4280 tanquam
3540 4222 3609 4263 ex
3632 4220 3771 4278 quo-

2187 4312 2314 4368 dam
2359 4311 2570 4367 oriente
2604 4307 2922 4380 procedunt,
2977 4306 3045 4362 ad
3099 4321 3256 4360 suum
3298 4304 3461 4359 ﬁnem
3503 4298 3770 4372 paulatim

2186 4403 2333 4459 velut
2361 4400 2518 4471 parili
2570 4414 2693 4455 cum
2743 4397 3010 4454 sideribus
3055 4394 3394 4451 conviatioue
3450 4392 3770 4447 decurrunt.

2185 4489 2293 4549 Iste
2322 4508 2435 4548 suae
2460 4491 2739 4548 servitutis
2780 4489 3000 4545 exhibet
3043 4486 3436 4551 ministerium;
3481 4483 3584 4539 illae
3620 4479 3774 4537 dele-

499 4571 752 4658 transire.
779 4570 824 4627 0
849 4575 983 4629 cella
1023 4588 1191 4629 sacrm
1231 4574 1434 4628 militia:
1476 4578 1903 4644 tabernaculum,
1948 4578 2159 4651 pro-D
2183 4583 2502 4658 gatum‘sibi
2531 4589 2899 4652 exsequuntur
2917 4577 3148 4637 ofﬁcium
3183 4597 3196 4633 :
3238 4580 3340 4634 iste
3382 4573 3769 4647 psallendoin-

500 4656 712 4743 cinctus
744 4663 1152 4735 triumphatoris
1184 4663 1476 4730 exercitus,
1520 4673 1698 4721 castra
1743 4667 1860 4734 Dei,
1895 4686 1916 4721 ‹
1962 4681 2083 4724 tur-

502 4751 580 4807 ris
626 4750 816 4820 David,
856 4772 973 4826 quae
1001 4755 1265 4811 aediﬁcata
1315 4765 1398 4810 est
1449 4771 1569 4811 cum
1612 4760 2079 4829 propugnaculis;

504 4843 650 4897 mille
671 4845 840 4916 clypei
892 4849 1129 4920 pendent
1177 4864 1242 4904 ex
1292 4857 1367 4915 te,
1420 4850 1596 4905 omnis
1648 4859 1920 4906 armatura
1970 4853 2089 4909 for—

508 4933 680 4987 tium!
718 4955 735 4986 ι
766 4937 940 5006 (Cant.
978 4938 1076 5008 tv.)
1115 4939 1193 4993 Tu
1227 4955 1447 5010 campus
1478 4940 1643 4996 divini
1684 4940 1876 5011 praelii,
1917 4942 2087 5014 spiri-

509 5026 686 5089 tualis.
719 5044 879 5085 arena
933 5036 1267 5101 certaminis,
1327 5036 1638 5107 angelorum
1692 5037 2081 5107 spectaculum,

508 5121 756 5196 palaestra
789 5121 997 5179 fortiter
1019 5127 1389 5184 dimicantium
1425 5131 1770 5196 luctatorum,
1803 5131 1893 5187 ubi
1917 5130 2082 5202 spiri-

504 5227 735 5275 tuscum
762 5229 925 5295 carne
953 5223 1316 5289 congreditur,
1358 5232 1412 5280 et
1456 5226 1609 5283 fortis
1650 5226 1717 5282 ab
1764 5227 2082 5281 inﬁrmitate

504 5323 609 5364 non
648 5312 950 5364 suneratur.
997 5306 1076 5360 Tll
1123 5311 1317 5364 vallum
1365 5314 1415 5364 in
1464 5319 1802 5364 nxnndilinnn
1850 5334 2079 5364 pur-ran-

2191 4676 2459 4732 trinsecus
2486 4673 2553 4729 ad
2598 4672 2773 4728 lucem
2826 4671 2998 4727 tendit
3048 4667 3493 4730 inaccessibilem,
3526 4664 3629 4720 illae
3660 4662 3770 4719 sibi

2193 4771 2424 4826 invicem
2457 4765 2815 4831 succedendo,
2857 4765 2973 4835 ejus
3009 4762 3366 4818 exterioribus
3388 4758 3555 4814 oculis
3575 4756 3769 4811 visibi-

2193 4861 2301 4916 lem
2332 4867 2587 4930 reparant
2611 4857 2773 4912 diem.
2807 4855 2874 4909 Et
2906 4855 3030 4909 dum
3058 4861 3286 4922 utraque
3313 4852 3381 4906 ad
3409 4865 3566 4906 suum
3604 4847 3771 4901 ﬁnem

2198 4950 2411 5004 diverso
2438 4947 2650 5003 tramite
2677 4952 2991 5016 properant,
3024 4958 3181 5001 servo
3230 4942 3324 4997 Dei
3369 4936 3775 5011 quodammodo

2196 5050 2251 5096 et
2300 5040 2415 5109 ipsa
2475 5012 2743 5093 elementa
2778 5012 3173 5091 subserviendo
3221 5033 3569 5090 concordant.
3621 5012 3797 5083 Cella'

2195 5130 2461 5202 siquidem
2494 5130 2645 5185 testis
2687 5138 2790 5195 est,
2819 5128 3035 5198 quando
3067 5126 3233 5183 divini
3281 5125 3483 5180 amoris
3525 5123 3649 5193 igne
3673 5134 3769 5176 cor
3824 5167 3830 5174 .

2193 5224 2404 5279 ferveat
2428 5236 2442 5275 :
2467 5230 2521 5278 et
2546 5231 2726 5276 utrum
2759 5217 3011 5291 perfecta:
3033 5216 3334 5274 devotionis
3362 5214 3619 5270 instantia
3645 5211 3787 5292 quis‘

2194 5318 2290 5364 Dei
2318 5316 2510 5364 faciem
2556 5322 2783 5364 num-at.
2830 5313 2989 5364 Novit
3017 5328 3140 5364 eum
3166 5326 3322 5364 mens
3347 5308 3582 5364 hominis
3605 5307 3767 5362 coale-
