  <div class='ocr_page' id='page_1' title='image "/cluster/home/n/w/nwhite01/storage/ocr_20150623/145/hvd.32044015471824/132.png"; bbox 0 0 4106 6320; ppageno 0'>
   <div class='ocr_carea' id='block_1_1' title="bbox 329 481 441 541">
    <p class='ocr_par' dir='ltr' id='par_1_1' title="bbox 329 481 441 541">
     <span class='ocr_line' id='line_1_1' title="bbox 329 481 441 541; baseline -0.009 0"><span class='ocrx_word' id='word_1_1' title='bbox 329 481 441 541; x_wconf 66' lang='grc'><strong>249</strong></span> 
     </span>
    </p>
   </div>
   <div class='ocr_carea' id='block_1_2' title="bbox 939 463 2873 542">
    <p class='ocr_par' dir='ltr' id='par_1_2' title="bbox 939 463 2873 542">
     <span class='ocr_line' id='line_1_2' title="bbox 939 463 2873 542; baseline -0.008 -8"><span class='ocrx_word' id='word_1_2' title='bbox 939 475 1180 534; x_wconf 85' lang='lat' dir='ltr'><strong>OPUSC.</strong></span> <span class='ocrx_word' id='word_1_3' title='bbox 1227 475 1315 531; x_wconf 80' lang='lat' dir='ltr'><strong>XI.</strong></span> <span class='ocrx_word' id='word_1_4' title='bbox 1355 506 1426 516; x_wconf 94' lang='lat'><strong>—</strong></span> <span class='ocrx_word' id='word_1_5' title='bbox 1462 471 1661 531; x_wconf 79' lang='lat' dir='ltr'><strong>LIBER</strong></span> <span class='ocrx_word' id='word_1_6' title='bbox 1703 473 1820 542; x_wconf 81' lang='lat' dir='ltr'><strong>QUI</strong></span> <span class='ocrx_word' id='word_1_7' title='bbox 1855 467 2127 527; x_wconf 78' lang='lat' dir='ltr'><strong>DICITUR</strong></span> <span class='ocrx_word' id='word_1_8' title='bbox 2167 465 2466 525; x_wconf 79' lang='lat' dir='ltr'><strong>DOMINUS</strong></span> <span class='ocrx_word' id='word_1_9' title='bbox 2515 463 2873 524; x_wconf 78' lang='lat' dir='ltr'><strong>VOBISCUM.</strong></span> 
     </span>
    </p>
   </div>
   <div class='ocr_carea' id='block_1_3' title="bbox 3489 461 3595 520">
    <p class='ocr_par' dir='ltr' id='par_1_3' title="bbox 3489 461 3595 520">
     <span class='ocr_line' id='line_1_3' title="bbox 3489 461 3595 520; baseline 0.028 -3"><span class='ocrx_word' id='word_1_10' title='bbox 3489 461 3595 520; x_wconf 70' lang='lat'><strong>230</strong></span> 
     </span>
    </p>
   </div>
   <div class='ocr_carea' id='block_1_4' title="bbox 331 563 3592 663">
    <p class='ocr_par' dir='ltr' id='par_1_4' title="bbox 331 563 3592 663">
     <span class='ocr_line' id='line_1_4' title="bbox 331 563 3592 663; baseline -0.008 -9"><span class='ocrx_word' id='word_1_11' title='bbox 331 594 643 654; x_wconf 84' lang='lat' dir='ltr'><strong>incidentiae</strong></span> <span class='ocrx_word' id='word_1_12' title='bbox 669 608 775 648; x_wconf 88' lang='lat' dir='ltr'><strong>non</strong></span> <span class='ocrx_word' id='word_1_13' title='bbox 815 591 1102 663; x_wconf 73' lang='lat' dir='ltr'><strong>colligitur,</strong></span> <span class='ocrx_word' id='word_1_14' title='bbox 1143 592 1196 646; x_wconf 92' lang='lat' dir='ltr'><strong>in</strong></span> <span class='ocrx_word' id='word_1_15' title='bbox 1242 563 1370 662; x_wconf 34' lang='lat' dir='ltr'><strong>ipsa-</strong></span> <span class='ocrx_word' id='word_1_16' title='bbox 1395 589 1600 645; x_wconf 78' lang='lat' dir='ltr'><strong>humidi</strong></span> <span class='ocrx_word' id='word_1_17' title='bbox 1637 587 1814 644; x_wconf 82' lang='lat' dir='ltr'><strong>cordis</strong></span> <span class='ocrx_word' id='word_1_18' title='bbox 1838 587 1915 640; x_wconf 87' lang='lat' dir='ltr'><strong>vi-</strong></span> <span class='ocrx_word' id='word_1_19' title='bbox 1940 589 1991 646; x_wconf 77' lang='grc' dir='ltr'><strong>Α</strong></span> <span class='ocrx_word' id='word_1_20' title='bbox 2018 592 2155 648; x_wconf 90' lang='lat' dir='ltr'><strong>mat;</strong></span> <span class='ocrx_word' id='word_1_21' title='bbox 2208 581 2348 652; x_wconf 89' lang='lat' dir='ltr'><strong>quod</strong></span> <span class='ocrx_word' id='word_1_22' title='bbox 2397 581 2672 650; x_wconf 90' lang='lat' dir='ltr'><strong>obliquum</strong></span> <span class='ocrx_word' id='word_1_23' title='bbox 2716 587 2818 642; x_wconf 90' lang='lat' dir='ltr'><strong>est,</strong></span> <span class='ocrx_word' id='word_1_24' title='bbox 2862 576 3087 646; x_wconf 92' lang='lat' dir='ltr'><strong>dirigat;</strong></span> <span class='ocrx_word' id='word_1_25' title='bbox 3139 573 3281 644; x_wconf 90' lang='lat' dir='ltr'><strong>quod</strong></span> <span class='ocrx_word' id='word_1_26' title='bbox 3330 571 3592 639; x_wconf 81' lang='lat' dir='ltr'><strong>deforme,</strong></span> 
     </span>
    </p>
   </div>
   <div class='ocr_carea' id='block_1_5' title="bbox 333 680 1916 756">
    <p class='ocr_par' dir='ltr' id='par_1_5' title="bbox 333 680 1916 756">
     <span class='ocr_line' id='line_1_5' title="bbox 333 680 1916 756; baseline -0.008 -13"><span class='ocrx_word' id='word_1_27' title='bbox 333 688 505 743; x_wconf 87' lang='lat' dir='ltr'><strong>rentis</strong></span> <span class='ocrx_word' id='word_1_28' title='bbox 529 701 746 756; x_wconf 86' lang='lat' dir='ltr'><strong>semper</strong></span> <span class='ocrx_word' id='word_1_29' title='bbox 774 685 956 738; x_wconf 83' lang='lat' dir='ltr'><strong>radice</strong></span> <span class='ocrx_word' id='word_1_30' title='bbox 980 692 1246 738; x_wconf 75' lang='lat' dir='ltr'><strong>servatur.</strong></span> <span class='ocrx_word' id='word_1_31' title='bbox 1273 681 1478 736; x_wconf 85' lang='lat' dir='ltr'><strong>Snllicit</strong></span> <span class='ocrx_word' id='word_1_32' title='bbox 1505 681 1648 734; x_wconf 91' lang='lat' dir='ltr'><strong>enim</strong></span> <span class='ocrx_word' id='word_1_33' title='bbox 1686 680 1726 732; x_wconf 89' lang='lat' dir='ltr'><strong>si</strong></span> <span class='ocrx_word' id='word_1_34' title='bbox 1766 691 1916 732; x_wconf 90' lang='lat' dir='ltr'><strong>mens</strong></span> 
     </span>
    </p>
   </div>
   <div class='ocr_carea' id='block_1_6' title="bbox 335 769 1922 844">
    <p class='ocr_par' dir='ltr' id='par_1_6' title="bbox 335 769 1922 844">
     <span class='ocr_line' id='line_1_6' title="bbox 335 769 1922 844; baseline -0.006 -12"><span class='ocrx_word' id='word_1_35' title='bbox 335 779 404 832; x_wconf 88' lang='lat' dir='ltr'><strong>sit</strong></span> <span class='ocrx_word' id='word_1_36' title='bbox 431 776 646 840; x_wconf 87' lang='lat' dir='ltr'><strong>ﬂebilis,</strong></span> <span class='ocrx_word' id='word_1_37' title='bbox 674 775 886 830; x_wconf 88' lang='lat' dir='ltr'><strong>etiamsi</strong></span> <span class='ocrx_word' id='word_1_38' title='bbox 910 773 1112 844; x_wconf 75' lang='lat' dir='ltr'><strong>iugiter</strong></span> <span class='ocrx_word' id='word_1_39' title='bbox 1136 772 1262 828; x_wconf 80' lang='lat' dir='ltr'><strong>flere</strong></span> <span class='ocrx_word' id='word_1_40' title='bbox 1301 788 1405 826; x_wconf 90' lang='lat' dir='ltr'><strong>non</strong></span> <span class='ocrx_word' id='word_1_41' title='bbox 1432 772 1619 840; x_wconf 79' lang='lat' dir='ltr'><strong>possit.</strong></span> <span class='ocrx_word' id='word_1_42' title='bbox 1666 769 1812 824; x_wconf 89' lang='lat' dir='ltr'><strong>Cella</strong></span> <span class='ocrx_word' id='word_1_43' title='bbox 1837 779 1922 823; x_wconf 87' lang='lat' dir='ltr'><strong>est</strong></span> 
     </span>
    </p>
   </div>
   <div class='ocr_carea' id='block_1_7' title="bbox 334 862 1918 934">
    <p class='ocr_par' dir='ltr' id='par_1_7' title="bbox 334 862 1918 934">
     <span class='ocr_line' id='line_1_7' title="bbox 334 862 1918 934; baseline -0.004 -14"><span class='ocrx_word' id='word_1_44' title='bbox 334 865 694 934; x_wconf 72' lang='lat' dir='ltr'><strong>ergastulum,</strong></span> <span class='ocrx_word' id='word_1_45' title='bbox 726 865 815 918; x_wconf 88' lang='lat' dir='ltr'><strong>ubi</strong></span> <span class='ocrx_word' id='word_1_46' title='bbox 841 864 1062 932; x_wconf 89' lang='lat' dir='ltr'><strong>pretiosi</strong></span> <span class='ocrx_word' id='word_1_47' title='bbox 1097 864 1303 932; x_wconf 85' lang='lat' dir='ltr'><strong>lapides</strong></span> <span class='ocrx_word' id='word_1_48' title='bbox 1327 862 1624 932; x_wconf 89' lang='lat' dir='ltr'><strong>poliuntur,</strong></span> <span class='ocrx_word' id='word_1_49' title='bbox 1654 869 1918 932; x_wconf 86' lang='lat' dir='ltr'><strong>quatenus</strong></span> 
     </span>
    </p>
   </div>
   <div class='ocr_carea' id='block_1_8' title="bbox 336 951 1921 1024">
    <p class='ocr_par' dir='ltr' id='par_1_8' title="bbox 336 951 1921 1024">
     <span class='ocr_line' id='line_1_8' title="bbox 336 951 1921 1024; baseline -0.003 -14"><span class='ocrx_word' id='word_1_50' title='bbox 336 959 389 1010; x_wconf 84' lang='lat' dir='ltr'><strong>in</strong></span> <span class='ocrx_word' id='word_1_51' title='bbox 420 965 693 1010; x_wconf 86' lang='lat' dir='ltr'><strong>structura</strong></span> <span class='ocrx_word' id='word_1_52' title='bbox 748 954 930 1024; x_wconf 90' lang='lat' dir='ltr'><strong>templi</strong></span> <span class='ocrx_word' id='word_1_53' title='bbox 976 954 1316 1024; x_wconf 81' lang='lat' dir='ltr'><strong>postmodum</strong></span> <span class='ocrx_word' id='word_1_54' title='bbox 1367 953 1482 1008; x_wconf 90' lang='lat' dir='ltr'><strong>sine</strong></span> <span class='ocrx_word' id='word_1_55' title='bbox 1531 952 1638 1006; x_wconf 88' lang='lat' dir='ltr'><strong>ullo</strong></span> <span class='ocrx_word' id='word_1_56' title='bbox 1677 951 1921 1006; x_wconf 90' lang='lat' dir='ltr'><strong>cudentis</strong></span> 
     </span>
    </p>
   </div>
   <div class='ocr_carea' id='block_1_9' title="bbox 336 1033 1693 1118">
    <p class='ocr_par' dir='ltr' id='par_1_9' title="bbox 336 1033 1693 1118">
     <span class='ocr_line' id='line_1_9' title="bbox 336 1033 1693 1118; baseline -0.004 -16"><span class='ocrx_word' id='word_1_57' title='bbox 336 1048 520 1102; x_wconf 86' lang='lat' dir='ltr'><strong>mallet</strong></span> <span class='ocrx_word' id='word_1_58' title='bbox 561 1047 738 1101; x_wconf 88' lang='lat' dir='ltr'><strong>sonitu</strong></span> <span class='ocrx_word' id='word_1_59' title='bbox 773 1047 1148 1118; x_wconf 83' lang='lat' dir='ltr'><strong>diSponantur.</strong></span> <span class='ocrx_word' id='word_1_60' title='bbox 1678 1033 1693 1051; x_wconf 84' lang='grc'><em>’</em></span> 
     </span>
    </p>
   </div>
   <div class='ocr_carea' id='block_1_10' title="bbox 408 1134 1918 1208">
    <p class='ocr_par' dir='ltr' id='par_1_10' title="bbox 408 1134 1918 1208">
     <span class='ocr_line' id='line_1_10' title="bbox 408 1134 1918 1208; baseline -0.006 -12"><span class='ocrx_word' id='word_1_61' title='bbox 408 1140 454 1196; x_wconf 92' lang='grc' dir='ltr'>Ο</span> <span class='ocrx_word' id='word_1_62' title='bbox 489 1139 625 1195; x_wconf 91' lang='lat' dir='ltr'><strong>cella</strong></span> <span class='ocrx_word' id='word_1_63' title='bbox 657 1138 951 1194; x_wconf 61' lang='lat' dir='ltr'><strong>Dominicaa</strong></span> <span class='ocrx_word' id='word_1_64' title='bbox 974 1138 1263 1208; x_wconf 61' lang='lat' dir='ltr'><strong>sepulturae</strong></span> <span class='ocrx_word' id='word_1_65' title='bbox 1292 1136 1675 1207; x_wconf 85' lang='lat' dir='ltr'><strong>propemodum</strong></span> <span class='ocrx_word' id='word_1_66' title='bbox 1706 1134 1918 1201; x_wconf 60' lang='lat' dir='ltr'><strong>aemula,</strong></span> 
     </span>
    </p>
   </div>
   <div class='ocr_carea' id='block_1_11' title="bbox 336 1228 1917 1303">
    <p class='ocr_par' dir='ltr' id='par_1_11' title="bbox 336 1228 1917 1303">
     <span class='ocr_line' id='line_1_11' title="bbox 336 1228 1917 1303; baseline -0.004 -16"><span class='ocrx_word' id='word_1_67' title='bbox 336 1248 459 1303; x_wconf 71' lang='lat' dir='ltr'><strong>quae</strong></span> <span class='ocrx_word' id='word_1_68' title='bbox 482 1233 536 1286; x_wconf 88' lang='lat' dir='ltr'><strong>in</strong></span> <span class='ocrx_word' id='word_1_69' title='bbox 562 1241 785 1302; x_wconf 90' lang='lat' dir='ltr'><strong>peccato</strong></span> <span class='ocrx_word' id='word_1_70' title='bbox 833 1240 1076 1284; x_wconf 92' lang='lat' dir='ltr'><strong>mortuos</strong></span> <span class='ocrx_word' id='word_1_71' title='bbox 1125 1230 1376 1300; x_wconf 88' lang='lat' dir='ltr'><strong>suscipis,</strong></span> <span class='ocrx_word' id='word_1_72' title='bbox 1428 1241 1484 1284; x_wconf 90' lang='lat' dir='ltr'><strong>et</strong></span> <span class='ocrx_word' id='word_1_73' title='bbox 1537 1245 1633 1298; x_wconf 89' lang='lat' dir='ltr'><strong>per</strong></span> <span class='ocrx_word' id='word_1_74' title='bbox 1682 1228 1917 1282; x_wconf 88' lang='lat' dir='ltr'><strong>alllatum</strong></span> 
     </span>
    </p>
   </div>
   <div class='ocr_carea' id='block_1_12' title="bbox 338 1320 1919 1393">
    <p class='ocr_par' dir='ltr' id='par_1_12' title="bbox 338 1320 1919 1393">
     <span class='ocr_line' id='line_1_12' title="bbox 338 1320 1919 1393; baseline -0.003 -14"><span class='ocrx_word' id='word_1_75' title='bbox 338 1327 512 1379; x_wconf 84' lang='lat' dir='ltr'><strong>sancti</strong></span> <span class='ocrx_word' id='word_1_76' title='bbox 545 1323 782 1393; x_wconf 88' lang='lat' dir='ltr'><strong>Spiritus</strong></span> <span class='ocrx_word' id='word_1_77' title='bbox 825 1323 936 1378; x_wconf 90' lang='lat' dir='ltr'><strong>Deo</strong></span> <span class='ocrx_word' id='word_1_78' title='bbox 961 1322 1286 1377; x_wconf 87' lang='lat' dir='ltr'><strong>reviviscere</strong></span> <span class='ocrx_word' id='word_1_79' title='bbox 1316 1320 1452 1375; x_wconf 84' lang='lat' dir='ltr'><strong>facis</strong></span> <span class='ocrx_word' id='word_1_80' title='bbox 1481 1323 1493 1375; x_wconf 95' lang='lat'><strong>!</strong></span> <span class='ocrx_word' id='word_1_81' title='bbox 1549 1321 1712 1390; x_wconf 82' lang='lat'><strong>239</strong></span> <span class='ocrx_word' id='word_1_82' title='bbox 1752 1321 1832 1375; x_wconf 92' lang='lat' dir='ltr'><strong>Tu</strong></span> <span class='ocrx_word' id='word_1_83' title='bbox 1861 1335 1919 1375; x_wconf 91' lang='lat' dir='ltr'><strong>es</strong></span> 
     </span>
    </p>
   </div>
   <div class='ocr_carea' id='block_1_13' title="bbox 339 1411 1918 1482">
    <p class='ocr_par' dir='ltr' id='par_1_13' title="bbox 339 1411 1918 1482">
     <span class='ocr_line' id='line_1_13' title="bbox 339 1411 1918 1482; baseline -0.002 -14"><span class='ocrx_word' id='word_1_84' title='bbox 339 1414 595 1482; x_wconf 87' lang='lat' dir='ltr'><strong>abhujus</strong></span> <span class='ocrx_word' id='word_1_85' title='bbox 641 1415 764 1468; x_wconf 70' lang='lat' dir='ltr'><strong>vita:</strong></span> <span class='ocrx_word' id='word_1_86' title='bbox 821 1415 1031 1469; x_wconf 88' lang='lat' dir='ltr'><strong>turbida</strong></span> <span class='ocrx_word' id='word_1_87' title='bbox 1083 1413 1367 1467; x_wconf 83' lang='lat' dir='ltr'><strong>vexatione</strong></span> <span class='ocrx_word' id='word_1_88' title='bbox 1423 1411 1762 1481; x_wconf 88' lang='lat' dir='ltr'><strong>sepulcrum,</strong></span> <span class='ocrx_word' id='word_1_89' title='bbox 1825 1411 1918 1466; x_wconf 87' lang='lat' dir='ltr'><strong>sed</strong></span> 
     </span>
    </p>
   </div>
   <div class='ocr_carea' id='block_1_14' title="bbox 337 1503 1921 1574">
    <p class='ocr_par' dir='ltr' id='par_1_14' title="bbox 337 1503 1921 1574">
     <span class='ocr_line' id='line_1_14' title="bbox 337 1503 1921 1574; baseline -0.003 -15"><span class='ocrx_word' id='word_1_90' title='bbox 337 1504 576 1559; x_wconf 72' lang='lat' dir='ltr'><strong>cmlcstis</strong></span> <span class='ocrx_word' id='word_1_91' title='bbox 605 1503 728 1558; x_wconf 63' lang='lat' dir='ltr'><strong>vitae</strong></span> <span class='ocrx_word' id='word_1_92' title='bbox 759 1504 950 1574; x_wconf 89' lang='lat' dir='ltr'><strong>pandis</strong></span> <span class='ocrx_word' id='word_1_93' title='bbox 981 1504 1279 1557; x_wconf 87' lang='lat' dir='ltr'><strong>introitum.</strong></span> <span class='ocrx_word' id='word_1_94' title='bbox 1315 1503 1390 1558; x_wconf 90' lang='lat' dir='ltr'><strong>Te</strong></span> <span class='ocrx_word' id='word_1_95' title='bbox 1412 1514 1626 1572; x_wconf 90' lang='lat' dir='ltr'><strong>portum</strong></span> <span class='ocrx_word' id='word_1_96' title='bbox 1659 1503 1921 1572; x_wconf 81' lang='lat' dir='ltr'><strong>tranquil—</strong></span> 
     </span>
    </p>
   </div>
   <div class='ocr_carea' id='block_1_15' title="bbox 337 1593 1922 1664">
    <p class='ocr_par' dir='ltr' id='par_1_15' title="bbox 337 1593 1922 1664">
     <span class='ocr_line' id='line_1_15' title="bbox 337 1593 1922 1664; baseline 0 -14"><span class='ocrx_word' id='word_1_97' title='bbox 337 1598 507 1650; x_wconf 80' lang='lat' dir='ltr'><strong>litatis</strong></span> <span class='ocrx_word' id='word_1_98' title='bbox 537 1596 840 1660; x_wconf 89' lang='lat' dir='ltr'><strong>inveniunt,</strong></span> <span class='ocrx_word' id='word_1_99' title='bbox 885 1595 974 1664; x_wconf 89' lang='lat' dir='ltr'><strong>qui</strong></span> <span class='ocrx_word' id='word_1_100' title='bbox 1021 1595 1359 1664; x_wconf 80' lang='lat' dir='ltr'><strong>naufragium</strong></span> <span class='ocrx_word' id='word_1_101' title='bbox 1413 1595 1670 1649; x_wconf 88' lang='lat' dir='ltr'><strong>mundani</strong></span> <span class='ocrx_word' id='word_1_102' title='bbox 1725 1593 1922 1650; x_wconf 86' lang='lat' dir='ltr'><strong>ﬂuctus</strong></span> 
     </span>
    </p>
   </div>
   <div class='ocr_carea' id='block_1_16' title="bbox 337 1685 1916 1756">
    <p class='ocr_par' dir='ltr' id='par_1_16' title="bbox 337 1685 1916 1756">
     <span class='ocr_line' id='line_1_16' title="bbox 337 1685 1916 1756; baseline -0.002 -14"><span class='ocrx_word' id='word_1_103' title='bbox 337 1688 596 1742; x_wconf 81' lang='lat' dir='ltr'><strong>evadunt.</strong></span> <span class='ocrx_word' id='word_1_104' title='bbox 643 1687 719 1742; x_wconf 90' lang='lat' dir='ltr'><strong>Te</strong></span> <span class='ocrx_word' id='word_1_105' title='bbox 770 1687 1008 1756; x_wconf 88' lang='lat' dir='ltr'><strong>potentis</strong></span> <span class='ocrx_word' id='word_1_106' title='bbox 1054 1686 1248 1740; x_wconf 90' lang='lat' dir='ltr'><strong>medici</strong></span> <span class='ocrx_word' id='word_1_107' title='bbox 1297 1685 1550 1740; x_wconf 88' lang='lat' dir='ltr'><strong>conclave</strong></span> <span class='ocrx_word' id='word_1_108' title='bbox 1603 1686 1916 1752; x_wconf 90' lang='lat' dir='ltr'><strong>decernunt,</strong></span> 
     </span>
    </p>
   </div>
   <div class='ocr_carea' id='block_1_17' title="bbox 338 1775 1916 1849">
    <p class='ocr_par' dir='ltr' id='par_1_17' title="bbox 338 1775 1916 1849">
     <span class='ocr_line' id='line_1_17' title="bbox 338 1775 1916 1849; baseline 0 -18"><span class='ocrx_word' id='word_1_109' title='bbox 338 1781 428 1849; x_wconf 90' lang='lat' dir='ltr'><strong>qui</strong></span> <span class='ocrx_word' id='word_1_110' title='bbox 463 1779 726 1833; x_wconf 89' lang='lat' dir='ltr'><strong>vulnerati</strong></span> <span class='ocrx_word' id='word_1_111' title='bbox 773 1780 824 1833; x_wconf 92' lang='lat' dir='ltr'><strong>in</strong></span> <span class='ocrx_word' id='word_1_112' title='bbox 880 1778 1068 1848; x_wconf 69' lang='lat' dir='ltr'><strong>prmlio</strong></span> <span class='ocrx_word' id='word_1_113' title='bbox 1124 1778 1349 1833; x_wconf 88' lang='lat' dir='ltr'><strong>hostiles</strong></span> <span class='ocrx_word' id='word_1_114' title='bbox 1392 1793 1583 1831; x_wconf 91' lang='lat' dir='ltr'><strong>manus</strong></span> <span class='ocrx_word' id='word_1_115' title='bbox 1638 1775 1916 1846; x_wconf 74' lang='lat' dir='ltr'><strong>effugiunt.</strong></span> 
     </span>
    </p>
   </div>
   <div class='ocr_carea' id='block_1_18' title="bbox 338 1867 1920 1947">
    <p class='ocr_par' dir='ltr' id='par_1_18' title="bbox 338 1867 1920 1947">
     <span class='ocr_line' id='line_1_18' title="bbox 338 1867 1920 1947; baseline -0.001 -22"><span class='ocrx_word' id='word_1_116' title='bbox 338 1871 632 1947; x_wconf 59' lang='lat' dir='ltr'><strong>Bloxpnim</strong></span> <span class='ocrx_word' id='word_1_117' title='bbox 663 1881 720 1924; x_wconf 90' lang='lat' dir='ltr'><strong>ut</strong></span> <span class='ocrx_word' id='word_1_118' title='bbox 751 1872 803 1924; x_wconf 91' lang='lat' dir='ltr'><strong>iu</strong></span> <span class='ocrx_word' id='word_1_119' title='bbox 837 1871 909 1924; x_wconf 93' lang='lat' dir='ltr'><strong>tui</strong></span> <span class='ocrx_word' id='word_1_120' title='bbox 939 1869 1190 1924; x_wconf 90' lang='lat' dir='ltr'><strong>culminis</strong></span> <span class='ocrx_word' id='word_1_121' title='bbox 1212 1870 1457 1922; x_wconf 80' lang='lat' dir='ltr'><strong>umbram</strong></span> <span class='ocrx_word' id='word_1_122' title='bbox 1495 1867 1736 1936; x_wconf 68' lang='lat' dir='ltr'><strong>pet-lecto</strong></span> <span class='ocrx_word' id='word_1_123' title='bbox 1757 1870 1920 1923; x_wconf 81' lang='lat' dir='ltr'><strong>corde</strong></span> 
     </span>
    </p>
   </div>
   <div class='ocr_carea' id='block_1_19' title="bbox 337 1962 1921 2024">
    <p class='ocr_par' dir='ltr' id='par_1_19' title="bbox 337 1962 1921 2024">
     <span class='ocr_line' id='line_1_19' title="bbox 337 1962 1921 2024; baseline -0.002 -5"><span class='ocrx_word' id='word_1_124' title='bbox 337 1966 628 2024; x_wconf 86' lang='lat' dir='ltr'><strong>scceditur,</strong></span> <span class='ocrx_word' id='word_1_125' title='bbox 663 1965 842 2018; x_wconf 91' lang='lat' dir='ltr'><strong>omnis</strong></span> <span class='ocrx_word' id='word_1_126' title='bbox 865 1964 1126 2018; x_wconf 72' lang='lat' dir='ltr'><strong>sauciatze</strong></span> <span class='ocrx_word' id='word_1_127' title='bbox 1155 1963 1348 2016; x_wconf 74' lang='lat' dir='ltr'><strong>animze</strong></span> <span class='ocrx_word' id='word_1_128' title='bbox 1377 1962 1533 2022; x_wconf 85' lang='lat' dir='ltr'><strong>livor,</strong></span> <span class='ocrx_word' id='word_1_129' title='bbox 1557 1962 1738 2016; x_wconf 84' lang='lat' dir='ltr'><strong>omnis</strong></span> <span class='ocrx_word' id='word_1_130' title='bbox 1773 1970 1921 2017; x_wconf 90' lang='lat' dir='ltr'><strong>certe</strong></span> 
     </span>
    </p>
   </div>
   <div class='ocr_carea' id='block_1_20' title="bbox 338 2050 1923 2123">
    <p class='ocr_par' dir='ltr' id='par_1_20' title="bbox 338 2050 1923 2123">
     <span class='ocr_line' id='line_1_20' title="bbox 338 2050 1923 2123; baseline -0.001 -15"><span class='ocrx_word' id='word_1_131' title='bbox 338 2055 616 2108; x_wconf 84' lang='lat' dir='ltr'><strong>interioris</strong></span> <span class='ocrx_word' id='word_1_132' title='bbox 669 2054 902 2108; x_wconf 87' lang='lat' dir='ltr'><strong>hominis</strong></span> <span class='ocrx_word' id='word_1_133' title='bbox 968 2053 1120 2123; x_wconf 80' lang='lat' dir='ltr'><strong>plaga</strong></span> <span class='ocrx_word' id='word_1_134' title='bbox 1189 2060 1429 2108; x_wconf 89' lang='lat' dir='ltr'><strong>curatur.</strong></span> <span class='ocrx_word' id='word_1_135' title='bbox 1507 2050 1581 2106; x_wconf 90' lang='lat' dir='ltr'><strong>Te</strong></span> <span class='ocrx_word' id='word_1_136' title='bbox 1660 2050 1923 2106; x_wconf 85' lang='lat' dir='ltr'><strong>Jeremias</strong></span> 
     </span>
    </p>
   </div>
   <div class='ocr_carea' id='block_1_21' title="bbox 337 2142 1923 2212">
    <p class='ocr_par' dir='ltr' id='par_1_21' title="bbox 337 2142 1923 2212">
     <span class='ocr_line' id='line_1_21' title="bbox 337 2142 1923 2212; baseline 0 -16"><span class='ocrx_word' id='word_1_137' title='bbox 337 2152 648 2212; x_wconf 72' lang='lat' dir='ltr'><strong>aspexerat,</strong></span> <span class='ocrx_word' id='word_1_138' title='bbox 691 2159 811 2198; x_wconf 88' lang='lat' dir='ltr'><strong>cum</strong></span> <span class='ocrx_word' id='word_1_139' title='bbox 871 2144 1126 2198; x_wconf 89' lang='lat' dir='ltr'><strong>dicebat:</strong></span> <span class='ocrx_word' id='word_1_140' title='bbox 1166 2160 1184 2193; x_wconf 77' lang='grc' dir='ltr'>ι</span> <span class='ocrx_word' id='word_1_141' title='bbox 1243 2142 1448 2197; x_wconf 87' lang='lat' dir='ltr'><strong>Bonum</strong></span> <span class='ocrx_word' id='word_1_142' title='bbox 1493 2149 1575 2196; x_wconf 78' lang='lat' dir='ltr'><strong>eSt</strong></span> <span class='ocrx_word' id='word_1_143' title='bbox 1625 2142 1923 2212; x_wconf 64' lang='lat' dir='ltr'><strong>praestolari</strong></span> 
     </span>
    </p>
   </div>
   <div class='ocr_carea' id='block_1_22' title="bbox 338 2234 1923 2299">
    <p class='ocr_par' dir='ltr' id='par_1_22' title="bbox 338 2234 1923 2299">
     <span class='ocr_line' id='line_1_22' title="bbox 338 2234 1923 2299; baseline -0.001 -9"><span class='ocrx_word' id='word_1_144' title='bbox 338 2250 461 2290; x_wconf 91' lang='lat' dir='ltr'><strong>cum</strong></span> <span class='ocrx_word' id='word_1_145' title='bbox 495 2235 710 2289; x_wconf 90' lang='lat' dir='ltr'><strong>silentio</strong></span> <span class='ocrx_word' id='word_1_146' title='bbox 739 2235 972 2290; x_wconf 90' lang='lat' dir='ltr'><strong>salutare</strong></span> <span class='ocrx_word' id='word_1_147' title='bbox 1016 2234 1250 2290; x_wconf 88' lang='lat' dir='ltr'><strong>Domini.</strong></span> <span class='ocrx_word' id='word_1_148' title='bbox 1284 2235 1490 2289; x_wconf 90' lang='lat' dir='ltr'><strong>Bonum</strong></span> <span class='ocrx_word' id='word_1_149' title='bbox 1523 2243 1604 2289; x_wconf 90' lang='lat' dir='ltr'><strong>est</strong></span> <span class='ocrx_word' id='word_1_150' title='bbox 1626 2235 1762 2299; x_wconf 88' lang='lat' dir='ltr'><strong>viro,</strong></span> <span class='ocrx_word' id='word_1_151' title='bbox 1800 2248 1923 2288; x_wconf 91' lang='lat' dir='ltr'><strong>cum</strong></span> 
     </span>
    </p>
   </div>
   <div class='ocr_carea' id='block_1_23' title="bbox 336 2326 1926 2398">
    <p class='ocr_par' dir='ltr' id='par_1_23' title="bbox 336 2326 1926 2398">
     <span class='ocr_line' id='line_1_23' title="bbox 336 2326 1926 2398; baseline -0.001 -16"><span class='ocrx_word' id='word_1_152' title='bbox 336 2329 638 2398; x_wconf 87' lang='lat' dir='ltr'><strong>portaverit</strong></span> <span class='ocrx_word' id='word_1_153' title='bbox 678 2329 864 2397; x_wconf 87' lang='lat' dir='ltr'><strong>jugum</strong></span> <span class='ocrx_word' id='word_1_154' title='bbox 942 2329 1008 2382; x_wconf 89' lang='lat' dir='ltr'><strong>ab</strong></span> <span class='ocrx_word' id='word_1_155' title='bbox 1057 2327 1422 2382; x_wconf 85' lang='lat' dir='ltr'><strong>adolescentia</strong></span> <span class='ocrx_word' id='word_1_156' title='bbox 1497 2343 1590 2382; x_wconf 88' lang='lat' dir='ltr'><strong>sua</strong></span> <span class='ocrx_word' id='word_1_157' title='bbox 1643 2345 1655 2381; x_wconf 92' lang='lat'>:</span> <span class='ocrx_word' id='word_1_158' title='bbox 1717 2326 1926 2381; x_wconf 88' lang='lat' dir='ltr'><strong>sedebit</strong></span> 
     </span>
    </p>
   </div>
   <div class='ocr_carea' id='block_1_24' title="bbox 337 2417 1926 2487">
    <p class='ocr_par' dir='ltr' id='par_1_24' title="bbox 337 2417 1926 2487">
     <span class='ocr_line' id='line_1_24' title="bbox 337 2417 1926 2487; baseline 0.001 -17"><span class='ocrx_word' id='word_1_159' title='bbox 337 2418 643 2481; x_wconf 85' lang='lat' dir='ltr'><strong>solitarius,</strong></span> <span class='ocrx_word' id='word_1_160' title='bbox 694 2425 750 2472; x_wconf 91' lang='lat' dir='ltr'><strong>et</strong></span> <span class='ocrx_word' id='word_1_161' title='bbox 797 2418 1034 2482; x_wconf 84' lang='lat' dir='ltr'><strong>tacebit,</strong></span> <span class='ocrx_word' id='word_1_162' title='bbox 1097 2417 1223 2486; x_wconf 90' lang='lat' dir='ltr'><strong>quia</strong></span> <span class='ocrx_word' id='word_1_163' title='bbox 1275 2417 1475 2474; x_wconf 83' lang='lat' dir='ltr'><strong>levabit</strong></span> <span class='ocrx_word' id='word_1_164' title='bbox 1543 2433 1602 2473; x_wconf 91' lang='lat' dir='ltr'><strong>se</strong></span> <span class='ocrx_word' id='word_1_165' title='bbox 1661 2432 1822 2487; x_wconf 89' lang='lat' dir='ltr'><strong>super</strong></span> <span class='ocrx_word' id='word_1_166' title='bbox 1865 2431 1926 2472; x_wconf 87' lang='lat' dir='ltr'><strong>se</strong></span> 
     </span>
    </p>
   </div>
   <div class='ocr_carea' id='block_1_25' title="bbox 338 2507 1926 2580">
    <p class='ocr_par' dir='ltr' id='par_1_25' title="bbox 338 2507 1926 2580">
     <span class='ocr_line' id='line_1_25' title="bbox 338 2507 1926 2580; baseline 0.001 -18"><span class='ocrx_word' id='word_1_167' title='bbox 338 2508 561 2580; x_wconf 80' lang='lat' dir='ltr'><strong>(Jerem.</strong></span> <span class='ocrx_word' id='word_1_168' title='bbox 596 2511 742 2577; x_wconf 77' lang='grc'><strong>11).’)</strong></span> <span class='ocrx_word' id='word_1_169' title='bbox 781 2507 1064 2562; x_wconf 86' lang='lat' dir='ltr'><strong>Habitator</strong></span> <span class='ocrx_word' id='word_1_170' title='bbox 1091 2511 1290 2564; x_wconf 88' lang='lat' dir='ltr'><strong>etenim</strong></span> <span class='ocrx_word' id='word_1_171' title='bbox 1335 2518 1458 2564; x_wconf 90' lang='lat' dir='ltr'><strong>tuus</strong></span> <span class='ocrx_word' id='word_1_172' title='bbox 1485 2509 1656 2564; x_wconf 88' lang='lat' dir='ltr'><strong>elevat</strong></span> <span class='ocrx_word' id='word_1_173' title='bbox 1682 2526 1739 2565; x_wconf 90' lang='lat' dir='ltr'><strong>se</strong></span> <span class='ocrx_word' id='word_1_174' title='bbox 1765 2525 1926 2579; x_wconf 87' lang='lat' dir='ltr'><strong>super</strong></span> 
     </span>
    </p>
   </div>
   <div class='ocr_carea' id='block_1_26' title="bbox 336 2600 1926 2670">
    <p class='ocr_par' dir='ltr' id='par_1_26' title="bbox 336 2600 1926 2670">
     <span class='ocr_line' id='line_1_26' title="bbox 336 2600 1926 2670; baseline 0.001 -15"><span class='ocrx_word' id='word_1_175' title='bbox 336 2616 417 2666; x_wconf 79' lang='lat' dir='ltr'><strong>se,</strong></span> <span class='ocrx_word' id='word_1_176' title='bbox 445 2602 570 2670; x_wconf 85' lang='lat' dir='ltr'><strong>quia</strong></span> <span class='ocrx_word' id='word_1_177' title='bbox 604 2601 772 2654; x_wconf 91' lang='lat' dir='ltr'><strong>Deum</strong></span> <span class='ocrx_word' id='word_1_178' title='bbox 814 2600 1057 2654; x_wconf 89' lang='lat' dir='ltr'><strong>esuriens</strong></span> <span class='ocrx_word' id='word_1_179' title='bbox 1087 2601 1266 2656; x_wconf 90' lang='lat' dir='ltr'><strong>anima</strong></span> <span class='ocrx_word' id='word_1_180' title='bbox 1303 2617 1333 2654; x_wconf 94' lang='lat' dir='ltr'><strong>a</strong></span> <span class='ocrx_word' id='word_1_181' title='bbox 1373 2609 1710 2656; x_wconf 89' lang='lat' dir='ltr'><strong>terrenarum</strong></span> <span class='ocrx_word' id='word_1_182' title='bbox 1760 2617 1818 2656; x_wconf 92' lang='lat' dir='ltr'><strong>se</strong></span> <span class='ocrx_word' id='word_1_183' title='bbox 1844 2617 1926 2656; x_wconf 88' lang='lat' dir='ltr'><strong>re-</strong></span> 
     </span>
    </p>
   </div>
   <div class='ocr_carea' id='block_1_27' title="bbox 337 2691 1925 2764">
    <p class='ocr_par' dir='ltr' id='par_1_27' title="bbox 337 2691 1925 2764">
     <span class='ocr_line' id='line_1_27' title="bbox 337 2691 1925 2764; baseline 0.002 -18"><span class='ocrx_word' id='word_1_184' title='bbox 337 2709 458 2746; x_wconf 88' lang='lat' dir='ltr'><strong>rum</strong></span> <span class='ocrx_word' id='word_1_185' title='bbox 492 2691 769 2746; x_wconf 87' lang='lat' dir='ltr'><strong>obtutibus</strong></span> <span class='ocrx_word' id='word_1_186' title='bbox 798 2693 980 2761; x_wconf 79' lang='lat' dir='ltr'><strong>erigit,</strong></span> <span class='ocrx_word' id='word_1_187' title='bbox 1013 2701 1067 2746; x_wconf 88' lang='lat' dir='ltr'><strong>et</strong></span> <span class='ocrx_word' id='word_1_188' title='bbox 1099 2693 1151 2746; x_wconf 91' lang='lat' dir='ltr'><strong>iu</strong></span> <span class='ocrx_word' id='word_1_189' title='bbox 1185 2694 1383 2747; x_wconf 67' lang='lat' dir='ltr'><strong>divina:</strong></span> <span class='ocrx_word' id='word_1_190' title='bbox 1423 2709 1481 2748; x_wconf 91' lang='lat' dir='ltr'><strong>se</strong></span> <span class='ocrx_word' id='word_1_191' title='bbox 1515 2694 1925 2764; x_wconf 86' lang='lat' dir='ltr'><strong>contemplatio-</strong></span> 
     </span>
    </p>
   </div>
   <div class='ocr_carea' id='block_1_28' title="bbox 337 2785 1926 2858">
    <p class='ocr_par' dir='ltr' id='par_1_28' title="bbox 337 2785 1926 2858">
     <span class='ocr_line' id='line_1_28' title="bbox 337 2785 1926 2858; baseline 0.002 -20"><span class='ocrx_word' id='word_1_192' title='bbox 337 2785 426 2838; x_wconf 89' lang='lat' dir='ltr'><strong>nis</strong></span> <span class='ocrx_word' id='word_1_193' title='bbox 457 2799 584 2838; x_wconf 87' lang='lat' dir='ltr'><strong>arce</strong></span> <span class='ocrx_word' id='word_1_194' title='bbox 614 2785 915 2853; x_wconf 87' lang='lat' dir='ltr'><strong>suspendit,</strong></span> <span class='ocrx_word' id='word_1_195' title='bbox 953 2800 981 2837; x_wconf 92' lang='lat' dir='ltr'><strong>a</strong></span> <span class='ocrx_word' id='word_1_196' title='bbox 1019 2786 1200 2839; x_wconf 91' lang='lat' dir='ltr'><strong>mundi</strong></span> <span class='ocrx_word' id='word_1_197' title='bbox 1246 2802 1305 2841; x_wconf 90' lang='lat' dir='ltr'><strong>se</strong></span> <span class='ocrx_word' id='word_1_198' title='bbox 1327 2787 1629 2842; x_wconf 86' lang='lat' dir='ltr'><strong>actionibus</strong></span> <span class='ocrx_word' id='word_1_199' title='bbox 1658 2797 1926 2858; x_wconf 79' lang='lat' dir='ltr'><strong>segregat,</strong></span> 
     </span>
    </p>
   </div>
   <div class='ocr_carea' id='block_1_29' title="bbox 339 2873 1924 2946">
    <p class='ocr_par' dir='ltr' id='par_1_29' title="bbox 339 2873 1924 2946">
     <span class='ocr_line' id='line_1_29' title="bbox 339 2873 1924 2946; baseline 0.001 -18"><span class='ocrx_word' id='word_1_200' title='bbox 339 2885 505 2944; x_wconf 88' lang='lat' dir='ltr'><strong>atque</strong></span> <span class='ocrx_word' id='word_1_201' title='bbox 532 2889 592 2927; x_wconf 90' lang='lat' dir='ltr'><strong>se</strong></span> <span class='ocrx_word' id='word_1_202' title='bbox 621 2875 674 2927; x_wconf 91' lang='lat' dir='ltr'><strong>in</strong></span> <span class='ocrx_word' id='word_1_203' title='bbox 711 2873 872 2927; x_wconf 88' lang='lat' dir='ltr'><strong>altum</strong></span> <span class='ocrx_word' id='word_1_204' title='bbox 898 2874 1136 2928; x_wconf 64' lang='lat' dir='ltr'><strong>caelestis</strong></span> <span class='ocrx_word' id='word_1_205' title='bbox 1178 2875 1434 2930; x_wconf 89' lang='lat' dir='ltr'><strong>desiderii</strong></span> <span class='ocrx_word' id='word_1_206' title='bbox 1485 2877 1678 2946; x_wconf 84' lang='lat' dir='ltr'><strong>pennis</strong></span> <span class='ocrx_word' id='word_1_207' title='bbox 1719 2876 1878 2930; x_wconf 88' lang='lat' dir='ltr'><strong>librat</strong></span> <span class='ocrx_word' id='word_1_208' title='bbox 1909 2893 1924 2943; x_wconf 95' lang='lat'><strong>;</strong></span> 
     </span>
    </p>
   </div>
   <div class='ocr_carea' id='block_1_30' title="bbox 337 2965 1929 3037">
    <p class='ocr_par' dir='ltr' id='par_1_30' title="bbox 337 2965 1929 3037">
     <span class='ocr_line' id='line_1_30' title="bbox 337 2965 1929 3037; baseline 0 -17"><span class='ocrx_word' id='word_1_209' title='bbox 337 2981 575 3035; x_wconf 91' lang='lat' dir='ltr'><strong>cumque</strong></span> <span class='ocrx_word' id='word_1_210' title='bbox 627 2965 796 3029; x_wconf 90' lang='lat' dir='ltr'><strong>illum,</strong></span> <span class='ocrx_word' id='word_1_211' title='bbox 861 2965 954 3035; x_wconf 89' lang='lat' dir='ltr'><strong>qtti</strong></span> <span class='ocrx_word' id='word_1_212' title='bbox 1015 2975 1097 3020; x_wconf 92' lang='lat' dir='ltr'><strong>est</strong></span> <span class='ocrx_word' id='word_1_213' title='bbox 1149 2981 1311 3037; x_wconf 87' lang='lat' dir='ltr'><strong>super</strong></span> <span class='ocrx_word' id='word_1_214' title='bbox 1353 2969 1576 3032; x_wconf 88' lang='lat' dir='ltr'><strong>omnia,</strong></span> <span class='ocrx_word' id='word_1_215' title='bbox 1617 2967 1929 3037; x_wconf 87' lang='lat' dir='ltr'><strong>conspicere</strong></span> 
     </span>
    </p>
   </div>
   <div class='ocr_carea' id='block_1_31' title="bbox 339 3057 1928 3129">
    <p class='ocr_par' dir='ltr' id='par_1_31' title="bbox 339 3057 1928 3129">
     <span class='ocr_line' id='line_1_31' title="bbox 339 3057 1928 3129; baseline 0.001 -18"><span class='ocrx_word' id='word_1_216' title='bbox 339 3058 577 3127; x_wconf 80' lang='lat' dir='ltr'><strong>satagit,</strong></span> <span class='ocrx_word' id='word_1_217' title='bbox 638 3057 985 3126; x_wconf 88' lang='lat' dir='ltr'><strong>semetipsum</strong></span> <span class='ocrx_word' id='word_1_218' title='bbox 1045 3073 1274 3126; x_wconf 75' lang='lat' dir='ltr'><strong>quoque</strong></span> <span class='ocrx_word' id='word_1_219' title='bbox 1329 3059 1489 3112; x_wconf 90' lang='lat' dir='ltr'><strong>homo</strong></span> <span class='ocrx_word' id='word_1_220' title='bbox 1544 3075 1665 3113; x_wconf 90' lang='lat' dir='ltr'><strong>cum</strong></span> <span class='ocrx_word' id='word_1_221' title='bbox 1722 3059 1928 3129; x_wconf 87' lang='lat' dir='ltr'><strong>reliqua</strong></span> 
     </span>
    </p>
   </div>
   <div class='ocr_carea' id='block_1_32' title="bbox 336 3145 1926 3218">
    <p class='ocr_par' dir='ltr' id='par_1_32' title="bbox 336 3145 1926 3218">
     <span class='ocr_line' id='line_1_32' title="bbox 336 3145 1926 3218; baseline 0.001 -17"><span class='ocrx_word' id='word_1_222' title='bbox 336 3147 628 3201; x_wconf 77' lang='lat' dir='ltr'><strong>mundana:</strong></span> <span class='ocrx_word' id='word_1_223' title='bbox 654 3145 810 3199; x_wconf 82' lang='lat' dir='ltr'><strong>vallis</strong></span> <span class='ocrx_word' id='word_1_224' title='bbox 838 3145 1138 3212; x_wconf 82' lang='lat' dir='ltr'><strong>dejectione</strong></span> <span class='ocrx_word' id='word_1_225' title='bbox 1169 3149 1522 3203; x_wconf 86' lang='lat' dir='ltr'><strong>transcendit.</strong></span> <span class='ocrx_word' id='word_1_226' title='bbox 1558 3149 1601 3203; x_wconf 94' lang='grc' dir='ltr'><strong>Ο</strong></span> <span class='ocrx_word' id='word_1_227' title='bbox 1650 3149 1784 3203; x_wconf 87' lang='lat' dir='ltr'><strong>cella</strong></span> <span class='ocrx_word' id='word_1_228' title='bbox 1815 3149 1926 3218; x_wconf 86' lang='lat' dir='ltr'><strong>spi-</strong></span> 
     </span>
    </p>
   </div>
   <div class='ocr_carea' id='block_1_33' title="bbox 339 3239 1926 3310">
    <p class='ocr_par' dir='ltr' id='par_1_33' title="bbox 339 3239 1926 3310">
     <span class='ocr_line' id='line_1_33' title="bbox 339 3239 1926 3310; baseline 0.002 -17"><span class='ocrx_word' id='word_1_229' title='bbox 339 3240 538 3295; x_wconf 88' lang='lat' dir='ltr'><strong>rituale</strong></span> <span class='ocrx_word' id='word_1_230' title='bbox 563 3253 792 3308; x_wconf 87' lang='lat' dir='ltr'><strong>prorsus</strong></span> <span class='ocrx_word' id='word_1_231' title='bbox 815 3239 1206 3304; x_wconf 86' lang='lat' dir='ltr'><strong>habitaculum,</strong></span> <span class='ocrx_word' id='word_1_232' title='bbox 1234 3257 1355 3310; x_wconf 83' lang='lat' dir='ltr'><strong>quae</strong></span> <span class='ocrx_word' id='word_1_233' title='bbox 1385 3243 1450 3295; x_wconf 90' lang='lat' dir='ltr'><strong>de</strong></span> <span class='ocrx_word' id='word_1_234' title='bbox 1480 3241 1729 3310; x_wconf 87' lang='lat' dir='ltr'><strong>superbis</strong></span> <span class='ocrx_word' id='word_1_235' title='bbox 1755 3241 1926 3296; x_wconf 92' lang='lat' dir='ltr'><strong>humi-</strong></span> 
     </span>
    </p>
   </div>
   <div class='ocr_carea' id='block_1_34' title="bbox 336 3330 1924 3402">
    <p class='ocr_par' dir='ltr' id='par_1_34' title="bbox 336 3330 1924 3402">
     <span class='ocr_line' id='line_1_34' title="bbox 336 3330 1924 3402; baseline -0.001 -16"><span class='ocrx_word' id='word_1_236' title='bbox 336 3331 444 3395; x_wconf 86' lang='lat' dir='ltr'><strong>les,</strong></span> <span class='ocrx_word' id='word_1_237' title='bbox 467 3331 534 3386; x_wconf 84' lang='lat' dir='ltr'><strong>de</strong></span> <span class='ocrx_word' id='word_1_238' title='bbox 565 3330 770 3401; x_wconf 86' lang='lat' dir='ltr'><strong>gulosis</strong></span> <span class='ocrx_word' id='word_1_239' title='bbox 815 3330 1048 3395; x_wconf 91' lang='lat' dir='ltr'><strong>sobrios,</strong></span> <span class='ocrx_word' id='word_1_240' title='bbox 1086 3331 1152 3385; x_wconf 86' lang='lat' dir='ltr'><strong>de</strong></span> <span class='ocrx_word' id='word_1_241' title='bbox 1197 3333 1506 3387; x_wconf 85' lang='lat' dir='ltr'><strong>crudelibus</strong></span> <span class='ocrx_word' id='word_1_242' title='bbox 1534 3332 1672 3402; x_wconf 86' lang='lat' dir='ltr'><strong>pios,</strong></span> <span class='ocrx_word' id='word_1_243' title='bbox 1722 3332 1786 3386; x_wconf 90' lang='lat' dir='ltr'><strong>de</strong></span> <span class='ocrx_word' id='word_1_244' title='bbox 1814 3331 1924 3384; x_wconf 91' lang='lat' dir='ltr'><strong>ira-</strong></span> 
     </span>
    </p>
   </div>
   <div class='ocr_carea' id='block_1_35' title="bbox 338 3421 1926 3483">
    <p class='ocr_par' dir='ltr' id='par_1_35' title="bbox 338 3421 1926 3483">
     <span class='ocr_line' id='line_1_35' title="bbox 338 3421 1926 3483; baseline 0.001 -7"><span class='ocrx_word' id='word_1_245' title='bbox 338 3421 534 3476; x_wconf 88' lang='lat' dir='ltr'><strong>cundis</strong></span> <span class='ocrx_word' id='word_1_246' title='bbox 557 3422 736 3483; x_wconf 88' lang='lat' dir='ltr'><strong>mites,</strong></span> <span class='ocrx_word' id='word_1_247' title='bbox 769 3421 834 3476; x_wconf 89' lang='lat' dir='ltr'><strong>de</strong></span> <span class='ocrx_word' id='word_1_248' title='bbox 862 3422 1064 3477; x_wconf 89' lang='lat' dir='ltr'><strong>odiosis</strong></span> <span class='ocrx_word' id='word_1_249' title='bbox 1088 3423 1270 3478; x_wconf 86' lang='lat' dir='ltr'><strong>reddis</strong></span> <span class='ocrx_word' id='word_1_250' title='bbox 1302 3423 1354 3477; x_wconf 92' lang='lat' dir='ltr'><strong>in</strong></span> <span class='ocrx_word' id='word_1_251' title='bbox 1395 3423 1636 3477; x_wconf 83' lang='lat' dir='ltr'><strong>fraterna</strong></span> <span class='ocrx_word' id='word_1_252' title='bbox 1660 3422 1926 3478; x_wconf 85' lang='lat' dir='ltr'><strong>charitate</strong></span> 
     </span>
    </p>
   </div>
   <div class='ocr_carea' id='block_1_36' title="bbox 337 3502 1926 3585">
    <p class='ocr_par' dir='ltr' id='par_1_36' title="bbox 337 3502 1926 3585">
     <span class='ocr_line' id='line_1_36' title="bbox 337 3502 1926 3585; baseline 0.003 -19"><span class='ocrx_word' id='word_1_253' title='bbox 337 3513 654 3568; x_wconf 78' lang='lat' dir='ltr'><strong>ferventes!</strong></span> <span class='ocrx_word' id='word_1_254' title='bbox 693 3511 772 3567; x_wconf 92' lang='lat' dir='ltr'><strong>Tu</strong></span> <span class='ocrx_word' id='word_1_255' title='bbox 799 3515 986 3568; x_wconf 64' lang='lat' dir='ltr'><strong>otiosae</strong></span> <span class='ocrx_word' id='word_1_256' title='bbox 1015 3514 1210 3585; x_wconf 74' lang='lat' dir='ltr'><strong>linguae</strong></span> <span class='ocrx_word' id='word_1_257' title='bbox 1250 3502 1495 3580; x_wconf 81' lang='lat' dir='ltr'><strong>frenum,</strong></span> <span class='ocrx_word' id='word_1_258' title='bbox 1531 3525 1583 3570; x_wconf 89' lang='lat' dir='ltr'><strong>ttt</strong></span> <span class='ocrx_word' id='word_1_259' title='bbox 1633 3515 1926 3570; x_wconf 84' lang='lat' dir='ltr'><strong>luxuriosis</strong></span> 
     </span>
    </p>
   </div>
   <div class='ocr_carea' id='block_1_37' title="bbox 337 3603 1926 3676">
    <p class='ocr_par' dir='ltr' id='par_1_37' title="bbox 337 3603 1926 3676">
     <span class='ocr_line' id='line_1_37' title="bbox 337 3603 1926 3676; baseline 0.001 -18"><span class='ocrx_word' id='word_1_260' title='bbox 337 3605 563 3660; x_wconf 86' lang='lat' dir='ltr'><strong>renibus</strong></span> <span class='ocrx_word' id='word_1_261' title='bbox 585 3603 767 3659; x_wconf 72' lang='lat' dir='ltr'><strong>nitida:</strong></span> <span class='ocrx_word' id='word_1_262' title='bbox 789 3605 1061 3660; x_wconf 87' lang='lat' dir='ltr'><strong>castitatis</strong></span> <span class='ocrx_word' id='word_1_263' title='bbox 1087 3606 1312 3661; x_wconf 86' lang='lat' dir='ltr'><strong>adhibes</strong></span> <span class='ocrx_word' id='word_1_264' title='bbox 1340 3606 1634 3676; x_wconf 86' lang='lat' dir='ltr'><strong>cingulum.</strong></span> <span class='ocrx_word' id='word_1_265' title='bbox 1671 3605 1750 3660; x_wconf 92' lang='lat' dir='ltr'><strong>Tu</strong></span> <span class='ocrx_word' id='word_1_266' title='bbox 1790 3604 1926 3660; x_wconf 91' lang='lat' dir='ltr'><strong>facis</strong></span> 
     </span>
    </p>
   </div>
   <div class='ocr_carea' id='block_1_38' title="bbox 338 3696 1924 3767">
    <p class='ocr_par' dir='ltr' id='par_1_38' title="bbox 338 3696 1924 3767">
     <span class='ocr_line' id='line_1_38' title="bbox 338 3696 1924 3767; baseline 0 -16"><span class='ocrx_word' id='word_1_267' title='bbox 338 3706 400 3751; x_wconf 87' lang='lat' dir='ltr'><strong>ut</strong></span> <span class='ocrx_word' id='word_1_268' title='bbox 427 3697 577 3751; x_wconf 88' lang='lat' dir='ltr'><strong>leves</strong></span> <span class='ocrx_word' id='word_1_269' title='bbox 615 3697 815 3766; x_wconf 88' lang='lat' dir='ltr'><strong>quique</strong></span> <span class='ocrx_word' id='word_1_270' title='bbox 867 3697 934 3751; x_wconf 88' lang='lat' dir='ltr'><strong>ad</strong></span> <span class='ocrx_word' id='word_1_271' title='bbox 987 3697 1307 3767; x_wconf 88' lang='lat' dir='ltr'><strong>gravitatem</strong></span> <span class='ocrx_word' id='word_1_272' title='bbox 1349 3699 1593 3761; x_wconf 88' lang='lat' dir='ltr'><strong>redeant,</strong></span> <span class='ocrx_word' id='word_1_273' title='bbox 1654 3707 1712 3751; x_wconf 94' lang='lat' dir='ltr'><strong>ut</strong></span> <span class='ocrx_word' id='word_1_274' title='bbox 1753 3696 1924 3764; x_wconf 86' lang='lat' dir='ltr'><strong>jocosi</strong></span> 
     </span>
    </p>
   </div>
   <div class='ocr_carea' id='block_1_39' title="bbox 340 3787 1929 3858">
    <p class='ocr_par' dir='ltr' id='par_1_39' title="bbox 340 3787 1929 3858">
     <span class='ocr_line' id='line_1_39' title="bbox 340 3787 1929 3858; baseline -0.001 -16"><span class='ocrx_word' id='word_1_275' title='bbox 340 3788 758 3842; x_wconf 83' lang='lat' dir='ltr'><strong>scurrilitatibus</strong></span> <span class='ocrx_word' id='word_1_276' title='bbox 799 3796 1041 3856; x_wconf 89' lang='lat' dir='ltr'><strong>parcant,</strong></span> <span class='ocrx_word' id='word_1_277' title='bbox 1079 3797 1138 3842; x_wconf 93' lang='lat' dir='ltr'><strong>ut</strong></span> <span class='ocrx_word' id='word_1_278' title='bbox 1166 3789 1440 3858; x_wconf 90' lang='lat' dir='ltr'><strong>vaniloqui</strong></span> <span class='ocrx_word' id='word_1_279' title='bbox 1489 3803 1547 3842; x_wconf 85' lang='lat' dir='ltr'><strong>se</strong></span> <span class='ocrx_word' id='word_1_280' title='bbox 1595 3787 1694 3842; x_wconf 85' lang='lat' dir='ltr'><strong>sub</strong></span> <span class='ocrx_word' id='word_1_281' title='bbox 1741 3788 1929 3842; x_wconf 70' lang='lat' dir='ltr'><strong>distrio</strong></span> 
     </span>
    </p>
   </div>
   <div class='ocr_carea' id='block_1_40' title="bbox 339 3876 1926 3947">
    <p class='ocr_par' dir='ltr' id='par_1_40' title="bbox 339 3876 1926 3947">
     <span class='ocr_line' id='line_1_40' title="bbox 339 3876 1926 3947; baseline 0.002 -16"><span class='ocrx_word' id='word_1_282' title='bbox 339 3885 426 3931; x_wconf 90' lang='lat' dir='ltr'><strong>cta</strong></span> <span class='ocrx_word' id='word_1_283' title='bbox 453 3877 652 3931; x_wconf 87' lang='lat' dir='ltr'><strong>silentii</strong></span> <span class='ocrx_word' id='word_1_284' title='bbox 681 3892 907 3932; x_wconf 81' lang='lat' dir='ltr'><strong>censura</strong></span> <span class='ocrx_word' id='word_1_285' title='bbox 939 3878 1332 3945; x_wconf 80' lang='lat' dir='ltr'><strong>constringant.</strong></span> <span class='ocrx_word' id='word_1_286' title='bbox 1362 3877 1441 3932; x_wconf 91' lang='lat' dir='ltr'><strong>Tu</strong></span> <span class='ocrx_word' id='word_1_287' title='bbox 1472 3876 1806 3947; x_wconf 84' lang='lat' dir='ltr'><strong>jejuniorum</strong></span> <span class='ocrx_word' id='word_1_288' title='bbox 1861 3892 1926 3934; x_wconf 88' lang='lat' dir='ltr'><strong>ac</strong></span> 
     </span>
    </p>
   </div>
   <div class='ocr_carea' id='block_1_41' title="bbox 340 3968 1928 4038">
    <p class='ocr_par' dir='ltr' id='par_1_41' title="bbox 340 3968 1928 4038">
     <span class='ocr_line' id='line_1_41' title="bbox 340 3968 1928 4038; baseline 0.003 -20"><span class='ocrx_word' id='word_1_289' title='bbox 340 3968 650 4038; x_wconf 83' lang='lat' dir='ltr'><strong>vigiliarum</strong></span> <span class='ocrx_word' id='word_1_290' title='bbox 673 3968 874 4032; x_wconf 85' lang='lat' dir='ltr'><strong>nutrix,</strong></span> <span class='ocrx_word' id='word_1_291' title='bbox 904 3977 958 4022; x_wconf 89' lang='lat' dir='ltr'><strong>ttt</strong></span> <span class='ocrx_word' id='word_1_292' title='bbox 990 3968 1264 4038; x_wconf 84' lang='lat' dir='ltr'><strong>patientiae</strong></span> <span class='ocrx_word' id='word_1_293' title='bbox 1291 3977 1491 4031; x_wconf 89' lang='lat' dir='ltr'><strong>custos,</strong></span> <span class='ocrx_word' id='word_1_294' title='bbox 1535 3978 1588 4022; x_wconf 90' lang='lat' dir='ltr'><strong>tu</strong></span> <span class='ocrx_word' id='word_1_295' title='bbox 1618 3968 1928 4038; x_wconf 76' lang='lat' dir='ltr'><strong>purissima:</strong></span> 
     </span>
    </p>
   </div>
   <div class='ocr_carea' id='block_1_42' title="bbox 343 4058 1926 4130">
    <p class='ocr_par' dir='ltr' id='par_1_42' title="bbox 343 4058 1926 4130">
     <span class='ocr_line' id='line_1_42' title="bbox 343 4058 1926 4130; baseline 0 -16"><span class='ocrx_word' id='word_1_296' title='bbox 343 4060 709 4128; x_wconf 87' lang='lat' dir='ltr'><strong>simplicitatis</strong></span> <span class='ocrx_word' id='word_1_297' title='bbox 736 4058 1014 4130; x_wconf 86' lang='lat' dir='ltr'><strong>magistra,</strong></span> <span class='ocrx_word' id='word_1_298' title='bbox 1062 4075 1126 4114; x_wconf 92' lang='lat' dir='ltr'><strong>ac</strong></span> <span class='ocrx_word' id='word_1_299' title='bbox 1166 4060 1387 4114; x_wconf 90' lang='lat' dir='ltr'><strong>omnino</strong></span> <span class='ocrx_word' id='word_1_300' title='bbox 1431 4060 1787 4115; x_wconf 71' lang='lat' dir='ltr'><strong>fraudulenta:</strong></span> <span class='ocrx_word' id='word_1_301' title='bbox 1831 4061 1926 4114; x_wconf 86' lang='lat' dir='ltr'><strong>du-</strong></span> 
     </span>
    </p>
   </div>
   <div class='ocr_carea' id='block_1_43' title="bbox 341 4149 1928 4222">
    <p class='ocr_par' dir='ltr' id='par_1_43' title="bbox 341 4149 1928 4222">
     <span class='ocr_line' id='line_1_43' title="bbox 341 4149 1928 4222; baseline 0.001 -18"><span class='ocrx_word' id='word_1_302' title='bbox 341 4151 602 4222; x_wconf 87' lang='lat' dir='ltr'><strong>plicitatis</strong></span> <span class='ocrx_word' id='word_1_303' title='bbox 632 4151 836 4221; x_wconf 88' lang='lat' dir='ltr'><strong>ignara.</strong></span> <span class='ocrx_word' id='word_1_304' title='bbox 872 4149 952 4204; x_wconf 92' lang='lat' dir='ltr'><strong>Tu</strong></span> <span class='ocrx_word' id='word_1_305' title='bbox 993 4150 1127 4205; x_wconf 88' lang='lat' dir='ltr'><strong>facis</strong></span> <span class='ocrx_word' id='word_1_306' title='bbox 1170 4161 1230 4205; x_wconf 86' lang='lat' dir='ltr'><strong>ut</strong></span> <span class='ocrx_word' id='word_1_307' title='bbox 1255 4165 1422 4222; x_wconf 89' lang='lat' dir='ltr'><strong>vagos</strong></span> <span class='ocrx_word' id='word_1_308' title='bbox 1462 4166 1702 4220; x_wconf 84' lang='lat' dir='ltr'><strong>quosque</strong></span> <span class='ocrx_word' id='word_1_309' title='bbox 1729 4150 1928 4206; x_wconf 84' lang='lat' dir='ltr'><strong>Christi</strong></span> 
     </span>
    </p>
   </div>
   <div class='ocr_carea' id='block_1_44' title="bbox 317 4241 1929 4320">
    <p class='ocr_par' dir='ltr' id='par_1_44' title="bbox 317 4241 1929 4320">
     <span class='ocr_line' id='line_1_44' title="bbox 317 4241 1929 4320; baseline 0 -23"><span class='ocrx_word' id='word_1_310' title='bbox 317 4252 532 4320; x_wconf 60' lang='lat' dir='ltr'><strong>.catena</strong></span> <span class='ocrx_word' id='word_1_311' title='bbox 570 4249 840 4308; x_wconf 87' lang='lat' dir='ltr'><strong>coerceat,</strong></span> <span class='ocrx_word' id='word_1_312' title='bbox 875 4251 932 4296; x_wconf 94' lang='lat' dir='ltr'><strong>ut</strong></span> <span class='ocrx_word' id='word_1_313' title='bbox 976 4241 1360 4311; x_wconf 90' lang='lat' dir='ltr'><strong>indisciplinati</strong></span> <span class='ocrx_word' id='word_1_314' title='bbox 1407 4241 1648 4296; x_wconf 89' lang='lat' dir='ltr'><strong>moribus</strong></span> <span class='ocrx_word' id='word_1_315' title='bbox 1677 4257 1706 4294; x_wconf 92' lang='lat' dir='ltr'><strong>a</strong></span> <span class='ocrx_word' id='word_1_316' title='bbox 1746 4256 1843 4296; x_wconf 90' lang='lat' dir='ltr'><strong>sua</strong></span> <span class='ocrx_word' id='word_1_317' title='bbox 1870 4256 1929 4297; x_wconf 86' lang='lat' dir='ltr'><strong>se</strong></span> 
     </span>
    </p>
   </div>
   <div class='ocr_carea' id='block_1_45' title="bbox 344 4328 1930 4402">
    <p class='ocr_par' dir='ltr' id='par_1_45' title="bbox 344 4328 1930 4402">
     <span class='ocr_line' id='line_1_45' title="bbox 344 4328 1930 4402; baseline 0.001 -18"><span class='ocrx_word' id='word_1_318' title='bbox 344 4333 609 4402; x_wconf 87' lang='lat' dir='ltr'><strong>pravitate</strong></span> <span class='ocrx_word' id='word_1_319' title='bbox 660 4341 1026 4402; x_wconf 89' lang='lat' dir='ltr'><strong>compescant.</strong></span> <span class='ocrx_word' id='word_1_320' title='bbox 1073 4330 1154 4384; x_wconf 89' lang='lat' dir='ltr'><strong>Tu</strong></span> <span class='ocrx_word' id='word_1_321' title='bbox 1186 4331 1348 4398; x_wconf 63' lang='lat' dir='ltr'><strong>nosti,</strong></span> <span class='ocrx_word' id='word_1_322' title='bbox 1369 4329 1614 4385; x_wconf 90' lang='lat' dir='ltr'><strong>homines</strong></span> <span class='ocrx_word' id='word_1_323' title='bbox 1648 4331 1715 4385; x_wconf 88' lang='lat' dir='ltr'><strong>ad</strong></span> <span class='ocrx_word' id='word_1_324' title='bbox 1755 4328 1930 4400; x_wconf 86' lang='lat' dir='ltr'><strong>perfe-</strong></span> 
     </span>
    </p>
   </div>
   <div class='ocr_carea' id='block_1_46' title="bbox 345 4422 1929 4491">
    <p class='ocr_par' dir='ltr' id='par_1_46' title="bbox 345 4422 1929 4491">
     <span class='ocr_line' id='line_1_46' title="bbox 345 4422 1929 4491; baseline 0 -15"><span class='ocrx_word' id='word_1_325' title='bbox 345 4425 543 4478; x_wconf 91' lang='lat' dir='ltr'><strong>ctionis</strong></span> <span class='ocrx_word' id='word_1_326' title='bbox 571 4422 784 4478; x_wconf 91' lang='lat' dir='ltr'><strong>culmen</strong></span> <span class='ocrx_word' id='word_1_327' title='bbox 816 4422 1074 4487; x_wconf 89' lang='lat' dir='ltr'><strong>evehere,</strong></span> <span class='ocrx_word' id='word_1_328' title='bbox 1106 4429 1267 4491; x_wconf 87' lang='lat' dir='ltr'><strong>atque</strong></span> <span class='ocrx_word' id='word_1_329' title='bbox 1289 4422 1356 4476; x_wconf 88' lang='lat' dir='ltr'><strong>ad</strong></span> <span class='ocrx_word' id='word_1_330' title='bbox 1393 4430 1782 4477; x_wconf 62' lang='lat' dir='ltr'><strong>consummata!</strong></span> <span class='ocrx_word' id='word_1_331' title='bbox 1802 4436 1929 4476; x_wconf 86' lang='lat' dir='ltr'><strong>san-</strong></span> 
     </span>
    </p>
   </div>
   <div class='ocr_carea' id='block_1_47' title="bbox 345 4511 1934 4584">
    <p class='ocr_par' dir='ltr' id='par_1_47' title="bbox 345 4511 1934 4584">
     <span class='ocr_line' id='line_1_47' title="bbox 345 4511 1934 4584; baseline -0.001 -17"><span class='ocrx_word' id='word_1_332' title='bbox 345 4514 548 4568; x_wconf 87' lang='lat' dir='ltr'><strong>ctitatis</strong></span> <span class='ocrx_word' id='word_1_333' title='bbox 574 4511 847 4584; x_wconf 83' lang='lat' dir='ltr'><strong>fastigium</strong></span> <span class='ocrx_word' id='word_1_334' title='bbox 873 4512 1195 4567; x_wconf 86' lang='lat' dir='ltr'><strong>sublimare.</strong></span> <span class='ocrx_word' id='word_1_335' title='bbox 1243 4511 1322 4566; x_wconf 91' lang='lat' dir='ltr'><strong>Tu</strong></span> <span class='ocrx_word' id='word_1_336' title='bbox 1370 4511 1506 4566; x_wconf 90' lang='lat' dir='ltr'><strong>facis</strong></span> <span class='ocrx_word' id='word_1_337' title='bbox 1549 4520 1608 4565; x_wconf 88' lang='lat' dir='ltr'><strong>ut</strong></span> <span class='ocrx_word' id='word_1_338' title='bbox 1654 4511 1815 4566; x_wconf 88' lang='lat' dir='ltr'><strong>homo</strong></span> <span class='ocrx_word' id='word_1_339' title='bbox 1861 4511 1934 4566; x_wconf 85' lang='lat' dir='ltr'><strong>sit</strong></span> 
     </span>
    </p>
   </div>
   <div class='ocr_carea' id='block_1_48' title="bbox 346 4603 2013 4705">
    <p class='ocr_par' dir='ltr' id='par_1_48' title="bbox 346 4603 2013 4705">
     <span class='ocr_line' id='line_1_48' title="bbox 346 4603 2013 4705; baseline -0.001 -47"><span class='ocrx_word' id='word_1_340' title='bbox 346 4615 488 4659; x_wconf 90' lang='lat' dir='ltr'><strong>teres</strong></span> <span class='ocrx_word' id='word_1_341' title='bbox 544 4613 708 4672; x_wconf 87' lang='lat' dir='ltr'><strong>atque</strong></span> <span class='ocrx_word' id='word_1_342' title='bbox 745 4605 1030 4668; x_wconf 87' lang='lat' dir='ltr'><strong>rotundus,</strong></span> <span class='ocrx_word' id='word_1_343' title='bbox 1064 4619 1128 4658; x_wconf 88' lang='lat' dir='ltr'><strong>ac</strong></span> <span class='ocrx_word' id='word_1_344' title='bbox 1174 4603 1319 4658; x_wconf 89' lang='lat' dir='ltr'><strong>nulla</strong></span> <span class='ocrx_word' id='word_1_345' title='bbox 1361 4603 1652 4673; x_wconf 89' lang='lat' dir='ltr'><strong>semetipso</strong></span> <span class='ocrx_word' id='word_1_346' title='bbox 1681 4604 1753 4658; x_wconf 90' lang='lat' dir='ltr'><strong>sit</strong></span> <span class='ocrx_word' id='word_1_347' title='bbox 1798 4603 1931 4658; x_wconf 73' lang='lat' dir='ltr'><strong>inze-</strong></span> <span class='ocrx_word' id='word_1_348' title='bbox 1959 4643 2013 4705; x_wconf 67' lang='grc' dir='ltr'>Β</span> 
     </span>
    </p>
   </div>
   <div class='ocr_carea' id='block_1_49' title="bbox 349 4695 1930 4770">
    <p class='ocr_par' dir='ltr' id='par_1_49' title="bbox 349 4695 1930 4770">
     <span class='ocr_line' id='line_1_49' title="bbox 349 4695 1930 4770; baseline -0.002 -16"><span class='ocrx_word' id='word_1_349' title='bbox 349 4700 609 4770; x_wconf 87' lang='lat' dir='ltr'><strong>qualitate</strong></span> <span class='ocrx_word' id='word_1_350' title='bbox 635 4699 902 4753; x_wconf 90' lang='lat' dir='ltr'><strong>diversus.</strong></span> <span class='ocrx_word' id='word_1_351' title='bbox 935 4697 1016 4752; x_wconf 92' lang='lat' dir='ltr'><strong>Tu</strong></span> <span class='ocrx_word' id='word_1_352' title='bbox 1037 4699 1200 4752; x_wconf 90' lang='lat' dir='ltr'><strong>etiam</strong></span> <span class='ocrx_word' id='word_1_353' title='bbox 1232 4698 1504 4752; x_wconf 89' lang='lat' dir='ltr'><strong>hominem</strong></span> <span class='ocrx_word' id='word_1_354' title='bbox 1535 4696 1672 4751; x_wconf 90' lang='lat' dir='ltr'><strong>facis</strong></span> <span class='ocrx_word' id='word_1_355' title='bbox 1699 4695 1930 4765; x_wconf 92' lang='lat' dir='ltr'><strong>lapidem</strong></span> 
     </span>
    </p>
   </div>
   <div class='ocr_carea' id='block_1_50' title="bbox 351 4783 1930 4876">
    <p class='ocr_par' dir='ltr' id='par_1_50' title="bbox 351 4783 1930 4876">
     <span class='ocr_line' id='line_1_50' title="bbox 351 4783 1930 4876; baseline -0.001 -34"><span class='ocrx_word' id='word_1_356' title='bbox 351 4791 646 4859; x_wconf 82' lang='lat' dir='ltr'><strong>quadrum,</strong></span> <span class='ocrx_word' id='word_1_357' title='bbox 682 4789 1064 4844; x_wconf 87' lang='lat' dir='ltr'><strong>construendis</strong></span> <span class='ocrx_word' id='word_1_358' title='bbox 1091 4788 1347 4843; x_wconf 89' lang='lat' dir='ltr'><strong>videlicet</strong></span> <span class='ocrx_word' id='word_1_359' title='bbox 1371 4787 1608 4876; x_wconf 55' lang='lat' dir='ltr'><strong>c‘elestis</strong></span> <span class='ocrx_word' id='word_1_360' title='bbox 1633 4783 1930 4841; x_wconf 86' lang='lat' dir='ltr'><strong>Jerusalem</strong></span> 
     </span>
    </p>
   </div>
   <div class='ocr_carea' id='block_1_51' title="bbox 343 4876 1926 4949">
    <p class='ocr_par' dir='ltr' id='par_1_51' title="bbox 343 4876 1926 4949">
     <span class='ocr_line' id='line_1_51' title="bbox 343 4876 1926 4949; baseline -0.003 -15"><span class='ocrx_word' id='word_1_361' title='bbox 343 4883 616 4936; x_wconf 67' lang='lat' dir='ltr'><strong>moenibus</strong></span> <span class='ocrx_word' id='word_1_362' title='bbox 637 4888 819 4949; x_wconf 85' lang='lat' dir='ltr'><strong>aptum</strong></span> <span class='ocrx_word' id='word_1_363' title='bbox 846 4897 860 4932; x_wconf 92' lang='lat'>:</span> <span class='ocrx_word' id='word_1_364' title='bbox 892 4879 984 4948; x_wconf 92' lang='lat' dir='ltr'><strong>qui</strong></span> <span class='ocrx_word' id='word_1_365' title='bbox 1015 4879 1272 4932; x_wconf 89' lang='lat' dir='ltr'><strong>nimirum</strong></span> <span class='ocrx_word' id='word_1_366' title='bbox 1300 4894 1405 4933; x_wconf 92' lang='lat' dir='ltr'><strong>non</strong></span> <span class='ocrx_word' id='word_1_367' title='bbox 1447 4893 1516 4932; x_wconf 79' lang='lat' dir='ltr'><strong>ex</strong></span> <span class='ocrx_word' id='word_1_368' title='bbox 1553 4876 1775 4931; x_wconf 89' lang='lat' dir='ltr'><strong>levitate</strong></span> <span class='ocrx_word' id='word_1_369' title='bbox 1809 4889 1926 4931; x_wconf 91' lang='lat' dir='ltr'><strong>mo-</strong></span> 
     </span>
    </p>
   </div>
   <div class='ocr_carea' id='block_1_52' title="bbox 341 4968 1927 5038">
    <p class='ocr_par' dir='ltr' id='par_1_52' title="bbox 341 4968 1927 5038">
     <span class='ocr_line' id='line_1_52' title="bbox 341 4968 1927 5038; baseline -0.001 -15"><span class='ocrx_word' id='word_1_370' title='bbox 341 4987 462 5025; x_wconf 85' lang='lat' dir='ltr'><strong>rum</strong></span> <span class='ocrx_word' id='word_1_371' title='bbox 496 4986 555 5025; x_wconf 91' lang='lat' dir='ltr'><strong>se</strong></span> <span class='ocrx_word' id='word_1_372' title='bbox 597 4971 906 5026; x_wconf 89' lang='lat' dir='ltr'><strong>versatilem</strong></span> <span class='ocrx_word' id='word_1_373' title='bbox 959 4970 1220 5038; x_wconf 67' lang='lat' dir='ltr'><strong>praebeat,</strong></span> <span class='ocrx_word' id='word_1_374' title='bbox 1280 4971 1372 5024; x_wconf 91' lang='lat' dir='ltr'><strong>sed</strong></span> <span class='ocrx_word' id='word_1_375' title='bbox 1416 4968 1556 5024; x_wconf 82' lang='lat' dir='ltr'><strong>fixus</strong></span> <span class='ocrx_word' id='word_1_376' title='bbox 1603 4983 1818 5038; x_wconf 87' lang='lat' dir='ltr'><strong>semper</strong></span> <span class='ocrx_word' id='word_1_377' title='bbox 1873 4968 1927 5022; x_wconf 91' lang='lat' dir='ltr'><strong>in</strong></span> 
     </span>
    </p>
   </div>
   <div class='ocr_carea' id='block_1_53' title="bbox 345 5051 1926 5136">
    <p class='ocr_par' dir='ltr' id='par_1_53' title="bbox 345 5051 1926 5136">
     <span class='ocr_line' id='line_1_53' title="bbox 345 5051 1926 5136; baseline -0.004 -14"><span class='ocrx_word' id='word_1_378' title='bbox 345 5077 549 5122; x_wconf 67' lang='lat' dir='ltr'><strong>sancta:</strong></span> <span class='ocrx_word' id='word_1_379' title='bbox 589 5051 862 5136; x_wconf 79' lang='lat' dir='ltr'><strong>religionis</strong></span> <span class='ocrx_word' id='word_1_380' title='bbox 891 5065 1159 5134; x_wconf 83' lang='lat' dir='ltr'><strong>gravitate</strong></span> <span class='ocrx_word' id='word_1_381' title='bbox 1193 5063 1464 5133; x_wconf 89' lang='lat' dir='ltr'><strong>persistat.</strong></span> <span class='ocrx_word' id='word_1_382' title='bbox 1495 5062 1573 5117; x_wconf 92' lang='lat' dir='ltr'><strong>Tu</strong></span> <span class='ocrx_word' id='word_1_383' title='bbox 1625 5062 1870 5117; x_wconf 88' lang='lat' dir='ltr'><strong>homines</strong></span> <span class='ocrx_word' id='word_1_384' title='bbox 1895 5077 1926 5115; x_wconf 88' lang='lat' dir='ltr'><strong>a</strong></span> 
     </span>
    </p>
   </div>
   <div class='ocr_carea' id='block_1_54' title="bbox 344 5150 1930 5224">
    <p class='ocr_par' dir='ltr' id='par_1_54' title="bbox 344 5150 1930 5224">
     <span class='ocr_line' id='line_1_54' title="bbox 344 5150 1930 5224; baseline -0.002 -15"><span class='ocrx_word' id='word_1_385' title='bbox 344 5155 652 5224; x_wconf 86' lang='lat' dir='ltr'><strong>semetipsis</strong></span> <span class='ocrx_word' id='word_1_386' title='bbox 675 5163 962 5209; x_wconf 75' lang='lat' dir='ltr'><strong>extraneos</strong></span> <span class='ocrx_word' id='word_1_387' title='bbox 998 5153 1201 5217; x_wconf 88' lang='lat' dir='ltr'><strong>reddis,</strong></span> <span class='ocrx_word' id='word_1_388' title='bbox 1232 5163 1285 5206; x_wconf 90' lang='lat' dir='ltr'><strong>et</strong></span> <span class='ocrx_word' id='word_1_389' title='bbox 1307 5168 1432 5206; x_wconf 89' lang='lat' dir='ltr'><strong>vasa</strong></span> <span class='ocrx_word' id='word_1_390' title='bbox 1455 5152 1710 5207; x_wconf 89' lang='lat' dir='ltr'><strong>vitiorum</strong></span> <span class='ocrx_word' id='word_1_391' title='bbox 1737 5150 1930 5206; x_wconf 83' lang='lat' dir='ltr'><strong>ﬂorere</strong></span> 
     </span>
    </p>
   </div>
   <div class='ocr_carea' id='block_1_55' title="bbox 345 5243 1930 5318">
    <p class='ocr_par' dir='ltr' id='par_1_55' title="bbox 345 5243 1930 5318">
     <span class='ocr_line' id='line_1_55' title="bbox 345 5243 1930 5318; baseline -0.004 -17"><span class='ocrx_word' id='word_1_392' title='bbox 345 5248 640 5303; x_wconf 86' lang='lat' dir='ltr'><strong>virtutibus</strong></span> <span class='ocrx_word' id='word_1_393' title='bbox 688 5244 840 5301; x_wconf 89' lang='lat' dir='ltr'><strong>facis.</strong></span> <span class='ocrx_word' id='word_1_394' title='bbox 878 5245 956 5300; x_wconf 90' lang='lat' dir='ltr'><strong>Tu</strong></span> <span class='ocrx_word' id='word_1_395' title='bbox 994 5246 1171 5318; x_wconf 86' lang='lat' dir='ltr'><strong>nigra,</strong></span> <span class='ocrx_word' id='word_1_396' title='bbox 1218 5244 1312 5298; x_wconf 90' lang='lat' dir='ltr'><strong>sed</strong></span> <span class='ocrx_word' id='word_1_397' title='bbox 1360 5243 1615 5307; x_wconf 87' lang='lat' dir='ltr'><strong>formosa,</strong></span> <span class='ocrx_word' id='word_1_398' title='bbox 1661 5243 1801 5297; x_wconf 89' lang='lat' dir='ltr'><strong>sicut</strong></span> <span class='ocrx_word' id='word_1_399' title='bbox 1851 5249 1930 5295; x_wconf 88' lang='lat' dir='ltr'><strong>ta-</strong></span> 
     </span>
    </p>
   </div>
   <div class='ocr_carea' id='block_1_56' title="bbox 348 5331 1930 5405">
    <p class='ocr_par' dir='ltr' id='par_1_56' title="bbox 348 5331 1930 5405">
     <span class='ocr_line' id='line_1_56' title="bbox 348 5331 1930 5405; baseline -0.004 -13"><span class='ocrx_word' id='word_1_400' title='bbox 348 5336 638 5392; x_wconf 87' lang='lat' dir='ltr'><strong>bernacula</strong></span> <span class='ocrx_word' id='word_1_401' title='bbox 685 5335 882 5401; x_wconf 88' lang='lat' dir='ltr'><strong>Ccdar,</strong></span> <span class='ocrx_word' id='word_1_402' title='bbox 927 5335 1072 5391; x_wconf 90' lang='lat' dir='ltr'><strong>sicut</strong></span> <span class='ocrx_word' id='word_1_403' title='bbox 1096 5334 1254 5405; x_wconf 88' lang='lat' dir='ltr'><strong>pellis</strong></span> <span class='ocrx_word' id='word_1_404' title='bbox 1285 5332 1610 5388; x_wconf 90' lang='lat' dir='ltr'><strong>Salomonis.</strong></span> <span class='ocrx_word' id='word_1_405' title='bbox 1655 5332 1734 5386; x_wconf 85' lang='lat' dir='ltr'><strong>&#39;l&#39;u</strong></span> <span class='ocrx_word' id='word_1_406' title='bbox 1784 5331 1930 5386; x_wconf 90' lang='lat' dir='ltr'><strong>lava-</strong></span> 
     </span>
    </p>
   </div>
   <div class='ocr_carea' id='block_1_57' title="bbox 348 5423 1929 5511">
    <p class='ocr_par' dir='ltr' id='par_1_57' title="bbox 348 5423 1929 5511">
     <span class='ocr_line' id='line_1_57' title="bbox 348 5423 1929 5511; baseline -0.003 -28"><span class='ocrx_word' id='word_1_407' title='bbox 348 5444 500 5483; x_wconf 85' lang='lat' dir='ltr'><strong>crum</strong></span> <span class='ocrx_word' id='word_1_408' title='bbox 541 5436 842 5482; x_wconf 88' lang='lat' dir='ltr'><strong>tonsarum.</strong></span> <span class='ocrx_word' id='word_1_409' title='bbox 875 5425 953 5480; x_wconf 90' lang='lat' dir='ltr'><strong>Tu</strong></span> <span class='ocrx_word' id='word_1_410' title='bbox 979 5427 1123 5482; x_wconf 92' lang='lat' dir='ltr'><strong>sicut</strong></span> <span class='ocrx_word' id='word_1_411' title='bbox 1159 5425 1366 5511; x_wconf 66' lang='lat' dir='ltr'><strong>piscina</strong></span> <span class='ocrx_word' id='word_1_412' title='bbox 1402 5425 1454 5479; x_wconf 91' lang='lat' dir='ltr'><strong>in</strong></span> <span class='ocrx_word' id='word_1_413' title='bbox 1485 5424 1749 5479; x_wconf 87' lang='lat' dir='ltr'><strong>llesebon.</strong></span> <span class='ocrx_word' id='word_1_414' title='bbox 1777 5423 1929 5479; x_wconf 88' lang='lat' dir='ltr'><strong>Oculi</strong></span> 
     </span>
    </p>
   </div>
   <div class='ocr_carea' id='block_1_58' title="bbox 352 5515 1931 5590">
    <p class='ocr_par' dir='ltr' id='par_1_58' title="bbox 352 5515 1931 5590">
     <span class='ocr_line' id='line_1_58' title="bbox 352 5515 1931 5590; baseline -0.003 -16"><span class='ocrx_word' id='word_1_415' title='bbox 352 5523 426 5576; x_wconf 92' lang='lat' dir='ltr'><strong>tui</strong></span> <span class='ocrx_word' id='word_1_416' title='bbox 468 5523 612 5576; x_wconf 89' lang='lat' dir='ltr'><strong>sicut</strong></span> <span class='ocrx_word' id='word_1_417' title='bbox 642 5521 905 5575; x_wconf 71' lang='lat' dir='ltr'><strong>columbae</strong></span> <span class='ocrx_word' id='word_1_418' title='bbox 944 5535 1106 5590; x_wconf 91' lang='lat' dir='ltr'><strong>super</strong></span> <span class='ocrx_word' id='word_1_419' title='bbox 1134 5520 1278 5574; x_wconf 89' lang='lat' dir='ltr'><strong>rivos</strong></span> <span class='ocrx_word' id='word_1_420' title='bbox 1307 5532 1592 5586; x_wconf 89' lang='lat' dir='ltr'><strong>aquarum,</strong></span> <span class='ocrx_word' id='word_1_421' title='bbox 1643 5532 1762 5586; x_wconf 78' lang='lat' dir='ltr'><strong>qua:</strong></span> <span class='ocrx_word' id='word_1_422' title='bbox 1793 5515 1931 5570; x_wconf 90' lang='lat' dir='ltr'><strong>lacte</strong></span> 
     </span>
    </p>
   </div>
   <div class='ocr_carea' id='block_1_59' title="bbox 352 5607 1929 5680">
    <p class='ocr_par' dir='ltr' id='par_1_59' title="bbox 352 5607 1929 5680">
     <span class='ocr_line' id='line_1_59' title="bbox 352 5607 1929 5680; baseline -0.003 -15"><span class='ocrx_word' id='word_1_423' title='bbox 352 5623 480 5666; x_wconf 81' lang='lat' dir='ltr'><strong>sunt</strong></span> <span class='ocrx_word' id='word_1_424' title='bbox 533 5613 681 5676; x_wconf 65' lang='lat' dir='ltr'><strong>lotae,</strong></span> <span class='ocrx_word' id='word_1_425' title='bbox 745 5622 800 5668; x_wconf 91' lang='lat' dir='ltr'><strong>et</strong></span> <span class='ocrx_word' id='word_1_426' title='bbox 867 5612 1104 5668; x_wconf 88' lang='lat' dir='ltr'><strong>resident</strong></span> <span class='ocrx_word' id='word_1_427' title='bbox 1149 5611 1304 5680; x_wconf 84' lang='lat' dir='ltr'><strong>juxta</strong></span> <span class='ocrx_word' id='word_1_428' title='bbox 1359 5608 1553 5662; x_wconf 85' lang='lat' dir='ltr'><strong>fluenta</strong></span> <span class='ocrx_word' id='word_1_429' title='bbox 1619 5607 1929 5677; x_wconf 90' lang='lat' dir='ltr'><strong>plenissima</strong></span> 
     </span>
    </p>
   </div>
   <div class='ocr_carea' id='block_1_60' title="bbox 352 5699 1936 5779">
    <p class='ocr_par' dir='ltr' id='par_1_60' title="bbox 352 5699 1936 5779">
     <span class='ocr_line' id='line_1_60' title="bbox 352 5699 1936 5779; baseline -0.006 -17"><span class='ocrx_word' id='word_1_430' title='bbox 352 5709 526 5779; x_wconf 77' lang='lat' dir='ltr'><strong>(Cant.</strong></span> <span class='ocrx_word' id='word_1_431' title='bbox 576 5724 617 5770; x_wconf 90' lang='lat' dir='ltr'><strong>t,</strong></span> <span class='ocrx_word' id='word_1_432' title='bbox 645 5723 718 5770; x_wconf 90' lang='lat' dir='ltr'><strong>tv,</strong></span> <span class='ocrx_word' id='word_1_433' title='bbox 751 5722 803 5772; x_wconf 89' lang='lat' dir='ltr'><strong>v,</strong></span> <span class='ocrx_word' id='word_1_434' title='bbox 835 5707 950 5774; x_wconf 86' lang='lat' dir='ltr'><strong>vtt).</strong></span> <span class='ocrx_word' id='word_1_435' title='bbox 1001 5704 1078 5759; x_wconf 90' lang='lat' dir='ltr'><strong>Ttt</strong></span> <span class='ocrx_word' id='word_1_436' title='bbox 1134 5718 1366 5774; x_wconf 87' lang='lat' dir='ltr'><strong>namque</strong></span> <span class='ocrx_word' id='word_1_437' title='bbox 1410 5718 1468 5758; x_wconf 92' lang='lat' dir='ltr'><strong>es</strong></span> <span class='ocrx_word' id='word_1_438' title='bbox 1508 5702 1781 5769; x_wconf 92' lang='lat' dir='ltr'><strong>speculum</strong></span> <span class='ocrx_word' id='word_1_439' title='bbox 1823 5699 1936 5754; x_wconf 87' lang='lat' dir='ltr'><strong>ani-</strong></span> 
     </span>
    </p>
   </div>
   <div class='ocr_carea' id='block_1_61' title="bbox 352 5793 1930 5868">
    <p class='ocr_par' dir='ltr' id='par_1_61' title="bbox 352 5793 1930 5868">
     <span class='ocr_line' id='line_1_61' title="bbox 352 5793 1930 5868; baseline -0.005 -12"><span class='ocrx_word' id='word_1_440' title='bbox 352 5798 588 5865; x_wconf 84' lang='lat' dir='ltr'><strong>lnarum,</strong></span> <span class='ocrx_word' id='word_1_441' title='bbox 619 5800 711 5854; x_wconf 78' lang='lat' dir='ltr'><strong>ubi</strong></span> <span class='ocrx_word' id='word_1_442' title='bbox 741 5814 799 5854; x_wconf 92' lang='lat' dir='ltr'><strong>se</strong></span> <span class='ocrx_word' id='word_1_443' title='bbox 827 5813 978 5854; x_wconf 91' lang='lat' dir='ltr'><strong>mens</strong></span> <span class='ocrx_word' id='word_1_444' title='bbox 1011 5797 1243 5852; x_wconf 90' lang='lat' dir='ltr'><strong>humana</strong></span> <span class='ocrx_word' id='word_1_445' title='bbox 1281 5793 1670 5868; x_wconf 83' lang='lat' dir='ltr'><strong>perspicaciter</strong></span> <span class='ocrx_word' id='word_1_446' title='bbox 1694 5794 1930 5859; x_wconf 86' lang='lat' dir='ltr'><strong>intuens,</strong></span> 
     </span>
    </p>
   </div>
   <div class='ocr_carea' id='block_1_62' title="bbox 2020 666 3596 745">
    <p class='ocr_par' dir='ltr' id='par_1_62' title="bbox 2020 666 3596 745">
     <span class='ocr_line' id='line_1_62' title="bbox 2020 666 3596 745; baseline -0.006 -15"><span class='ocrx_word' id='word_1_447' title='bbox 2020 683 2324 745; x_wconf 87' lang='lat' dir='ltr'><strong>componat.</strong></span> <span class='ocrx_word' id='word_1_448' title='bbox 2356 675 2434 727; x_wconf 92' lang='lat' dir='ltr'><strong>Tu</strong></span> <span class='ocrx_word' id='word_1_449' title='bbox 2465 671 2720 742; x_wconf 89' lang='lat' dir='ltr'><strong>nuptialis</strong></span> <span class='ocrx_word' id='word_1_450' title='bbox 2756 684 2815 724; x_wconf 90' lang='lat' dir='ltr'><strong>es</strong></span> <span class='ocrx_word' id='word_1_451' title='bbox 2857 668 3147 731; x_wconf 88' lang='lat' dir='ltr'><strong>thalamus,</strong></span> <span class='ocrx_word' id='word_1_452' title='bbox 3195 666 3248 719; x_wconf 88' lang='lat' dir='ltr'><strong>in</strong></span> <span class='ocrx_word' id='word_1_453' title='bbox 3279 681 3386 735; x_wconf 92' lang='lat' dir='ltr'><strong>quo</strong></span> <span class='ocrx_word' id='word_1_454' title='bbox 3421 666 3596 722; x_wconf 87' lang='lat' dir='ltr'><strong>sancti</strong></span> 
     </span>
    </p>
   </div>
   <div class='ocr_carea' id='block_1_63' title="bbox 2022 756 3599 837">
    <p class='ocr_par' dir='ltr' id='par_1_63' title="bbox 2022 756 3599 837">
     <span class='ocr_line' id='line_1_63' title="bbox 2022 756 3599 837; baseline -0.008 -15"><span class='ocrx_word' id='word_1_455' title='bbox 2022 767 2258 837; x_wconf 89' lang='lat' dir='ltr'><strong>Spiritus</strong></span> <span class='ocrx_word' id='word_1_456' title='bbox 2280 765 2442 820; x_wconf 89' lang='lat' dir='ltr'><strong>arrha</strong></span> <span class='ocrx_word' id='word_1_457' title='bbox 2475 763 2753 827; x_wconf 90' lang='lat' dir='ltr'><strong>tribuitur,</strong></span> <span class='ocrx_word' id='word_1_458' title='bbox 2779 769 2835 814; x_wconf 84' lang='lat' dir='ltr'><strong>et</strong></span> <span class='ocrx_word' id='word_1_459' title='bbox 2863 759 3068 814; x_wconf 62' lang='lat' dir='ltr'><strong>caelesti</strong></span> <span class='ocrx_word' id='word_1_460' title='bbox 3097 757 3308 827; x_wconf 89' lang='lat' dir='ltr'><strong>Sponso</strong></span> <span class='ocrx_word' id='word_1_461' title='bbox 3333 756 3458 811; x_wconf 76' lang='lat' dir='ltr'><strong>felix</strong></span> <span class='ocrx_word' id='word_1_462' title='bbox 3482 757 3599 810; x_wconf 90' lang='lat' dir='ltr'><strong>ani-</strong></span> 
     </span>
    </p>
   </div>
   <div class='ocr_carea' id='block_1_64' title="bbox 2021 847 3655 922">
    <p class='ocr_par' dir='ltr' id='par_1_64' title="bbox 2021 847 3655 922">
     <span class='ocr_line' id='line_1_64' title="bbox 2021 847 3655 922; baseline -0.006 -9"><span class='ocrx_word' id='word_1_463' title='bbox 2021 874 2107 913; x_wconf 88' lang='lat' dir='ltr'><strong>ma</strong></span> <span class='ocrx_word' id='word_1_464' title='bbox 2147 857 2458 913; x_wconf 77' lang='lat' dir='ltr'><strong>fcederatur.</strong></span> <span class='ocrx_word' id='word_1_465' title='bbox 2485 853 2639 909; x_wconf 82' lang='lat' dir='ltr'><strong>Recti</strong></span> <span class='ocrx_word' id='word_1_466' title='bbox 2672 852 2904 922; x_wconf 90' lang='lat' dir='ltr'><strong>diligunt</strong></span> <span class='ocrx_word' id='word_1_467' title='bbox 2935 859 2987 905; x_wconf 93' lang='lat' dir='ltr'><strong>te</strong></span> <span class='ocrx_word' id='word_1_468' title='bbox 3009 889 3024 914; x_wconf 95' lang='lat'><strong>,</strong></span> <span class='ocrx_word' id='word_1_469' title='bbox 3056 858 3110 903; x_wconf 92' lang='lat' dir='ltr'><strong>et</strong></span> <span class='ocrx_word' id='word_1_470' title='bbox 3135 848 3227 917; x_wconf 91' lang='lat' dir='ltr'><strong>qui</strong></span> <span class='ocrx_word' id='word_1_471' title='bbox 3271 857 3323 904; x_wconf 90' lang='lat' dir='ltr'><strong>te</strong></span> <span class='ocrx_word' id='word_1_472' title='bbox 3364 847 3595 917; x_wconf 89' lang='lat' dir='ltr'><strong>fugiunt,</strong></span> <span class='ocrx_word' id='word_1_473' title='bbox 3651 900 3655 904; x_wconf 88' lang='lat'><strong>.</strong></span> 
     </span>
    </p>
   </div>
   <div class='ocr_carea' id='block_1_65' title="bbox 2020 938 3599 1015">
    <p class='ocr_par' dir='ltr' id='par_1_65' title="bbox 2020 938 3599 1015">
     <span class='ocr_line' id='line_1_65' title="bbox 2020 938 3599 1015; baseline -0.009 -11"><span class='ocrx_word' id='word_1_474' title='bbox 2020 948 2270 1004; x_wconf 90' lang='lat' dir='ltr'><strong>veritatis</strong></span> <span class='ocrx_word' id='word_1_475' title='bbox 2311 947 2428 1001; x_wconf 91' lang='lat' dir='ltr'><strong>luce</strong></span> <span class='ocrx_word' id='word_1_476' title='bbox 2458 944 2675 1015; x_wconf 90' lang='lat' dir='ltr'><strong>privati,</strong></span> <span class='ocrx_word' id='word_1_477' title='bbox 2729 958 2836 1013; x_wconf 90' lang='lat' dir='ltr'><strong>quo</strong></span> <span class='ocrx_word' id='word_1_478' title='bbox 2862 955 3078 1012; x_wconf 85' lang='lat' dir='ltr'><strong>gressus</strong></span> <span class='ocrx_word' id='word_1_479' title='bbox 3107 953 3307 1009; x_wconf 89' lang='lat' dir='ltr'><strong>ponere</strong></span> <span class='ocrx_word' id='word_1_480' title='bbox 3344 938 3599 1004; x_wconf 89' lang='lat' dir='ltr'><strong>debeant,</strong></span> 
     </span>
    </p>
   </div>
   <div class='ocr_carea' id='block_1_66' title="bbox 2021 1029 3602 1110">
    <p class='ocr_par' dir='ltr' id='par_1_66' title="bbox 2021 1029 3602 1110">
     <span class='ocr_line' id='line_1_66' title="bbox 2021 1029 3602 1110; baseline -0.008 -14"><span class='ocrx_word' id='word_1_481' title='bbox 2021 1055 2127 1097; x_wconf 90' lang='lat' dir='ltr'><strong>non</strong></span> <span class='ocrx_word' id='word_1_482' title='bbox 2167 1045 2483 1110; x_wconf 85' lang='lat' dir='ltr'><strong>agnoscunt.</strong></span> <span class='ocrx_word' id='word_1_483' title='bbox 2541 1054 2558 1087; x_wconf 79' lang='grc' dir='ltr'>ι</span> <span class='ocrx_word' id='word_1_484' title='bbox 2611 1035 2901 1089; x_wconf 80' lang='lat' dir='ltr'><strong>Adhaereat</strong></span> <span class='ocrx_word' id='word_1_485' title='bbox 2949 1032 3131 1102; x_wconf 88' lang='lat' dir='ltr'><strong>lingua</strong></span> <span class='ocrx_word' id='word_1_486' title='bbox 3180 1045 3299 1085; x_wconf 92' lang='lat' dir='ltr'><strong>mea</strong></span> <span class='ocrx_word' id='word_1_487' title='bbox 3356 1029 3602 1084; x_wconf 89' lang='lat' dir='ltr'><strong>faucibus</strong></span> 
     </span>
    </p>
   </div>
   <div class='ocr_carea' id='block_1_67' title="bbox 2021 1117 3601 1196">
    <p class='ocr_par' dir='ltr' id='par_1_67' title="bbox 2021 1117 3601 1196">
     <span class='ocr_line' id='line_1_67' title="bbox 2021 1117 3601 1196; baseline -0.008 -12"><span class='ocrx_word' id='word_1_488' title='bbox 2021 1131 2176 1196; x_wconf 87' lang='lat' dir='ltr'><strong>meis,</strong></span> <span class='ocrx_word' id='word_1_489' title='bbox 2213 1129 2258 1182; x_wconf 89' lang='lat' dir='ltr'><strong>si</strong></span> <span class='ocrx_word' id='word_1_490' title='bbox 2300 1143 2407 1181; x_wconf 90' lang='lat' dir='ltr'><strong>non</strong></span> <span class='ocrx_word' id='word_1_491' title='bbox 2455 1125 2753 1180; x_wconf 90' lang='lat' dir='ltr'><strong>meminero</strong></span> <span class='ocrx_word' id='word_1_492' title='bbox 2785 1123 2862 1176; x_wconf 92' lang='lat' dir='ltr'><strong>tui</strong></span> <span class='ocrx_word' id='word_1_493' title='bbox 2905 1119 3078 1189; x_wconf 79' lang='lat' dir='ltr'><strong>(Psal.</strong></span> <span class='ocrx_word' id='word_1_494' title='bbox 3129 1117 3371 1186; x_wconf 77' lang='lat' dir='ltr'><strong>cxxxvt),</strong></span> <span class='ocrx_word' id='word_1_495' title='bbox 3404 1119 3449 1172; x_wconf 89' lang='lat' dir='ltr'><strong>si</strong></span> <span class='ocrx_word' id='word_1_496' title='bbox 3493 1132 3601 1172; x_wconf 89' lang='lat' dir='ltr'><strong>non</strong></span> 
     </span>
    </p>
   </div>
   <div class='ocr_carea' id='block_1_68' title="bbox 2020 1207 3599 1290">
    <p class='ocr_par' dir='ltr' id='par_1_68' title="bbox 2020 1207 3599 1290">
     <span class='ocr_line' id='line_1_68' title="bbox 2020 1207 3599 1290; baseline -0.009 -16"><span class='ocrx_word' id='word_1_497' title='bbox 2020 1233 2350 1290; x_wconf 86' lang='lat' dir='ltr'><strong>proposuero</strong></span> <span class='ocrx_word' id='word_1_498' title='bbox 2374 1226 2425 1273; x_wconf 90' lang='lat' dir='ltr'><strong>te</strong></span> <span class='ocrx_word' id='word_1_499' title='bbox 2451 1217 2502 1270; x_wconf 90' lang='lat' dir='ltr'><strong>iu</strong></span> <span class='ocrx_word' id='word_1_500' title='bbox 2526 1214 2792 1285; x_wconf 90' lang='lat' dir='ltr'><strong>principio</strong></span> <span class='ocrx_word' id='word_1_501' title='bbox 2815 1213 3014 1267; x_wconf 66' lang='lat' dir='ltr'><strong>laetitiae</strong></span> <span class='ocrx_word' id='word_1_502' title='bbox 3040 1225 3191 1264; x_wconf 69' lang='lat' dir='ltr'><strong>mere.</strong></span> <span class='ocrx_word' id='word_1_503' title='bbox 3217 1229 3236 1261; x_wconf 77' lang='grc' dir='ltr'><strong><em>ι</em></strong></span> <span class='ocrx_word' id='word_1_504' title='bbox 3275 1207 3407 1262; x_wconf 88' lang='lat' dir='ltr'><strong>Illud</strong></span> <span class='ocrx_word' id='word_1_505' title='bbox 3435 1209 3599 1261; x_wconf 90' lang='lat' dir='ltr'><strong>etiam</strong></span> 
     </span>
    </p>
   </div>
   <div class='ocr_carea' id='block_1_69' title="bbox 2020 1303 3604 1375">
    <p class='ocr_par' dir='ltr' id='par_1_69' title="bbox 2020 1303 3604 1375">
     <span class='ocr_line' id='line_1_69' title="bbox 2020 1303 3604 1375; baseline -0.006 -12"><span class='ocrx_word' id='word_1_506' title='bbox 2020 1312 2087 1366; x_wconf 91' lang='lat' dir='ltr'><strong>de</strong></span> <span class='ocrx_word' id='word_1_507' title='bbox 2122 1321 2173 1365; x_wconf 91' lang='lat' dir='ltr'><strong>te</strong></span> <span class='ocrx_word' id='word_1_508' title='bbox 2217 1326 2338 1366; x_wconf 92' lang='lat' dir='ltr'><strong>cum</strong></span> <span class='ocrx_word' id='word_1_509' title='bbox 2378 1309 2568 1364; x_wconf 88' lang='lat' dir='ltr'><strong>eodem</strong></span> <span class='ocrx_word' id='word_1_510' title='bbox 2609 1307 2875 1375; x_wconf 84' lang='lat' dir='ltr'><strong>Propheta</strong></span> <span class='ocrx_word' id='word_1_511' title='bbox 2910 1303 3074 1358; x_wconf 90' lang='lat' dir='ltr'><strong>alacri</strong></span> <span class='ocrx_word' id='word_1_512' title='bbox 3117 1303 3249 1357; x_wconf 89' lang='lat' dir='ltr'><strong>libet</strong></span> <span class='ocrx_word' id='word_1_513' title='bbox 3294 1316 3428 1356; x_wconf 84' lang='lat' dir='ltr'><strong>voce</strong></span> <span class='ocrx_word' id='word_1_514' title='bbox 3470 1315 3604 1354; x_wconf 89' lang='lat' dir='ltr'><strong>can-</strong></span> 
     </span>
    </p>
   </div>
   <div class='ocr_carea' id='block_1_70' title="bbox 2023 1389 3609 1467">
    <p class='ocr_par' dir='ltr' id='par_1_70' title="bbox 2023 1389 3609 1467">
     <span class='ocr_line' id='line_1_70' title="bbox 2023 1389 3609 1467; baseline -0.009 -8"><span class='ocrx_word' id='word_1_515' title='bbox 2023 1411 2181 1459; x_wconf 89' lang='lat' dir='ltr'><strong>tare:</strong></span> <span class='ocrx_word' id='word_1_516' title='bbox 2221 1419 2239 1452; x_wconf 82' lang='grc'><em>‹</em></span> <span class='ocrx_word' id='word_1_517' title='bbox 2274 1399 2398 1454; x_wconf 84' lang='lat' dir='ltr'><strong>Haec</strong></span> <span class='ocrx_word' id='word_1_518' title='bbox 2428 1397 2646 1467; x_wconf 88' lang='lat' dir='ltr'><strong>requies</strong></span> <span class='ocrx_word' id='word_1_519' title='bbox 2689 1411 2808 1450; x_wconf 86' lang='lat' dir='ltr'><strong>mea</strong></span> <span class='ocrx_word' id='word_1_520' title='bbox 2863 1394 2915 1449; x_wconf 91' lang='lat' dir='ltr'><strong>in</strong></span> <span class='ocrx_word' id='word_1_521' title='bbox 2952 1393 3210 1449; x_wconf 58' lang='lat' dir='ltr'><strong>saeculum</strong></span> <span class='ocrx_word' id='word_1_522' title='bbox 3253 1391 3473 1447; x_wconf 65' lang='lat' dir='ltr'><strong>sreculi:</strong></span> <span class='ocrx_word' id='word_1_523' title='bbox 3517 1389 3609 1444; x_wconf 90' lang='lat' dir='ltr'><strong>hic</strong></span> 
     </span>
    </p>
   </div>
   <div class='ocr_carea' id='block_1_71' title="bbox 2021 1481 3606 1558">
    <p class='ocr_par' dir='ltr' id='par_1_71' title="bbox 2021 1481 3606 1558">
     <span class='ocr_line' id='line_1_71' title="bbox 2021 1481 3606 1558; baseline -0.007 -13"><span class='ocrx_word' id='word_1_524' title='bbox 2021 1491 2296 1555; x_wconf 86' lang='lat' dir='ltr'><strong>habitabo,</strong></span> <span class='ocrx_word' id='word_1_525' title='bbox 2333 1489 2589 1558; x_wconf 89' lang='lat' dir='ltr'><strong>quoniam</strong></span> <span class='ocrx_word' id='word_1_526' title='bbox 2615 1485 2864 1556; x_wconf 62' lang='lat' dir='ltr'><strong>prmelegi</strong></span> <span class='ocrx_word' id='word_1_527' title='bbox 2907 1500 3048 1539; x_wconf 91' lang='lat' dir='ltr'><strong>eam.</strong></span> <span class='ocrx_word' id='word_1_528' title='bbox 3077 1482 3246 1550; x_wconf 84' lang='lat' dir='ltr'><strong>Quam</strong></span> <span class='ocrx_word' id='word_1_529' title='bbox 3276 1481 3500 1552; x_wconf 85' lang='lat' dir='ltr'><strong>pulchra</strong></span> <span class='ocrx_word' id='word_1_530' title='bbox 3525 1494 3606 1545; x_wconf 84' lang='lat' dir='ltr'><strong>es,</strong></span> 
     </span>
    </p>
   </div>
   <div class='ocr_carea' id='block_1_72' title="bbox 2021 1569 3605 1652">
    <p class='ocr_par' dir='ltr' id='par_1_72' title="bbox 2021 1569 3605 1652">
     <span class='ocr_line' id='line_1_72' title="bbox 2021 1569 3605 1652; baseline -0.007 -15"><span class='ocrx_word' id='word_1_531' title='bbox 2021 1593 2076 1637; x_wconf 90' lang='lat' dir='ltr'><strong>et</strong></span> <span class='ocrx_word' id='word_1_532' title='bbox 2117 1597 2280 1652; x_wconf 87' lang='lat' dir='ltr'><strong>quant</strong></span> <span class='ocrx_word' id='word_1_533' title='bbox 2330 1583 2545 1646; x_wconf 90' lang='lat' dir='ltr'><strong>decora,</strong></span> <span class='ocrx_word' id='word_1_534' title='bbox 2601 1577 2942 1640; x_wconf 90' lang='lat' dir='ltr'><strong>charissima,</strong></span> <span class='ocrx_word' id='word_1_535' title='bbox 2996 1577 3047 1628; x_wconf 92' lang='lat' dir='ltr'><strong>in</strong></span> <span class='ocrx_word' id='word_1_536' title='bbox 3075 1574 3322 1629; x_wconf 86' lang='lat' dir='ltr'><strong>deliciis!</strong></span> <span class='ocrx_word' id='word_1_537' title='bbox 3365 1593 3383 1625; x_wconf 73' lang='grc' dir='ltr'><strong><em>ι</em></strong></span> <span class='ocrx_word' id='word_1_538' title='bbox 3427 1569 3605 1643; x_wconf 82' lang='lat' dir='ltr'><strong>(Psal.</strong></span> 
     </span>
    </p>
   </div>
   <div class='ocr_carea' id='block_1_73' title="bbox 2020 1663 3602 1743">
    <p class='ocr_par' dir='ltr' id='par_1_73' title="bbox 2020 1663 3602 1743">
     <span class='ocr_line' id='line_1_73' title="bbox 2020 1663 3602 1743; baseline -0.008 -15"><span class='ocrx_word' id='word_1_539' title='bbox 2020 1673 2224 1743; x_wconf 82' lang='lat' dir='ltr'><strong>cxxxt.)</strong></span> <span class='ocrx_word' id='word_1_540' title='bbox 2263 1671 2374 1726; x_wconf 91' lang='lat' dir='ltr'><strong>Sub</strong></span> <span class='ocrx_word' id='word_1_541' title='bbox 2429 1671 2599 1741; x_wconf 86' lang='lat' dir='ltr'><strong>figura</strong></span> <span class='ocrx_word' id='word_1_542' title='bbox 2648 1666 2810 1738; x_wconf 59' lang='lat'><strong>25.0</strong></span> <span class='ocrx_word' id='word_1_543' title='bbox 2863 1667 2939 1720; x_wconf 91' lang='lat' dir='ltr'><strong>tui</strong></span> <span class='ocrx_word' id='word_1_544' title='bbox 2980 1663 3268 1719; x_wconf 83' lang='lat' dir='ltr'><strong>Rachelem</strong></span> <span class='ocrx_word' id='word_1_545' title='bbox 3306 1663 3471 1717; x_wconf 88' lang='lat' dir='ltr'><strong>decor</strong></span> <span class='ocrx_word' id='word_1_546' title='bbox 3506 1675 3602 1716; x_wconf 86' lang='lat' dir='ltr'><strong>ve-</strong></span> 
     </span>
    </p>
   </div>
   <div class='ocr_carea' id='block_1_74' title="bbox 2021 1761 3605 1835">
    <p class='ocr_par' dir='ltr' id='par_1_74' title="bbox 2021 1761 3605 1835">
     <span class='ocr_line' id='line_1_74' title="bbox 2021 1761 3605 1835; baseline -0.007 -10"><span class='ocrx_word' id='word_1_547' title='bbox 2021 1771 2164 1826; x_wconf 89' lang='lat' dir='ltr'><strong>nusti</strong></span> <span class='ocrx_word' id='word_1_548' title='bbox 2195 1769 2372 1823; x_wconf 88' lang='lat' dir='ltr'><strong>vultus</strong></span> <span class='ocrx_word' id='word_1_549' title='bbox 2406 1767 2619 1821; x_wconf 88' lang='lat' dir='ltr'><strong>ornavit</strong></span> <span class='ocrx_word' id='word_1_550' title='bbox 2666 1762 2819 1835; x_wconf 84' lang='lat' dir='ltr'><strong>(Gen.</strong></span> <span class='ocrx_word' id='word_1_551' title='bbox 2862 1764 2994 1833; x_wconf 80' lang='lat' dir='ltr'><strong>xx):</strong></span> <span class='ocrx_word' id='word_1_552' title='bbox 3045 1772 3099 1817; x_wconf 90' lang='lat' dir='ltr'><strong>et</strong></span> <span class='ocrx_word' id='word_1_553' title='bbox 3139 1761 3304 1815; x_wconf 85' lang='lat' dir='ltr'><strong>Maria</strong></span> <span class='ocrx_word' id='word_1_554' title='bbox 3343 1761 3605 1830; x_wconf 81' lang='lat' dir='ltr'><strong>Optimam</strong></span> 
     </span>
    </p>
   </div>
   <div class='ocr_carea' id='block_1_75' title="bbox 2022 1852 3604 1933">
    <p class='ocr_par' dir='ltr' id='par_1_75' title="bbox 2022 1852 3604 1933">
     <span class='ocr_line' id='line_1_75' title="bbox 2022 1852 3604 1933; baseline -0.009 -16"><span class='ocrx_word' id='word_1_555' title='bbox 2022 1870 2253 1933; x_wconf 84' lang='lat' dir='ltr'><strong>partem,</strong></span> <span class='ocrx_word' id='word_1_556' title='bbox 2287 1876 2406 1931; x_wconf 71' lang='lat' dir='ltr'><strong>quae</strong></span> <span class='ocrx_word' id='word_1_557' title='bbox 2427 1859 2495 1913; x_wconf 87' lang='lat' dir='ltr'><strong>ab</strong></span> <span class='ocrx_word' id='word_1_558' title='bbox 2532 1873 2596 1913; x_wconf 90' lang='lat' dir='ltr'><strong>ea</strong></span> <span class='ocrx_word' id='word_1_559' title='bbox 2627 1872 2901 1926; x_wconf 89' lang='lat' dir='ltr'><strong>nunquam</strong></span> <span class='ocrx_word' id='word_1_560' title='bbox 2933 1853 3231 1919; x_wconf 83' lang='lat' dir='ltr'><strong>auferatur,</strong></span> <span class='ocrx_word' id='word_1_561' title='bbox 3263 1853 3425 1923; x_wconf 89' lang='lat' dir='ltr'><strong>elegit</strong></span> <span class='ocrx_word' id='word_1_562' title='bbox 3453 1852 3604 1924; x_wconf 84' lang='lat' dir='ltr'><strong>(Luc.</strong></span> 
     </span>
    </p>
   </div>
   <div class='ocr_carea' id='block_1_76' title="bbox 2026 1945 3599 2025">
    <p class='ocr_par' dir='ltr' id='par_1_76' title="bbox 2026 1945 3599 2025">
     <span class='ocr_line' id='line_1_76' title="bbox 2026 1945 3599 2025; baseline -0.011 -16"><span class='ocrx_word' id='word_1_563' title='bbox 2026 1958 2158 2025; x_wconf 71' lang='grc' dir='ltr'><strong>χιι).</strong></span> <span class='ocrx_word' id='word_1_564' title='bbox 2191 1953 2270 2008; x_wconf 91' lang='lat' dir='ltr'><strong>Tu</strong></span> <span class='ocrx_word' id='word_1_565' title='bbox 2297 1950 2476 2006; x_wconf 87' lang='lat' dir='ltr'><strong>areola</strong></span> <span class='ocrx_word' id='word_1_566' title='bbox 2516 1957 2839 2013; x_wconf 87' lang='lat' dir='ltr'><strong>aromatum,</strong></span> <span class='ocrx_word' id='word_1_567' title='bbox 2875 1946 2992 2000; x_wconf 90' lang='lat' dir='ltr'><strong>fons</strong></span> <span class='ocrx_word' id='word_1_568' title='bbox 3031 1945 3332 2007; x_wconf 89' lang='lat' dir='ltr'><strong>hortorum,</strong></span> <span class='ocrx_word' id='word_1_569' title='bbox 3382 1951 3434 1996; x_wconf 92' lang='lat' dir='ltr'><strong>tu</strong></span> <span class='ocrx_word' id='word_1_570' title='bbox 3483 1955 3599 1994; x_wconf 87' lang='lat' dir='ltr'><strong>ma-</strong></span> 
     </span>
    </p>
   </div>
   <div class='ocr_carea' id='block_1_77' title="bbox 2025 2032 3596 2117">
    <p class='ocr_par' dir='ltr' id='par_1_77' title="bbox 2025 2032 3596 2117">
     <span class='ocr_line' id='line_1_77' title="bbox 2025 2032 3596 2117; baseline -0.01 -17"><span class='ocrx_word' id='word_1_571' title='bbox 2025 2047 2132 2100; x_wconf 88' lang='lat' dir='ltr'><strong>lum</strong></span> <span class='ocrx_word' id='word_1_572' title='bbox 2165 2045 2440 2117; x_wconf 91' lang='lat' dir='ltr'><strong>punicum.</strong></span> <span class='ocrx_word' id='word_1_573' title='bbox 2475 2042 2626 2096; x_wconf 89' lang='lat' dir='ltr'><strong>Licet</strong></span> <span class='ocrx_word' id='word_1_574' title='bbox 2652 2039 2794 2093; x_wconf 92' lang='lat' dir='ltr'><strong>enim</strong></span> <span class='ocrx_word' id='word_1_575' title='bbox 2823 2036 3185 2092; x_wconf 90' lang='lat' dir='ltr'><strong>nescientibus</strong></span> <span class='ocrx_word' id='word_1_576' title='bbox 3205 2049 3390 2088; x_wconf 89' lang='lat' dir='ltr'><strong>amara</strong></span> <span class='ocrx_word' id='word_1_577' title='bbox 3415 2032 3596 2086; x_wconf 84' lang='lat' dir='ltr'><strong>videa-</strong></span> 
     </span>
    </p>
   </div>
   <div class='ocr_carea' id='block_1_78' title="bbox 2026 2122 3608 2199">
    <p class='ocr_par' dir='ltr' id='par_1_78' title="bbox 2026 2122 3608 2199">
     <span class='ocr_line' id='line_1_78' title="bbox 2026 2122 3608 2199; baseline -0.011 -8"><span class='ocrx_word' id='word_1_578' title='bbox 2026 2139 2102 2191; x_wconf 89' lang='lat' dir='ltr'><strong>ris</strong></span> <span class='ocrx_word' id='word_1_579' title='bbox 2133 2136 2184 2189; x_wconf 94' lang='lat' dir='ltr'><strong>in</strong></span> <span class='ocrx_word' id='word_1_580' title='bbox 2228 2133 2452 2197; x_wconf 89' lang='lat' dir='ltr'><strong>cortice,</strong></span> <span class='ocrx_word' id='word_1_581' title='bbox 2497 2131 2590 2187; x_wconf 90' lang='lat' dir='ltr'><strong>sed</strong></span> <span class='ocrx_word' id='word_1_582' title='bbox 2635 2142 2890 2199; x_wconf 87' lang='lat' dir='ltr'><strong>magnum</strong></span> <span class='ocrx_word' id='word_1_583' title='bbox 2935 2134 3037 2193; x_wconf 87' lang='lat' dir='ltr'><strong>est,</strong></span> <span class='ocrx_word' id='word_1_584' title='bbox 3080 2126 3224 2194; x_wconf 86' lang='lat' dir='ltr'><strong>quod</strong></span> <span class='ocrx_word' id='word_1_585' title='bbox 3283 2122 3608 2177; x_wconf 89' lang='lat' dir='ltr'><strong>intrinsecus</strong></span> 
     </span>
    </p>
   </div>
   <div class='ocr_carea' id='block_1_79' title="bbox 2028 2213 3606 2295">
    <p class='ocr_par' dir='ltr' id='par_1_79' title="bbox 2028 2213 3606 2295">
     <span class='ocr_line' id='line_1_79' title="bbox 2028 2213 3606 2295; baseline -0.008 -14"><span class='ocrx_word' id='word_1_586' title='bbox 2028 2228 2178 2290; x_wconf 88' lang='lat' dir='ltr'><strong>latet,</strong></span> <span class='ocrx_word' id='word_1_587' title='bbox 2212 2241 2334 2281; x_wconf 92' lang='lat' dir='ltr'><strong>cum</strong></span> <span class='ocrx_word' id='word_1_588' title='bbox 2356 2233 2676 2295; x_wconf 89' lang='lat' dir='ltr'><strong>perventum</strong></span> <span class='ocrx_word' id='word_1_589' title='bbox 2711 2219 2875 2274; x_wconf 88' lang='lat' dir='ltr'><strong>fuerit</strong></span> <span class='ocrx_word' id='word_1_590' title='bbox 2898 2219 2964 2274; x_wconf 93' lang='lat' dir='ltr'><strong>ad</strong></span> <span class='ocrx_word' id='word_1_591' title='bbox 2999 2218 3317 2272; x_wconf 87' lang='lat' dir='ltr'><strong>suavitatem</strong></span> <span class='ocrx_word' id='word_1_592' title='bbox 3343 2213 3606 2269; x_wconf 70' lang='lat' dir='ltr'><strong>medullae.</strong></span> 
     </span>
    </p>
   </div>
   <div class='ocr_carea' id='block_1_80' title="bbox 2027 2307 3614 2385">
    <p class='ocr_par' dir='ltr' id='par_1_80' title="bbox 2027 2307 3614 2385">
     <span class='ocr_line' id='line_1_80' title="bbox 2027 2307 3614 2385; baseline -0.009 -10"><span class='ocrx_word' id='word_1_593' title='bbox 2027 2320 2071 2375; x_wconf 93' lang='grc' dir='ltr'><strong>Ο</strong></span> <span class='ocrx_word' id='word_1_594' title='bbox 2119 2333 2335 2373; x_wconf 89' lang='lat' dir='ltr'><strong>eremus</strong></span> <span class='ocrx_word' id='word_1_595' title='bbox 2373 2316 2563 2371; x_wconf 87' lang='lat' dir='ltr'><strong>mundi</strong></span> <span class='ocrx_word' id='word_1_596' title='bbox 2615 2311 2993 2385; x_wconf 88' lang='lat' dir='ltr'><strong>perscquentis</strong></span> <span class='ocrx_word' id='word_1_597' title='bbox 3045 2308 3317 2380; x_wconf 78' lang='lat' dir='ltr'><strong>eli‘ugium,</strong></span> <span class='ocrx_word' id='word_1_598' title='bbox 3366 2307 3614 2361; x_wconf 84' lang='lat' dir='ltr'><strong>laboran-</strong></span> 
     </span>
    </p>
   </div>
   <div class='ocr_carea' id='block_1_81' title="bbox 2028 2396 3611 2478">
    <p class='ocr_par' dir='ltr' id='par_1_81' title="bbox 2028 2396 3611 2478">
     <span class='ocr_line' id='line_1_81' title="bbox 2028 2396 3611 2478; baseline -0.009 -14"><span class='ocrx_word' id='word_1_599' title='bbox 2028 2411 2162 2467; x_wconf 85' lang='lat' dir='ltr'><strong>tium</strong></span> <span class='ocrx_word' id='word_1_600' title='bbox 2195 2409 2372 2478; x_wconf 91' lang='lat' dir='ltr'><strong>quies,</strong></span> <span class='ocrx_word' id='word_1_601' title='bbox 2407 2405 2751 2462; x_wconf 74' lang='lat' dir='ltr'><strong>maerentium</strong></span> <span class='ocrx_word' id='word_1_602' title='bbox 2792 2401 3113 2466; x_wconf 88' lang='lat' dir='ltr'><strong>consolatio,</strong></span> <span class='ocrx_word' id='word_1_603' title='bbox 3152 2402 3220 2455; x_wconf 87' lang='lat' dir='ltr'><strong>ab</strong></span> <span class='ocrx_word' id='word_1_604' title='bbox 3249 2407 3382 2454; x_wconf 70' lang='lat' dir='ltr'><strong>testu</strong></span> <span class='ocrx_word' id='word_1_605' title='bbox 3425 2396 3611 2452; x_wconf 70' lang='lat' dir='ltr'><strong>sazculi</strong></span> 
     </span>
    </p>
   </div>
   <div class='ocr_carea' id='block_1_82' title="bbox 2030 2491 3609 2572">
    <p class='ocr_par' dir='ltr' id='par_1_82' title="bbox 2030 2491 3609 2572">
     <span class='ocr_line' id='line_1_82' title="bbox 2030 2491 3609 2572; baseline -0.009 -15"><span class='ocrx_word' id='word_1_606' title='bbox 2030 2501 2396 2572; x_wconf 84' lang='lat' dir='ltr'><strong>refrigerium,</strong></span> <span class='ocrx_word' id='word_1_607' title='bbox 2475 2497 2733 2568; x_wconf 89' lang='lat' dir='ltr'><strong>peccandi</strong></span> <span class='ocrx_word' id='word_1_608' title='bbox 2788 2497 3094 2566; x_wconf 89' lang='lat' dir='ltr'><strong>repudium,</strong></span> <span class='ocrx_word' id='word_1_609' title='bbox 3146 2493 3367 2548; x_wconf 89' lang='lat' dir='ltr'><strong>libertas</strong></span> <span class='ocrx_word' id='word_1_610' title='bbox 3398 2491 3609 2544; x_wconf 89' lang='lat' dir='ltr'><strong>anima-</strong></span> 
     </span>
    </p>
   </div>
   <div class='ocr_carea' id='block_1_83' title="bbox 2028 2581 3608 2661">
    <p class='ocr_par' dir='ltr' id='par_1_83' title="bbox 2028 2581 3608 2661">
     <span class='ocr_line' id='line_1_83' title="bbox 2028 2581 3608 2661; baseline -0.009 -12"><span class='ocrx_word' id='word_1_611' title='bbox 2028 2611 2151 2650; x_wconf 87' lang='lat' dir='ltr'><strong>rum</strong></span> <span class='ocrx_word' id='word_1_612' title='bbox 2178 2595 2191 2648; x_wconf 87' lang='lat'><strong>!</strong></span> <span class='ocrx_word' id='word_1_613' title='bbox 2218 2591 2293 2648; x_wconf 89' lang='lat' dir='ltr'><strong>Te</strong></span> <span class='ocrx_word' id='word_1_614' title='bbox 2329 2591 2496 2646; x_wconf 89' lang='lat' dir='ltr'><strong>David</strong></span> <span class='ocrx_word' id='word_1_615' title='bbox 2537 2591 2715 2661; x_wconf 91' lang='lat' dir='ltr'><strong>petiit,</strong></span> <span class='ocrx_word' id='word_1_616' title='bbox 2749 2603 2872 2642; x_wconf 92' lang='lat' dir='ltr'><strong>cum</strong></span> <span class='ocrx_word' id='word_1_617' title='bbox 2901 2587 3087 2641; x_wconf 92' lang='lat' dir='ltr'><strong>mundi</strong></span> <span class='ocrx_word' id='word_1_618' title='bbox 3133 2584 3271 2640; x_wconf 86' lang='lat' dir='ltr'><strong>mala</strong></span> <span class='ocrx_word' id='word_1_619' title='bbox 3306 2581 3608 2653; x_wconf 83' lang='lat' dir='ltr'><strong>perfert-et;</strong></span> 
     </span>
    </p>
   </div>
   <div class='ocr_carea' id='block_1_84' title="bbox 2029 2674 3614 2740">
    <p class='ocr_par' dir='ltr' id='par_1_84' title="bbox 2029 2674 3614 2740">
     <span class='ocr_line' id='line_1_84' title="bbox 2029 2674 3614 2740; baseline -0.008 0"><span class='ocrx_word' id='word_1_620' title='bbox 2029 2695 2082 2740; x_wconf 91' lang='lat' dir='ltr'><strong>et</strong></span> <span class='ocrx_word' id='word_1_621' title='bbox 2119 2701 2239 2740; x_wconf 89' lang='lat' dir='ltr'><strong>cum</strong></span> <span class='ocrx_word' id='word_1_622' title='bbox 2269 2682 2439 2737; x_wconf 90' lang='lat' dir='ltr'><strong>timidi</strong></span> <span class='ocrx_word' id='word_1_623' title='bbox 2477 2689 2530 2735; x_wconf 90' lang='lat' dir='ltr'><strong>et</strong></span> <span class='ocrx_word' id='word_1_624' title='bbox 2589 2679 2860 2735; x_wconf 85' lang='lat' dir='ltr'><strong>tenebrosi</strong></span> <span class='ocrx_word' id='word_1_625' title='bbox 2904 2678 3085 2734; x_wconf 86' lang='lat' dir='ltr'><strong>cordis</strong></span> <span class='ocrx_word' id='word_1_626' title='bbox 3119 2677 3333 2731; x_wconf 62' lang='lat' dir='ltr'><strong>taedium</strong></span> <span class='ocrx_word' id='word_1_627' title='bbox 3377 2674 3614 2728; x_wconf 86' lang='lat' dir='ltr'><strong>sustine-</strong></span> 
     </span>
    </p>
   </div>
   <div class='ocr_carea' id='block_1_85' title="bbox 2031 2765 3610 2842">
    <p class='ocr_par' dir='ltr' id='par_1_85' title="bbox 2031 2765 3610 2842">
     <span class='ocr_line' id='line_1_85' title="bbox 2031 2765 3610 2842; baseline -0.008 -10"><span class='ocrx_word' id='word_1_628' title='bbox 2031 2786 2114 2832; x_wconf 91' lang='lat' dir='ltr'><strong>ret</strong></span> <span class='ocrx_word' id='word_1_629' title='bbox 2143 2795 2154 2830; x_wconf 86' lang='lat'><strong>:</strong></span> <span class='ocrx_word' id='word_1_630' title='bbox 2186 2795 2201 2828; x_wconf 82' lang='lat' dir='ltr'><strong>t</strong></span> <span class='ocrx_word' id='word_1_631' title='bbox 2235 2775 2391 2837; x_wconf 86' lang='lat' dir='ltr'><strong>Ecce,</strong></span> <span class='ocrx_word' id='word_1_632' title='bbox 2445 2775 2642 2842; x_wconf 88' lang='lat' dir='ltr'><strong>inquit,</strong></span> <span class='ocrx_word' id='word_1_633' title='bbox 2677 2770 2920 2841; x_wconf 89' lang='lat' dir='ltr'><strong>elongavi</strong></span> <span class='ocrx_word' id='word_1_634' title='bbox 2988 2768 3218 2838; x_wconf 83' lang='lat' dir='ltr'><strong>fugiens,</strong></span> <span class='ocrx_word' id='word_1_635' title='bbox 3246 2774 3300 2822; x_wconf 89' lang='lat' dir='ltr'><strong>et</strong></span> <span class='ocrx_word' id='word_1_636' title='bbox 3327 2766 3501 2820; x_wconf 89' lang='lat' dir='ltr'><strong>mansi</strong></span> <span class='ocrx_word' id='word_1_637' title='bbox 3553 2765 3610 2820; x_wconf 86' lang='lat' dir='ltr'><strong>in</strong></span> 
     </span>
    </p>
   </div>
   <div class='ocr_carea' id='block_1_86' title="bbox 2031 2851 2762 2938">
    <p class='ocr_par' dir='ltr' id='par_1_86' title="bbox 2031 2851 2762 2938">
     <span class='ocr_line' id='line_1_86' title="bbox 2031 2851 2762 2938; baseline -0.014 -14"><span class='ocrx_word' id='word_1_638' title='bbox 2031 2851 2324 2924; x_wconf 84' lang='lat' dir='ltr'><strong>solitudine</strong></span> <span class='ocrx_word' id='word_1_639' title='bbox 2359 2863 2532 2935; x_wconf 79' lang='lat' dir='ltr'><strong>(Psal.</strong></span> <span class='ocrx_word' id='word_1_640' title='bbox 2572 2864 2704 2938; x_wconf 59' lang='grc' dir='ltr'><strong>μιν).</strong></span> <span class='ocrx_word' id='word_1_641' title='bbox 2743 2881 2762 2914; x_wconf 85' lang='grc'><strong>›</strong></span> 
     </span>
    </p>
   </div>
   <div class='ocr_carea' id='block_1_87' title="bbox 2101 2939 3616 3029">
    <p class='ocr_par' dir='ltr' id='par_1_87' title="bbox 2101 2939 3616 3029">
     <span class='ocr_line' id='line_1_87' title="bbox 2101 2939 3616 3029; baseline -0.01 -14"><span class='ocrx_word' id='word_1_642' title='bbox 2101 2961 2169 3015; x_wconf 88' lang='lat' dir='ltr'><strong>Et</strong></span> <span class='ocrx_word' id='word_1_643' title='bbox 2194 2959 2322 3029; x_wconf 90' lang='lat' dir='ltr'><strong>quid</strong></span> <span class='ocrx_word' id='word_1_644' title='bbox 2352 2958 2487 3012; x_wconf 89' lang='lat' dir='ltr'><strong>alios</strong></span> <span class='ocrx_word' id='word_1_645' title='bbox 2514 2939 2849 3010; x_wconf 81' lang='lat' dir='ltr'><strong>memorem?</strong></span> <span class='ocrx_word' id='word_1_646' title='bbox 2892 2949 3336 3019; x_wconf 87' lang='lat' dir='ltr'><strong>Quandoquidem</strong></span> <span class='ocrx_word' id='word_1_647' title='bbox 3373 2948 3486 3016; x_wconf 87' lang='lat' dir='ltr'><strong>ipse</strong></span> <span class='ocrx_word' id='word_1_648' title='bbox 3515 2945 3616 3000; x_wconf 81' lang='lat' dir='ltr'><strong>Re-</strong></span> 
     </span>
    </p>
   </div>
   <div class='ocr_carea' id='block_1_88' title="bbox 2032 3038 3718 3120">
    <p class='ocr_par' dir='ltr' id='par_1_88' title="bbox 2032 3038 3718 3120">
     <span class='ocr_line' id='line_1_88' title="bbox 2032 3038 3718 3120; baseline -0.008 -14"><span class='ocrx_word' id='word_1_649' title='bbox 2032 3053 2280 3120; x_wconf 90' lang='lat' dir='ltr'><strong>demptor</strong></span> <span class='ocrx_word' id='word_1_650' title='bbox 2311 3048 2589 3103; x_wconf 91' lang='lat' dir='ltr'><strong>hominum</strong></span> <span class='ocrx_word' id='word_1_651' title='bbox 2639 3046 2692 3099; x_wconf 92' lang='lat' dir='ltr'><strong>in</strong></span> <span class='ocrx_word' id='word_1_652' title='bbox 2738 3043 2964 3099; x_wconf 74' lang='lat' dir='ltr'><strong>exordio</strong></span> <span class='ocrx_word' id='word_1_653' title='bbox 2995 3052 3046 3096; x_wconf 91' lang='lat' dir='ltr'><strong>te</strong></span> <span class='ocrx_word' id='word_1_654' title='bbox 3076 3057 3186 3096; x_wconf 66' lang='lat' dir='ltr'><strong>suae</strong></span> <span class='ocrx_word' id='word_1_655' title='bbox 3217 3038 3612 3094; x_wconf 83' lang='lat' dir='ltr'><strong>manifestatio-</strong></span> <span class='ocrx_word' id='word_1_656' title='bbox 3700 3103 3718 3116; x_wconf 38' lang='lat'><strong><em>~</em></strong></span> 
     </span>
    </p>
   </div>
   <div class='ocr_carea' id='block_1_89' title="bbox 2033 3129 3613 3206">
    <p class='ocr_par' dir='ltr' id='par_1_89' title="bbox 2033 3129 3613 3206">
     <span class='ocr_line' id='line_1_89' title="bbox 2033 3129 3613 3206; baseline -0.009 -9"><span class='ocrx_word' id='word_1_657' title='bbox 2033 3143 2115 3197; x_wconf 90' lang='lat' dir='ltr'><strong>nis</strong></span> <span class='ocrx_word' id='word_1_658' title='bbox 2139 3140 2393 3204; x_wconf 87' lang='lat' dir='ltr'><strong>invisere,</strong></span> <span class='ocrx_word' id='word_1_659' title='bbox 2439 3153 2500 3192; x_wconf 91' lang='lat' dir='ltr'><strong>ac</strong></span> <span class='ocrx_word' id='word_1_660' title='bbox 2528 3137 2744 3206; x_wconf 85' lang='lat' dir='ltr'><strong>propria</strong></span> <span class='ocrx_word' id='word_1_661' title='bbox 2776 3143 2827 3190; x_wconf 90' lang='lat' dir='ltr'><strong>te</strong></span> <span class='ocrx_word' id='word_1_662' title='bbox 2869 3134 3122 3204; x_wconf 87' lang='lat' dir='ltr'><strong>dignatus</strong></span> <span class='ocrx_word' id='word_1_663' title='bbox 3161 3139 3246 3186; x_wconf 90' lang='lat' dir='ltr'><strong>est</strong></span> <span class='ocrx_word' id='word_1_664' title='bbox 3277 3129 3613 3183; x_wconf 89' lang='lat' dir='ltr'><strong>habitatione</strong></span> 
     </span>
    </p>
   </div>
   <div class='ocr_carea' id='block_1_90' title="bbox 2031 3224 3614 3300">
    <p class='ocr_par' dir='ltr' id='par_1_90' title="bbox 2031 3224 3614 3300">
     <span class='ocr_line' id='line_1_90' title="bbox 2031 3224 3614 3300; baseline -0.009 -11"><span class='ocrx_word' id='word_1_665' title='bbox 2031 3248 2270 3290; x_wconf 87' lang='lat' dir='ltr'><strong>sacrare.</strong></span> <span class='ocrx_word' id='word_1_666' title='bbox 2323 3233 2618 3300; x_wconf 86' lang='lat' dir='ltr'><strong>Postquam</strong></span> <span class='ocrx_word' id='word_1_667' title='bbox 2669 3229 2812 3282; x_wconf 88' lang='lat' dir='ltr'><strong>enim</strong></span> <span class='ocrx_word' id='word_1_668' title='bbox 2857 3224 3196 3296; x_wconf 89' lang='lat' dir='ltr'><strong>baptismatis</strong></span> <span class='ocrx_word' id='word_1_669' title='bbox 3245 3238 3458 3290; x_wconf 88' lang='lat' dir='ltr'><strong>aquam,</strong></span> <span class='ocrx_word' id='word_1_670' title='bbox 3508 3235 3614 3288; x_wconf 88' lang='lat' dir='ltr'><strong>qua</strong></span> 
     </span>
    </p>
   </div>
   <div class='ocr_carea' id='block_1_91' title="bbox 2030 3311 3618 3391">
    <p class='ocr_par' dir='ltr' id='par_1_91' title="bbox 2030 3311 3618 3391">
     <span class='ocr_line' id='line_1_91' title="bbox 2030 3311 3618 3391; baseline -0.011 -10"><span class='ocrx_word' id='word_1_671' title='bbox 2030 3327 2170 3381; x_wconf 88' lang='lat' dir='ltr'><strong>lotus</strong></span> <span class='ocrx_word' id='word_1_672' title='bbox 2197 3333 2298 3390; x_wconf 87' lang='lat' dir='ltr'><strong>est,</strong></span> <span class='ocrx_word' id='word_1_673' title='bbox 2333 3325 2482 3388; x_wconf 88' lang='lat' dir='ltr'><strong>lavit,</strong></span> <span class='ocrx_word' id='word_1_674' title='bbox 2526 3330 2583 3375; x_wconf 89' lang='lat' dir='ltr'><strong>ttt</strong></span> <span class='ocrx_word' id='word_1_675' title='bbox 2609 3318 2953 3391; x_wconf 85' lang='lat' dir='ltr'><strong>Evangelista</strong></span> <span class='ocrx_word' id='word_1_676' title='bbox 2999 3325 3245 3380; x_wconf 89' lang='lat' dir='ltr'><strong>testatur,</strong></span> <span class='ocrx_word' id='word_1_677' title='bbox 3284 3313 3465 3368; x_wconf 88' lang='lat' dir='ltr'><strong>statim</strong></span> <span class='ocrx_word' id='word_1_678' title='bbox 3506 3311 3618 3380; x_wconf 88' lang='lat' dir='ltr'><strong>spi-</strong></span> 
     </span>
    </p>
   </div>
   <div class='ocr_carea' id='block_1_92' title="bbox 2029 3403 3616 3484">
    <p class='ocr_par' dir='ltr' id='par_1_92' title="bbox 2029 3403 3616 3484">
     <span class='ocr_line' id='line_1_92' title="bbox 2029 3403 3616 3484; baseline -0.011 -13"><span class='ocrx_word' id='word_1_679' title='bbox 2029 3418 2164 3471; x_wconf 90' lang='lat' dir='ltr'><strong>ritus</strong></span> <span class='ocrx_word' id='word_1_680' title='bbox 2193 3414 2397 3484; x_wconf 77' lang='lat' dir='ltr'><strong>expulit</strong></span> <span class='ocrx_word' id='word_1_681' title='bbox 2427 3427 2550 3468; x_wconf 88' lang='lat' dir='ltr'><strong>eum</strong></span> <span class='ocrx_word' id='word_1_682' title='bbox 2587 3411 2638 3465; x_wconf 90' lang='lat' dir='ltr'><strong>in</strong></span> <span class='ocrx_word' id='word_1_683' title='bbox 2666 3412 2939 3465; x_wconf 88' lang='lat' dir='ltr'><strong>desertum</strong></span> <span class='ocrx_word' id='word_1_684' title='bbox 2979 3424 2993 3460; x_wconf 88' lang='lat'><strong>:</strong></span> <span class='ocrx_word' id='word_1_685' title='bbox 3026 3424 3043 3457; x_wconf 84' lang='grc'><em>‹</em></span> <span class='ocrx_word' id='word_1_686' title='bbox 3073 3405 3140 3461; x_wconf 82' lang='grc' dir='ltr'><strong>Ει</strong></span> <span class='ocrx_word' id='word_1_687' title='bbox 3167 3413 3284 3460; x_wconf 90' lang='lat' dir='ltr'><strong>erat</strong></span> <span class='ocrx_word' id='word_1_688' title='bbox 3313 3405 3363 3458; x_wconf 91' lang='lat' dir='ltr'><strong>in</strong></span> <span class='ocrx_word' id='word_1_689' title='bbox 3401 3403 3616 3456; x_wconf 89' lang='lat' dir='ltr'><strong>deserto</strong></span> 
     </span>
    </p>
   </div>
   <div class='ocr_carea' id='block_1_93' title="bbox 2028 3493 3615 3580">
    <p class='ocr_par' dir='ltr' id='par_1_93' title="bbox 2028 3493 3615 3580">
     <span class='ocr_line' id='line_1_93' title="bbox 2028 3493 3615 3580; baseline -0.013 -15"><span class='ocrx_word' id='word_1_690' title='bbox 2028 3509 2384 3580; x_wconf 87' lang='lat' dir='ltr'><strong>quadraginta</strong></span> <span class='ocrx_word' id='word_1_691' title='bbox 2441 3506 2650 3568; x_wconf 90' lang='lat' dir='ltr'><strong>diebus,</strong></span> <span class='ocrx_word' id='word_1_692' title='bbox 2699 3511 2752 3558; x_wconf 89' lang='lat' dir='ltr'><strong>et</strong></span> <span class='ocrx_word' id='word_1_693' title='bbox 2809 3498 3163 3571; x_wconf 85' lang='lat' dir='ltr'><strong>quadraginta</strong></span> <span class='ocrx_word' id='word_1_694' title='bbox 3218 3493 3511 3550; x_wconf 87' lang='lat' dir='ltr'><strong>noctibus:</strong></span> <span class='ocrx_word' id='word_1_695' title='bbox 3557 3497 3615 3545; x_wconf 88' lang='lat' dir='ltr'><strong>et</strong></span> 
     </span>
    </p>
   </div>
   <div class='ocr_carea' id='block_1_94' title="bbox 2029 3580 3610 3662">
    <p class='ocr_par' dir='ltr' id='par_1_94' title="bbox 2029 3580 3610 3662">
     <span class='ocr_line' id='line_1_94' title="bbox 2029 3580 3610 3662; baseline -0.015 -6"><span class='ocrx_word' id='word_1_696' title='bbox 2029 3602 2339 3658; x_wconf 90' lang='lat' dir='ltr'><strong>tentabatur</strong></span> <span class='ocrx_word' id='word_1_697' title='bbox 2371 3615 2400 3653; x_wconf 88' lang='lat' dir='ltr'><strong>a</strong></span> <span class='ocrx_word' id='word_1_698' title='bbox 2431 3608 2639 3662; x_wconf 87' lang='lat' dir='ltr'><strong>satana,</strong></span> <span class='ocrx_word' id='word_1_699' title='bbox 2668 3601 2891 3661; x_wconf 90' lang='lat' dir='ltr'><strong>eratque</strong></span> <span class='ocrx_word' id='word_1_700' title='bbox 2927 3605 3047 3646; x_wconf 91' lang='lat' dir='ltr'><strong>cum</strong></span> <span class='ocrx_word' id='word_1_701' title='bbox 3069 3587 3254 3643; x_wconf 89' lang='lat' dir='ltr'><strong>bestiis</strong></span> <span class='ocrx_word' id='word_1_702' title='bbox 3281 3583 3472 3655; x_wconf 79' lang='lat' dir='ltr'><strong>(Marc.</strong></span> <span class='ocrx_word' id='word_1_703' title='bbox 3507 3580 3567 3652; x_wconf 90' lang='lat' dir='ltr'><strong>t).</strong></span> <span class='ocrx_word' id='word_1_704' title='bbox 3589 3599 3610 3634; x_wconf 69' lang='grc' dir='ltr'>ι</span> 
     </span>
    </p>
   </div>
   <div class='ocr_carea' id='block_1_95' title="bbox 2029 3676 3612 3761">
    <p class='ocr_par' dir='ltr' id='par_1_95' title="bbox 2029 3676 3612 3761">
     <span class='ocr_line' id='line_1_95' title="bbox 2029 3676 3612 3761; baseline -0.014 -13"><span class='ocrx_word' id='word_1_705' title='bbox 2029 3694 2334 3750; x_wconf 89' lang='lat' dir='ltr'><strong>Debitorem</strong></span> <span class='ocrx_word' id='word_1_706' title='bbox 2359 3704 2488 3761; x_wconf 83' lang='lat' dir='ltr'><strong>ergo</strong></span> <span class='ocrx_word' id='word_1_707' title='bbox 2515 3704 2570 3744; x_wconf 91' lang='lat' dir='ltr'><strong>se</strong></span> <span class='ocrx_word' id='word_1_708' title='bbox 2602 3687 2698 3740; x_wconf 90' lang='lat' dir='ltr'><strong>tibi</strong></span> <span class='ocrx_word' id='word_1_709' title='bbox 2726 3684 2955 3740; x_wconf 89' lang='lat' dir='ltr'><strong>mundus</strong></span> <span class='ocrx_word' id='word_1_710' title='bbox 2986 3687 3263 3750; x_wconf 86' lang='lat' dir='ltr'><strong>agnoscat,</strong></span> <span class='ocrx_word' id='word_1_711' title='bbox 3293 3676 3431 3730; x_wconf 90' lang='lat' dir='ltr'><strong>unde</strong></span> <span class='ocrx_word' id='word_1_712' title='bbox 3472 3687 3612 3744; x_wconf 64' lang='lat' dir='ltr'><strong>prte-</strong></span> 
     </span>
    </p>
   </div>
   <div class='ocr_carea' id='block_1_96' title="bbox 2031 3768 3618 3850">
    <p class='ocr_par' dir='ltr' id='par_1_96' title="bbox 2031 3768 3618 3850">
     <span class='ocr_line' id='line_1_96' title="bbox 2031 3768 3618 3850; baseline -0.014 -8"><span class='ocrx_word' id='word_1_713' title='bbox 2031 3788 2380 3850; x_wconf 88' lang='lat' dir='ltr'><strong>dicaturum,</strong></span> <span class='ocrx_word' id='word_1_714' title='bbox 2439 3798 2503 3837; x_wconf 89' lang='lat' dir='ltr'><strong>ac</strong></span> <span class='ocrx_word' id='word_1_715' title='bbox 2556 3777 2815 3836; x_wconf 90' lang='lat' dir='ltr'><strong>miracula</strong></span> <span class='ocrx_word' id='word_1_716' title='bbox 2869 3775 3136 3830; x_wconf 88' lang='lat' dir='ltr'><strong>factttrum</strong></span> <span class='ocrx_word' id='word_1_717' title='bbox 3206 3768 3505 3838; x_wconf 87' lang='lat' dir='ltr'><strong>suscepisse</strong></span> <span class='ocrx_word' id='word_1_718' title='bbox 3559 3779 3618 3820; x_wconf 88' lang='lat' dir='ltr'><strong>se</strong></span> 
     </span>
    </p>
   </div>
   <div class='ocr_carea' id='block_1_97' title="bbox 2029 3857 3618 3946">
    <p class='ocr_par' dir='ltr' id='par_1_97' title="bbox 2029 3857 3618 3946">
     <span class='ocr_line' id='line_1_97' title="bbox 2029 3857 3618 3946; baseline -0.014 -14"><span class='ocrx_word' id='word_1_719' title='bbox 2029 3879 2195 3933; x_wconf 89' lang='lat' dir='ltr'><strong>Deum</strong></span> <span class='ocrx_word' id='word_1_720' title='bbox 2224 3892 2330 3930; x_wconf 89' lang='lat' dir='ltr'><strong>non</strong></span> <span class='ocrx_word' id='word_1_721' title='bbox 2372 3875 2604 3946; x_wconf 87' lang='lat' dir='ltr'><strong>ignorat.</strong></span> <span class='ocrx_word' id='word_1_722' title='bbox 2638 3869 2682 3926; x_wconf 92' lang='grc' dir='ltr'>Ο</span> <span class='ocrx_word' id='word_1_723' title='bbox 2721 3882 2934 3924; x_wconf 87' lang='lat' dir='ltr'><strong>eremus</strong></span> <span class='ocrx_word' id='word_1_724' title='bbox 2969 3862 3209 3920; x_wconf 89' lang='lat' dir='ltr'><strong>terribile</strong></span> <span class='ocrx_word' id='word_1_725' title='bbox 3235 3859 3482 3929; x_wconf 86' lang='lat' dir='ltr'><strong>malignis</strong></span> <span class='ocrx_word' id='word_1_726' title='bbox 3507 3857 3618 3926; x_wconf 85' lang='lat' dir='ltr'><strong>spi-</strong></span> 
     </span>
    </p>
   </div>
   <div class='ocr_carea' id='block_1_98' title="bbox 2029 3946 3619 4025">
    <p class='ocr_par' dir='ltr' id='par_1_98' title="bbox 2029 3946 3619 4025">
     <span class='ocr_line' id='line_1_98' title="bbox 2029 3946 3619 4025; baseline -0.016 0"><span class='ocrx_word' id='word_1_727' title='bbox 2029 3968 2225 4025; x_wconf 88' lang='lat' dir='ltr'><strong>ritibus</strong></span> <span class='ocrx_word' id='word_1_728' title='bbox 2259 3963 2662 4022; x_wconf 87' lang='lat' dir='ltr'><strong>habitaculum!</strong></span> <span class='ocrx_word' id='word_1_729' title='bbox 2703 3959 2796 4016; x_wconf 91' lang='lat' dir='ltr'><strong>ubi</strong></span> <span class='ocrx_word' id='word_1_730' title='bbox 2826 3958 2975 4013; x_wconf 74' lang='lat' dir='ltr'><strong>cella:</strong></span> <span class='ocrx_word' id='word_1_731' title='bbox 3020 3954 3428 4013; x_wconf 88' lang='lat' dir='ltr'><strong>monachorum,</strong></span> <span class='ocrx_word' id='word_1_732' title='bbox 3470 3946 3619 4002; x_wconf 88' lang='lat' dir='ltr'><strong>velut</strong></span> 
     </span>
    </p>
   </div>
   <div class='ocr_carea' id='block_1_99' title="bbox 2031 4040 3618 4117">
    <p class='ocr_par' dir='ltr' id='par_1_99' title="bbox 2031 4040 3618 4117">
     <span class='ocr_line' id='line_1_99' title="bbox 2031 4040 3618 4117; baseline -0.016 -2"><span class='ocrx_word' id='word_1_733' title='bbox 2031 4060 2260 4115; x_wconf 91' lang='lat' dir='ltr'><strong>tentoria</strong></span> <span class='ocrx_word' id='word_1_734' title='bbox 2307 4058 2556 4112; x_wconf 90' lang='lat' dir='ltr'><strong>ordinata</strong></span> <span class='ocrx_word' id='word_1_735' title='bbox 2594 4061 2922 4114; x_wconf 89' lang='lat' dir='ltr'><strong>castrorum,</strong></span> <span class='ocrx_word' id='word_1_736' title='bbox 2976 4048 3129 4117; x_wconf 86' lang='lat' dir='ltr'><strong>quasi</strong></span> <span class='ocrx_word' id='word_1_737' title='bbox 3178 4054 3326 4098; x_wconf 90' lang='lat' dir='ltr'><strong>tures</strong></span> <span class='ocrx_word' id='word_1_738' title='bbox 3378 4040 3530 4104; x_wconf 90' lang='lat' dir='ltr'><strong>Sion,</strong></span> <span class='ocrx_word' id='word_1_739' title='bbox 3563 4044 3618 4092; x_wconf 90' lang='lat' dir='ltr'><strong>et</strong></span> 
     </span>
    </p>
   </div>
   <div class='ocr_carea' id='block_1_100' title="bbox 2030 4133 3611 4222">
    <p class='ocr_par' dir='ltr' id='par_1_100' title="bbox 2030 4133 3611 4222">
     <span class='ocr_line' id='line_1_100' title="bbox 2030 4133 3611 4222; baseline -0.016 -16"><span class='ocrx_word' id='word_1_740' title='bbox 2030 4152 2183 4222; x_wconf 91' lang='lat' dir='ltr'><strong>quasi</strong></span> <span class='ocrx_word' id='word_1_741' title='bbox 2226 4144 2628 4218; x_wconf 86' lang='lat' dir='ltr'><strong>propugnacula</strong></span> <span class='ocrx_word' id='word_1_742' title='bbox 2673 4141 2976 4196; x_wconf 82' lang='lat' dir='ltr'><strong>Jerusalem</strong></span> <span class='ocrx_word' id='word_1_743' title='bbox 3029 4136 3312 4205; x_wconf 88' lang='lat' dir='ltr'><strong>eriguntur</strong></span> <span class='ocrx_word' id='word_1_744' title='bbox 3353 4133 3611 4185; x_wconf 89' lang='lat' dir='ltr'><strong>adversus</strong></span> 
     </span>
    </p>
   </div>
   <div class='ocr_carea' id='block_1_101' title="bbox 2028 4218 3614 4312">
    <p class='ocr_par' dir='ltr' id='par_1_101' title="bbox 2028 4218 3614 4312">
     <span class='ocr_line' id='line_1_101' title="bbox 2028 4218 3614 4312; baseline -0.016 -14"><span class='ocrx_word' id='word_1_745' title='bbox 2028 4218 2281 4312; x_wconf 58' lang='lat' dir='ltr'><strong>Assyrios</strong></span> <span class='ocrx_word' id='word_1_746' title='bbox 2339 4247 2394 4292; x_wconf 90' lang='lat' dir='ltr'><strong>et</strong></span> <span class='ocrx_word' id='word_1_747' title='bbox 2437 4245 2626 4291; x_wconf 90' lang='lat' dir='ltr'><strong>contra</strong></span> <span class='ocrx_word' id='word_1_748' title='bbox 2665 4231 2858 4286; x_wconf 87' lang='lat' dir='ltr'><strong>faciem</strong></span> <span class='ocrx_word' id='word_1_749' title='bbox 2890 4223 3178 4289; x_wconf 88' lang='lat' dir='ltr'><strong>Damasci;</strong></span> <span class='ocrx_word' id='word_1_750' title='bbox 3238 4223 3345 4276; x_wconf 88' lang='lat' dir='ltr'><strong>imo</strong></span> <span class='ocrx_word' id='word_1_751' title='bbox 3392 4234 3514 4274; x_wconf 88' lang='lat' dir='ltr'><strong>cum</strong></span> <span class='ocrx_word' id='word_1_752' title='bbox 3558 4218 3614 4272; x_wconf 90' lang='lat' dir='ltr'><strong>in</strong></span> 
     </span>
    </p>
   </div>
   <div class='ocr_carea' id='block_1_102' title="bbox 2029 4307 3613 4390">
    <p class='ocr_par' dir='ltr' id='par_1_102' title="bbox 2029 4307 3613 4390">
     <span class='ocr_line' id='line_1_102' title="bbox 2029 4307 3613 4390; baseline -0.018 -3"><span class='ocrx_word' id='word_1_753' title='bbox 2029 4307 2232 4388; x_wconf 83' lang='lat' dir='ltr'><strong>eisdem</strong></span> <span class='ocrx_word' id='word_1_754' title='bbox 2259 4325 2466 4383; x_wconf 90' lang='lat' dir='ltr'><strong>cellulis</strong></span> <span class='ocrx_word' id='word_1_755' title='bbox 2493 4338 2602 4379; x_wconf 89' lang='lat' dir='ltr'><strong>uno</strong></span> <span class='ocrx_word' id='word_1_756' title='bbox 2632 4320 2823 4390; x_wconf 91' lang='lat' dir='ltr'><strong>spiritu</strong></span> <span class='ocrx_word' id='word_1_757' title='bbox 2873 4317 3084 4372; x_wconf 90' lang='lat' dir='ltr'><strong>diversa</strong></span> <span class='ocrx_word' id='word_1_758' title='bbox 3129 4319 3386 4382; x_wconf 83' lang='lat' dir='ltr'><strong>gerantur</strong></span> <span class='ocrx_word' id='word_1_759' title='bbox 3413 4307 3613 4372; x_wconf 80' lang='lat' dir='ltr'><strong>ofﬁcia,</strong></span> 
     </span>
    </p>
   </div>
   <div class='ocr_carea' id='block_1_103' title="bbox 2033 4397 3616 4483">
    <p class='ocr_par' dir='ltr' id='par_1_103' title="bbox 2033 4397 3616 4483">
     <span class='ocr_line' id='line_1_103' title="bbox 2033 4397 3616 4483; baseline -0.017 -5"><span class='ocrx_word' id='word_1_760' title='bbox 2033 4423 2159 4478; x_wconf 92' lang='lat' dir='ltr'><strong>dum</strong></span> <span class='ocrx_word' id='word_1_761' title='bbox 2183 4418 2437 4475; x_wconf 85' lang='lat' dir='ltr'><strong>videlicet</strong></span> <span class='ocrx_word' id='word_1_762' title='bbox 2473 4415 2563 4470; x_wconf 87' lang='lat' dir='ltr'><strong>hic</strong></span> <span class='ocrx_word' id='word_1_763' title='bbox 2594 4410 2858 4483; x_wconf 88' lang='lat' dir='ltr'><strong>psallitur,</strong></span> <span class='ocrx_word' id='word_1_764' title='bbox 2882 4406 2992 4461; x_wconf 87' lang='lat' dir='ltr'><strong>illic</strong></span> <span class='ocrx_word' id='word_1_765' title='bbox 3031 4411 3238 4467; x_wconf 89' lang='lat' dir='ltr'><strong>oratur,</strong></span> <span class='ocrx_word' id='word_1_766' title='bbox 3269 4400 3322 4455; x_wconf 92' lang='lat' dir='ltr'><strong>in</strong></span> <span class='ocrx_word' id='word_1_767' title='bbox 3353 4398 3456 4453; x_wconf 88' lang='lat' dir='ltr'><strong>alia</strong></span> <span class='ocrx_word' id='word_1_768' title='bbox 3483 4397 3616 4454; x_wconf 87' lang='lat' dir='ltr'><strong>scri-</strong></span> 
     </span>
    </p>
   </div>
   <div class='ocr_carea' id='block_1_104' title="bbox 2031 4491 3616 4580">
    <p class='ocr_par' dir='ltr' id='par_1_104' title="bbox 2031 4491 3616 4580">
     <span class='ocr_line' id='line_1_104' title="bbox 2031 4491 3616 4580; baseline -0.018 -8"><span class='ocrx_word' id='word_1_769' title='bbox 2031 4516 2196 4580; x_wconf 90' lang='lat' dir='ltr'><strong>bitur,</strong></span> <span class='ocrx_word' id='word_1_770' title='bbox 2231 4514 2283 4568; x_wconf 92' lang='lat' dir='ltr'><strong>in</strong></span> <span class='ocrx_word' id='word_1_771' title='bbox 2308 4511 2428 4568; x_wconf 88' lang='lat' dir='ltr'><strong>aliis</strong></span> <span class='ocrx_word' id='word_1_772' title='bbox 2447 4524 2579 4565; x_wconf 89' lang='lat' dir='ltr'><strong>vero</strong></span> <span class='ocrx_word' id='word_1_773' title='bbox 2605 4505 2774 4562; x_wconf 88' lang='lat' dir='ltr'><strong>variis</strong></span> <span class='ocrx_word' id='word_1_774' title='bbox 2813 4513 3070 4558; x_wconf 89' lang='lat' dir='ltr'><strong>manuum</strong></span> <span class='ocrx_word' id='word_1_775' title='bbox 3110 4495 3362 4568; x_wconf 90' lang='lat' dir='ltr'><strong>operibus</strong></span> <span class='ocrx_word' id='word_1_776' title='bbox 3392 4491 3616 4547; x_wconf 85' lang='lat' dir='ltr'><strong>insuda-</strong></span> 
     </span>
    </p>
   </div>
   <div class='ocr_carea' id='block_1_105' title="bbox 2039 4582 3618 4678">
    <p class='ocr_par' dir='ltr' id='par_1_105' title="bbox 2039 4582 3618 4678">
     <span class='ocr_line' id='line_1_105' title="bbox 2039 4582 3618 4678; baseline -0.017 -14"><span class='ocrx_word' id='word_1_777' title='bbox 2039 4618 2153 4675; x_wconf 92' lang='lat' dir='ltr'><strong>tur;</strong></span> <span class='ocrx_word' id='word_1_778' title='bbox 2183 4606 2306 4678; x_wconf 91' lang='lat' dir='ltr'><strong>quis</strong></span> <span class='ocrx_word' id='word_1_779' title='bbox 2326 4620 2434 4660; x_wconf 91' lang='lat' dir='ltr'><strong>non</strong></span> <span class='ocrx_word' id='word_1_780' title='bbox 2456 4603 2570 4657; x_wconf 56' lang='lat' dir='ltr'><strong>haec</strong></span> <span class='ocrx_word' id='word_1_781' title='bbox 2596 4597 2776 4654; x_wconf 88' lang='lat' dir='ltr'><strong>divina</strong></span> <span class='ocrx_word' id='word_1_782' title='bbox 2801 4595 2964 4650; x_wconf 89' lang='lat' dir='ltr'><strong>verba</strong></span> <span class='ocrx_word' id='word_1_783' title='bbox 3004 4604 3187 4645; x_wconf 90' lang='lat' dir='ltr'><strong>eremo</strong></span> <span class='ocrx_word' id='word_1_784' title='bbox 3214 4599 3509 4655; x_wconf 84' lang='lat' dir='ltr'><strong>congruere</strong></span> <span class='ocrx_word' id='word_1_785' title='bbox 3539 4582 3618 4638; x_wconf 90' lang='lat' dir='ltr'><strong>vi-</strong></span> 
     </span>
    </p>
   </div>
   <div class='ocr_carea' id='block_1_106' title="bbox 2035 4675 3616 4768">
    <p class='ocr_par' dir='ltr' id='par_1_106' title="bbox 2035 4675 3616 4768">
     <span class='ocr_line' id='line_1_106' title="bbox 2035 4675 3616 4768; baseline -0.016 -12"><span class='ocrx_word' id='word_1_786' title='bbox 2035 4675 2403 4768; x_wconf 72' lang='lat' dir='ltr'><strong>deat,quibus</strong></span> <span class='ocrx_word' id='word_1_787' title='bbox 2447 4693 2684 4748; x_wconf 90' lang='lat' dir='ltr'><strong>dicitur:</strong></span> <span class='ocrx_word' id='word_1_788' title='bbox 2727 4707 2746 4741; x_wconf 86' lang='grc'><strong>‹</strong></span> <span class='ocrx_word' id='word_1_789' title='bbox 2801 4687 2973 4754; x_wconf 84' lang='lat' dir='ltr'><strong>Quam</strong></span> <span class='ocrx_word' id='word_1_790' title='bbox 3017 4682 3238 4754; x_wconf 89' lang='lat' dir='ltr'><strong>pulchra</strong></span> <span class='ocrx_word' id='word_1_791' title='bbox 3270 4675 3616 4733; x_wconf 87' lang='lat' dir='ltr'><strong>tabernacula</strong></span> 
     </span>
    </p>
   </div>
   <div class='ocr_carea' id='block_1_107' title="bbox 2036 4769 3614 4848">
    <p class='ocr_par' dir='ltr' id='par_1_107' title="bbox 2036 4769 3614 4848">
     <span class='ocr_line' id='line_1_107' title="bbox 2036 4769 3614 4848; baseline -0.017 -4"><span class='ocrx_word' id='word_1_792' title='bbox 2036 4797 2124 4844; x_wconf 91' lang='lat' dir='ltr'><strong>tua</strong></span> <span class='ocrx_word' id='word_1_793' title='bbox 2151 4785 2336 4848; x_wconf 84' lang='lat' dir='ltr'><strong>Jacob.</strong></span> <span class='ocrx_word' id='word_1_794' title='bbox 2366 4781 2596 4839; x_wconf 89' lang='lat' dir='ltr'><strong>tentoria</strong></span> <span class='ocrx_word' id='word_1_795' title='bbox 2625 4788 2716 4834; x_wconf 88' lang='lat' dir='ltr'><strong>tua</strong></span> <span class='ocrx_word' id='word_1_796' title='bbox 2744 4775 2908 4831; x_wconf 84' lang='lat' dir='ltr'><strong>Israel</strong></span> <span class='ocrx_word' id='word_1_797' title='bbox 2941 4792 2954 4828; x_wconf 89' lang='lat'><strong>:</strong></span> <span class='ocrx_word' id='word_1_798' title='bbox 3002 4781 3062 4828; x_wconf 92' lang='lat' dir='ltr'><strong>ut</strong></span> <span class='ocrx_word' id='word_1_799' title='bbox 3091 4769 3251 4824; x_wconf 86' lang='lat' dir='ltr'><strong>valles</strong></span> <span class='ocrx_word' id='word_1_800' title='bbox 3294 4779 3614 4831; x_wconf 59' lang='lat' dir='ltr'><strong>numerosa,</strong></span> 
     </span>
    </p>
   </div>
   <div class='ocr_carea' id='block_1_108' title="bbox 2031 4858 3614 4944">
    <p class='ocr_par' dir='ltr' id='par_1_108' title="bbox 2031 4858 3614 4944">
     <span class='ocr_line' id='line_1_108' title="bbox 2031 4858 3614 4944; baseline -0.019 -10"><span class='ocrx_word' id='word_1_801' title='bbox 2031 4889 2092 4934; x_wconf 85' lang='lat' dir='ltr'><strong>ut</strong></span> <span class='ocrx_word' id='word_1_802' title='bbox 2122 4878 2263 4932; x_wconf 89' lang='lat' dir='ltr'><strong>horti</strong></span> <span class='ocrx_word' id='word_1_803' title='bbox 2302 4874 2454 4944; x_wconf 82' lang='lat' dir='ltr'><strong>juxta</strong></span> <span class='ocrx_word' id='word_1_804' title='bbox 2502 4871 2694 4926; x_wconf 81' lang='lat' dir='ltr'><strong>fluvios</strong></span> <span class='ocrx_word' id='word_1_805' title='bbox 2743 4866 2954 4936; x_wconf 87' lang='lat' dir='ltr'><strong>irrigui,</strong></span> <span class='ocrx_word' id='word_1_806' title='bbox 3005 4871 3064 4917; x_wconf 88' lang='lat' dir='ltr'><strong>ut</strong></span> <span class='ocrx_word' id='word_1_807' title='bbox 3095 4858 3462 4917; x_wconf 81' lang='lat' dir='ltr'><strong>tabernacula,</strong></span> <span class='ocrx_word' id='word_1_808' title='bbox 3494 4869 3614 4944; x_wconf 70' lang='lat' dir='ltr'><strong>quae</strong></span> 
     </span>
    </p>
   </div>
   <div class='ocr_carea' id='block_1_109' title="bbox 2031 4943 3614 5035">
    <p class='ocr_par' dir='ltr' id='par_1_109' title="bbox 2031 4943 3614 5035">
     <span class='ocr_line' id='line_1_109' title="bbox 2031 4943 3614 5035; baseline -0.018 -11"><span class='ocrx_word' id='word_1_809' title='bbox 2031 4970 2148 5024; x_wconf 85' lang='lat' dir='ltr'><strong>ﬁxit</strong></span> <span class='ocrx_word' id='word_1_810' title='bbox 2177 4943 2350 5032; x_wconf 89' lang='lat' dir='ltr'><strong>Deus,</strong></span> <span class='ocrx_word' id='word_1_811' title='bbox 2377 4963 2532 5035; x_wconf 90' lang='lat' dir='ltr'><strong>quasi</strong></span> <span class='ocrx_word' id='word_1_812' title='bbox 2556 4960 2702 5018; x_wconf 89' lang='lat' dir='ltr'><strong>cedri</strong></span> <span class='ocrx_word' id='word_1_813' title='bbox 2729 4973 2893 5029; x_wconf 88' lang='lat' dir='ltr'><strong>prope</strong></span> <span class='ocrx_word' id='word_1_814' title='bbox 2928 4952 3134 5024; x_wconf 89' lang='lat' dir='ltr'><strong>aquas?</strong></span> <span class='ocrx_word' id='word_1_815' title='bbox 3165 4969 3181 5002; x_wconf 72' lang='grc' dir='ltr'><strong><em>ι</em></strong></span> <span class='ocrx_word' id='word_1_816' title='bbox 3219 4948 3406 5019; x_wconf 84' lang='lat' dir='ltr'><strong>(Num.</strong></span> <span class='ocrx_word' id='word_1_817' title='bbox 3441 4943 3614 5013; x_wconf 73' lang='lat' dir='ltr'><strong>xxw.)</strong></span> 
     </span>
    </p>
   </div>
   <div class='ocr_carea' id='block_1_110' title="bbox 2033 5036 3615 5128">
    <p class='ocr_par' dir='ltr' id='par_1_110' title="bbox 2033 5036 3615 5128">
     <span class='ocr_line' id='line_1_110' title="bbox 2033 5036 3615 5128; baseline -0.016 -14"><span class='ocrx_word' id='word_1_818' title='bbox 2033 5060 2099 5114; x_wconf 81' lang='lat' dir='ltr'><strong>Et</strong></span> <span class='ocrx_word' id='word_1_819' title='bbox 2128 5057 2255 5128; x_wconf 92' lang='lat' dir='ltr'><strong>quid</strong></span> <span class='ocrx_word' id='word_1_820' title='bbox 2284 5055 2511 5124; x_wconf 90' lang='lat' dir='ltr'><strong>amplius</strong></span> <span class='ocrx_word' id='word_1_821' title='bbox 2542 5053 2607 5107; x_wconf 91' lang='lat' dir='ltr'><strong>de</strong></span> <span class='ocrx_word' id='word_1_822' title='bbox 2638 5061 2690 5105; x_wconf 90' lang='lat' dir='ltr'><strong>te</strong></span> <span class='ocrx_word' id='word_1_823' title='bbox 2719 5049 2918 5112; x_wconf 87' lang='lat' dir='ltr'><strong>dicam,</strong></span> <span class='ocrx_word' id='word_1_824' title='bbox 2948 5059 2980 5097; x_wconf 90' lang='lat'><strong>0</strong></span> <span class='ocrx_word' id='word_1_825' title='bbox 3029 5043 3138 5096; x_wconf 89' lang='lat' dir='ltr'><strong>vita</strong></span> <span class='ocrx_word' id='word_1_826' title='bbox 3181 5037 3479 5102; x_wconf 89' lang='lat' dir='ltr'><strong>eremitica,</strong></span> <span class='ocrx_word' id='word_1_827' title='bbox 3505 5036 3615 5090; x_wconf 85' lang='lat' dir='ltr'><strong>vita</strong></span> 
     </span>
    </p>
   </div>
   <div class='ocr_carea' id='block_1_111' title="bbox 2032 5130 3616 5214">
    <p class='ocr_par' dir='ltr' id='par_1_111' title="bbox 2032 5130 3616 5214">
     <span class='ocr_line' id='line_1_111' title="bbox 2032 5130 3616 5214; baseline -0.015 -8"><span class='ocrx_word' id='word_1_828' title='bbox 2032 5150 2343 5214; x_wconf 80' lang='lat' dir='ltr'><strong>benedicta,</strong></span> <span class='ocrx_word' id='word_1_829' title='bbox 2382 5145 2700 5202; x_wconf 89' lang='lat' dir='ltr'><strong>viridarium</strong></span> <span class='ocrx_word' id='word_1_830' title='bbox 2739 5140 3064 5201; x_wconf 90' lang='lat' dir='ltr'><strong>animarum,</strong></span> <span class='ocrx_word' id='word_1_831' title='bbox 3113 5133 3220 5186; x_wconf 88' lang='lat' dir='ltr'><strong>vita</strong></span> <span class='ocrx_word' id='word_1_832' title='bbox 3267 5140 3471 5196; x_wconf 88' lang='lat' dir='ltr'><strong>sancta,</strong></span> <span class='ocrx_word' id='word_1_833' title='bbox 3507 5130 3616 5184; x_wconf 90' lang='lat' dir='ltr'><strong>vita</strong></span> 
     </span>
    </p>
   </div>
   <div class='ocr_carea' id='block_1_112' title="bbox 2035 5220 3617 5315">
    <p class='ocr_par' dir='ltr' id='par_1_112' title="bbox 2035 5220 3617 5315">
     <span class='ocr_line' id='line_1_112' title="bbox 2035 5220 3617 5315; baseline -0.015 -17"><span class='ocrx_word' id='word_1_834' title='bbox 2035 5242 2296 5315; x_wconf 88' lang='lat' dir='ltr'><strong>angelica,</strong></span> <span class='ocrx_word' id='word_1_835' title='bbox 2325 5239 2522 5296; x_wconf 80' lang='lat' dir='ltr'><strong>exedra</strong></span> <span class='ocrx_word' id='word_1_836' title='bbox 2564 5246 2898 5306; x_wconf 89' lang='lat' dir='ltr'><strong>gemmarum</strong></span> <span class='ocrx_word' id='word_1_837' title='bbox 2926 5225 3248 5291; x_wconf 83' lang='lat' dir='ltr'><strong>caelestium,</strong></span> <span class='ocrx_word' id='word_1_838' title='bbox 3276 5223 3424 5278; x_wconf 89' lang='lat' dir='ltr'><strong>curia</strong></span> <span class='ocrx_word' id='word_1_839' title='bbox 3456 5220 3617 5291; x_wconf 71' lang='lat' dir='ltr'><strong>Spiri-</strong></span> 
     </span>
    </p>
   </div>
   <div class='ocr_carea' id='block_1_113' title="bbox 2033 5323 3614 5389">
    <p class='ocr_par' dir='ltr' id='par_1_113' title="bbox 2033 5323 3614 5389">
     <span class='ocr_line' id='line_1_113' title="bbox 2033 5323 3614 5389; baseline -0.016 0"><span class='ocrx_word' id='word_1_840' title='bbox 2033 5333 2255 5389; x_wconf 89' lang='lat' dir='ltr'><strong>tualium</strong></span> <span class='ocrx_word' id='word_1_841' title='bbox 2284 5327 2638 5387; x_wconf 89' lang='lat' dir='ltr'><strong>senatorum!</strong></span> <span class='ocrx_word' id='word_1_842' title='bbox 2672 5323 2817 5378; x_wconf 89' lang='lat' dir='ltr'><strong>Odor</strong></span> <span class='ocrx_word' id='word_1_843' title='bbox 2863 5328 2986 5374; x_wconf 91' lang='lat' dir='ltr'><strong>tuus</strong></span> <span class='ocrx_word' id='word_1_844' title='bbox 3033 5323 3351 5372; x_wconf 88' lang='lat' dir='ltr'><strong>cunctorum</strong></span> <span class='ocrx_word' id='word_1_845' title='bbox 3402 5326 3614 5366; x_wconf 88' lang='lat' dir='ltr'><strong>aroma-</strong></span> 
     </span>
    </p>
   </div>
   <div class='ocr_carea' id='block_1_114' title="bbox 2035 5402 3613 5493">
    <p class='ocr_par' dir='ltr' id='par_1_114' title="bbox 2035 5402 3613 5493">
     <span class='ocr_line' id='line_1_114' title="bbox 2035 5402 3613 5493; baseline -0.015 -14"><span class='ocrx_word' id='word_1_846' title='bbox 2035 5435 2145 5480; x_wconf 91' lang='lat' dir='ltr'><strong>tum</strong></span> <span class='ocrx_word' id='word_1_847' title='bbox 2174 5421 2524 5493; x_wconf 85' lang='lat' dir='ltr'><strong>fragrantiam</strong></span> <span class='ocrx_word' id='word_1_848' title='bbox 2579 5421 2817 5484; x_wconf 86' lang='lat' dir='ltr'><strong>superat,</strong></span> <span class='ocrx_word' id='word_1_849' title='bbox 2868 5425 3026 5480; x_wconf 89' lang='lat' dir='ltr'><strong>sapor</strong></span> <span class='ocrx_word' id='word_1_850' title='bbox 3080 5417 3202 5462; x_wconf 91' lang='lat' dir='ltr'><strong>tuus</strong></span> <span class='ocrx_word' id='word_1_851' title='bbox 3248 5420 3408 5475; x_wconf 89' lang='lat' dir='ltr'><strong>super</strong></span> <span class='ocrx_word' id='word_1_852' title='bbox 3438 5402 3613 5468; x_wconf 87' lang='lat' dir='ltr'><strong>distil-</strong></span> 
     </span>
    </p>
   </div>
   <div class='ocr_carea' id='block_1_115' title="bbox 2033 5493 3614 5579">
    <p class='ocr_par' dir='ltr' id='par_1_115' title="bbox 2033 5493 3614 5579">
     <span class='ocr_line' id='line_1_115' title="bbox 2033 5493 3614 5579; baseline -0.013 -10"><span class='ocrx_word' id='word_1_853' title='bbox 2033 5514 2206 5569; x_wconf 88' lang='lat' dir='ltr'><strong>lantes</strong></span> <span class='ocrx_word' id='word_1_854' title='bbox 2234 5514 2404 5574; x_wconf 88' lang='lat' dir='ltr'><strong>favos,</strong></span> <span class='ocrx_word' id='word_1_855' title='bbox 2444 5523 2606 5579; x_wconf 89' lang='lat' dir='ltr'><strong>super</strong></span> <span class='ocrx_word' id='word_1_856' title='bbox 2642 5505 2820 5561; x_wconf 90' lang='lat' dir='ltr'><strong>omnia</strong></span> <span class='ocrx_word' id='word_1_857' title='bbox 2885 5501 3043 5557; x_wconf 90' lang='lat' dir='ltr'><strong>mella</strong></span> <span class='ocrx_word' id='word_1_858' title='bbox 3098 5507 3280 5570; x_wconf 89' lang='lat' dir='ltr'><strong>guttttr</strong></span> <span class='ocrx_word' id='word_1_859' title='bbox 3331 5493 3614 5550; x_wconf 89' lang='lat' dir='ltr'><strong>illuminati</strong></span> 
     </span>
    </p>
   </div>
   <div class='ocr_carea' id='block_1_116' title="bbox 2040 5585 3616 5669">
    <p class='ocr_par' dir='ltr' id='par_1_116' title="bbox 2040 5585 3616 5669">
     <span class='ocr_line' id='line_1_116' title="bbox 2040 5585 3616 5669; baseline -0.015 -7"><span class='ocrx_word' id='word_1_860' title='bbox 2040 5608 2220 5663; x_wconf 89' lang='lat' dir='ltr'><strong>cordis</strong></span> <span class='ocrx_word' id='word_1_861' title='bbox 2249 5604 2500 5661; x_wconf 89' lang='lat' dir='ltr'><strong>obdulcat</strong></span> <span class='ocrx_word' id='word_1_862' title='bbox 2533 5620 2546 5657; x_wconf 94' lang='lat'><strong>:</strong></span> <span class='ocrx_word' id='word_1_863' title='bbox 2584 5609 2744 5669; x_wconf 89' lang='lat' dir='ltr'><strong>atque</strong></span> <span class='ocrx_word' id='word_1_864' title='bbox 2788 5598 2905 5653; x_wconf 90' lang='lat' dir='ltr'><strong>ideo</strong></span> <span class='ocrx_word' id='word_1_865' title='bbox 2952 5592 3208 5666; x_wconf 87' lang='lat' dir='ltr'><strong>quidquid</strong></span> <span class='ocrx_word' id='word_1_866' title='bbox 3246 5598 3345 5654; x_wconf 88' lang='lat' dir='ltr'><strong>est,</strong></span> <span class='ocrx_word' id='word_1_867' title='bbox 3379 5587 3518 5657; x_wconf 88' lang='lat' dir='ltr'><strong>quod</strong></span> <span class='ocrx_word' id='word_1_868' title='bbox 3550 5585 3616 5640; x_wconf 86' lang='lat' dir='ltr'><strong>de</strong></span> 
     </span>
    </p>
   </div>
   <div class='ocr_carea' id='block_1_117' title="bbox 2041 5685 3612 5764">
    <p class='ocr_par' dir='ltr' id='par_1_117' title="bbox 2041 5685 3612 5764">
     <span class='ocr_line' id='line_1_117' title="bbox 2041 5685 3612 5764; baseline -0.016 -10"><span class='ocrx_word' id='word_1_869' title='bbox 2041 5710 2093 5754; x_wconf 91' lang='lat' dir='ltr'><strong>te</strong></span> <span class='ocrx_word' id='word_1_870' title='bbox 2165 5699 2385 5759; x_wconf 91' lang='lat' dir='ltr'><strong>dicitur,</strong></span> <span class='ocrx_word' id='word_1_871' title='bbox 2439 5693 2716 5764; x_wconf 89' lang='lat' dir='ltr'><strong>dignitatis</strong></span> <span class='ocrx_word' id='word_1_872' title='bbox 2773 5699 2874 5743; x_wconf 78' lang='lat' dir='ltr'><strong>tuae</strong></span> <span class='ocrx_word' id='word_1_873' title='bbox 2934 5685 3142 5741; x_wconf 87' lang='lat' dir='ltr'><strong>meritis</strong></span> <span class='ocrx_word' id='word_1_874' title='bbox 3181 5699 3284 5736; x_wconf 91' lang='lat' dir='ltr'><strong>non</strong></span> <span class='ocrx_word' id='word_1_875' title='bbox 3330 5688 3612 5748; x_wconf 68' lang='lat' dir='ltr'><strong>mquatur;</strong></span> 
     </span>
    </p>
   </div>
   <div class='ocr_carea' id='block_1_118' title="bbox 2039 5767 3612 5860">
    <p class='ocr_par' dir='ltr' id='par_1_118' title="bbox 2039 5767 3612 5860">
     <span class='ocr_line' id='line_1_118' title="bbox 2039 5767 3612 5860; baseline -0.016 -16"><span class='ocrx_word' id='word_1_876' title='bbox 2039 5790 2166 5860; x_wconf 88' lang='lat' dir='ltr'><strong>quia</strong></span> <span class='ocrx_word' id='word_1_877' title='bbox 2221 5788 2401 5858; x_wconf 82' lang='lat' dir='ltr'><strong>lingua</strong></span> <span class='ocrx_word' id='word_1_878' title='bbox 2450 5785 2632 5839; x_wconf 87' lang='lat' dir='ltr'><strong>carnis</strong></span> <span class='ocrx_word' id='word_1_879' title='bbox 2690 5781 2996 5836; x_wconf 87' lang='lat' dir='ltr'><strong>nullatenus</strong></span> <span class='ocrx_word' id='word_1_880' title='bbox 3047 5774 3349 5844; x_wconf 83' lang='lat' dir='ltr'><strong>exprimere</strong></span> <span class='ocrx_word' id='word_1_881' title='bbox 3397 5767 3612 5834; x_wconf 86' lang='lat' dir='ltr'><strong>sullicit,</strong></span> 
     </span>
    </p>
   </div>
   <div class='ocr_carea' id='block_1_119' title="bbox 353 5862 3612 5961">
    <p class='ocr_par' dir='ltr' id='par_1_119' title="bbox 353 5862 3612 5961">
     <span class='ocr_line' id='line_1_119' title="bbox 353 5862 3612 5961; baseline -0.008 -20"><span class='ocrx_word' id='word_1_882' title='bbox 353 5890 498 5961; x_wconf 86' lang='lat' dir='ltr'><strong>quod</strong></span> <span class='ocrx_word' id='word_1_883' title='bbox 544 5862 723 5945; x_wconf 82' lang='lat' dir='ltr'><strong>minus</strong></span> <span class='ocrx_word' id='word_1_884' title='bbox 749 5891 852 5955; x_wconf 85' lang='lat' dir='ltr'><strong>est,</strong></span> <span class='ocrx_word' id='word_1_885' title='bbox 898 5885 1148 5958; x_wconf 86' lang='lat' dir='ltr'><strong>impleat;</strong></span> <span class='ocrx_word' id='word_1_886' title='bbox 1201 5862 1344 5955; x_wconf 79' lang='lat' dir='ltr'><strong>quod</strong></span> <span class='ocrx_word' id='word_1_887' title='bbox 1385 5862 1711 5955; x_wconf 78' lang='lat' dir='ltr'><strong>superfluum</strong></span> <span class='ocrx_word' id='word_1_888' title='bbox 1761 5882 1932 5952; x_wconf 83' lang='lat' dir='ltr'><strong>repri-</strong></span> <span class='ocrx_word' id='word_1_889' title='bbox 1979 5909 1996 5935; x_wconf 72' lang='grc' dir='ltr'><strong>ο</strong></span> <span class='ocrx_word' id='word_1_890' title='bbox 2038 5880 2182 5952; x_wconf 89' lang='lat' dir='ltr'><strong>quod</strong></span> <span class='ocrx_word' id='word_1_891' title='bbox 2213 5880 2279 5938; x_wconf 84' lang='lat' dir='ltr'><strong>de</strong></span> <span class='ocrx_word' id='word_1_892' title='bbox 2309 5886 2363 5934; x_wconf 93' lang='lat' dir='ltr'><strong>te</strong></span> <span class='ocrx_word' id='word_1_893' title='bbox 2409 5878 2629 5947; x_wconf 86' lang='lat' dir='ltr'><strong>spiritus</strong></span> <span class='ocrx_word' id='word_1_894' title='bbox 2675 5866 3249 5940; x_wconf 83' lang='lat' dir='ltr'><strong>invisibiliter_sentit,</strong></span> <span class='ocrx_word' id='word_1_895' title='bbox 3295 5870 3348 5918; x_wconf 88' lang='lat' dir='ltr'><strong>et</strong></span> <span class='ocrx_word' id='word_1_896' title='bbox 3391 5862 3612 5944; x_wconf 40' lang='lat' dir='ltr'><strong>(mod-tu</strong></span> 
     </span>
    </p>
   </div>
  </div>
