4106 6320
509 429 611 487 251

970 431 1027 488 S.
1068 430 1273 487 PETRI
1307 430 1597 488 υΑυιΑΝι
1629 431 1780 488 ΟΡΡ.
1825 430 2060 488 TOMUS
2100 431 2231 489 SEU
2266 430 2446 487 PARS
2485 431 2569 486 III.
2606 459 2678 472 —-
2714 428 3078 487 OPUSCULA
3115 428 3345 485 VARIA.

3664 429 3776 486 252

512 545 660 615 sapis
688 544 742 598 in
775 543 1019 599 interiori
1047 552 1228 613 gustu,
1282 552 1445 613 atque
1496 545 1552 598 in
1601 542 1834 598 medulla
1885 542 2087 607 cordis,
2115 549 2168 607 Α
2193 557 2315 597 nem
2357 541 2594 597 fraterna
2625 540 2865 611 pulsatus
2902 540 3253 611 inquisitione
3282 539 3560 611 proposui,
3590 541 3686 597 sed
3719 550 3778 598 et

511 648 787 703 nunquam
831 647 968 703 pene
999 633 1257 704 explicuit
1294 628 1577 704 corporale
1619 649 1879 704 organum
1921 633 2089 689 vocis.

510 723 591 777 Illi
631 733 682 777 te
708 731 996 790 noverunt,
1031 724 1124 793 qui
1160 733 1212 779 te
1254 724 1521 795 diligunt:
1564 725 1638 779 illi
1680 724 1948 795 praeconia
1991 733 2097 779 tua:

510 813 685 867 laudis
712 824 1032 884 agnoscunt,
1072 816 1166 885 qui
1194 815 1250 870 in
1284 816 1358 869 tui
1389 816 1591 872 amoris
1634 814 1976 885 amplexibus
2002 815 2096 869 de-

513 907 843 964 lectabiliter
884 910 1250 977 requiescunt.

580 1000 848 1056 Ceterum
875 1000 967 1069 qui
993 1001 1093 1055 hoc
1120 1000 1392 1071 ignorant,
1425 1016 1531 1056 non
1558 999 1852 1070 przevalent
1890 1014 2095 1071 cogno-

511 1105 663 1146 scere
692 1099 776 1158 te;
830 1104 917 1144 me
958 1090 1124 1145 etiam
1155 1090 1509 1146 nihilominus
1557 1101 1661 1146 tuae
1705 1090 1883 1146 laudis
1921 1091 2095 1160 impa-

509 1196 625 1237 rem
652 1179 849 1245 fateor,
882 1181 975 1235 sed
1006 1197 1171 1235 unum
1212 1195 1310 1251 pro
1339 1190 1491 1237 certo
1539 1183 1673 1248 scio,
1720 1196 1753 1235 ο
1780 1183 1890 1235 vita
1931 1181 2098 1236 bene-

510 1273 672 1338 dicta,
699 1272 841 1343 quod
873 1273 939 1328 de
967 1280 1019 1326 te
1064 1272 1434 1343 indubitanter
1482 1272 1731 1328 all‘trmo:
1766 1275 1892 1343 quia
1939 1273 2095 1343 quis-

509 1366 631 1434 quis
657 1366 708 1420 in
741 1364 944 1419 amoris
974 1364 1051 1419 tui
1089 1365 1362 1421 desiderio
1408 1382 1762 1436 perseverare
1807 1364 2090 1427 studuerit,

508 1459 624 1528 ipse
652 1460 869 1532 quidem
894 1462 1169 1518 habitator
1195 1473 1281 1519 est
1308 1473 1455 1528 tuus,
1489 1466 1583 1518 sed
1616 1460 1732 1531 ejus
1760 1462 2098 1517 inhabitator

506 1562 591 1607 est
619 1552 780 1609 Deus.
817 1554 1072 1611 Diabolus
1104 1556 1181 1610 illi
1214 1558 1329 1612 suis
1352 1558 1742 1612 tentationibus
1785 1557 1973 1620 servit,
2011 1564 2096 1609 at-

508 1662 613 1718 que
645 1649 769 1705 illuc
808 1666 931 1705 eum
967 1654 1207 1720 tendere,
1239 1656 1381 1709 unde
1428 1656 1544 1726 ipse
1574 1654 1817 1723 deiectus
1861 1665 1967 1721 est,
2005 1670 2097 1725 ge-

508 1739 627 1793 mit.
660 1741 841 1796 Victor
869 1742 1051 1812 itaque
1089 1745 1412 1809 daemonum,
1444 1747 1623 1801 socius
1664 1747 1898 1805 ellicitnr
1931 1762 2097 1819 ange-

506 1829 710 1899 lorum;
743 1834 865 1889 exul
911 1837 1121 1903 mundi,
1152 1838 1328 1893 [neres
1373 1847 1459 1893 est
1497 1838 1766 1907 paradisi;
1802 1839 2097 1910 abnegator

2198 633 2312 703 ipse
2358 633 2573 689 interim
2610 648 2716 688 non
2747 632 2927 688 distuli
2974 631 3216 703 proferre
3252 633 3394 702 quod
3446 632 3589 687 sensi
3621 652 3635 688 :
3666 649 3777 689 non

2197 724 2449 780 videlicet
2479 734 2537 779 ut
2565 724 2702 780 alios
2743 733 2958 795 arrepta
2997 724 3232 780 doctoris
3266 724 3586 779 auctoritate
3613 722 3777 778 doce-

2196 830 2334 880 rem,
2358 818 2450 871 sed
2480 816 2572 871 tibi
2605 816 2806 886 potius,
2855 831 2975 887 qua:
3006 816 3291 888 imperitiae
3321 831 3453 870 meae
3486 815 3781 871 haberetur

2195 908 2398 976 opinio,
2429 909 2710 964 evidenter
2736 923 3066 978 exponerem
3093 924 3109 974 ;
3167 916 3331 977 atque
3368 907 3489 961 ideo
3518 906 3781 977 quidquid

2196 1008 2281 1054 est
2318 999 2616 1069 praelibatis
2662 999 3121 1069 disputationibus
3161 997 3630 1068 comprehensum,
3668 1013 3779 1053 non

2200 1098 2307 1143 tam
2349 1087 2510 1161 242
2555 1090 2931 1144 assertationis
2974 1087 3175 1154 studio,
3224 1102 3387 1157 quam
3414 1086 3514 1141 sub
3542 1087 3779 1157 quadam

2198 1180 2272 1233 tni
2309 1180 2575 1233 exanimis
2598 1189 2681 1234 est
2708 1179 3060 1248 suspensione
3098 1177 3389 1248 prolatum,
3418 1190 3517 1231 nec
3543 1185 3627 1230 est
3650 1176 3784 1231 deli-

2196 1273 2363 1327 nitiva
2387 1272 2678 1337 sententia,
2704 1271 2797 1326 sed
2823 1270 3139 1342 disceptatio
3167 1268 3468 1324 rationibus
3495 1268 3779 1323 ventilata.

2198 1366 2562 1437 Quapropter,
2597 1366 2941 1432 charissime,
2988 1367 3258 1429 omnibus,
3305 1381 3423 1435 qua:
3451 1380 3481 1419 a
3508 1365 3662 1419 nobis
3706 1373 3786 1418 ut-

2204 1472 2418 1525 cunque
2462 1457 2667 1527 (ligele
2724 1466 2870 1524 sunt,
2925 1455 3215 1525 diligenter
3264 1454 3557 1525 inspectis,
3607 1454 3693 1508 vel
3738 1454 3783 1508 si

2197 1562 2362 1618 prave
2393 1559 2717 1619 praesumpta
2755 1556 2898 1613 sunt,
2945 1546 3266 1616 superducta
3311 1544 3570 1599 novacula
3609 1544 3784 1614 proti-

2197 1655 2300 1694 nus
2326 1640 2589 1694 audenter
2616 1638 2867 1693 oblittera
2896 1654 2909 1691 :
2934 1647 3028 1692 aut
3055 1637 3100 1691 si
3142 1637 3247 1691 tuis
3276 1634 3525 1689 "fortasse
3572 1634 3785 1688 meritis

2199 1749 2348 1788 sana:
2391 1732 2651 1788 doctrinae
2696 1739 2822 1786 sunt
2863 1745 3121 1802 congrua,
3167 1728 3397 1799 propria:
3442 1725 3786 1781 auctoritatis

2200 1827 2386 1899 vigore
2434 1825 2720 1880 conﬁrma.
2773 1823 2925 1878 Potui
2977 1822 3193 1893 quidem
3244 1836 3364 1891 qum
3417 1820 3580 1874 latius
3633 1819 3781 1873 dicta

507 1924 617 1986 sui,
656 1933 893 1980 sectator
917 1936 999 1981 est
1041 1926 1267 1982 Christi.
1302 1927 1368 1982 Et
1399 1930 1493 1998 qui
1540 1944 1682 1983 nunc
1725 1943 1822 1999 per
1849 1928 1967 1997 ejus
2000 1945 2093 1984 ve-
2124 1936 2171 1998 Β
2199 1930 2348 1986 sunt,
2408 1919 2627 1975 brevius
2677 1917 3163 1989 comprehendere;
3218 1916 3312 1970 sed
3360 1915 3535 1978 libuit,
3587 1911 3782 1978 fateor,

506 2016 664 2084 Stigia
720 2018 1007 2088 graditur,
1081 2028 1301 2088 peracto
1356 2036 1521 2075 cursu
1554 2062 1570 2085 ,
1632 2022 1752 2076 sine
1807 2022 1970 2076 dubio
2025 2022 2093 2077 ad

506 2106 663 2179 251
715 2109 993 2164 societatis
1047 2109 1164 2177 ejus
1216 2111 1445 2179 gloriam
1509 2111 1873 2181 provehetur:
1904 2123 2089 2181 atque,

507 2206 567 2251 ut
600 2198 827 2268 idipsum
879 2198 1108 2253 ﬁdenter
1156 2201 1366 2266 dicam,
1422 2201 1513 2269 qui
1567 2202 1895 2270 singularem
1950 2203 2090 2256 hanc

506 2287 673 2341 vitam
716 2304 886 2357 usque
913 2290 980 2342 ad
1014 2289 1175 2344 finem
1223 2291 1346 2344 vitee
1387 2306 1499 2346 sua:
1539 2307 1637 2360 pro
1675 2293 1856 2346 divino
1908 2308 2095 2348 amore

507 2381 767 2444 tenuerit,
805 2380 872 2435 de
898 2382 1211 2437 habitacqu
1250 2384 1431 2438 carnis
1456 2399 1732 2455 egressus,
1770 2384 1835 2437 ad
1864 2384 2131 2456 aadilicax

506 2473 711 2528 tionem
754 2471 1080 2529 ineﬁabilem
1127 2478 1430 2545 perveniet,
1473 2478 1693 2534 domum
1747 2493 1856 2532 non
1903 2494 2095 2533 manu-

506 2563 729 2631 factam,
759 2575 1019 2622 aeternam
1044 2568 1099 2622 in
1130 2569 1306 2624 caelis.

1098 2661 1329 2718 CAPUT
1369 2662 1488 2718 XX.

508 2748 761 2807 Clausula
816 2754 1188 2824 disputationis
1229 2773 1320 2838 per
1362 2757 1707 2827 apostrophen
1749 2758 1819 2810 ad
1870 2755 2092 2810 Leonem

1148 2838 1439 2881 crematam.

576 2917 734 2983 Ecce,
770 2918 936 2974 Pater
957 2920 1300 2987 charissima,
1348 2921 1663 2977 solvendam
1701 2921 1796 2975 tibi
1839 2919 2091 2990 quaestio-

2202 2019 2431 2082 aecepta
2462 2010 2749 2065 occasione
2787 2019 2888 2064 tua:
2917 2007 3211 2063 dulcedinis
3255 2006 3548 2075 alloquium
3596 2014 3785 2075 prote-

2196 2104 2336 2158 lare.
2386 2103 2646 2158 Libenter
2693 2102 2836 2155 enim
2887 2110 3189 2155 aromatum
3217 2100 3303 2154 diu
3337 2099 3541 2169 species
3569 2098 3781 2164 teritur,

2198 2198 2505 2269 prtesertim
2531 2198 2576 2252 si
2600 2206 2655 2252 et
2678 2196 2822 2252 illius
2839 2196 2974 2251 odor
2994 2195 3175 2250 suavis
3200 2203 3282 2249 est
3306 2194 3389 2249 cui
3422 2192 3783 2249 ministerium

2200 2290 2509 2344 exhibetur.

2278 2402 2635 2473 Omnipotens
2675 2404 2817 2458 Deus
2846 2416 3006 2458 servo
3033 2417 3132 2458 suo
3160 2399 3330 2457 Leoni
3367 2399 3578 2456 occulta
3611 2399 3786 2469 inspi-

2200 2496 2413 2550 ratione
2449 2497 2756 2566 praecipiat,
2798 2505 2856 2549 ut
2884 2510 2982 2565 pro
3008 2511 3093 2549 me
3115 2497 3315 2550 misero
3342 2501 3574 2563 tres‘per
3597 2492 3783 2563 singu-

2199 2585 2280 2641 los
2301 2587 2416 2642 dies
2443 2587 2560 2642 sive
2596 2586 2889 2657 lacrymas,
2918 2585 3033 2641 sive
3054 2584 3288 2655 gemitus
3314 2582 3519 2639 fundat.

2541 2740 2623 2796 Sit
2656 2755 2841 2794 nomen
2869 2737 3082 2794 Domini
3112 2736 3452 2792 benedictum.

504 3100 3766 3128 W

963 3237 1315 3318 πιθα
1399 3188 2248 3376 OPUSCULUM
2334 3190 3323 3376 DUODECIMUM.

730 3483 1353 3549 APOLOGETICUM
1396 3486 1503 3545 DE
1543 3484 2031 3548 CONTEMPTU
2074 3484 2402 3550 SECULI.
2451 3486 2561 3547 AD
2607 3484 3072 3548 ALBIZONEM
3118 3482 3547 3545 EREMITAM

1623 3587 1723 3647 ET
1768 3587 2093 3649 PETRUM
2138 3585 2603 3650 MONACHUM

1904 3755 2301 3771 α*

506 3893 904 3973 Aaauvssruu.
952 3927 1024 3939 —
1050 3899 1108 3955 In
1150 3900 1250 3973 hoc
1297 3900 1489 3973 libello
1516 3899 1880 3955 miserabilem
1923 3914 2021 3955 suo
2063 3908 2305 3970 tempore
2360 3900 2637 3973 religionis
2672 3911 2874 3958 statum
2910 3905 3153 3973 quotidie
3201 3905 3255 3960 in
3315 3903 3553 3958 deterius
3592 3901 3775 3973 prola-

580 3967 820 4049 bentem,
849 3969 918 4025 ob
943 3972 1256 4049 monastica:
1285 3972 1582 4049 disciplina;
1604 3980 1994 4049 contemptum,
2033 3967 2189 4027 omni
2207 3972 2372 4049 animi
2389 3967 2747 4049 contentione
2777 3967 3042 4049 deplorat.
3070 3976 3348 4049 Invenitur
3373 3976 3426 4028 in
3454 3967 3771 4049 monachos,

578 4040 669 4107 qui
695 4055 817 4117 cum
847 4040 1046 4117 mundo
1072 4058 1136 4117 se
1164 4040 2118 4117 nuntitrui'remisisse_proﬁteantur,
2143 4043 2445 4117 mundanis
2459 4053 2638 4117 tamen
2670 4040 2943 4108 ﬂuctibus,
2977 4056 3033 4101 et
3064 4046 3296 4117 negotiis
3331 4045 3524 4117 irretiti
3554 4053 3778 4099 tenean-

581 4119 689 4164 tur.
714 4111 971 4199 Qner'itulr
1001 4115 1262 4199 apud‘eos
1292 4113 1859 4199 nulliusauctoritatis
1884 4128 2005 4168 esse
2031 4112 2199 4199 leges,
2217 4123 2290 4199 .et
2324 4113 2816 4199 institutaPatrum
2835 4134 2861 4199 ,ε
2895 4117 3094 4199 quippe
3118 4111 3257 4198 e'um.
3277 4116 3582 4199 pecuniam,
3610 4130 3773 4196 quam

579 4196 822 4236 seorsum
857 4182 1056 4259 b_abere
1081 4185 1181 4239 sub
1211 4185 1515 4259 gravissimi
1533 4184 1819 4259 sacrilegii
1871 4199 2027 4259 pugna
2074 4182 2456 4259 prohibentur,
2480 4182 2485 4184 ⁷
2502 4185 2642 4259 nihil
2673 4187 2849 4259 veriti
2890 4182 3445 4259 singuli‘possideant,
3483 4185 3770 4259 etpassim

587 4252 1178 4326 qumrant.‘Exaggerat
1198 4252 1508 4311 earumdem
1533 4252 1805 4326 levitatem
1827 4252 1882 4312 et
1906 4252 2345 4320 inconstantiam,
2371 4256 2514 4325 quod
2543 4272 2648 4310 non
2671 4257 2724 4311 in
2753 4256 2906 4319 cella,
2931 4252 3003 4312 ut'
3019 4252 3238 4321 debent,
3260 4252 3615 4326 permaneant
3641 4273 3653 4307 :
3679 4255 3792 4322 sed.

578 4324 783 4397 passim
816 4323 1011 4393 ubique
1036 4323 1374 4397 evagentur,
1419 4328 1559 4381 unde
1595 4325 1689 4380 ﬁat
1736 4335 1795 4381 ut
1830 4328 1884 4381 in
1918 4327 2237 4397 gravissima
2267 4323 2488 4393 peccata
2527 4328 2900 4396 prolabantur.
2936 4329 3247 4383 Detestatur
3263 4323 3654 4397 superbiantget
3685 4340 3776 4379 ar—

578 4396 903 4469 mganti_a_m,
928 4397 1073 4463 quod
1103 4394 1362 4467 speciosis
1388 4399 1630 4453 vestibus
1661 4406 1903 4463 utantur,
1924 4394 2196 4469 'quodque
2230 4396 2340 4450 sint
2369 4394 2645 4467 popularis
2680 4414 2826 4469 aura:
2858 4414 2955 4469 per
2977 4399 3156 4453 ﬁctam
3181 4394 3509 4469 probitatem
3545 4394 3773 4469 aﬂ‘ecta-

504 4502 507 4503 ν
578 4462 1233 4538 ιρτθε.ῌξ1ἳυω“θχιοι·ἰι³ε
1279 4469 1664 4538 occupationes
1710 4476 1765 4522 et
1810 4462 2153 4538 saeularium
2207 4462 2545 4538 negotiorum
2591 4468 2779 4534 moles,
2833 4462 3028 4538 quibus
3078 4485 3137 4525 se
3182 4462 3482 4538 implicant,
3510 4466 3775 4538 graphice

581 4532 861 4610 describit,
910 4544 965 4589 et
1012 4545 1136 4591 ante
1168 4540 1358 4610 oculos
1388 4532 1559 4610 ponit.
1601 4535 1842 4592 Tandem
1886 4537 2162 4593 concludit
2202 4532 2420 4593 eosdem
2451 4532 2773 4604 obsecrans,
2802 4532 2866 4594 ut'
2885 4540 2931 4594 si
2958 4554 3069 4595 suae
3098 4532 3290 4595 salutis
3321 4532 3767 4610 curag’n'hahent,

578 4605 798 4679 giiinino
843 4618 902 4659 se
942 4620 973 4660 a
1021 4609 1217 4664 saeculo
1272 4605 1617 4674 subtraham,
1666 4618 1722 4663 et
1761 4623 1821 4663 re
1870 4610 2017 4679 ipsa,
2064 4624 2176 4666 non
2216 4609 2581 4679 specietenus,
2628 4624 2687 4666 se
2731 4611 2933 4667 mundo
2978 4610 3262 4666 abdicasse
3301 4608 3557 4666 omnibus
3587 4608 3773 4679 palam

575 4670 798 4731 faciant.

1027 4853 1255 4913 CAPUT
1292 4856 1581 4915 PRIMUM.

694 4942 945 5009 Queritur
965 4946 1029 5001 de
1054 4950 1358 5003 monasticae
1401 4949 1694 5019 discipline
1720 4948 1897 5021 lapsu.

581 5033 658 5089 De
706 5047 1022 5108 contemptu
1055 5040 1237 5096 saeculi
1278 5040 1455 5112 hujus,
1503 5042 1703 5099 fratres
1750 5041 2080 5108 eharissimi,

508 5124 700 5181 Albizo
745 5129 997 5186 videlicet
1050 5134 1376 5190 venerabilis
1423 5136 1675 5203 eremita,
1716 5145 1773 5191 et
1813 5134 1973 5192 Petre
2017 5135 2087 5192 de

511 5219 697 5273 mundi
723 5221 941 5277 rhetore
966 5223 1076 5293 jam
1099 5223 1303 5280 Christi
1342 5225 1680 5297 philosophe,
1707 5241 1872 5297 saepe,
1903 5237 1963 5282 ut
1991 5243 2090 5284 no-

515 5308 639 5375 stis,
685 5309 939 5366 familiari
988 5314 1219 5383 quodam
1261 5317 1441 5372 studio
1472 5318 1749 5387 disputare
1776 5317 1943 5383 soliti,
1977 5326 2089 5371 tum

511 5401 579 5456 de
632 5412 818 5456 nostra
874 5404 1112 5475 ipsorum
1162 5407 1572 5477 imperfectione
1621 5408 1914 5474 doluimus,
1976 5416 2089 5464 tum

510 5489 674 5546 etiam
695 5491 760 5547 de
779 5492 1052 5550 nonnullis
1076 5494 1236 5563 huius
1267 5512 1437 5553 sacra:
1467 5498 1678 5555 militia:
1711 5497 1970 5553 fratribus
1995 5513 2093 5569 per

512 5585 741 5653 abrupta
793 5586 1111 5655 vagantibus
1150 5589 1433 5658 conquesti
1484 5604 1693 5647 sumus.
1742 5591 1825 5646 Ad
1876 5600 2086 5647 tantam

512 5674 707 5745 quippe
750 5674 934 5731 faecem
980 5679 1222 5749 quotidie
1251 5683 1546 5752 semetipso
1585 5683 1827 5740 deterior
1853 5685 2088 5742 mundus

512 5765 619 5823 istc
657 5767 980 5835 devolvitur,
1021 5781 1080 5826 ut
1119 5786 1225 5825 non
1266 5772 1439 5827 solum
1467 5773 1755 5843 cujuslibet
1773 5778 1889 5833 sive
1918 5793 2088 5834 saecu-

512 5861 668 5930 laria,
698 5863 812 5921 sive
832 5863 1215 5925 ecclesiasticae
1244 5865 1574 5950 conditionis
1594 5869 1733 5929 ordo
1753 5885 1786 5929 a
1811 5881 1958 5931 statu
1990 5889 2088 5931 suo

2104 6034 2118 6060 Κ

2120 4861 2166 4924 C
2194 4854 2468 4926 collapsus
2482 4832 2803 4923 jaceatfsed
2828 4853 2991 4909 etiam
3020 4852 3136 4924 ipsa
3160 4850 3461 4908 monastica
3485 4827 3777 4921 disciplina

2197 4944 2496 5011 solotenus,
2527 4953 2587 4999 ut
2616 4945 2686 4999 ita
2713 4944 2963 5011 dixerim,
3001 4944 3282 5009 reclinata,
3331 4944 3401 4999 ab
3442 4951 3661 4998 assueta
3685 4941 3777 4998 illa

2193 5035 2537 5093 celsitudinis
2574 5050 2685 5091 suae
2714 5035 3048 5105 perfectione
3090 5034 3420 5105 languescat.
3464 5031 3636 5088 Periit
3677 5048 3780 5104 pu-

2194 5130 2313 5193 dor,
2346 5129 2607 5184 honestas
2641 5128 2885 5194 evanuit,
2920 5127 3110 5200 religio
3131 5127 3349 5192 cecidit,
3374 5134 3431 5181 et
3457 5124 3603 5180 velut
3630 5125 3779 5183 facto

2193 5221 2408 5291 agmine
2451 5221 2693 5276 omnium
2738 5229 3051 5276 sanctarum
3095 5219 3359 5274 virtutum
3404 5218 3560 5273 turba
3589 5216 3779 5288 procul

2198 5313 2483 5369 abscessit.
2541 5310 2744 5368 Omnes
2798 5313 2945 5368 enim
2997 5325 3117 5382 qua:
3167 5325 3266 5366 sua
3313 5319 3476 5376 sunt,
3528 5318 3781 5378 qua:th

2200 5403 2459 5477 (Philipp.
2486 5406 2574 5476 tr),
2626 5414 2681 5461 et
2727 5412 3042 5476 contempto
3080 5402 3291 5460 caelesti
3334 5401 3626 5467 desiderio,
3666 5408 3779 5457 ter-

2200 5511 2317 5554 ram
2368 5498 2749 5555 insatiabiliter
2793 5486 3199 5568 concupiscunt.
3252 5494 3322 5551 Et
3362 5494 3489 5566 quia
3521 5492 3623 5549 sub
3660 5493 3779 5565 ipso

2198 5590 2385 5646 mundi
2431 5588 2540 5646 line
2584 5590 2928 5661 postmodum
2955 5589 3164 5644 inhiare
3184 5602 3289 5643 non
3319 5586 3594 5651 desinunt,
3620 5584 3778 5656 quasi

2197 5694 2322 5754 post
2348 5684 2456 5740 alta
2489 5685 2664 5756 pelagi
2691 5685 2745 5740 in
2773 5684 2927 5740 littus
2953 5683 3151 5749 evecti,
3181 5691 3380 5740 terram
3409 5679 3637 5751 remigio
3662 5680 3779 5734 ina-

2198 5778 2347 5833 niter
2378 5779 2622 5849 pulsant,
2662 5779 2789 5834 dum
2816 5777 2996 5836 adhuc
3018 5779 3332 5849 pervicaces
3352 5777 3608 5848 navigare
3630 5773 3779 5831 festi.

2199 5880 2356 5928 nant.
2389 5870 2607 5929 Etcum
2636 5868 2923 5929 laborandi
2949 5870 3074 5930 linis
3091 5870 3282 5945 procul
3315 5871 3479 5928 dubio
3501 5868 3658 5941 quies
3678 5866 3787 5952 sit,
