4110 5364
362 273 465 328 255

1278 272 1518 330 OPUSC.
1561 274 1671 331 XII.
1702 307 1770 318 -—
1808 277 2347 341 DE.CONTEMPTU
2389 280 2677 338 SECUth

3488 281 3599 339 25‘

307 444 316 466 ἲ
359 384 554 452 quibus
590 381 736 437 ultro
777 382 1089 452 quiescendi
1121 383 1273 439 locus
1297 385 1542 454 offertur,
1584 403 1919 460 supervacuo
1949 397 1996 453 Α
2021 388 2281 445 fensionis
2327 400 2445 446 arte
2492 392 2873 462 purgabimus?
2922 391 3034 447 Hoc
3078 392 3288 448 accedit
3312 395 3457 464 quod
3488 391 3596 462 illi,

311 472 319 531 ':
360 475 562 531 laboris
590 475 774 530 studio
810 475 1101 544 pmnaliter
1130 475 1447 549 fatigantur.

978 588 1207 643 CAPUT
1245 588 1305 642 ll.

356 675 437 730 De
484 676 770 742 monachis,
818 677 906 747 qui
955 678 1024 730 ad
1068 695 1149 742 ea,
1201 696 1318 749 quae
1366 692 1700 751 reliquerant,
1756 698 1926 737 rever-

1041 758 1238 802 (untur.

388 818 399 830 ’
431 835 538 891 Sed
570 845 709 901 esto,
742 847 800 892 ut
829 838 923 893 filii
954 840 1113 907 hujus
1149 843 1331 897 saeculi
1362 844 1416 899 in
1444 842 1729 918 ﬂuctivaga
1758 861 1921 902 saccu-

352 922 933 994 lsrium'procellarum
964 929 1316 986 inundatione
1353 943 1659 1000 versentur,
1690 946 1747 990 et
1778 952 1924 993 nunc

350 1017 582 1081 semina,
624 1018 823 1087 quibus
871 1023 1186 1090 propensius
1220 1023 1584 1092 obiectantur,
1615 1036 1921 1099 aspergant,

350 1118 412 1160 ut
444 1123 549 1161 non
595 1123 731 1177 quas
762 1109 1053 1175 voluerint,
1108 1116 1447 1181 postmodum
1489 1117 1674 1188 fruges
1695 1112 1917 1174 metant.

349 1195 491 1262 Quid
532 1198 678 1253 enim
720 1200 871 1262 mihi,
918 1200 1072 1268 juxta
1116 1202 1453 1271 Apostolum,
1496 1207 1561 1261 de
1603 1209 1687 1263 his
1730 1211 1821 1278 qui
1868 1211 1920 1265 in

345 1288 551 1342 mundo
596 1298 742 1355 sunt,
781 1290 1062 1360 judicare?
1104 1292 1158 1363 (Ι
1188 1292 1312 1349 Cor.
1337 1296 1415 1368 v.)
1440 1295 1547 1352 Nos
1590 1310 1793 1366 autem,
1827 1302 1918 1370 qui

349 1380 539 1434 mundi
570 1381 1071 1439 abrenuntiationes
1098 1385 1352 1452 dicimur,
1373 1390 1467 1459 qui
1496 1393 1697 1447 terreni
1726 1392 1920 1450 ﬂuctus

345 1474 691 1544 naufragium
732 1477 972 1531 evasisse
1007 1477 1327 1547 gloriamur,
1353 1495 1452 1535 cur
1474 1483 1540 1536 ad
1565 1482 1691 1536 illud
1720 1483 1915 1551 denuo,

348 1567 495 1619 velut
506 1566 667 1638 2‘5
681 1569 915 1637 quodam
940 1570 1144 1625 vertice
1167 1571 1430 1626 violenter
1443 1573 1765 1629 absorbente
1781 1576 1919 1630 rela-

344 1653 565 1708 himur?
584 1656 695 1711 Cur
714 1659 782 1711 ad
803 1672 889 1723 ea,
908 1672 1030 1727 quae
1056 1675 1156 1729 pro
1180 1661 1362 1716 divino
1381 1678 1565 1718 amore
1590 1666 1917 1735 contempsi-

2029 484 2318 539 vacillante
2347 484 2522 539 adhuc
2553 484 2676 547 fide,
2710 484 2759 536 in
2794 482 2938 536 nulla
2981 484 3297 539 videbantur
3342 486 3591 541 ecclesia-

2028 573 2159 627 stica
2186 588 2342 642 posse
2364 574 2751 627 sustentationc
2773 571 3075 632 confidere;
3103 574 3357 627 nimirum
3384 575 3509 628 dum
3537 575 3590 629 in

2027 662 2144 731 ipso
2198 662 2515 719 Christianae
2560 662 2839 731 religionis
2902 663 3122 716 exordio
3188 664 3317 732 ipsa:
3377 677 3592 735 quoque

2026 752 2278 807 Ecclesia;
2319 752 2546 809 necdum
2590 752 2802 809 fuerant
2847 766 2942 823 per
2994 752 3270 807 materiale
3305 754 3588 813 aedificium

2023 842 2320 899 fabricatae.

2093 932 2203 987 Nos
2227 942 2430 997 autem,
2456 933 2549 1004 qui
2576 934 2774 1002 ubique
2818 941 3081 987 terrarum
3132 941 3238 987 tam
3288 933 3588 1002 largissima

2023 1023 2371 1078 ecclesiarum
2401 1024 2723 1093 patrimonia
2762 1023 3049 1087 cernimus,
3083 1035 3140 1077 ut
3176 1024 3435 1092 quotidie,
3463 1025 3588 1078 dum

2024 1117 2255 1168 mundus
2285 1115 2566 1169 imminuta
2604 1116 2944 1185 possessione
2972 1116 3326 1181 contrahitur,
3352 1115 3591 1171 Ecclesia

2023 1203 2390 1272 copiosissime
2435 1204 2718 1270 dilatettrr;
2770 1204 2815 1258 si
2859 1214 3109 1273 tanquam
3152 1205 3216 1259 de
3267 1202 3460 1259 futuris
3500 1203 3592 1273 illi?

2021 1297 2218 1349 mentis
2259 1294 2465 1349 lucrum
2508 1296 2726 1349 carnale
2777 1297 3123 1366 reponimus,
3172 1297 3298 1350 dum
3345 1296 3586 1351 nobisin

2019 1395 2292 1456 posterum
2324 1386 2656 1456 providendo
2698 1387 3030 1454 ditescimus,
3065 1388 3315 1442 thesauro
3342 1385 3464 1440 ﬁdei
3490 1400 3588 1440 nos

2020 1496 2219 1535 vacuos
2249 1496 2368 1534 esse
2415 1490 2796 1536 monstramus.
2827 1479 2989 1551 246
3019 1479 3093 1533 De
3122 1493 3228 1547 quo
3251 1476 3538 1547 Apostolus
3570 1493 3585 1530 :

2025 1590 2044 1624 ι
2075 1570 2363 1636 Habemus,
2394 1573 2589 1641 inquit,
2620 1574 2932 1628 thesaurum
2958 1573 3121 1626 istum
3159 1572 3212 1625 in
3241 1572 3384 1626 vasis
3417 1570 3591 1625 fictili-

2018 1664 2119 1718 bus
2149 1661 2232 1732 (Il
2255 1662 2377 1717 Cor.
2406 1666 2501 1733 tv).
2534 1683 2552 1716 ι
2607 1663 2674 1717 Εῑ
2717 1664 2841 1717 dum
2886 1662 3185 1717 cautionem
3211 1703 3228 1728 ,
3273 1676 3432 1732 quam
3460 1675 3583 1715 cum

340 1760 485 1810 mus,
529 1748 862 1817 retrogradis
893 1749 1131 1804 nitentes
1159 1752 1453 1820 gressibus,
1502 1754 1640 1809 male
1666 1756 1916 1810 :estuanti
1943 1740 1992 1799 Β
2019 1752 2235 1806 Christo
2280 1753 2599 1822 pepigimus,
2632 1751 2945 1824 frangimus,
2992 1754 3201 1809 violatae
3240 1752 3363 1808 ﬁdei
3408 1751 3585 1821 patius

340 1837 614 1891 desiderio
660 1839 998 1894 recalemus?
1022 1839 1134 1896 Cur
1176 1858 1284 1897 non
1327 1858 1574 1898 veremur
1604 1843 1732 1899 illud
1762 1846 1916 1901 inho-

338 1936 510 1983 nestae
546 1930 864 1987 ambitionis
909 1934 1320 2003 importunitate
1354 1944 1619 2004 repetere,
1649 1940 1792 2006 quod
1818 1954 1915 1993 ne-

336 2033 452 2089 que
484 2029 702 2076 terrena
741 2022 886 2090 jura,
927 2039 1103 2094 neque
1129 2026 1322 2080 divinae
1349 2025 1481 2094 legis
1510 2029 1803 2082 auctoritas
1824 2044 1912 2083 vev

338 2121 517 2166 ruerat
567 2114 881 2183 possidere?
927 2114 1096 2170 Porro
1138 2131 1238 2171 nos
1288 2116 1537 2189 fecimus,
1589 2126 1647 2173 ut
1689 2133 1718 2171 a
1760 2118 1915 2174 nobis

328 2202 478 2272 juste
506 2219 751 2275 possessa
775 2206 886 2275 jam
913 2218 1099 2262 nostra
1129 2223 1234 2262 non
1267 2208 1475 2272 flerent,
1510 2219 1565 2264 et
1594 2223 1714 2277 qua:
1740 2208 1911 2262 nostri

328 2296 472 2365 juris
514 2309 689 2363 erant,
745 2300 799 2354 in
841 2299 1076 2355 alienum
1110 2301 1408 2356 dominium
1439 2301 1697 2357 translata
1725 2300 1912 2371 prodi-

333 2396 479 2443 rent.
508 2387 662 2455 Quod
691 2405 820 2462 ergo
845 2392 1132 2447 consilium
1177 2392 1281 2449 fuit
1319 2394 1372 2447 in
1412 2402 1521 2447 tam
1549 2393 1911 2462 periculosum

334 2481 697 2550 nosmetipsos
733 2492 1007 2537 certamen
1038 2483 1329 2549 adducere,
1361 2495 1423 2538 ut
1449 2492 1637 2538 contra
1664 2484 1907 2538 omnium

331 2568 693 2626 humanarum
744 2574 1159 2642 divinarumque
1200 2575 1380 2645 legum
1407 2574 1645 2640 decreta,
1683 2588 1907 2643 quarum

332 2664 583 2720 videlicet
606 2681 735 2735 pace
756 2667 1089 2733 fruebamur,
1109 2683 1250 2723 nunc
1271 2682 1491 2723 necesse
1516 2669 1588 2722 sit
1613 2668 1909 2723 dimicare?

330 2753 440 2809 Nos
471 2755 735 2825 siquidem
766 2757 985 2811 minime
1027 2758 1262 2813 lacessiti
1308 2762 1553 2813 ultronea
1603 2759 1909 2813 temeritate

328 2846 532 2902 bellum
581 2848 864 2914 movimus,
911 2858 968 2904 et
1007 2865 1149 2905 nunc
1187 2858 1374 2906 contra
1423 2864 1592 2905 sacra:
1617 2849 1909 2920 Scriptura

328 2938 629 2992 sententias
656 2939 943 3011 confligere
974 2956 1079 2995 non
1112 2942 1384 2996 timemus.

935 3047 1160 3105 CAPUT
1194 3049 1278 3104 Ill.

2019 1849 2289 1896 tormenta
2318 1850 2579 1907 metuere,
2610 1858 2774 1911 quant
2805 1842 3020 1911 praemia
3064 1857 3350 1913 possumus
3380 1843 3446 1896 de
3493 1856 3585 1894 no-

2015 1940 2126 1986 stra
2177 1932 2529 1988 conversione
2578 1946 2818 2001 sperare.
2873 1932 2930 1986 lu
2984 1934 3339 1987 conventione
3384 1932 3582 1986 etenim

2014 2022 2177 2091 pacti,
2207 2023 2349 2091 quod
2376 2023 2515 2077 inter
2540 2022 2675 2078 duos
2706 2023 2788 2086 ﬁt.
2811 2023 3115 2092 sponsionis
3139 2037 3241 2076 vox
3265 2037 3332 2078 ex
3358 2030 3583 2090 utraque

2013 2098 2168 2181 parte
2193 2114 2435 2183 procedit
2468 2130 2484 2168 :
2520 2124 2578 2168 ut
2605 2115 2861 2170 nimirum
2898 2116 3166 2180 uterlibet,
3209 2115 3300 2184 qui
3336 2114 3581 2168 condicta

2014 2206 2350 2269 servaverit,
2398 2206 2616 2260 modum
2667 2206 2942 2262 deliberati
2993 2206 3198 2261 fructus
3245 2206 3503 2274 accipiat;
3553 2218 3582 2258 c

2014 2302 2204 2348 coritra
2253 2293 2344 2361 qui
2395 2302 2762 2366 transgressus
2809 2294 3010 2361 fuerit,
3051 2295 3318 2366 jacturam
3372 2292 3580 2347 VlOlnliB

2014 2383 2315 2450 sponsionis
2346 2382 2607 2439 incurrat.
3606 2446 3625 2464 ,

2082 2472 2137 2525 In
2163 2474 2410 2541 pactione
2436 2483 2614 2528 autem
2644 2474 2753 2540 illa,
2781 2490 2888 2545 qua
2918 2490 3037 2530 cum
3089 2474 3197 2528 Dco
3229 2484 3411 2529 nostro
3453 2489 3583 2527 con-

2011 2568 2293 2632 venimus,
2343 2582 2444 2621 vox
2497 2575 2678 2622 nostra
2719 2569 2834 2624 haec
2874 2568 3058 2638 procul
3107 2569 3265 2622 dubio
3311 2567 3431 2634 fuit,
3456 2566 3580 2636 quia

2011 2656 2281 2711 Christum
2351 2667 2676 2727 sequentes,
2724 2659 3020 2721 mundum,
3072 2667 3126 2713 et
3186 2672 3410 2728 quicque
3456 2665 3581 2710 sunt

2012 2743 2217 2816 mundi,
2248 2753 2629 2808 abrenuntiare
2660 2753 3022 2823 promisimus.
3056 2752 3242 2805 Divina
3268 2760 3445 2804 autem
3475 2765 3575 2803 vox

1938 2843 1953 2856 ⁸
2010 2853 2402 2915 consequenter
2449 2845 2515 2898 ad
2565 2844 2669 2898 ista
2712 2843 2985 2912 respondit
3024 2860 3038 2896 :
3084 2861 3101 2893 ι
3130 2844 3334 2906 Amen,
3385 2841 3576 2910 inquit,

2010 2938 2133 2992 dico
2160 2938 2336 3004 vobis,
2367 2937 2491 3006 quia
2520 2954 2613 2992 vos
2638 2937 2728 3005 qui
2758 2936 2925 2991 secuti
2971 2936 3103 2990 estis
3135 2951 3238 2999 me,
3271 2934 3323 2989 in
3356 2947 3577 3002 regene-

2009 3030 2218 3085 ratione
2243 3046 2364 3085 cum
2391 3030 2588 3084 sederit
2615 3028 2783 3085 Filius
2824 3026 3054 3082 hominis
3086 3027 3138 3080 in
3168 3027 3294 3079 sede
3325 3021 3567 3090 majesta-

329 3134 482 3200 Quod
522 3137 693 3190 minus
725 3150 1057 3206 peccaverunt
1097 3140 1349 3203 Ananiae,
1378 3151 1426 3211 et
1465 3137 1711 3210 Sapliira,
1740 3155 1897 3211 quam

2006 3122 2073 3178 tis
2103 3138 2233 3186 suae,
2265 3122 2518 3177 sedcbitis
2544 3131 2605 3177 et
2647 3136 2742 3176 vos
2788 3135 2948 3190 super
2993 3118 3146 3173 sedes
3181 3116 3459 3171 duodecim
3484 3115 3574 3184 ju-

675 3212 933 3275 monachi,
956 3214 1043 3280 qui
1064 3212 1309 3280 pecunias
1334 3210 1541 3264 habent.

393 3298 550 3366 Quis,
580 3315 729 3370 rogo,
760 3302 1024 3356 Anauiam
1054 3311 1109 3357 et
1158 3302 1444 3371 Saphiram
1474 3302 1638 3358 rebus
1663 3304 1900 3373 propriis

277 3411 280 3413 λ
324 3391 706 3448 abrenuntiare
738 3395 944 3464 coegit?
988 3396 1124 3464 (Act.
1151 3396 1225 3465 v.)
1275 3394 1381 3450 Sed
1413 3397 1538 3465 quia
1569 3394 1897 3466 parten'rpe-

324 3483 497 3536 conia
524 3491 748 3552 uterque
787 3501 883 3553 pro
912 3485 1256 3541 suswntanda
1305 3486 1458 3556 quasi
1490 3486 1647 3557 longa
1674 3487 1780 3540 vita
1812 3502 1899 3541 re-

327 3575 505 3642 tinuit,
536 3577 828 3646 repentina:
874 3578 1062 3633 mortis
1104 3580 1428 3635 sententiam
1468 3594 1574 3635 non
1603 3581 1798 3635 evasit.
1829 3579 1898 3634 Et

325 3668 448 3736 quia
463 3682 800 3739 nequaquam
812 3669 964 3736 juxta
978 3671 1482 3727 abrenuntiatorum
1504 3671 1742 3740 regulam
1764 3685 1896 3726 con-

328 3757 456 3810 lenti
493 3766 618 3812 sunt
652 3759 855 3821 vivere,
874 3758 1026 3828 juxta
1054 3762 1528 3829 przevaricatorum
1558 3761 1896 3816 animadver-

324 3846 530 3901 sionem
569 3848 741 3902 coacti
771 3857 897 3903 sunt
938 3850 1227 3905 immaturo
1266 3851 1411 3906 exitu
1438 3850 1723 3906 infeliciter
1749 3850 1895 3920 expi-

325 3947 466 3991 rare.
494 3936 560 3990 Et
582 3938 796 4006 quidem
821 3938 919 4005 illi,
947 3947 1130 4008 utpote
1157 3941 1333 4004 rudes,
1358 3949 1413 3996 et
1441 3942 1510 3996 ad
1536 3941 1695 3995 fidem
1716 3940 1892 3995 denuo

326 4022 613 4091 venientes,
648 4030 873 4081 necdum
922 4030 1151 4084 fortasse
1197 4031 1265 4084 ad
1317 4031 1530 4100 plenum
1577 4028 1890 4100 evangelica

325 4126 585 4188 praecepta
613 4119 930 4183 didicerant,
963 4121 1190 4176 necdum
1242 4123 1381 4175 sacri
1430 4136 1583 4176 nova
1632 4120 1893 4177 doctrinas

324 4209 531 4263 codices
558 4209 623 4264 ad
671 4209 938 4278 publicum
970 4211 1021 4264 in
1052 4226 1332 4266 commune
1360 4220 1769 4282 processerant;
1814 4217 1892 4264 at-

325 4307 498 4351 tamen
524 4299 614 4366 qui
648 4299 701 4352 in
735 4300 848 4366 ipso
878 4300 998 4354 tidei
1047 4300 1296 4357 tirocinio
1326 4302 1724 4370 quodammodo
1765 4300 1893 4356 sim-

325 4387 530 4456 pliciter
556 4401 936 4460 peccaverunt,
968 4393 1215 4448 districto
1243 4396 1481 4463 quidem,
1514 4397 1608 4451 sed
1638 4396 1728 4465 pio
1748 4395 1890 4464 judi.

324 4482 425 4544 cio,
448 4483 579 4548 sola,
605 4491 667 4538 ut
685 4486 978 4550 credimus,
1008 4496 1135 4541 sunt
1152 4502 1437 4556 corporum
1462 4498 1637 4544 morte
1658 4489 1885 4543 multati.

324 4571 426 4628 Nos
454 4585 654 4640 autem,
688 4575 781 4645 qui
809 4587 1001 4632 cuncta
1034 4578 1175 4634 sacri
1204 4578 1404 4649 eloquii
1430 4580 1702 4636 volumina
1734 4582 1889 4635 novi-

326 4679 454 4731 mus,
485 4668 577 4736 qui
614 4667 1086 4724 innutnerabilium
1142 4679 1452 4725 sanctorum
1496 4671 1717 4726 Patrum
1748 4673 1886 4728 vitas

322 4764 475 4824 atque
498 4766 769 4827 praecepta
801 4768 919 4826 post
968 4758 1096 4815 illud
1139 4774 1362 4814 aureum
1392 4761 1755 4829 apostolorum
1786 4776 1886 4817 sae-

322 4847 486 4904 culum
528 4849 906 4915 existentium,
937 4864 1045 4919 pra:
1074 4851 1248 4906 oculis
1293 4850 1508 4906 assidua
1550 4853 1885 4906 discussione

322 4950 577 4999 versamus
604 4983 619 5009 ,
677 4951 805 4995 ante
846 4941 1074 4996 tribunal
1127 4942 1331 4999 Christi
1363 4943 1489 5011 quid
1518 4944 1884 4999 excusationis

319 5028 614 5098 obtendere,
648 5031 797 5101 quod
846 5033 1300 5103 tergiversationis
1329 5043 1701 5101 argumentum
1736 5044 1884 5102 pute-

320 5121 466 5181 rimus
498 5123 790 5182 invenire?
835 5123 971 5180 Ecce
1013 5128 1166 5197 longe
1217 5123 1509 5180 nobiliores
1547 5136 1804 5193 quaestus,
1834 5133 1890 5181 et

314 5208 444 5272 lucra
471 5231 719 5292 quasque
751 5224 960 5271 terrena
990 5236 1095 5277 non
1142 5216 1307 5273 modo
1337 5217 1671 5286 reliquimus,
1703 5217 1799 5271 sed
1830 5226 1886 5272 et

312 5314 610 5364 perpetuam
662 5320 856 5361 eorum
923 5307 1447 5364 abrenuntiatiouem
1497 5322 1601 5361 non
1650 5306 1880 5364 homini.

2003 3213 2246 3268 drcantes
2286 3212 2567 3266 duodecim
2612 3212 2783 3265 tribus
2828 3209 2990 3264 Israel
3036 3207 3249 3280 (Matth.
3276 3203 3410 3274 xix).
3443 3222 3460 3254 ι
3509 3202 3574 3257 Et

2000 3304 2104 3359 hoc
2134 3303 2373 3373 quidem,
2398 3305 2441 3358 si
2471 3304 2759 3374 propositae
2783 3301 3087 3372 sponsionis
3109 3300 3233 3369 jura
3264 3310 3568 3361 servamus;

1999 3396 2235 3466 alioquin
2260 3397 2305 3451 si
2335 3406 2455 3466 post
2478 3406 2624 3463 terga
2653 3394 2990 3463 respicimus,
3020 3389 3255 3446 terribile
3284 3402 3407 3441 mox
3450 3400 3569 3440 ora-

1999 3485 2179 3540 culum
2210 3485 2402 3540 divinae
2429 3483 2865 3540 comminationis
2897 3482 3145 3535 audimus
3176 3495 3189 3531 :
3228 3496 3246 3529 ι
3275 3475 3463 3539 Nemo,
3492 3474 3570 3528 in-

1998 3579 2134 3646 quit,
2168 3582 2388 3633 mittens
2419 3594 2633 3632 manum
2675 3592 2828 3633 suam
2866 3576 2932 3630 ad
2970 3584 3206 3629 aratrum
3235 3615 3250 3639 ,
3301 3581 3358 3627 et
3401 3569 3571 3639 respi-

1998 3673 2146 3726 ciens
2174 3680 2339 3736 retro,
2385 3681 2542 3742 aptus
2570 3678 2654 3725 est
2708 3684 2871 3737 regno
2902 3667 2997 3722 Dei
3049 3665 3203 3737 (Luc.
3232 3666 3329 3737 Ix).
3364 3682 3382 3715 ι
3431 3664 3568 3716 Ecce

1996 3763 2319 3825 audivimus,
2350 3762 2441 3833 qui
2470 3748 2723 3832 perfectis
2750 3757 3206 3814 renuutiatoribus
3227 3772 3330 3811 non
3352 3753 3583 3823 qualia:

1995 3871 2203 3923 cunque
2223 3868 2452 3913 munera
2495 3853 2900 3925 promittuntur,
2934 3849 3026 3905 sed
3055 3849 3230 3927 sedes,
3257 3846 3453 3916 quibus
3483 3845 3563 3897 vi-

1998 3948 2195 4002 delicet
2221 3947 2584 4016 praesidebunt
2604 3944 2814 4012 judices
2853 3943 3003 4007 facti,
3034 3941 3126 4011 qui
3169 3940 3237 3994 de
3280 3938 3392 3993 suis
3438 3937 3565 3991 olim

1995 4041 2286 4093 timuerant
2312 4038 2625 4093 excessibus
2662 4035 2916 4106 judidari.
2944 4028 3478 4110 Nimirumdecebat,
3511 4037 3566 4081 ut

1992 4130 2107 4185 haec
2136 4131 2372 4186 dexterae
2398 4128 2608 4184 Excelsi
2636 4127 2955 4185 immutatio,
2978 4126 3152 4189 fieret,
3182 4132 3447 4192 quatenus
3472 4122 3565 4188 qui

1993 4236 2177 4277 amore
2199 4220 2547 4292 perfectionis
2568 4235 2665 4289 pro
2686 4217 2902 4274 Christo
2925 4215 3103 4272 effecti
3133 4222 3256 4270 sunt
3279 4226 3564 4285 pauperes,

1984 4315 2097 4385 jam
2127 4331 2247 4368 cum
2277 4314 2390 4382 ipso
2420 4313 2613 4367 divites
2659 4311 2782 4365 facti
2821 4309 3180 4364 communiter
3203 4305 3424 4361 sedeant
3448 4316 3564 4357 ca:-

1992 4404 2143 4459 lcstis
2167 4404 2330 4458 curia:
2360 4411 2657 4467 senatores,
2694 4401 2835 4455 sicut
2861 4401 3120 4472 scriptum
3152 4405 3236 4454 est
3261 4413 3275 4453 :
3303 4396 3331 4447 'c
3361 4392 3568 4448 Nobilis

1994 4498 2049 4563 in
2074 4496 2243 4565 portis
2267 4496 2346 4550 vir
2365 4493 2500 4567 ejus,
2526 4512 2646 4551 cum
2674 4494 2875 4549 sederit
2897 4509 3019 4549 cum
3051 4488 3389 4547 senatoribus
3412 4480 3568 4539 terrae

1998 4587 2181 4657 (Prov.
2216 4587 2358 4659 ult.).

2604 4673 2830 4733 CAPUT
2865 4673 2956 4734 IV.

1996 4768 2148 4834 Quod
2182 4768 2466 4825 monachus
2502 4779 2720 4841 nequeat
2753 4764 3019 4887 (Divinum
3061 4760 3216 4819 simul
3246 4770 3293 4816 et
3322 4756 3569 4830 pecunias

2638 4845 2788 4887 nosst'
2817 4851 2923 4887 ere.

2637 4845 2923 4906 possidere.

2062 4948 2166 5017 Qui
2213 4966 2340 5006 vero
2385 4954 2456 5007 ad
2500 4968 2601 5016 ea,
2640 4962 2759 5017 quae
2789 4921 3029 5018 reliquit,
3066 4956 3277 5002 terrena
3323 4935 3575 5010 quaelibet

1991 5043 2353 5112 conserendo,
2384 5045 2702 5103 revertitur,
2749 5034 2895 5093 sicut
2938 5040 3146 5097 alienus
3172 5046 3257 5090 est
3285 5051 3316 5089 a
3359 5025 3576 5089 δωροῖο,
3610 5051 3630 5070 ο
3670 5042 3681 5087 ί

1995 5146 2103 5200 quo
2132 5148 2192 5189 se
2219 5132 2456 5187 decrevit
2488 5140 2706 5191 exuere,
2740 5127 2812 5181 ita
2854 5132 3029 5187 etiam
3076 5142 3241 5200 regno
3286 5121 3385 5180 Dei
3426 5123 3580 5185 aptus

1994 5222 2135 5276 ultra
2186 5238 2290 5276 non
2331 5226 2436 5286 est,
2468 5220 2613 5292 quod
2663 5215 3039 5278 indubitanter
3081 5224 3360 5288 acceptum
3411 5203 3584 5262 noluit

1991 5312 2289 5364 nossidere.
2340 5307 2552 5364 Fatuus
2603 5308 2857 5364 nimirum
2913 5316 3113 5364 viator.
3153 5325 3256 5364 nec
3286 5319 3357 5361 eo
3383 5294 3582 5354 reverti
3641 5310 3647 5317 δ
