4106 6320
504 385 609 445 255

926 390 983 447 S.
1021 390 1225 455 PETRI
1260 394 1541 452 DAMIANI
1577 394 1725 453 OPP.
1769 394 2002 455 TOMUS
2037 397 2171 485 .SEU
2207 399 2384 457 PARS
2423 401 2506 456 lll.
2547 433 2614 443 —
2652 402 3013 462 OPUSCULA
3050 404 3279 460 VARIA.

3635 400 3741 459 258

505 516 712 569 sumus,
741 510 801 558 ut
824 513 880 559 et
906 504 995 561 ille
1021 515 1167 562 esset
1202 510 1379 578 portio
1405 519 1610 576 nostra,
1638 519 1694 565 et
1720 524 1818 567 nos
1843 501 2078 582 pecutta-
2105 515 2155 574 Α
2181 513 2270 569 illa
2301 515 2500 569 malitia
2546 518 2772 574 sarcinis
2820 527 3230 589 praegravatum,
3263 526 3317 572 et
3347 516 3574 586 turpiter
3616 506 3765 575 ante'

505 589 639 644 riter
682 590 967 648 hereditas
1009 609 1127 649 sua.
1174 594 1421 652 Dicimus
1449 600 1593 653 enim
1626 617 1638 653 :
1673 619 1691 652 ι
1724 599 1904 655 Portio
1929 616 2070 667 mea,

505 677 730 734 Domine
757 679 928 751 (Psal.
964 684 1173 755 cxvm).
1213 704 1232 737 ι
1278 687 1343 740 Ει
1370 687 1460 743 ille
1480 672 1639 743 nobis
1675 708 1687 743 :
1738 709 1757 742 ‹
1786 693 1932 761 Opus
1958 707 2074 746 ma-

506 785 669 826 nuum
703 787 944 829 mearum
978 785 1032 831 tu
1063 792 1141 844 es,
1175 774 1461 836 luereditas
1505 798 1624 838 mea
1649 824 1664 848 ,
1713 783 1878 839 Israel
1926 785 2070 856 (Isa.

503 864 638 932 nx).
671 884 689 917 ι
743 865 875 921 Nam
906 867 972 923 de
1002 868 1314 925 haereditate
1362 879 1576 927 terrena
1630 876 1889 945 scriptum
1941 886 2023 931 cst
2056 894 2071 931 :

510 970 529 1002 ‹
564 952 882 1023 Ηωτεάἰιθε,
912 959 977 1012 ad
1000 974 1160 1029 quam
1190 960 1243 1014 in
1268 962 1531 1031 principio
1558 961 1863 1030 festinatur,
1898 967 1953 1020 in
1981 983 2076 1021 no—

502 1044 739 1102 vissimis
764 1049 1140 1107 benedictione
1168 1054 1375 1108 carebit
1419 1052 1598 1126 (Prov.
1638 1057 1750 1128 xx).
1791 1077 1810 1109 ›
1860 1057 1919 1113 Si
1947 1075 2076 1131 ergo

502 1136 678 1203 portio
707 1146 892 1192 nostra
925 1141 1039 1209 ipse
1067 1143 1407 1213 omnipotens
1446 1147 1589 1202 Deus
1638 1162 1758 1204 esse
1798 1150 2072 1222 dignatur,

503 1226 667 1294 quod,
701 1243 849 1299 rogo,
880 1231 1186 1287 divitiarum
1219 1247 1389 1305 genus
1427 1238 1693 1307 quispiam
1739 1240 1939 1295 valebit
1986 1258 2076 1297 ac-

503 1315 746 1383 quirere,
798 1320 939 1388 quod
990 1336 1153 1390 super
1197 1325 1338 1379 hunc
1385 1326 1712 1398 singularem
1761 1331 2074 1387 thesaurum

504 1407 696 1461 merito
741 1408 934 1464 debeat
982 1412 1292 1470 cumulare?
1341 1414 1652 1475 Thesaurus
1699 1437 1934 1491 namque
1989 1424 2078 1480 ille

503 1498 809 1569 hujusmodi
842 1510 943 1565 est,
973 1513 1032 1558 ut
1066 1505 1110 1559 si
1153 1506 1298 1562 solus
1330 1509 1422 1575 sit,
1453 1525 1640 1566 omnes
1669 1513 1723 1565 in
1755 1513 1847 1568 illo
1876 1514 2075 1569 divitiae

504 1590 717 1674 valeant
746 1596 1010 1650 veraciter
1036 1600 1321 1667 possideri.
1353 1602 1409 1656 In
1440 1613 1659 1674 pectore
1691 1623 1922 1676 namque
1949 1609 2076 1664 Jesu

501 1696 692 1737 omnes
740 1685 979 1741 thesauri
1028 1691 1303 1758 sapientia:
1364 1702 1418 1747 et
1483 1695 1726 1751 scientiae
1777 1696 2079 1753 absconditi

501 1782 624 1827 sunt
651 1774 874 1846 (Coloss.
902 1777 985 1850 ιι).
1021 1778 1077 1834 Si
1105 1797 1234 1837 vero
1265 1781 1399 1838 alias
1445 1784 1606 1857 247
1650 1794 1812 1859 atque
1837 1790 2081 1861 peregri-

499 1880 600 1919 nas
624 1866 838 1922 divitias
886 1884 1049 1941 super
1080 1872 1223 1927 hunc
1256 1874 1320 1940 is,
1354 1877 1443 1944 qui
1491 1879 1719 1947 potitur,
1768 1859 2077 1951 constipare
2108 1859 2152 1919 Β

388 1997 403 2012 .
498 1955 747 2021 voluerit,
781 1958 925 2014 illico
950 1961 1072 2016 vilis
1104 1973 1265 2034 atque
1291 1966 1540 2036 ignobilis
1568 1971 1733 2039 copia:
1760 1972 2078 2042 dedignatur

499 2046 722 2102 omnino
747 2052 1110 2119 consortium;
1157 2062 1212 2108 et
1240 2055 1446 2125 indigni
1474 2062 1875 2118 contubernalis
1906 2064 2077 2133 impa-

506 2136 667 2203 tiens,
702 2139 825 2193 dum
858 2141 1078 2197 retineri
1127 2154 1370 2214 putatur,
1415 2150 1708 2217 amittitur;
1761 2161 1924 2222 atque
1972 2155 2075 2210 hoc

501 2226 658 2280 modo
708 2242 773 2281 ex
823 2228 1070 2285 frustrati
1134 2233 1311 2288 avolat
1384 2237 1629 2292 manibus
1677 2243 2004 2308 possessoris
2058 2261 2071 2297 :

505 2334 523 2367 ι
561 2315 727 2371 Nemo
777 2321 912 2375 enim
979 2331 1157 2393 potest
1211 2325 1320 2381 Deo
1368 2328 1572 2383 servire
1627 2329 1693 2384 'et
1757 2347 2074 2388 mammonae

501 2408 716 2477 (Matth.
749 2423 847 2484 γι).
884 2434 903 2466 ι

568 2501 926 2574 Quapropter,
968 2521 1002 2562 ο
1032 2510 1314 2573 monache,
1356 2512 1439 2567 vis
1468 2512 1522 2567 in
1554 2523 1646 2569 tuo
1676 2514 1851 2570 loculo
1882 2531 2071 2571 recon-

481 2594 628 2650 .dere
654 2596 968 2654 Christum?
990 2611 1182 2658 excute
1212 2604 1361 2673 prius
1391 2622 1700 2674 nummum;
1732 2624 1906 2678 neque
1926 2602 2086 2665 enim‘

498 2687 553 2740 in
611 2704 717 2742 uno
774 2694 1113 2762 receptaculo
1175 2711 1410 2766 congrue
1468 2700 1780 2767 sociantur;
1853 2718 1976 2756 nam
2026 2703 2072 2758 si

496 2787 783 2850 utrumque
832 2783 990 2839 simul
1019 2786 1320 2851 incluseris.
1351 2789 1577 2844 alterum
1616 2792 1733 2848 siue
1779 2794 1949 2848 altero
1980 2810 2073 2849 va-

496 2883 630 2925 cuus
677 2886 955 2940 possessor
985 2876 1244 2932 invenies.
1279 2878 1492 2945 Quanto
1539 2882 1737 2951 quippe
1784 2883 1837 2937 in
1886 2885 2071 2954 egenis

496 2964 684 3018 mundi
729 2963 893 3021 lucris
931 2968 1198 3036 copiosior
1236 2968 1424 3036 fueris,
1459 2981 1606 3026 tanto
1635 2990 1664 3026 a
1694 2974 1839 3028 veris
1870 2974 2071 3031 divitiis

495 3057 848 3113 :erumnosius
869 3058 1158 3114 inanescis.
1192 3060 1452 3118 Nummus
1472 3079 1597 3135 ergo
1626 3066 1668 3120 si
1693 3073 1793 3129 cst,
1819 3068 1872 3121 in
1899 3068 2069 3124 aliena

495 3146 742 3214 protinus
781 3148 903 3217 jura
953 3151 1234 3217 concedat,
1268 3162 1327 3208 ut
1369 3170 1594 3210 vacuam
1623 3158 1696 3212 tui
1726 3162 1957 3228 pectoris
1983 3177 2069 3214 ar-

496 3252 614 3292 cam
640 3238 884 3295 Christus
909 3241 1167 3298 inveniat.
1199 3244 1421 3317 Magnus
1448 3265 1638 3319 nempe
1672 3251 1870 3322 hospes
1902 3253 1955 3306 in
1986 3253 2067 3307 di-

495 3329 720 3384 versorii
745 3331 820 3385 tui
843 3335 1034 3401 quarrit
1060 3346 1284 3406 angusta
1313 3339 1658 3406 descendere,
1684 3352 1845 3411 atque
1867 3344 2068 3400 idcirco

496 3418 643 3475 solus
672 3421 804 3485 vult,
844 3431 898 3478 et
923 3424 1038 3480 sine
1064 3428 1404 3485 consortibus
1429 3430 1694 3486 habitare.
1728 3433 1896 3499 Quem
1925 3435 2069 3488 enim

497 3512 617 3567 (ξωΙί
650 3522 915 3585 terraeque
962 3532 1066 3572 non
1102 3519 1242 3573 valet
1277 3522 1501 3577 vastitas
1531 3538 1745 3594 capere,
1777 3539 1885 3593 quo
1913 3534 2070 3593 pacto

497 3605 549 3659 in
580 3606 774 3675 exiguo
803 3608 880 3662 tui
923 3609 1154 3666 domatis
1192 3612 1384 3683 angulo
1416 3615 1610 3670 niteris
1637 3616 1714 3670 illi
1757 3616 2069 3687 peregrinos

497 3696 562 3751 ad
591 3698 1009 3754 cohabitandum
1041 3702 1218 3757 socios
1246 3704 1535 3761 adhibere?
1560 3703 1747 3772 Cedat,
1775 3707 1931 3761 cedat
1955 3715 2067 3762 ter-

497 3804 626 3842 rena
679 3792 926 3858 pecunia,
967 3794 1055 3848 ubi
1104 3795 1339 3851 caelestis
1387 3797 1673 3853 thesaurus
1718 3798 2064 3855 admittitur:

503 3897 521 3930 ι
560 3878 694 3962 Quae
714 3883 856 3936 enim
889 3885 1120 3940 societas
1177 3886 1314 3943 lucis
1349 3889 1414 3941 ad
1448 3888 1728 3951 tenebras?
1755 3908 1774 3941 ι
1812 3887 1908 3959 (ΙΙ
1941 3888 2064 3943 Cor.

495 3970 593 4043 vr.)
621 3971 751 4039 Qua:
778 3977 1062 4031 conventio
1086 3975 1179 4032 Dei
1220 3978 1287 4033 ad
1327 3993 1689 4034 mammonam
1731 3979 2068 4048 iniquitatis?

495 4063 793 4133 Ahjiciatur
819 4082 947 4139 ergo
998 4069 1251 4137 pecunia,
1280 4070 1501 4142 terUgini
1533 4072 1795 4141 linereque
1822 4080 1875 4128 et
1910 4072 2071 4129 furtis

496 4154 747 4211 obnoxia.
798 4157 967 4215 Vacct
1013 4161 1209 4216 exedra
1249 4162 1449 4228 cordis,
1478 4178 1598 4233 qua:
1641 4163 1847 4219 caelesti
1878 4165 2073 4220 merci-

495 4248 677 4303 monio
703 4251 873 4320 possit
902 4251 1110 4322 impleri
1140 4272 1153 4307 :
1188 4271 1206 4305 ι
1236 4232 1411 4309 Nolite
1432 4295 1445 4319 ,
1476 4255 1669 4320 inquit,
1703 4254 2069 4310 thesaurizare

498 4341 649 4396 vobis
675 4342 957 4398 thesauros
980 4344 1033 4397 iu
1071 4352 1235 4410 terra,
1254 4344 1357 4399 .ubi
1387 4361 1569 4417 aerugo
1591 4356 1645 4401 et
1676 4345 1816 4401 tinea
1845 4346 2069 4401 demoli-

497 4438 605 4500 tur,
640 4441 695 4489 ct
723 4435 813 4488 ubi
850 4435 997 4491 fures
1021 4424 1279 4491 effodiunt
1306 4445 1360 4491 et
1387 4435 1636 4491 furantur
1665 4436 1879 4508 (Matth.
1913 4435 2008 4509 vt).
2040 4456 2060 4490 ι

1119 4546 1342 4603 CAPUT
1383 4549 1450 4605 Υ.

568 4630 722 4699 Quod
762 4631 945 4690 melius
993 4646 1067 4692 est
1105 4637 1284 4692 habita
1326 4640 1545 4694 retinere
1598 4656 1753 4710 quam
1796 4650 1998 4711 objecta

1150 4719 1395 4779 repetere.

564 4795 924 4877 Periculosior
948 4813 1181 4869 namque
1208 4807 1291 4855 est
1334 4800 1529 4856 animae
1572 4801 1799 4872 pecunia
1833 4816 1951 4858 cum
1980 4817 2069 4859 ac-

494 4889 747 4959 quiritur,
774 4906 937 4961 quam
962 4877 1086 4947 cum
1113 4892 1254 4947 ultro
1279 4895 1625 4964 suppeditans
1647 4897 1969 4967 possidetur.
2010 4899 2066 4953 In

496 4982 597 5037 ista
629 4983 894 5051 siquidem
943 4996 1156 5041 terreno
1204 5003 1353 5043 more
1397 4996 1479 5043 est
1502 4988 1645 5059 justa
1694 4992 1983 5059 possessio,
2013 4992 2067 5047 in

496 5072 584 5127 illa
606 5088 732 5128 vero
762 5074 944 5132 feralis
970 5092 1111 5150 saepe
1138 5090 1325 5149 regnat
1354 5079 1596 5136 ambitio.
1633 5078 1915 5136 Salubrius
1941 5096 2070 5150 ergo

496 5164 675 5221 fuerat
720 5167 906 5224 habita
953 5171 1135 5241 quieto
1182 5174 1362 5228 animo
1405 5173 1702 5244 possidere,
1733 5190 1896 5244 quam
1925 5172 2074 5242 ahje-

462 5247 580 5312 'cta
613 5275 719 5314 non
749 5259 865 5315 sine
886 5262 1118 5330 quadam
1148 5263 1360 5319 solliciti
1409 5266 1650 5322 rancoris
1684 5265 1956 5320 anxietate
1987 5279 2070 5318 re-

495 5348 729 5417 quirere.
757 5349 963 5405 Pudeat
986 5365 1114 5422 ergo
1142 5362 1214 5420 te,
1248 5370 1280 5409 ο
1306 5354 1461 5410 miles
1491 5354 1716 5419 Christi,
1745 5354 1987 5424 peritura
2013 5355 2067 5409 in

495 5439 599 5495 hoc
626 5441 823 5499 saeculo
860 5441 1115 5500 facultate
1160 5430 1542 5512 ditescere,'ne
1567 5446 1620 5500 in
1650 5444 1832 5499 futuro
1858 5444 2069 5516 cogaris

495 5531 691 5598 nudus,
719 5542 772 5588 et
798 5534 953 5607 inops
981 5544 1237 5606 perpetuo
1269 5538 1595 5593 mendicare.
1636 5537 1692 5591 ln
1726 5537 1848 5592 talis
1871 5537 2068 5607 quippe

497 5623 701 5678 militiae
744 5641 894 5681 arma
940 5628 1152 5698 iurasti,
1205 5646 1322 5699 quae
1353 5631 1523 5686 nudos
1562 5638 1617 5685 et
1664 5629 1831 5698 agiles
1868 5628 2069 5699 expetit

490 5706 821 5783 bellatores;
868 5728 1094 5776 onustos
1144 5729 1321 5775 autem
1356 5730 1515 5789 atque
1572 5721 1624 5775 in
1658 5719 1766 5775 Deo
1816 5733 2008 5791 segnes
2036 5732 2066 5771 a

497 5814 799 5865 castrorum
827 5809 1072 5867 excubiis
1100 5810 1335 5899 donativi
1358 5819 1506 5866 arcet
1532 5810 1816 5867 immunes.
1842 5808 2068 5880 Abjurat

2178 615 2386 675 tempus
2416 610 2609 663 merito
2657 610 2909 681 subrogat
2952 611 3275 681 expeditum.
3328 610 3441 664 Non
3479 610 3606 666 licet
3634 611 3744 668 illic

2178 701 2450 769 marsupia
2500 702 2736 770 pendere
2782 718 3147 767 nummorum,
3176 703 3268 757 ubi
3305 702 3472 776 thecze
3507 711 3744 758 tantum-

2177 789 2335 842 modo
2361 790 2685 846 vibrantium
2716 800 3012 847 cernuntur
3052 807 3346 847 armorum.
3396 793 3449 846 ln
3488 793 3743 848 bellicosa

2176 879 2384 935 scilicet
2408 882 2544 950 acie,
2578 882 2733 937 inerti
2782 884 3024 953 pecuniae
3068 899 3175 938 non
3218 891 3334 937 tuto
3363 884 3618 950 servitur,
3650 884 3743 938 ubi

2174 972 2487 1040 constipatis
2533 975 2724 1028 cuneis
2766 976 2978 1029 assidua
3024 975 3366 1029 dimicatione
3414 974 3740 1045 confligitur.

2176 1059 2292 1115 Non
2323 1060 2411 1115 ille
2453 1062 2743 1117 solidorum
2776 1077 3039 1119 summam
3071 1078 3293 1119 securus
3322 1074 3620 1127 enumerat,
3650 1065 3744 1132 qui

2176 1148 2503 1203 circumfusa
2549 1152 2780 1205 hostium
2837 1152 3177 1207 multitudine
3236 1152 3463 1207 telorum
3522 1150 3747 1209 missilia

2176 1240 2545 1297 indesinenter
2566 1251 2863 1311 exspectat.
2888 1242 3040 1311 Saepe
3061 1257 3291 1311 namque
3320 1242 3374 1297 in
3401 1242 3594 1296 talibus
3617 1242 3747 1296 dum

2178 1330 2433 1385 talentum
2485 1332 2686 1387 metalli
2741 1332 3024 1401 cujuslibet
3072 1333 3396 1397 trutinatur,
3450 1333 3747 1403 improvisa

2176 1421 2395 1477 veniens
2424 1423 2618 1477 occulti
2644 1422 2816 1477 hostis
2839 1423 3058 1491 sagitta,
3089 1422 3368 1477 stomacho
3392 1421 3637 1477 librantis
3664 1422 3747 1477 in-

2177 1507 2390 1578 ﬁgitur;
2424 1509 2609 1579 sicque
2638 1509 2717 1575 fit,
2747 1519 2806 1564 ut
2835 1511 2925 1580 qui
2962 1510 3107 1566 solus
3137 1510 3356 1564 sibimet
3399 1510 3515 1565 sine
3544 1512 3620 1565 rei
3665 1510 3767 1565 fa»

2178 1601 2403 1656 miliaris
2447 1601 2773 1658 adminiculo
2819 1602 3040 1657 minime
3086 1602 3365 1657 videbatur
3412 1618 3569 1673 posse
3610 1601 3750 1659 sufﬁ-

2178 1706 2332 1758 cere;
2360 1692 2471 1762 jam
2494 1709 2553 1749 se
2584 1703 2639 1750 et
2667 1710 2761 1749 sua
2814 1696 3096 1766 repentino
3121 1710 3248 1751 casu
3277 1695 3456 1768 lugeat
3484 1697 3752 1767 irrecupe-

2181 1783 2423 1838 rabiliter
2467 1786 2743 1852 amisisse;
2788 1797 2843 1842 et
2882 1789 2971 1857 qui
3022 1802 3224 1859 pauper
3270 1803 3392 1843 cum
3440 1788 3655 1844 Christo
3694 1788 3752 1843 in

2178 1872 2427 1929 libertate
2457 1875 2621 1947 248
2665 1877 2984 1949 dedignatus
3011 1886 3096 1933 est
3136 1878 3339 1943 vivere,
3367 1877 3517 1933 dives
3543 1878 3749 1947 absque

2181 1964 2291 2031 illo,
2344 1968 2436 2021 sed
2484 1983 2669 2023 servus
2711 1969 2952 2039 pecuniae
2988 1969 3326 2038 compellitur
3373 1968 3755 2024 damnabiliter

2178 2054 2420 2111 interire.
2450 2057 2610 2122 Audi,
2644 2058 2773 2127 quid
2798 2058 3052 2114 divitibus
3075 2074 3180 2113 vox
3218 2058 3399 2113 divina
3424 2058 3707 2129 promittat
3734 2075 3751 2113 :

2183 2164 2201 2197 ι
2250 2146 2343 2202 Vae
2392 2148 2563 2213 vobis,
2596 2148 2808 2216 divites,
2856 2151 2982 2219 quia
3021 2150 3300 2220 recepistis
3330 2149 3755 2205 consolationem

2175 2251 2414 2293 vestram
2442 2238 2595 2310 (Luc.
2628 2242 2762 2303 xvi).
2801 2260 2819 2292 ›
2854 2240 2964 2296 Nec
2995 2250 3046 2297 te
3076 2250 3358 2312 praetereat
3381 2250 3436 2297 et
3459 2242 3581 2305 hoc,
3606 2241 3754 2311 quod

2175 2329 2408 2386 Jacobus
2455 2331 2586 2385 dicit
2620 2349 2633 2385 :
2670 2351 2689 2384 ι
2720 2330 2811 2385 Va:
2839 2332 3013 2397 vobis,
3061 2332 3284 2398 divites;
3334 2332 3531 2386 divitia:
3558 2341 3756 2387 vestrze

2174 2421 2490 2492 putrefacta:
2520 2431 2664 2489 sunt,
2693 2423 3012 2477 vestimenta
3054 2431 3233 2478 vestra
3263 2439 3294 2476 a
3323 2423 3482 2477 tineis
3508 2430 3753 2477 comesta

2174 2522 2323 2581 sunt,
2356 2528 2549 2567 aurum
2597 2522 2653 2568 ct
2698 2525 2978 2584 argentum
3043 2523 3278 2568 vestrum
3329 2513 3668 2584 azruginavit,
3698 2520 3758 2567 et

2174 2621 2360 2675 mrugo
2393 2620 2579 2660 eorum
2624 2605 2675 2658 in
2709 2605 3076 2659 testimonium
3120 2605 3271 2659 vobis
3297 2604 3420 2669 erit,
3447 2613 3502 2659 et
3528 2602 3756 2658 mandu-

2173 2697 2320 2752 cabit
2345 2710 2539 2751 carnes
2571 2704 2801 2761 vestras,
2832 2696 2971 2749 sicut
2996 2695 3135 2765 ignis
3166 2694 3308 2765 (Jac.
3340 2695 3446 2766 ιιι).
3477 2713 3493 2746 ι

2780 2803 3005 2860 CAPUT
3069 2804 3155 2859 VI.
3234 2833 3239 2838 ν

2173 2896 2326 2964 Quod
2385 2914 2571 2953 avarus
2642 2896 2953 2952 nummicola
3012 2898 3183 2951 verius
3234 2913 3388 2967 quam
3439 2895 3754 2951 Christicola

2784 2978 3125 3036 nuncupatur.

2146 3047 2162 3058 ’
2238 3059 2471 3124 Audisti,
2516 3059 2758 3119 obsecro,
2816 3056 3137 3111 nummicola
3186 3066 3241 3112 et
3287 3056 3566 3123 monache,
3623 3055 3752 3127 quid

2172 3147 2266 3201 tibi
2326 3157 2488 3202 aestus
2539 3147 2780 3200 avaritiae
2828 3145 3044 3215 pariat?
3089 3144 3297 3199 Audisti
3347 3146 3413 3199 ad
3464 3161 3620 3214 quem
3681 3145 3753 3199 fi-

2171 3256 2293 3295 nem
2344 3241 2573 3309 pecunia
2630 3249 2884 3309 congesta
2931 3238 3233 3309 perducat?
3284 3238 3495 3293 Justum
3553 3239 3753 3309 quippe

2169 3339 2270 3392 est,
2315 3330 2467 3400 cujus
2515 3345 2656 3384 nunc
2697 3344 2848 3384 meus
2893 3343 3077 3384 amore
3119 3328 3297 3384 carnis
3348 3330 3500 3383 ardet
3532 3329 3585 3382 in
3622 3342 3754 3387 cou-

2171 3419 2536 3489 cupiscentia,
2586 3418 2730 3473 illius
2780 3420 3117 3488 postmodum
3162 3426 3215 3472 et
3265 3418 3381 3488 ipsa
3428 3432 3555 3473 caro
3603 3433 3753 3473 com-

2168 3513 2393 3568 buratur
2441 3513 2496 3567 in
2561 3529 2739 3584 ptena.
2797 3513 2951 3568 Nune
2999 3513 3189 3569 fornax
3248 3515 3444 3570 mentis
3492 3512 3751 3571 invisibili

2169 3610 2612 3679 conchpiscentia:
2660 3611 2854 3665 ardore
2915 3610 3257 3665 succenditur
3285 3649 3300 3675 ,
3351 3610 3569 3680 dignum
3620 3618 3706 3664 est
3734 3649 3753 3676 ,

2167 3709 2227 3755 ut
2265 3709 2391 3757 tunc
2433 3716 2647 3771 quoque
2688 3715 2815 3755 caro
2856 3700 3431 3755 materialisincendii
3478 3698 3753 3754 flammam

2169 3789 2678 3861 inexstinguibiliter
2728 3790 3064 3859 depascatur.
3123 3789 3261 3843 Audi
3314 3790 3490 3845 adhuc
3526 3830 3542 3855 ,
3593 3803 3754 3842 num-

2170 3882 2575 3952 micola:quod
2634 3888 2813 3936 autem
2862 3889 2916 3935 te
2967 3878 3349 3934 nummicolam
3411 3878 3661 3949 appello,
3718 3893 3752 3934 a

2169 3974 2428 4045 qualitate
2481 3974 2557 4028 tui
2603 3972 2783 4044 operis
2827 3971 3147 4028 vocabulum
3211 3972 3405 4038 traho,
3457 3987 3561 4027 non
3615 3986 3754 4027 con-

2170 4064 2401 4120 tumelize
2448 4064 2503 4118 in
2556 4072 2609 4118 te
2657 4077 2851 4118 nomen
2900 4077 3135 4132 usurpo;
3183 4076 3432 4116 nummos
3482 4060 3624 4115 enim
3658 4074 3754 4115 co-

2170 4157 2271 4223 lis,
2321 4157 2414 4228 qui
2466 4156 2746 4227 pecuniam
2803 4154 2998 4225 diligis.
3055 4155 3123 4209 Et
3171 4171 3293 4211 eum
3339 4155 3595 4211 Dominus
3653 4167 3754 4223 per

2170 4248 2494 4320 Prophetam
2558 4250 2701 4305 dicat
2743 4267 2756 4303 :
2803 4266 2822 4300 ι
2874 4248 3074 4303 Vaeate
3120 4257 3175 4302 et
3217 4248 3430 4312 videte,
3490 4245 3750 4318 quoniam

2171 4356 2271 4410 ego
2316 4357 2437 4397 sum
2482 4342 2736 4396 Dominus
2790 4337 2961 4410 (Psal.
3010 4340 3175 4408 xcv);
3215 4357 3234 4389 ι
3291 4335 3589 4395 vacationis
3631 4336 3754 4406 qui-

2173 4433 2295 4488 dem
2352 4432 2591 4496 cultum,
2641 4447 2801 4500 quem
2856 4429 2965 4484 Deo
3016 4430 3318 4496 debueras,
3373 4427 3607 4483 nummis
3657 4440 3756 4480 ex-

2097 4528 2347 4623 1)hibes,
2394 4526 2538 4580 circa
2577 4540 2804 4594 quorum
2849 4524 3147 4580 custodiam
3188 4536 3366 4577 vacas.
3418 4537 3437 4571 ί
3467 4518 3567 4574 Ubi
3605 4518 3755 4572 enim

2173 4628 2255 4677 est
2316 4620 2597 4673 thesaurus
2646 4626 2785 4682 tuus,
2842 4616 2915 4671 ibi
2953 4626 3038 4672 est
3086 4625 3140 4671 et
3184 4630 3281 4671 cor
3340 4621 3487 4668 tuum
3535 4610 3751 4679 (Matth.

2173 4710 2271 4783 vi).
2312 4730 2331 4764 ι
2398 4709 2664 4776 Quocirca
2719 4708 2859 4762 sicut
2915 4707 3007 4777 qui
3064 4705 3337 4762 Christum
3391 4702 3572 4768 colit,
3629 4700 3757 4770 jure

2172 4802 2492 4860 Christicola
2529 4802 2764 4865 dicitur;
2808 4800 2881 4854 ita
2918 4808 2969 4854 et
3007 4798 3098 4868 qui
3150 4798 3383 4852 nummis
3429 4811 3526 4866 per
3570 4804 3756 4848 custo-

2173 4894 2314 4951 diam
2360 4893 2545 4957 servit,
2588 4908 2694 4946 non
2737 4890 3008 4945 immerito
3048 4888 3369 4944 nummicola
3413 4885 3751 4957 perhibetur.

2175 4984 2282 5039 Sed
2328 4984 2503 5038 adhuc
2550 4982 2780 5036 fortasse
2819 4980 3024 5050 proprii
3064 4980 3243 5035 cordis
3273 4978 3424 5048 sequi
3467 4976 3753 5032 arbitrium

2166 5076 2380 5146 judicor
2421 5115 2435 5139 ,
2506 5074 2550 5128 si
2617 5072 2994 5143 etymologiam
3053 5071 3289 5126 nominis
3355 5067 3513 5139 hujus
3582 5083 3753 5123 sacrae

2174 5167 2465 5236 Scriptura:
2506 5163 2827 5218 testimoniis
2862 5178 2966 5218 non
3007 5161 3234 5217 afﬁrmo.
3273 5160 3395 5230 Ipsa
3423 5173 3614 5229 nempe
3649 5156 3755 5211 Ve-

2172 5259 2305 5313 ritas
2353 5258 2483 5312 dicit
2524 5276 2536 5310 :
2584 5277 2601 5308 ‹
2632 5257 2747 5312 Νοη
2792 5257 3017 5328 potestis
3063 5255 3173 5310 Deo
3211 5254 3414 5310 servire
3469 5262 3523 5307 et
3583 5268 3747 5305 mam-

2172 5366 2343 5406 mona:
2365 5350 2580 5422 (Matth.
2600 5351 2674 5413 vi)
2694 5391 2706 5413 ,
2742 5368 2760 5401 ι
2797 5364 2861 5405 ac
2887 5350 2931 5403 si
2954 5357 3136 5418 aperte
3163 5346 3305 5402 dicat
3336 5365 3349 5399 :
3376 5343 3543 5400 Nemo
3574 5351 3752 5413 potest

2171 5443 2334 5495 Deum
2365 5441 2524 5495 simul
2549 5449 2602 5495 et
2630 5440 2884 5510 pecunias
2909 5439 3104 5494 colere.
3134 5439 3286 5505 Quod
3308 5435 3595 5506 Apostolus
3629 5450 3750 5489 ma-
3813 5440 3823 5497 ζ

2170 5533 2414 5591 nifestius
2427 5535 2682 5599 declarat,
2698 5550 2819 5589 cum
2834 5534 2935 5588 ait:
2966 5553 2984 5585 ι
3009 5533 3121 5589 Hoc
3139 5542 3314 5589 autem
3331 5534 3539 5597 scitote,
3559 5531 3754 5587 intelli-

2168 5634 2372 5697 gentes,
2417 5626 2557 5695 quod
2598 5626 2774 5680 omnis
2814 5618 3127 5689 fornicator,
3160 5635 3252 5679 aut
3291 5624 3616 5685 immundus,
3658 5629 3755 5678 aut

2170 5733 2403 5781 avarus,
2447 5719 2588 5788 quod
2641 5726 2721 5771 est
2770 5716 3031 5773 idolorum
3085 5718 3359 5783 servitus,
3420 5732 3526 5773 non
3586 5716 3754 5771 habet

2168 5809 2533 5866 hacreditatem
2578 5809 2631 5864 in
2672 5825 2837 5879 regno
2881 5810 3083 5866 Christi
3125 5817 3180 5865 et
3228 5809 3321 5866 Dei
3367 5806 3580 5881 (Ephes.
3621 5805 3698 5878 v).
3723 5824 3745 5859 ο
