4110 5364
289 233 401 294 ῑῦτ

1934 133 2137 147 ι⁴ιοη-,,.

1201 222 1446 284 OPUSC.
1491 222 1601 280 XII.
1646 252 1713 262 —
1749 222 1839 278 DE
1873 217 2293 281 CONTEMPTU
2334 217 2622 276 SECULI.

3456 222 3563 280 258

282 352 390 409 Tot
429 360 559 419 ergo
612 342 932 400 criminibus
989 338 1307 410 simpliciter
1364 334 1698 392 enumeratis
1744 333 1871 388 dum
1901 338 1952 398 Λ
1979 333 2202 389 Crmsus
2224 339 2279 387 et
2307 330 2579 402 Amyclas,
2610 329 2811 385 diversi
2839 328 3058 401 quidem
3080 342 3448 402 possessores,
3471 334 3565 390 sed

281 444 452 501 solam
492 437 776 494 avaritiam
816 435 1079 490 idolorum
1116 432 1315 488 asserit
1354 430 1670 486 servitutem
1701 469 1717 495 ,
1755 427 1875 483 luce

279 536 480 593 clarius
516 532 674 587 docet
711 543 935 585 avarum
973 542 1081 582 non
1121 526 1238 592 Dei,
1277 525 1371 580 sed
1407 537 1771 589 nummorum,
1811 536 1875 577 ac

277 642 373 699 per
409 625 512 680 hoc
549 621 939 678 daemoniorum
978 633 1100 674 esse
1137 617 1418 674 cultorem.

350 717 458 773 Sed
496 715 627 771 dum
658 715 715 769 in
740 714 1057 784 exponendo
1083 710 1425 767 nummicolaa
1448 724 1647 766 nomen
1672 708 1875 764 diutius

278 810 574 883 immorer,
615 806 682 861 ab
719 803 1042 861 effundenda
1083 804 1198 874 ipsa
1237 816 1583 857 nummorum
1620 799 1875 872 congerie

252 882 499 967 imanum
538 895 941 967 disputationis,
982 895 1092 950 imo
1126 894 1496 965 dissipationis
1522 900 1730 949 averto.
1772 890 1874 947 Fa-

243 984 360 1061 Ejeta
414 991 582 1061 igitur
640 990 738 1047 tibi
792 988 860 1044 de
914 1003 1135 1060 proprio
1190 987 1409 1042 nomine
1461 984 1828 1041 satisfactione
1859 1025 1874 1051 ,

277 1083 631 1150 nummicola,
661 1083 774 1155 jam
814 1082 958 1154 quod
994 1062 1236 1137 dicturus
1273 1094 1425 1136 eram
1460 1078 1749 1150 vigilanter
1783 1093 1875 1132 au-

243 1152 469 1229 ”sculta.
525 1152 847 1245 Audi—ergo
884 1172 1014 1243 quid
1064 1172 1131 1227 de
1182 1181 1279 1238 te,
1339 1170 1556 1242 tuisque
1609 1168 1876 1225 similibus

278 1268 496 1324 Veritas
532 1268 679 1324 dicat
720 1286 734 1322 :
780 1287 799 1320 α
827 1266 1087 1332 Difficile,
1128 1265 1303 1336 inquit
1327 1305 1343 1331 ,
1385 1264 1479 1340 qui
1518 1264 1734 1319 divitias
1780 1263 1878 1318 ha-

277 1361 429 1425 bent,
469 1359 754 1416 intrabunt
790 1360 843 1414 in
885 1373 1111 1428 regnum
1149 1358 1413 1413 caelorum
1442 1356 1658 1427 (Matth.
1691 1355 1828 1427 xix).
1852 1375 1872 1407 ι

277 1451 343 1508 Et
380 1453 499 1508 haec
536 1451 754 1523 quidem
795 1452 1063 1507 sententia
1102 1450 1169 1505 de
1207 1450 1297 1516 iis,
1334 1450 1427 1521 qui
1466 1449 1685 1505 divitias
1719 1448 1877 1520 juxta

277 1559 485 1600 morem
524 1543 707 1599 szeculi
745 1543 1063 1615 possident;
1105 1550 1367 1598 czeterum
1406 1542 1486 1607 h'i,
1525 1541 1620 1612 qui
1661 1540 1878 1610 rejectis

277 1641 551 1707 omnibus,
592 1640 769 1696 denuo
808 1640 876 1695 ad
911 1640 1176 1694 vomitum
1214 1646 1343 1693 sunt
1382 1636 1601 1707 relapsi,
1642 1635 1748 1690 nisi
1789 1649 1877 1689 re-

1980 440 2087 479 nou
2130 423 2371 478 diversas
2422 423 2568 478 circa
2607 422 2743 488 hinc,
2779 422 2976 493 quibus
3005 424 3279 492 fruuntur,
3310 426 3571 484 exhibent

1978 516 2302 572 voluntates.
2348 514 2502 571 Licet
2551 516 2697 571 enim
2758 515 2845 570 ille
2892 530 3086 573 aureos
3130 518 3415 584 metiatur,
3467 520 3588 593 iste.

1921 630 1934 646 ο
1979 606 2211 663 millium
2241 613 2511 673 numeret,
2544 605 2778 662 discreta
2801 606 3018 676 quidem
3055 606 3373 663 facultatum
3398 603 3604 687 quan.

1979 697 2137 753 titatc
2185 699 2484 762 caeduntur,
2535 696 2633 753 sed
2676 712 2784 751 non
2823 696 3073 752 dissimili
3116 697 3262 754 circa
3309 697 3420 766 illa,
3451 715 3570 771 quae

1979 789 2175 860 cuique
2206 789 2409 844 viritim
2461 796 2774 860 suppetunt,
2805 803 2994 845 amore
3022 797 3292 846 tenentur.
3320 790 3489 848 Porro
3523 792 3571 848 si

1979 882 2208 954 exiguus
2221 898 2363 949 mus,
2381 883 2465 939 vel
2479 884 2843 955 quodcunque
2859 884 3191 956 reptantium
3207 885 3262 940 in
3276 886 3573 957 quamlibet

1981 973 2394 1042 capacissimam
2445 982 2669 1029 tunnam
2727 989 2858 1031 casu
2904 975 3140 1042 decidat,
3180 976 3425 1047 nunquid
3463 991 3571 1033 non
3623 1043 3631 1051 ς

1976 1066 2224 1139 protinus
2255 1082 2379 1122 cum
2411 1067 2698 1123 securibus
2746 1068 2875 1124 hinc
2917 1068 3044 1124 inde
3092 1068 3460 1135 concurritur,
3494 1077 3575 1125 to-

1978 1167 2127 1225 tum,
2175 1160 2437 1231 quidquid
2492 1159 2624 1215 illud
2668 1168 2820 1227 erat,
2878 1159 3203 1228 effunditur,
3257 1161 3576 1233 cunctisque

1979 1249 2338 1313 screantibus,
2365 1248 2630 1304 vomitum
2661 1249 2904 1305 minante
2927 1250 3209 1306 stomacho
3242 1250 3571 1306 nauseatur?

1981 1340 2040 1397 Si
2078 1341 2394 1397 tenuissima
2427 1341 2623 1398 veneni
2664 1341 2809 1397 stilla
2850 1342 3028 1413 pando
3066 1341 3230 1397 oleris
3262 1343 3439 1397 aheno
3468 1340 3572 1397 dif-

1981 1435 2259 1502 funditur,
2290 1451 2470 1491 nonne
2523 1444 2716 1503 totum,
2765 1435 3095 1491 esculentius
3141 1435 3289 1503 licet,
3333 1434 3573 1492 edulium

1980 1542 2207 1598 prorsus
2241 1528 2606 1585 abominabile
2628 1527 2940 1597 iudicatur?

2057 1618 2114 1674 Si
2143 1634 2272 1691 ergo
2320 1621 2613 1691 perexigua
2647 1620 2786 1676 mala
2836 1618 3145 1692 Iargissima
3185 1620 3382 1692 saepius
3430 1621 3574 1677 bona

277 1730 561 1801 sipiscant,
601 1745 827 1802 regnum
864 1730 1127 1786 castorum
1168 1729 1339 1796 nulla,
1374 1726 1461 1785 vel
1500 1741 1624 1782 cum
1664 1723 1882 1781 diflicul-
1911 1727 1958 1787 B
1985 1719 2375 1782 εοπυωυυιιι»
2406 1726 2513 1782 quo
2536 1721 2696 1781 P3010
2725 1719 2778 1767 ιθ
2812 1710 2881 1767 de
2908 1710 3251 1802 lenocmanle
3294 1710 3577 1767 οοιιδθίθη·

277 1830 408 1889 tate,
440 1830 669 1893 possunt
693 1820 889 1879 fiducia
927 1823 1247 1894 promereri.

779 1932 945 2006 249
991 1931 1219 1988 CAPUT
1265 1932 1375 1987 vn.

282 2024 436 2093 Quod
481 2025 641 2080 etiam
672 2042 834 2097 parva
870 2025 1092 2147 pecuni?
1122 2025 1364 2147 adtonaclti
1408 2026 1640 2079 animant
1685 2026 1874 2080 imma-

901 2105 1036 2147 mter
1083 2111 1127 2147 te
1168 2105 1242 2147 at.

901 2105 1036 2149 mter
1061 2105 1242 2149 (cedat.

349 2189 463 2245 Sed
511 2204 576 2244 ex
628 2188 735 2243 isto
789 2187 1241 2242 nummicolarum
1285 2202 1514 2243 numero
1558 2188 1878 2243 cerebrosus

277 2283 566 2356 quisquam
593 2280 825 2356 for_lasse
856 2294 964 2334 non
1006 2264 1201 2345 deerit,
1237 2280 1329 2349 qui
1365 2279 1497 2334 mihi
1529 2280 1596 2335 ad
1626 2280 1728 2333 ista
1760 2295 1875 2334 res—

276 2378 554 2451 pondeat:
605 2375 929 2431 Divitiarum
994 2387 1081 2427 me
1131 2387 1227 2427 cur
1268 2371 1595 2428 mordaciter
1638 2371 1875 2441 impetis,

280 2489 442 2545 quem
470 2471 756 2543 perexigua
789 2483 1001 2525 summa
1033 2476 1350 2523 contentum
1394 2468 1487 2521 vix
1529 2481 1731 2536 paucos
1783 2466 1879 2521 ha-

277 2565 411 2623 bere
455 2564 644 2620 obulos
678 2562 895 2618 cernis?
940 2576 1174 2631 cumque
1202 2561 1305 2615 hoc
1336 2560 1567 2631 propria:
1600 2559 1879 2630 fragilitati

287 2658 592 2723 consentio,
628 2656 930 2712 relevanda:
952 2653 1325 2710 tantummodo
1351 2652 1546 2708 futurze
1569 2652 1880 2708 necessitati

286 2747 590 2823 prospicio;
631 2762 736 2802 non
783 2744 1007 2800 affluere
1037 2744 1241 2799 divitiis
1286 2757 1490 2812 quaero.
1524 2741 1684 2797 Teste
1713 2741 1880 2812 siqui-

291 2842 409 2897 dem
444 2840 611 2895 totius
639 2836 1000 2892 fraternitatis
1030 2851 1163 2891 mea:
1188 2843 1485 2901 conventu,
1516 2851 1547 2889 a
1578 2834 1669 2890 filo
1698 2833 1880 2889 subte-

288 2932 487 3004 gmiuis
533 2946 701 3000 usque
749 2929 817 2983 ad
871 2928 1161 2999 corrigiam
1210 2926 1396 2998 caligae
1439 2926 1506 2981 de
1562 2926 1879 2981 monasterii

282 3023 383 3081 mei
419 3022 773 3078 facultatibus
802 3035 907 3075 non
946 3020 1192 3089 accipio:
1222 3027 1278 3074 et
1306 3018 1350 3074 si
1380 3018 1616 3088 propriis
1646 3034 1731 3073 me
1753 3018 1877 3089 qui-

1979 1804 2055 1858 tia
2110 1802 2308 1872 jactas,
2340 1802 2470 1873 quia
2526 1802 2811 1858 minimum
2865 1808 2967 1865 est,
3019 1801 3165 1872 quod
3208 1810 3401 1857 contra
3440 1814 3572 1871 pro-

1978 1897 2232 1955 fessionis
2324 1906 2434 1950 tute
2525 1896 2858 1966 propositum
2939 1894 3149 1965 privata
3243 1893 3577 1964 proprietate

1979 1991 2143 2062 250
2169 1989 2493 2060 possideas?
2520 1988 2654 2043 Nam
2677 1989 2832 2059 juxta
2865 1987 3184 2058 Apostolum
3211 2003 3224 2039 :
3260 2004 3279 2037 ι
3302 1984 3573 2041 Modicum

1979 2084 2312 2140 fermentum
2352 2090 2521 2138 totam
2571 2095 2809 2135 massam
2847 2078 3150 2150 corrumpit
3190 2076 3239 2149 (I
3285 2076 3408 2131 Cor.
3437 2076 3513 2148 v).
3549 2096 3570 2130 ι

1980 2175 2047 2229 Ει
2095 2172 2260 2227 alibi:
2314 2190 2333 2223 ‹
2373 2170 2475 2238 Qui
2518 2171 2729 2226 modica
2770 2170 3004 2241 spernit,
3059 2168 3318 2239 paulatim
3371 2167 3571 2224 decidit

1982 2265 2171 2338 (Ecclt'.
2205 2266 2283 2337 x).
2318 2285 2336 2316 ι
2367 2262 2553 2337 Neque
2601 2264 2745 2319 enim
2785 2264 2948 2335 primi
3001 2272 3259 2333 parentes
3302 2262 3477 2318 nostri
3506 2276 3572 2319 ex

1948 2359 2072 2415 -iIIo
2100 2361 2374 2431 prohibito
2432 2374 2592 2432 pomo
2642 2356 2852 2429 (Cenes.
2896 2357 2981 2428 ut)
3030 2357 3401 2427 frequentibus
3451 2364 3580 2410 sunt

1982 2452 2245 2508 conviviis
2281 2451 2568 2523 crapulati,
2620 2450 2774 2520 cujus
2822 2464 2927 2504 una
2978 2458 3184 2504 tantum
3215 2448 3463 2519 leguntur
3491 2447 3576 2501 in-

1982 2541 2161 2597 fausta
2191 2543 2540 2613 perceptione
2590 2541 2831 2610 corrupti
2861 2558 2875 2608 ;
2902 2538 2907 2543 ’
2938 2539 3033 2596 sed
3065 2554 3172 2594 non
3212 2537 3420 2594 idcirco
3464 2553 3579 2593 mo-

1981 2641 2283 2687 mentauete
2323 2632 2543 2687 ultionis
2572 2631 2815 2702 perplexi
2847 2641 2973 2687 sunt
2999 2645 3186 2701 poena,
3227 2629 3355 2700 quia
3378 2629 3580 2686 diutius

1983 2740 2092 2781 non
2120 2725 2407 2795 perstitere
2434 2722 2866 2794 transgressores
2890 2723 2942 2776 in
2967 2721 3144 2792 culpa.

2558 2880 2563 2883 _
2583 2818 2813 2875 CAPUT
2852 2816 2986 2873 VIII.

1986 2912 2229 2981 Qualiter
2258 2913 2327 2967 ad
2354 2929 2501 2967 veras
2527 2913 2689 2982 possit
2717 2911 3004 2965 monachus
3049 2909 3260 2963 divitias
3289 2910 3575 2980 pervenire.

2057 3005 2114 3059 Si
2141 3019 2290 3073 ergo,
2322 3004 2511 3071 frater,
2559 3003 2806 3075 quisquis
2848 3019 2933 3069 es,
2965 3012 3211 3073 sumptus
3241 3012 3293 3059 te
3345 3002 3581 3059 delectat

283 3112 601 3183 buscunque
650 3112 847 3167 reculis
900 3126 1124 3182 prorsus
1175 3125 1399 3177 evacuo,
1440 3110 1675 3181 qualiter
1720 3110 1878 3165 vivo?

1983 3097 2287 3167 acquirere,
2316 3098 2456 3152 unde
2490 3095 2686 3151 futurae
2723 3097 2899 3164 possis
2925 3111 3216 3151 occurrere
3245 3096 3576 3167 paupertati,

285 3205 425 3261 Ecce
481 3204 873 3276 proprietarius
919 3212 1141 3269 noster,
1190 3204 1306 3259 sive
1350 3203 1571 3267 melius,
1625 3210 1685 3256 ut
1728 3209 1877 3268 ante,

290 3297 643 3362 nummicola,
694 3298 1030 3368 paupertatis
1078 3298 1381 3368 patrocinio
1428 3298 1617 3363 utitur,
1661 3306 1723 3351 ut
1767 3297 1882 3367 ipse

291 3390 441 3446 dives
489 3380 1036 3459 irreprebensibili'ter
1065 3390 1345 3457 videatur;
1389 3398 1444 3446 et
1484 3390 1681 3463 quibus
1715 3406 1880 3461 argu-

278 3474 601 3536 mentorum
634 3479 772 3537 fucis
807 3481 1036 3537 mortale
1066 3482 1257 3537 vitium
1287 3481 1498 3554 palliat,
1540 3491 1597 3535 ut
1622 3482 1884 3552 quodam-

272 3562 452 3631 modo
498 3575 805 3646 sepulcrum
836 3577 995 3632 foedis
1037 3576 1391 3631 cadaveribus
1436 3575 1654 3647 plenum
1695 3588 1884 3646 super-

289 3666 464 3724 ducta:
495 3668 662 3724 calcis
687 3669 870 3725 alborc
899 3668 1235 3725 candescat?

357 3760 492 3830 Age,
536 3759 723 3826 frater,
757 3760 802 3816 si
848 3776 915 3814 ex
944 3758 1422 3815 monasterialibus
1448 3759 1706 3830 impensis
1736 3773 1884 3814 com-

291 3850 507 3905 modum
538 3850 632 3905 tibi
677 3865 900 3922 sperare
934 3849 1193 3915 licuisset,
1244 3849 1488 3919 nunquid
1537 3863 1644 3903 non
1679 3860 1882 3916 vestes,

270 3932 427 4009 quas
451 3956 577 3996 mox
603 3951 662 3995 ut
689 3941 1065 4013 prazherentur
1090 3940 1367 4006 indueres,
1401 3955 1509 3994 non
1558 3948 1739 3995 autem
1782 3956 1881 4011 pe-

270 4020 467 4087 cuniae
489 4032 639 4088 lucra
669 4033 951 4100 darentur,
982 4047 1101 4102 qua:
1127 4030 1318 4087 loculis
1347 4030 1676 4085 famulatura
1702 4046 1886 4086 serva-

270 4123 419 4203 ‘res?
443 4122 553 4180 Cur
579 4141 685 4180 non
717 4125 909 4179 eodem
948 4124 1267 4195 compendio
1298 4124 1465 4179 uteris
1494 4125 1549 4179 in
1580 4124 1665 4180 his
1719 4124 1885 4180 etiam

294 4232 413 4287 qua:
443 4217 511 4272 ab
534 4219 807 4273 extraneis
838 4216 1232 4273 conferuntur?
1257 4216 1520 4272 Videlicet
1542 4224 1601 4271 ut
1628 4224 1886 4289 percepto

295 4310 531 4379 quolibet
556 4325 781 4367 munere
822 4326 950 4367 mox
987 4311 1298 4366 necessaria
1322 4311 1679 4378 redimantur,
1711 4319 1767 4366 et
1808 4310 1887 4364 vi-

267 4388 277 4471 ί
294 4416 385 4458 rus
412 4403 553 4473 apud
585 4410 635 4458 te
663 4401 907 4473 pecunia:
950 4416 1057 4457 non
1090 4402 1369 4456 moretur?
1399 4401 1515 4456 lloc
1545 4402 1688 4456 enim
1725 4399 1886 4455 modo

1984 3205 2141 3246 veras
2166 3188 2422 3260 providus
2460 3188 2675 3244 divitias
2719 3197 2932 3260 appete,
2961 3204 3103 3245 vera:
3135 3190 3297 3244 etiam
3344 3204 3580 3261 pauper-

1986 3281 2112 3336 tatis
2141 3281 2377 3351 inopiam
2406 3282 2749 3351 pertimesce.
2782 3281 2929 3338 lllius
2982 3297 3217 3353 namque
3245 3283 3582 3353 paupertatis

1984 3371 2201 3439 intuitu,
2229 3373 2481 3428 facillime
2495 3383 2784 3444 paupertas
2809 3375 2911 3430 ista
2940 3376 3335 3441 contemnitur;
3362 3376 3579 3433 illarum

1985 3466 2391 3535 comparatione
2440 3466 2755 3521 divitiarum
2793 3467 2971 3522 omnis
3011 3476 3239 3523 terrena:
3266 3467 3581 3524 substantiae

1984 3559 2158 3629 copia,
2182 3568 2435 3629 tanquam
2460 3558 2672 3614 Iittorea
2713 3557 2833 3628 alga
2861 3558 3177 3632 despicitur,
3211 3576 3330 3631 qua:
3354 3560 3581 3632 pedibus

1985 3650 2356 3705 conculcatur.
2402 3649 2569 3721 Igitur
2620 3650 2667 3705 si
2710 3663 2837 3706 vere
2878 3651 3161 3707 contendis
3203 3652 3438 3723 inopiam
3487 3661 3581 3709 tte-

1986 3742 2305 3798 diosissimae
2335 3740 2478 3797 illius
2510 3744 2851 3814 paupertatis
2893 3745 3142 3810 evadere,
3186 3747 3341 3800 stude
3370 3746 3423 3799 in
3449 3760 3579 3818 agro

1987 3836 2167 3891 cordis
2216 3836 2290 3890 tui
2335 3835 2664 3906 optimarum
2709 3836 2926 3907 frugum
2960 3838 3259 3894 sationibus
3304 3839 3577 3896 insudare.

1987 3923 2147 3979 Teste
2186 3925 2327 3979 enim
2380 3925 2672 3994 Apostolo:
2724 3947 2742 3979 ί
2776 3928 2878 3995 Qui
2907 3929 3141 3985 seminat
3182 3931 3239 3985 in
3274 3930 3486 4002 spiritu,
3515 3931 3583 3988 dc

1934 4020 1947 4026 ’
1986 4018 2176 4088 spiritu
2208 4026 2373 4073 metet
2402 4019 2570 4074 vitam
2594 4029 2854 4075 aeternam
2886 4021 3029 4093 (Gal.
3062 4022 3158 4095 v1).
3199 4042 3217 4074 ›
3255 4024 3323 4078 Et
3347 4025 3578 4080 iterum:

1992 4130 2010 4164 ι
2048 4112 2251 4166 Bonum
2283 4122 2467 4166 autem
2517 4112 2779 4168 facientes
2809 4130 2914 4169 non
2946 4115 3260 4171 deficiamus
3291 4134 3306 4184 ;
3340 4126 3585 4188 tempore

1937 4198 1945 4221 ³
1987 4204 2131 4260 enim
2172 4219 2271 4260 suo
2323 4214 2589 4260 metemus
2630 4220 2738 4259 non
2782 4204 3095 4261 deficientes
3123 4205 3339 4280 (lbid.).
3397 4227 3415 4259 ι
3447 4207 3584 4264 Illud

1986 4314 2257 4355 summum
2285 4308 2339 4356 et
2370 4300 2587 4354 unicum
2612 4313 2842 4367 granum
2891 4299 2945 4353 in
2970 4299 3251 4357 novalibus
3293 4311 3396 4357 tua:
3425 4316 3582 4358 men-

1937 4389 1941 4393 ’
1990 4395 2059 4450 tis
2085 4395 2335 4451 occulta:
2369 4394 2516 4465 quod
2538 4392 2788 4450 videlicet
2807 4394 3008 4450 cadens
3046 4395 3102 4450 in
3132 4403 3277 4452 terra
3312 4406 3585 4453 mortuum

264 4490 275 4563 ξ
296 4503 349 4551 et
372 4472 685 4567 indigentiae
708 4506 813 4553 tua:
839 4496 996 4551 velox
1026 4495 1327 4552 consolatio
1358 4497 1625 4567 provehit,
1655 4504 1711 4551 et
1737 4495 1885 4566 lepra
1993 4488 2115 4555 fuit,
2142 4498 2198 4543 et
2226 4487 2454 4543 multum
2491 4487 2673 4543 attulit
2696 4487 2933 4544 fructum
2974 4488 3157 4562 (Joau.
3189 4491 3310 4563 xu).
3344 4490 3457 4547 Hoc
3488 4492 3587 4548 tibi

262 4590 537 4663 pecuniae
564 4581 725 4648 foedis
771 4599 823 4647 te
852 4591 1079 4648 maculis
1112 4606 1221 4647 non
1260 4591 1514 4663 aspergit.
1554 4588 1665 4647 Cur
1703 4601 1885 4647 autem

296 4682 389 4738 tibi
420 4682 489 4738 de
509 4683 803 4756 exiguitate
831 4684 1078 4755 pecuniae
1106 4692 1362 4753 tanquam
1406 4698 1635 4739 securus
1664 4682 1888 4753 applau-

264 4762 267 4765 λ
298 4775 400 4842 dis,
433 4776 533 4847 qui
557 4776 652 4832 tibi
682 4779 763 4835 sic
793 4778 1061 4843 chalcum,
1090 4778 1234 4835 sicut
1265 4785 1321 4832 et
1351 4777 1527 4847 ipsum
1556 4791 1731 4834 assem
1760 4791 1891 4847 pro-

268 4869 532 4947 ‘liibitum
556 4882 674 4925 esse
695 4885 805 4926 non
832 4870 1093 4941 ambigis?
1118 4868 1216 4925 Cui
1240 4882 1368 4924 vero
1396 4876 1508 4924 tota
1530 4869 1579 4924 ei
1602 4866 1889 4939 cujuslibet

266 4959 630 5041 universitas
666 4961 1078 5031 intercluditur,
1107 4962 1476 5020 excusationis
1505 4961 1780 5033 aufugium
1824 4960 1892 5015 de

297 5050 550 5106 minutiis
596 5068 703 5109 non
747 5053 1029 5111 lucratur:
1081 5066 1135 5113 et
1177 5054 1266 5114 cui
1325 5063 1493 5109 totum
1542 5054 1731 5118 cessit,
1765 5066 1893 5122 Pars

262 5206 265 5213 η
293 5144 491 5213 procul
524 5143 683 5202 dubio
710 5161 819 5202 non
850 5151 1141 5218 remansit;
1178 5148 1485 5222 praesertim
1517 5162 1637 5202 cum
1678 5146 1793 5201 haec
1822 5143 1893 5199 sit
1934 5130 1945 5223 ξ

262 5238 501 5311 ⁸ιιιεξιιιίςι
548 5237 794 5295 humanae
841 5251 1055 5312 natura,
1088 5256 1143 5302 ut
1184 5247 1258 5302 ita
1293 5254 1588 5314 occupetur
1614 5242 1761 5297 circa
1787 5239 1892 5294 mi-

298 5326 442 5364 nima
523 5324 567 5364 Εἰ
622 5327 684 5364 αἰι
741 5327 981 5364 ίηδίηοησ
1049 5336 1182 5364 ινῖιιιιο
1227 5347 1355 5364 Λιιηη
1405 5332 1568 5364 “\n‘ln
1625 5331 1667 5364 οἶ
1718 5329 1867 5364 divo:

2002 5326 2222 5364 nmnnro

1996 4583 2304 4645 thesaurus,
2361 4582 2465 4636 hoc
2512 4583 2604 4639 tibi
2634 4581 2707 4637 sit
2734 4582 3152 4653 omnigenarum
3200 4585 3421 4639 ubertas
3470 4581 3588 4639 fru-

1937 4672 1945 4679 ’
1996 4689 2144 4743 gum.
2181 4673 2238 4727 In
2263 4673 2355 4729 illo
2384 4673 2699 4744 acquirendi
2753 4671 2917 4727 finem
2964 4676 3255 4739 constitue,
3280 4675 3333 4729 in
3355 4672 3445 4729 illo
3475 4687 3593 4729 om-

1996 4782 2121 4822 nem
2164 4767 2447 4836 utriusque
2495 4769 2619 4823 vita:
2658 4765 2910 4820 fiduciam
2943 4783 3106 4837 pone.
3155 4767 3416 4824 Dominus
3446 4768 3592 4824 enim

1998 4861 2238 4915 omnium
2266 4870 2372 4928 est,
2406 4869 2463 4916 et
2488 4862 2638 4918 dives
2679 4859 2734 4914 in
2791 4872 2984 4917 omnes
3026 4860 3121 4930 qui
3160 4860 3416 4917 invocant
3445 4860 3596 4918 illum

2002 4953 2182 5026 (Rom.
2225 4938 2397 5024 xxvi).
2708 5003 2711 5007 .

2070 5046 2360 5103 Eriimvero
2410 5046 2456 5101 si
2488 5057 2714 5119 granum
2770 5041 2900 5098 illud
2937 5046 3265 5118 competenti
3326 5062 3456 5103 cura
3489 5060 3603 5103 ser-

1998 5156 2128 5195 vare
2171 5139 2465 5206 studueris,
2496 5136 2705 5195 videbis
2751 5137 3049 5206 apothecas
3079 5142 3354 5199 interioris
3396 5141 3602 5198 cellarii

1999 5234 2099 5298 ιιιί»
2128 5234 2265 5298 auri,
2296 5242 2350 5288 et
2382 5230 2596 5302 argenti
2634 5228 2993 5302 omniumque
3042 5233 3352 5290 divitiarum
3386 5232 3604 5289 talentis

2277 5323 2498 5364 Vitlnltic
2538 5331 2588 5364 ρΙ
2623 5322 2816 5364 Ιιηι-ιιρει
2850 5314 2951 5364 Ἰηςι
2986 5342 3127 5364 nnun
3153 5336 3416 5364 nrnunnln
3451 5322 3604 5364 ερσρ-
