4110 5364
525 339 632 396 259

970 334 1029 389 S.
1069 332 1269 387 PETRI
1310 329 1588 386 DAMIAM
1623 328 1771 385 OPP.
1811 326 2045 384 TOMUS
2083 328 2093 379 ε

2195 326 2209 382 ]
2251 327 2429 385 PARS
2462 327 2546 385 lli.
2569 319 2642 371 ἔξ
2661 318 3287 387 ΟΡΠΞΟΗΕΑῪῙΙῙῙῙ.

3644 324 3758 393 260

529 462 736 514 eorum,
765 460 882 516 qua:
928 443 1022 498 tibi
1075 444 1276 498 fuerint
1324 441 1645 506 necessaria,
1690 441 1841 510 copia
1888 440 2087 509 poteris
2116 447 2162 503 Α
2191 440 2572 509 cogitationum
2615 442 2788 510 epulis
2819 445 2997 497 retice.
3046 444 3162 512 Ipse
3193 444 3286 498 tibi
3332 444 3402 499 sit
3442 444 3759 517 cibus,ipu

528 542 782 609 indtgere.
838 537 893 589 In
938 533 1027 589 illo
1056 535 1271 603 {quippe
1318 532 1616 604 possidebis
1660 545 1848 585 aurum
1900 531 2094 585 divina:

526 629 824 700 sapientiae,
853 636 1132 697 argentum
1154 623 1513 679 azdiflcatricis
1543 621 1877 691 eloquentiae.
1913 620 1972 675 In
2004 620 2093 675 illo

527 721 735 776 diversa
759 718 920 789 pallia
950 718 1161 777 decorae
1187 724 1240 770 et
1266 716 1504 770 honestae
1528 713 1974 779 conversationis,
2006 712 2092 769 bis

528 812 753 867 tinctum
787 808 1035 865 videlicet
1085 823 1304 863 coccum
1332 808 1557 877 gemina:
1596 808 1896 871 charitatis,
1942 805 2089 861 colo—

526 903 670 958 btum
714 903 896 957 nitida:
948 902 1231 957 castitatis.
1279 899 1336 954 in
1391 899 1483 955 illo
1526 903 1745 970 byssum
1796 904 2090 969 patientiae,

524 994 829 1049 flammeum
851 994 1143 1050 birotinum
1164 992 1327 1047 divini
1361 992 1590 1056 timoris,
1614 1007 1904 1061 purpuram
1930 991 2091 1061 regiae

523 1086 821 1158 dignitatis.
876 1086 1012 1153 Quia
1057 1084 1200 1140 enim
1242 1084 1482 1138 muriceo
1540 1083 1796 1151 sanguine
1847 1082 2088 1153 tingitur,

523 1183 584 1231 ut
608 1177 661 1230 in
685 1189 1015 1246 purpureum
1044 1173 1278 1229 colorem
1300 1174 1419 1226 lana
1449 1180 1712 1237 vertatur,
1734 1172 1982 1242 quisquis
2008 1186 2091 1229 so-

523 1264 596 1323 lio
626 1268 760 1322 reeti
800 1266 1065 1321 examinis
1094 1265 1168 1319 ita
1214 1265 1484 1334 praesidet,
1522 1272 1580 1317 ut
1612 1277 1800 1317 omnes
1828 1278 1939 1317 suae
1967 1277 2089 1315 car-

524 1361 609 1416 nis
636 1359 942 1422 illecebras,
984 1356 1347 1424 vitiorumque
1389 1353 1694 1409 barbariem
1725 1351 1957 1406 violento
1985 1352 2090 1404 im-

522 1452 673 1520 perio
720 1446 1050 1505 mortiﬁcare
1109 1445 1343 1509 festinet,
1389 1444 1475 1499 hic
1523 1456 1619 1497 rex
1670 1458 1777 1496 non
1824 1441 2091 1496 immerito

523 1542 741 1607 dicitur,
793 1547 847 1596 et
916 1536 1212 1609 spiritualis
1272 1550 1539 1605 purpurae,
1598 1533 1796 1588 decore
1843 1533 2088 1587 vestitur.

521 1634 578 1689 in
642 1631 733 1687 illo
790 1629 1133 1700 diupisticum
1203 1626 1428 1680 virentis
1501 1639 1715 1694 semper
1771 1624 1928 1693 spei,
2004 1624 2092 1679 ni-

522 1724 776 1779 nimirum
816 1729 1040 1776 vocatus
1079 1719 1132 1775 in
1173 1717 1540 1772 hzcreditatem
1589 1715 2089 1778 iucontamiuatam,

2194 533 2537 589 nihilominus
2584 534 2971 589 indumentum.
3032 535 3085 588 Si
3134 535 3414 604 contigerit
3464 546 3666 602 autem,
3695 546 3761 595 ιιι

2192 625 2352 678 etiam
2381 625 2677 695 cujuspiam
2712 624 2975 679 commodi
3018 625 3303 679 exterioris
3328 625 3585 696 indigeas,
3618 628 3759 684 nihil

2193 716 2428 781 hmsites,
2489 716 2622 770 nihil
2666 717 2733 771 de
2779 717 2894 785 ejus
2948 715 3054 769 fida
3108 715 3462 782 promissione
3525 714 3757 783 difﬁdas,

2191 820 2294 874 qua
2329 804 2630 875 pollicetur,
2654 806 2877 859 dicens:
2919 823 2937 855 ι
2978 803 3216 858 Primum
3259 805 3485 874 quaerite
3532 820 3758 875 regnum

2192 896 2308 962 Dei,
2341 907 2396 951 et
2445 898 2557 953 haec
2603 899 2784 952 omnia
2826 898 3145 966 adjicientur
3184 897 3336 952 vobis
3364 896 3575 967 (Hatria.
3601 898 3699 968 vt).
3733 918 3753 950 ι

2191 989 2290 1055 Qui
2323 990 2465 1043 enim
2490 990 2791 1044 sitientibus
2835 989 3140 1043 lsraeltticae
3166 988 3335 1057 plebis
3368 989 3671 1059 agminibus
3692 1005 3761 1045 ex

2190 1078 2283 1132 illo
2310 1079 2475 1133 aridae
2501 1078 2715 1133 metallo
2747 1078 2893 1146 rupis
2922 1079 3113 1132 uberes
3139 1090 3401 1146 aquarum
3437 1076 3580 1130 rivos
3598 1076 3763 1145 jussit

2192 1169 2409 1225 efﬂuere
2437 1170 2633 1240 (Exod.
2661 1168 2789 1238 xvi),
2822 1169 2910 1237 qui
2943 1168 3302 1222 esurientibus
3324 1166 3542 1223 mdeste
3564 1181 3762 1221 manna

2191 1277 2287 1331 per
2315 1276 2515 1315 annosa
2546 1270 2845 1328 temporum
2888 1259 3059 1326 potuit
3091 1257 3263 1326 spatia
3313 1256 3640 1318 ministrare,
3667 1255 3761 1325 qui

2191 1353 2527 1407 innumeram
2566 1358 3050 1419 ortygometrarutn
3092 1346 3483 1400 multitudinem
3507 1344 3767 1414 prateepit

2192 1445 2245 1499 in
2295 1443 2745 1498 murmurantium
2797 1450 2973 1493 castra
3028 1438 3372 1501 descendere,
3414 1438 3503 1491 uni
3534 1438 3762 1490 homun-

2190 1533 2330 1588 cioni
2378 1534 2488 1587 suis
2536 1531 2734 1600 jugiter
2772 1530 3046 1598 obsequiis
3089 1528 3355 1583 insistenti
3416 1544 3519 1581 non
3563 1526 3765 1596 poterit

2194 1626 2496 1680 necessaria
2524 1624 2847 1693 providere?
2878 1622 2943 1676 Et
2972 1622 3061 1690 qui
3105 1636 3199 1691 per
3229 1619 3583 1691 quadraginta
3604 1618 3763 1673 circi-

2197 1724 2277 1771 ter
2325 1731 2587 1770 annorutn
2628 1712 2894 1769 curricula
2943 1712 3166 1769 infinita:
3204 1711 3346 1766 illius
3392 1711 3559 1765 turbae
3601 1707 3765 1764 vesti-

524 1810 1049 1874 immarcescibilem,
1089 1818 1463 1863 conservatam
1489 1805 1544 1859 in
1579 1804 1731 1860 caelis
1775 1804 1860 1875 (Il
1886 1803 2000 1859 Pet.
2025 1804 2088 1874 ι).
2122 1811 2166 1870 Β
2193 1817 2372 1863 menta
2399 1808 2632 1863 servavit
2660 1806 2847 1870 illa-sa,
2880 1804 3089 1859 diflicile
3127 1804 3227 1859 sibi
3263 1812 3345 1859 est
3387 1801 3583 1857 attritis
3611 1811 3763 1856 vete-

519 1904 578 1958 ln
618 1898 711 1958 illo
755 1902 978 1956 habebis
1012 1899 1268 1954 annulum
1308 1898 1456 1962 fidei,
1501 1896 1745 1952 armillas
1786 1896 2014 1966 perfecti
2039 1897 2093 1949 in

522 1993 696 2047 activa
726 1991 837 2045 vita
867 1989 1069 2060 operis,
1095 1987 1357 2043 dextralia
1400 1987 1565 2041 etiam
1602 1985 1944 2055 speculativae
1966 2000 2095 2039 con—

522 2081 901 2151 templationis.
946 2100 966 2133 ι
1005 2081 1145 2135 Leva
1181 2080 1325 2134 enim
1382 2077 1499 2147 ejus
1547 2078 1704 2149 251
1764 2080 1867 2134 sub
1913 2079 2094 2149 capite

525 2181 634 2238 tuo,
664 2181 722 2227 et
744 2173 968 2227 dextera
992 2171 1134 2226 illius
1168 2168 1563 2239 amplexabitur
1588 2179 1638 2224 te
1682 2169 1859 2240 (Cant.
1905 2170 1985 2239 ιι).
2036 2188 2056 2222 ι

591 2261 659 2316 Et
684 2262 814 2331 quid
865 2261 961 2317 tibi
1017 2260 1167 2330 plura
1228 2258 1526 2330 pollicear?
1561 2258 1993 2327 quandoquidem
2040 2258 2094 2313 in

523 2351 616 2406 illo
634 2351 873 2405 omnium
900 2351 1159 2404 virtutum
1182 2348 1430 2421 gemmis,
1466 2357 1780 2403 cunctorum
1803 2346 2096 2417 perfrueris

522 2443 911 2499 charismatum
946 2440 1291 2510 margaritis?
1320 2437 1429 2492 Nec
1460 2438 1553 2494 tibi
1588 2439 1813 2494 deerunt
1855 2440 2096 2494 omnium

528 2539 851 2592 mundorum
934 2534 1143 2590 scilicet
1203 2535 1709 2602 immundorumque
1781 2531 2094 2586 animalium

522 2644 735 2701 greges,
782 2643 903 2698 quae
936 2628 1038 2683 sub
1087 2627 1242 2696 virga
1305 2635 1408 2681 tute
1450 2632 1727 2679 transeant
1781 2622 2092 2692 disciplinae.

523 2720 800 2775 lmmunda
847 2719 1107 2790 siquidem
1155 2719 1407 2773 vitiorum
1435 2725 1676 2771 armenta
1726 2717 1825 2771 sub
1878 2726 1981 2770 tuae
2016 2715 2099 2769 di-

525 2811 685 2869 tionis
717 2812 945 2883 imperio
981 2810 1376 2875 domabuntur;
1425 2808 1620 2864 munda
1656 2823 1785 2863 vero
1827 2808 2097 2863 interioris

525 2903 600 2957 tui
631 2902 866 2958 hominis
895 2914 1138 2967 ventrem
1174 2900 1506 2958 suavissima:
1535 2896 1843 2955 refectionis
1873 2899 2097 2968 dapibus

524 2996 865 3067 saginabunt.
885 2994 1042 3052 Ovini
1068 2994 1281 3052 velleris
1313 3003 1488 3048 turma
1511 2992 1793 3048 delicatius
1818 3002 2093 3056 accurata,

523 3086 695 3144 dulcis
733 3086 1052 3143 innocentia
1084 3085 1397 3155 praebebunt
1426 3085 1531 3139 tuis
1569 3082 1787 3138 ferculis
1816 3082 2091 3137 alimenta.

2194 1901 2344 1955 ribus
2374 1915 2540 1954 novas
2593 1899 2683 1951 tibi
2731 1898 2954 1952 exuvias
3000 1895 3298 1966 reparare?
3338 1893 3445 1949 Nos
3490 1903 3637 1948 certe
3665 1905 3764 1947 nos

2194 1991 2429 2045 minimte
2462 1990 2607 2053 fidei,
2638 1988 3007 2058 compellimus
3046 1987 3316 2041 Christum
3346 2000 3463 2041 esse
3498 1994 3760 2040 tenacem.

2195 2081 2396 2151 Nempe
2444 2081 2903 2149 pusillanimorum
2950 2077 3243 2133 difﬁdentia
3290 2078 3420 2133 facit
3473 2091 3763 2147 pauperem

2192 2170 2463 2225 Christum
2493 2188 2507 2234 ;
2540 2180 2595 2223 at
2631 2171 2784 2239 plena
2820 2170 2951 2224 fides
3003 2170 3221 2225 divitem
3252 2169 3399 2224 illtttn
3453 2178 3507 2223 et
3557 2170 3763 2237 largum

2195 2260 2248 2314 in
2294 2260 2612 2316 exhibendis
2653 2262 2946 2330 experitur.
2997 2260 3193 2333 Satage
3251 2270 3455 2315 tantum
3499 2261 3550 2314 in
3599 2261 3683 2314 bis
3713 2267 3766 2313 te

2194 2352 2354 2424 252
2395 2368 2671 2417 exercere,
2718 2354 3037 2424 qumjussit,
3064 2365 3118 2407 ct
3146 2353 3290 2408 nulla
3329 2368 3547 2423 prorsus
3584 2368 3651 2406 ex
3684 2351 3767 2406 his

2196 2452 2415 2499 maneat
2438 2444 2704 2509 dubietas,
2728 2460 2845 2514 quae
2868 2446 3131 2513 promisit.
3161 2443 3241 2498 Sit
3274 2459 3494 2500 securus
3519 2452 3765 2510 exactor,

2196 2533 2284 2588 ubi
2315 2536 2382 2589 ad
2418 2534 2743 2589 reddendum
2778 2544 3054 2602 promptus
3082 2543 3163 2588 est
3191 2535 3417 2588 debitor.
3454 2535 3579 2589 Sine
3601 2547 3766 2586 causa

2197 2624 2474 2691 difiiditur,
2510 2626 2597 2679 ubi
2640 2624 2724 2680 ille
2749 2626 3043 2694 promissor
3068 2634 3167 2690 est,
3200 2625 3289 2694 qui
3321 2641 3587 2695 nunquam
3615 2640 3764 2680 uten-

2199 2718 2348 2771 titur.
2383 2716 2620 2771 Securus
2648 2718 2882 2772 creditor
2925 2717 3190 2788 graditur,
3216 2733 3337 2771 cum
3366 2717 3590 2788 simplex
3618 2716 3766 2771 veri-

2198 2818 2284 2863 tas
2309 2809 2662 2877 promissione
2693 2817 2907 2864 tenetur

2265 2901 2389 2955 [late
2420 2911 2597 2955 autem
2640 2902 2704 2955 de
2738 2902 3118 2971 proprietatem
3150 2901 3467 2956 habentibus
3494 2901 3767 2957 monachis

2196 2992 2344 3048 brevi
2372 2994 2738 3063 perstringere
2762 2994 3077 3063 compendio
3111 2994 3394 3060 duximus;
3428 3011 3566 3048 nunc
3590 3005 3767 3050 autem

2198 3087 2263 3138 nd
2286 3100 2396 3148 eos,
2424 3086 2512 3154 qui
2537 3083 2748 3155 equinis
2770 3085 3158 3141 vectationibus
3178 3085 3389 3140 assidue
3411 3084 3766 3153 delectantur,

527 3178 840 3234 DomeSticae
865 3177 1090 3233 altilium
1109 3192 1300 3233 carnes
1324 3191 1431 3232 non
1459 3177 1747 3231 cessabunt
1774 3176 1825 3229 in
1855 3183 1906 3230 te
1928 3174 2093 3228 divini
2121 3177 2167 3239 ι]
2200 3178 2579 3249 disputationis
2605 3178 2889 3234 articulum
2920 3180 3324 3233 transferamus.

525 3272 724 3327 atuoris
752 3285 951 3341 augere
988 3270 1385 3340 pinguedinem.
1436 3267 1698 3323 Uuiversa
1724 3284 1921 3339 genera
1946 3268 2095 3322 volu-

525 3376 674 3415 crum
719 3375 881 3431 super
933 3361 1129 3417 mentis
1175 3369 1277 3415 tute
1324 3374 1565 3415 mensam
1619 3361 1987 3430 sumptuosius
2015 3360 2093 3414 in-

523 3460 734 3510 struent
763 3452 1006 3522 spiritale
1038 3453 1342 3507 convivium
1368 3468 1384 3519 ;
1417 3459 1476 3505 at
1520 3466 1649 3507 vero
1678 3452 1889 3507 taurina
1915 3452 2096 3506 cervix

524 3544 789 3614 superbiae
829 3545 1162 3614 suppositum
1204 3551 1312 3599 tute
1344 3544 1565 3597 ditionis
1612 3542 1848 3613 emugiet
1886 3541 2092 3613 jugum.

523 3635 746 3705 Equiuze
772 3633 999 3689 luxuria:
1040 3631 1302 3688 effrenata
1353 3632 1573 3688 libertas
1620 3634 1721 3687 sub
1766 3641 1818 3686 te
1860 3632 2097 3687 chamati

523 3728 637 3787 oris
686 3727 904 3783 mandet
948 3723 1324 3781 insatiabiliter
1378 3723 1603 3779 ferrum.
1663 3721 1863 3778 Omnes
1908 3722 2098 3777 belluas

522 3816 798 3881 vitiorum,
854 3814 1103 3870 universa
1161 3820 1406 3883 portenta
1457 3811 1727 3882 reptilium
1784 3810 2097 3865 tremefacta

523 3906 795 3978 pavebunt
839 3912 947 3961 tua:
989 3903 1369 3961 dominationis
1399 3903 1694 3973 imperium.
1751 3902 1819 3957 Et
1845 3904 1957 3956 hme
1981 3902 2097 3972 qui—

525 3998 649 4054 dem
678 3996 858 4053 omnia
911 3997 964 4052 in
1005 3997 1108 4052 hac
1134 3996 1241 4049 vita
1267 3996 1320 4049 in
1354 4002 1503 4049 tuum
1543 3995 1735 4051 cedent
1763 3993 1905 4049 ultro
1935 4007 2098 4063 pecu-

523 4092 675 4158 lium,
700 4092 744 4147 si
766 4089 1059 4162 pretiosum
1100 4089 1246 4143 illum
1285 4102 1349 4144 ac
1378 4086 1728 4158 singularem,
1775 4101 1935 4158 quem
1962 4099 2099 4156 pne-

522 4183 777 4250 diximus,
804 4190 963 4240 caute
984 4180 1257 4239 studueris
1287 4180 1557 4237 custodire
1586 4182 1922 4235 thesaurum.

594 4275 860 4332 Ceterum
905 4276 959 4331 iu
994 4273 1083 4329 illa
1136 4289 1276 4329 verae
1324 4272 1674 4328 beatitudinis
1743 4272 1850 4325 vita
1896 4279 2096 4341 quanta

527 4368 649 4433 tibi,
677 4375 733 4421 et
759 4381 921 4437 quam
955 4366 1161 4437 potiora
1182 4364 1471 4427 dabuntur,
1511 4378 1616 4417 non
1647 4371 1751 4427 est,
1780 4361 1975 4426 fateor,
2004 4375 2098 4415 no-

528 4466 763 4513 strarum
789 4457 986 4510 virium
1029 4455 1325 4523 disputare,
1380 4469 1485 4507 non
1526 4462 1609 4505 est
1646 4461 1841 4505 nostra:
1873 4449 2098 4503 faculta-

2813 3268 3038 3324 CAPL'T
3076 3269 3162 3323 lX.

2451 3359 2525 3414 De
2554 3360 2820 3414 monac/tis
2850 3362 3057 3415 assidue
3088 3362 3515 3417 discurrentibus.

2268 3449 2376 3506 Nec
2419 3466 2541 3506 reor
2587 3452 2651 3506 de
2700 3461 2873 3505 vestra
2917 3453 3166 3507 excidere
3209 3454 3447 3523 potuisse
3486 3454 3770 3521 memoria,

2201 3542 2396 3597 fratres
2426 3543 2753 3607 charissimi,
2785 3544 2909 3612 quia
2949 3558 3313 3613 Stepenumero
3341 3544 3405 3599 de
3433 3544 3534 3599 hac
3557 3558 3772 3614 quoque

2200 3633 2588 3687 monachorum
2630 3634 2867 3702 pernicie
2910 3634 3159 3687 concordi
3189 3635 3330 3688 inter
3360 3649 3456 3688 nos
3485 3634 3770 3689 familiari-

2200 3733 2310 3778 tate
2335 3723 2641 3779 doluimus:
2681 3735 2735 3779 et
2771 3726 3024 3795 inquietis
3066 3727 3321 3781 fratribus
3360 3743 3422 3782 ac
3474 3727 3772 3797 vagationis

2197 3817 2330 3871 vitio
2372 3820 2756 3888 pereuntibus,
2802 3819 3054 3873 fraternae
3077 3819 3359 3874 citaritatis
3385 3815 3578 3874 affectu
3622 3834 3771 3874 com-

2198 3910 2341 3979 passi
2392 3925 2597 3965 sumus.
2647 3910 2785 3964 Sunt
2832 3926 3063 3980 namque
3105 3910 3367 3977 nonnulli,
3410 3911 3604 3981 quibus
3642 3913 3769 3964 dum

2198 4001 2380 4058 saeculi
2419 4003 2664 4057 militiam
2700 4002 3020 4071 bajularent,
3061 4013 3343 4074 pertaesum
3392 4013 3506 4059 erat
3535 4006 3633 4060 sub
3666 4005 3772 4059 htt-

2198 4110 2372 4151 mante
2399 4096 2676 4152 servitutis
2699 4095 2828 4168 jugo
2873 4096 2977 4151 huc
3009 4098 3238 4168 illucque
3267 4099 3599 4165 discurrere,
3636 4099 3772 4154 adeo

2199 4195 2258 4240 ut
2323 4185 2688 4242 deliberarent
2748 4188 2814 4240 ad
2862 4187 3237 4242 mouasteriale
3282 4187 3451 4242 otium
3502 4187 3771 4246 libertatis

2199 4291 2383 4330 amore
2428 4277 2687 4342 transire;
2732 4292 2873 4331 nunc
2918 4287 3096 4331 autem
3147 4287 3296 4332 tanto
3339 4288 3464 4333 sunt
3502 4278 3772 4348 pestiferas

2202 4366 2585 4436 inquietudinis
2636 4368 2830 4420 ardore
2878 4368 3146 4433 succensi,
3205 4377 3261 4422 ut
3311 4368 3355 4422 si
3413 4370 3627 4440 quando
3662 4384 3769 4425 non

2200 4457 2472 4525 praebetur
2492 4457 2709 4511 occasio
2730 4457 2936 4511 dictans
2961 4458 3169 4528 longius
3192 4460 3461 4530 progredi,
3486 4460 3772 4515 tenebroso

528 4548 600 4605 tis
625 4547 892 4603 evolvere.
926 4545 1038 4601 Hoc
1066 4554 1272 4599 tantutn
1315 4545 1382 4599 ad
1408 4543 1846 4614 compendiosum
1876 4541 2100 4612 inexpli-
2126 4537 2173 4593 D
2201 4547 2488 4601 carceralis
2564 4549 2817 4602 custodiae
2878 4550 3180 4605 videantur
3209 4553 3431 4606 horrore
3481 4552 3726 4607 concludi
3752 4570 3768 4607 :

528 4638 717 4695 cabilis
767 4635 967 4708 negotii
1016 4634 1218 4689 exitum
1277 4631 1482 4689 referre
1532 4629 1778 4698 sufficiat,
1821 4633 1942 4701 quia
1993 4633 2095 4688 hoc

530 4729 805 4802 accepturi
834 4736 980 4797 sunt,
1027 4727 1120 4797 qui
1154 4724 1411 4780 mundum
1446 4721 1687 4794 perfecte
1714 4724 2048 4795 reliquerunt
2077 4738 2092 4776 :

536 4841 555 4874 ι
590 4822 742 4891 Quod
771 4819 959 4877 oculus
1006 4832 1113 4873 non
1143 4817 1294 4882 vidit,
1324 4830 1424 4871 nec
1461 4816 1607 4873 auris
1634 4816 1861 4880 audivit,
1902 4832 2003 4872 nec
2040 4816 2094 4871 in

531 4928 625 4967 cor
653 4912 889 4968 hominis
922 4909 1189 4977 ascendit,
1219 4924 1337 4979 quae
1357 4908 1679 4979 preparavit
1707 4908 1847 4963 Deus
1874 4908 2099 4981 diligen-

533 5003 676 5058 tibus
700 5018 759 5059 se
780 5001 863 5071 (II
892 5000 1015 5057 Cor.
1042 5001 1127 5073 ιι).
1165 5019 1183 5053 ι

604 5091 758 5147 Hunc
780 5106 907 5163 ergo
937 5092 1269 5157 thesaurum,
1309 5089 1585 5147 Christum
1626 5092 1895 5158 videlicet,
1932 5092 2098 5148 Deum

2200 4640 2342 4708 quod
2372 4638 2557 4709 procul
2604 4639 2763 4693 dubio
2796 4640 2909 4693 fieri
2934 4640 3139 4710 antiqtti
3162 4641 3332 4697 hostis
3360 4656 3463 4697 non
3497 4645 3772 4715 ignoratur

2202 4727 2417 4780 astutia.
2452 4727 2594 4793 Quos
2634 4728 2773 4780 enim
2821 4729 2994 4782 adhuc
3030 4744 3207 4786 sessor
3233 4732 3592 4802 nequissimus
3620 4734 3775 4803 equi-

2204 4827 2301 4884 tat,
2337 4818 2536 4872 idcirco
2570 4820 2884 4888 importunis
2916 4822 3137 4891 vagandi
3170 4821 3469 4879 calcaribus
3492 4834 3663 4894 urget,
3712 4833 3773 4880 ut

2199 4917 2251 4963 et
2280 4908 2379 4976 ipsi
2419 4908 2486 4960 ad
2539 4909 2717 4963 saeculi
2766 4910 3058 4965 vanitatem
3108 4912 3391 4969 redeuntes
3444 4923 3685 4984 pereant,
3717 4924 3773 4969 et

2184 4984 2333 5052 'alios
2362 4999 2430 5051 ab
2471 4998 2778 5066 arripienda
2825 5002 3041 5054 tramite
3080 5017 3220 5056 verae
3264 5003 3453 5057 salutis
3499 5015 3768 5062 avertant.

2202 5087 2338 5143 Sunt
2363 5089 2505 5143 enim
2537 5090 2882 5159 qttatnplures
2911 5090 2962 5143 in
2991 5092 3232 5145 steculari
3262 5093 3445 5147 habitu
3468 5097 3768 5159 constituti,
