4106 6320
349 429 449 487 εει

1292 428 1534 488 OPUSC.
1572 430 1684 488 ΧΠ.
1713 460 1783 472 -
1808 430 1896 486 DE
1934 427 2356 491 CONTEMPTU
2396 433 2685 494 SECULI.

3525 447 3634 506 262

339 564 482 605 nunc
505 548 571 601 ad
609 540 949 603 szecularium
981 547 1323 618 negotiorum
1357 547 1626 601 turbinem
1655 547 1933 603 inhianter
1958 549 2008 609 Α
2037 545 2181 600 velut
2228 546 2392 601 arbor
2445 549 2594 604 arida
2652 550 2972 608 denudetur.
3032 553 3100 610 Et
3147 563 3402 627 tanquam
3449 563 3625 630 grossi

339 644 533 714 redigi,
561 654 615 696 et
643 643 695 695 in
735 641 1000 708 ejusdem,
1041 657 1202 712 quam
1234 650 1542 707 evaserant,
1587 657 1807 698 caenosa
1837 657 1935 697 vo-

338 735 536 789 lutahri
585 733 718 788 l’mce
754 735 979 797 versari,
1028 742 1216 803 stupor
1247 735 1574 791 mirantibus
1612 735 1810 801 oritur,
1844 750 1932 790 su-

2039 637 2282 693 liculneae
2306 640 2484 697 ventis
2531 643 2762 713 expositi
2812 654 2961 700 stare
2988 657 3281 717 nequeunt,
3319 651 3397 706 sic
3439 652 3492 706 in
3539 653 3632 709 illo

2035 730 2266 787 diversis
2301 733 2484 786 mundi
2537 734 2926 792 tentationihus
2956 738 3080 793 hinc
3123 741 3246 794 inde
3275 743 3631 812 perﬂantihus

334 827 564 898 spirium
617 826 685 879 ab
736 827 860 880 imis
911 827 1209 883 visceribus
1255 829 1506 891 trahitur,
1554 839 1608 884 et
1655 830 1706 884 in
1743 845 1932 886 eorum
2034 820 2299 876 bonorum
2341 837 2564 893 operum
2598 822 2864 881 fructibus
2898 842 3215 896 permanere
3241 847 3346 886 non
3380 844 3626 902 possunt.

335 918 614 974 mentibus
683 918 992 988 desperatio
1077 929 1388 989 generatur.
1457 920 1512 975 ln
1581 923 1932 994 semetipsum
2037 913 2149 970 Ποῦ
2180 930 2416 986 namque
2469 916 2656 971 Vitium
2706 927 2870 973 tanla?
2907 919 3180 976 Violelllite
3225 933 3327 986 est,
3367 935 3427 979 nt
3478 937 3628 996 post-

335 1027 577 1081 namque
625 1011 994 1080 unusquisque
1031 1010 1338 1081 hujusmodi
1381 1014 1656 1084 querelam
1687 1015 1927 1087 deponit,

333 1103 562 1159 dicens:
599 1101 711 1168 Vae,
743 1119 844 1169 vze,
888 1103 974 1157 ubi
1007 1119 1106 1176 ego
1132 1105 1365 1175 pr0pri:e
1396 1105 1588 1162 salutis
1631 1123 1780 1179 spem
1829 1123 1927 1179 po-

332 1195 456 1250 sui?
496 1194 608 1250 Cur
666 1206 847 1249 autem
894 1195 1088 1267 capitis
1137 1197 1241 1252 mei
1292 1199 1533 1268 periculo
1581 1199 1646 1253 ad
1682 1201 1928 1256 ordinem

333 1287 480 1342 illum
528 1288 764 1343 transire
797 1289 1052 1343 decrevi?
1101 1289 1270 1344 Paulo
1313 1291 1494 1346 minus
1536 1292 1684 1347 brevi
1727 1301 1928 1364 puncto

330 1396 534 1450 corpus
557 1380 717 1435 simul
746 1390 801 1436 et
835 1382 1069 1436 animam
1098 1384 1326 1453 perdidi.
1358 1383 1620 1439 Penemie
1665 1384 1717 1438 in
1747 1385 1926 1458 ignem

329 1472 538 1542 apertis
566 1472 740 1527 oculis
780 1475 995 1543 prepria
1025 1475 1301 1531 voluntate
1338 1474 1566 1544 conjeci.
1611 1475 1742 1544 Quis
1779 1477 1923 1531 enim

329 1563 422 1619 illo
451 1563 747 1620 ferventior
777 1566 1070 1637 aliquando
1114 1569 1498 1623 monasterium
1529 1570 1722 1638 petiit?
1769 1569 1922 1638 Quis,

327 1666 386 1711 ut
415 1656 722 1720 videbatur,
753 1658 1068 1714 animosiori
1099 1661 1404 1715 constantia
1434 1660 1500 1714 ad
1533 1660 1734 1716 Christi
1783 1662 1924 1716 mili-

328 1750 458 1802 tiam
488 1749 845 1820 properavit?
879 1751 1032 1806 Nunc
1065 1762 1247 1806 autem
1278 1753 1542 1820 omnium,
1573 1769 1692 1823 (pure
1717 1755 1923 1824 promi-

324 1839 416 1904 sit,
446 1840 670 1906 ohlitus,
717 1841 768 1896 in
824 1843 1054 1898 terrenis
1107 1859 1166 1899 se
1205 1845 1439 1916 negotiis
1477 1845 1680 1916 jugiter
1716 1856 1916 1914 versat,

324 1931 581 1986 saeculum
632 1943 851 1999 tractat,
902 1934 1158 1990 smculum
1196 1938 1370 2006 spirat
1419 1952 1434 1990 :

324 2023 762 2079 mortilieationis
810 2025 1029 2082 habitus
1087 2027 1405 2082 dissimilem
1459 2028 1652 2094 reddit,
1704 2045 1916 2086 mecum

321 2117 526 2172 mundo
548 2133 654 2171 non
683 2118 844 2192 253
872 2120 1208 2176 dissimiliter
1229 2122 1378 2176 vivit.
1406 2121 1590 2187 Plane,
1617 2132 1677 2178 ut
1704 2123 1916 2194 perspi-

321 2224 481 2264 cuum
505 2219 610 2274 est,
637 2221 851 2265 u‘mtare
877 2228 1073 2283 corpus
1099 2215 1428 2270 exteriorem
1453 2217 1691 2285 speciem
1717 2217 1915 2286 potuit,

317 2302 411 2356 sed
443 2317 598 2356 ruens
625 2303 678 2356 in
705 2318 794 2368 eo,
823 2319 932 2374 quo
961 2305 1140 2362 fuerat
1163 2317 1328 2372 statu,
1361 2309 1500 2362 male
1528 2309 1632 2364 lixa
1665 2327 1918 2381 perman-

315 2395 406 2450 sit.
441 2396 584 2462 Quid
634 2397 766 2451 mihi
826 2400 1200 2455 conversionis
1245 2399 1362 2470 ejus
1409 2403 1718 2459 incentores
1757 2421 1918 2460 accu-

315 2502 438 2543 sare
458 2488 483 2541 ?
506 2487 564 2543 la
597 2489 758 2546 rebus
779 2491 1046 2560 siquidem
1080 2492 1291 2549 bellicis
1319 2493 1662 2552 solummodo
1689 2498 1916 2553 commi-

315 2578 539 2636 litonem
571 2583 805 2653 perdidi,
845 2585 939 2640 sed
971 2584 1026 2639 in
1055 2586 1279 2657 reliquis
1311 2590 1545 2644 terrenis
1581 2591 1794 2647 actibus
1828 2608 1918 2647 so-

313 2672 462 2729 cium
492 2689 602 2728 nou
641 2675 818 2730 amisi.
853 2674 1063 2731 Mecum
1094 2687 1244 2734 certe
1291 2679 1537 2736 forenses
1573 2682 1694 2737 lites
1721 2684 1910 2754 agitat,

313 2781 533 2822 mecum
561 2767 616 2822 in
645 2769 1008 2824 tribunalibus
1021 2769 1267 2839 judieum
1296 2788 1555 2842 perorare
1582 2790 1689 2827 non
1713 2784 1912 2841 cessat,

313 2872 528 2913 mecum
572 2859 918 2930 importunus
963 2861 1101 2916 atria
1148 2863 1454 2934 principum
1505 2875 1774 2934 penetrat,
1805 2883 1915 2922 me-

310 2964 437 3004 cum
476 2950 638 3005 simul
675 2966 866 3008 eorum
903 2954 1130 3010 auribus
1157 2956 1384 3012 consilia
1416 2966 1647 3014 terrente
1684 2958 1912 3030 profun-

311 3041 500 3096 ditatis
531 3041 775 3097 instillat.

387 3131 491 3186 Sed
523 3149 626 3202 qua
679 3135 990 3192 temeritate
1025 3136 1231 3192 socium
1277 3154 1591 3210 nuncupare
1622 3154 1910 3211 praesumo,

308 3235 470 3292 quem
508 3221 623 3292 jam
666 3227 1186 3283 consuetudinaliter
1221 3228 1446 3291 SOCilllll,
1483 3233 1576 3285 sed
1603 3231 1655 3284 in
1693 3232 1909 3286 cunctis

311 3325 571 3385 tanquam
612 3318 958 3388 pedissequa,
983 3320 1073 3374 vix
1098 3320 1486 3390 prteambulum
1519 3322 1751 3392 sequor?
1768 3321 1912 3378 Sane
1940 3295 1984 3359 (ἶ

311 3417 525 3464 tantum
547 3426 578 3463 a
615 3410 812 3480 popqu
839 3410 1065 3481 gloriam
1095 3414 1161 3467 de
1199 3427 1296 3467 sua
1333 3416 1689 3471 conversione
1729 3415 1908 3470 lucra-

310 3506 421 3564 tur,
454 3508 513 3553 ut
541 3501 944 3570 supervenienti
976 3518 1168 3559 omnes
1196 3515 1502 3576 assurgant,
1531 3507 1791 3577 quidquid
1821 3515 1908 3561 at-

308 3591 519 3658 tulerit,
559 3593 702 3648 velut
744 3596 1037 3665 prophetiae
1061 3598 1340 3654 oraculum
1381 3600 1624 3662 credant,
1661 3612 1717 3654 et
1745 3600 1910 3655 devo-

309 3687 474 3742 tionis
507 3686 582 3740 illi
625 3687 950 3757 obsequium
1000 3698 1313 3744 reverenter
1341 3691 1654 3745 exhibeant.
1689 3689 1796 3745 Sed
1828 3692 1907 3746 vi-

305 3779 501 3835 delicet
530 3787 792 3850 quantum
823 3781 892 3834 ad
923 3796 1163 3846 carnem,
1197 3797 1539 3852 nequaquam
1564 3781 1904 3838 infructuosa

309 3872 453 3927 illius
479 3872 720 3928 creditur
763 3872 931 3926 fuisse
956 3876 1272 3940 conversio;
1315 3875 1440 3944 quia
1465 3875 1558 3944 qui
1587 3874 1905 3930 saecularem

309 3974 512 4020 vestem
543 3981 648 4020 non
672 3980 796 4020 cmn
819 3975 998 4020 mente
1016 3966 1282 4036 deposuit,
1313 3966 1505 4022 saecula
1515 3983 1628 4022 rem
1652 3983 1904 4037 pompam

307 4057 537 4112 callidus
571 4066 910 4128 pet-mutator
940 4057 1154 4128 plenius
1188 4059 1494 4128 acquisivit.

379 4150 489 4206 llas
517 4150 722 4222 itaque,
748 4160 910 4221 atque
943 4153 1250 4222 huiusmodi
1283 4155 1744 4209 murmurationes
1774 4155 1900 4208 dum

307 4245 700 4301 delrectatores
726 4243 1029 4309 ell‘undunt,
1062 4245 1283 4314 quantis
1308 4245 1381 4302 sit
1399 4246 1616 4301 occasio
1641 4245 1902 4316 pereundi

307 4339 359 4392 iu
392 4337 594 4394 seculo
630 4337 940 4408 per-vagatio
977 4339 1368 4395 monachorum
1407 4339 1530 4410 quis
1578 4354 1902 4394 enumerare

306 4428 572 4486 suﬂiciat?
605 4429 839 4486 Facilius
890 4431 1036 4486 enim
1087 4432 1140 4485 in
1200 4431 1447 4487 saeculari
1497 4432 1681 4487 habitu
1733 4432 1898 4488 etiam

305 4522 484 4592 perire
539 4521 858 4585 deliberant,
915 4537 1076 4592 quam
1133 4524 1467 4593 perditorum
1520 4523 1765 4594 exempla
1815 4540 1898 4581 se—

305 4614 541 4685 quendo,
562 4622 852 4685 utrumque
879 4613 1065 4680 simul,
1088 4624 1145 4669 ut
1169 4616 1340 4682 aiunt,
1371 4616 1624 4671 saeculum
1647 4616 1895 4686 perdant.

306 4707 371 4761 Et
398 4721 586 4761 revera
619 4721 726 4761 non
750 4715 834 4761 est
859 4706 1191 4774 mirandum,
1209 4710 1252 4762 si
1286 4709 1592 4764 videntibus
1620 4710 1720 4764 hoc
1741 4727 1897 4766 scan-

304 4799 482 4853 dalum
537 4799 799 4865 nascitur,
830 4799 974 4868 quod
1019 4809 1070 4854 et
1117 4801 1249 4864 Deo,
1298 4811 1549 4857 etsacrae
1587 4804 1895 4859 auctoritati

302 4893 568 4962 probatur
617 4907 738 4948 esse
792 4894 1152 4948 contrarium.
1207 4892 1299 4948 Ait
1346 4893 1493 4947 enim
1548 4893 1836 4963 Apostolus
1879 4911 1892 4949 ;

309 5000 326 5032 ι
357 4981 528 5036 Nemo
554 4981 794 5038 militans
824 4982 954 5050 Deo,
997 4982 1238 5053 implicat
1267 4998 1325 5038 se
1357 4983 1590 5054 negotiis
1620 4985 1895 5040 saeculari-

303 5075 423 5139 bus,
453 5082 514 5130 ut
547 5075 598 5131 ei
626 5075 861 5146 placeat,
889 5077 975 5133 cui
1009 5091 1067 5133 se
1090 5076 1343 5147 probavit
1370 5073 1456 5147 (II
1496 5074 1631 5131 Tim.
1662 5077 1748 5147 ιι).
1785 5103 1798 5124 ι
1829 5077 1896 5133 Et

303 5169 416 5238 ipse
436 5169 698 5226 Dominus
721 5170 976 5225 admonet
996 5169 1290 5241 discipulos
1312 5184 1458 5236 suos,
1493 5171 1718 5226 dicens:
1752 5191 1768 5220 ι
1793 5170 1892 5226 Ca-

305 5269 442 5324 vete,
478 5274 547 5314 ne
572 5269 866 5329 graventur
892 5260 1055 5316 corda
1084 5267 1269 5316 vestra
1297 5260 1350 5314 in
1380 5259 1623 5329 crapula,
1649 5269 1704 5321 et
1724 5260 1893 5316 ebrie-

303 5361 444 5418 tate,
472 5360 530 5408 et
568 5352 715 5409 curis
743 5352 902 5422 hujus
939 5352 1120 5408 saeculi
1156 5351 1308 5423 (Luc.
1343 5352 1478 5421 ut).
1511 5372 1529 5404 ι

903 5465 1134 5523 CAPUT
1174 5465 1265 5520 XI.

305 5555 458 5624 Quod
475 5559 733 5612 discursio
751 5560 990 5612 monac/ti
1017 5570 1062 5612 et
1079 5560 1291 5613 virtutes
1314 5557 1556 5628 expellat,
1573 5567 1620 5611 et
1648 5558 1891 5614 vitiorum

731 5630 1118 5685 multitudinem
1147 5630 1466 5685 introducat.

373 5723 450 5777 Ex
480 5723 583 5777 hac
617 5737 848 5792 namque
893 5723 1280 5791 iuquietudinis
1306 5732 1568 5778 venenata
1599 5723 1778 5778 radice
1813 5731 1894 5779 tot

305 5817 560 5869 vitiorum
597 5815 924 5885 propagines
951 5815 1221 5880 oriuntur,
1266 5824 1326 5869 ut
1371 5814 1426 5868 in
1459 5829 1783 5886 quocunque
1816 5816 1895 5871 vi-

305 5921 433 5978 gere
453 5906 816 5978 cognoscitur,
837 5907 982 5963 omni
1009 5908 1318 5963 monasticae
1345 5906 1696 5977 perfectionis
1720 5905 1896 5963 lructu

2009 1020 2192 1075 quam
2224 1006 2326 1060 sibi
2351 1007 2402 1061 in
2439 1017 2660 1076 pectore
2691 1010 2942 1065 monachi
2975 1011 3141 1067 semel
3184 1013 3467 1084 imperium
3504 1018 3626 1072 vin-

2033 1097 2320 1162 dicaverit,
2350 1113 2475 1152 mox
2505 1113 2569 1153 ex
2600 1101 2835 1155 maxima
2867 1111 3042 1172 parte,
3086 1104 3133 1158 si
3180 1105 3320 1166 inest
3357 1107 3623 1166 virtutum

2032 1191 2249 1256 chorus,
2288 1191 2578 1256 abscedat;
2615 1193 2870 1248 nonnulla
2904 1195 3157 1250 vitiorum
3204 1206 3453 1268 portenta
3480 1201 3628 1256 velut

2031 1285 2360 1354 ergastulum
2392 1286 2594 1356 pmprii
2645 1285 2786 1354 juris
2829 1289 3114 1360 irrumpat.
3176 1289 3310 1346 Nam
3359 1301 3421 1348 ut
3455 1309 3626 1364 pauca

2030 1375 2340 1434 referantur
2367 1394 2398 1435 e
2429 1380 2634 1445 multis,
2662 1381 2960 1437 monachus
2998 1383 3051 1437 in
3085 1384 3280 1440 itinere
3308 1386 3520 1456 positus
3550 1397 3629 1443 te-

2029 1485 2162 1526 nere
2201 1471 2469 1542 jejunium
2501 1473 2708 1544 nequit,
2735 1475 2861 1544 quia
2916 1475 3198 1544 hospitalis
3227 1477 3274 1532 ei
3314 1477 3626 1535 humanitas

2029 1581 2136 1620 non
2167 1565 2470 1636 permittit;
2502 1582 2608 1621 non
2648 1568 2920 1638 sapienter
2946 1569 3148 1639 psallit,
3187 1570 3312 1641 quia
3361 1571 3620 1626 obambu-

2026 1654 2191 1710 lantis
2237 1657 2525 1712 comitatus
2571 1673 2695 1712 eum
2726 1659 3030 1730 loquacitas
3069 1661 3328 1733 impedit;
3369 1665 3623 1720 nocturni

2027 1762 2130 1802 non
2159 1747 2358 1802 insistit
2388 1749 2653 1814 excubiis,
2688 1752 2815 1820 quia
2857 1762 3126 1807 secretum
3153 1754 3305 1808 deest
3330 1754 3622 1826 singulari-

2029 1840 2186 1908 tatis;
2231 1839 2507 1896 ﬂectendis
2549 1843 2779 1912 genibus
2822 1860 2928 1897 non
2959 1845 3197 1909 insudat,
3241 1847 3365 1916 quia
3417 1856 3622 1904 sancte

1492 1946 1546 1991 et
1589 1952 1747 2006 quem
1782 1939 1913 1994 mihi
1951 1921 1992 1979 Β
2024 1934 2330 1990 devotionis
2374 1935 2551 1990 studio
2581 1935 2735 1990 labor
2770 1935 2983 1991 itineris
3011 1952 3116 1991 non
3147 1938 3476 2004 concordat;
3525 1956 3622 1995 ne-

2023 2042 2292 2098 quaquam
2341 2027 2441 2082 sub
2489 2027 2688 2083 silentii
2738 2044 2967 2084 censura
3035 2031 3446 2104 constringitur,
3491 2033 3618 2103 quia

2022 2117 2333 2188 frequenter
2385 2119 2789 2190 emergentibus
2840 2121 3041 2187 causis,
3087 2121 3287 2178 invitus
3319 2123 3484 2178 etiam
3521 2140 3618 2196 per

2022 2209 2360 2281 multiloquia
2392 2208 2731 2266 dilfrenatur.

2093 2301 2256 2374 25-4
2294 2302 2434 2370 Quid
2465 2303 2663 2367 dicam,
2701 2303 2827 2374 quia
2856 2302 3074 2359 lectioni
3124 2304 3210 2360 vel
3243 2307 3477 2363 orationi
3517 2307 3641 2377 mi—_

2021 2391 2166 2446 nime
2196 2400 2372 2452 vacat,
2409 2408 2570 2462 quem
2601 2403 2759 2448 extra
2801 2396 3155 2465 semetipsum
3187 2398 3388 2468 egredi,
3428 2407 3483 2453 et
3510 2408 3618 2454 ter-

2020 2497 2150 2536 rena
2197 2497 2426 2554 quaeque
2458 2493 2694 2540 tractare
2741 2485 3034 2542 imminens
3083 2488 3264 2556 potius
3319 2491 3616 2546 necessitas

2018 2574 2230 2631 dictat?
2259 2575 2512 2632 Charitas
2537 2578 2586 2630 in
2611 2592 2676 2633 eo
2703 2577 2988 2644 minuitur,
3018 2579 3144 2650 quia
3173 2595 3344 2644 mens,
3369 2597 3490 2652 qute
3535 2591 3615 2638 tot

2018 2670 2294 2724 actionum
2325 2671 2666 2726 srecularium
2714 2681 2904 2727 ventos
2930 2674 3150 2743 recipit,
3183 2675 3250 2729 ab
3287 2677 3489 2732 amoris
3531 2677 3616 2732 iu-

2020 2763 2136 2817 timi
2176 2763 2390 2818 fervore
2427 2765 2672 2834 tepescit.
2704 2763 2872 2819 Suum
2907 2781 3124 2837 quoque
3154 2769 3381 2824 castitas
3410 2772 3608 2827 mentis

2018 2855 2357 2926 dispendium
2388 2858 2610 2928 patitur,
2645 2860 2774 2930 quia
2809 2876 3195 2931 nonnunquam
3235 2878 3389 2918 mens
3418 2879 3615 2919 concu-

2017 2948 2300 3016 piscentim
2335 2947 2441 3003 telo
2469 2949 2759 3021 configitur
2801 2966 2897 3020 per
2925 2952 3110 3007 carnis
3151 2953 3408 3023 speciem,
3447 2969 3614 3024 quam

2017 3038 2259 3093 exterius
2287 3039 2705 3110 contemplatur.
2753 3041 2941 3096 llobur
2966 3045 3129 3097 etiam
3158 3044 3429 3114 patientia:
3461 3043 3616 3099 fran-

2018 3131 2178 3204 gitur,
2222 3131 2348 3204 quia
2387 3132 2664 3203 quodlibet
2707 3133 2998 3201 inceptanti
3064 3135 3188 3189 dum
3233 3150 3374 3205 saepe
3419 3145 3614 3194 contra

2018 3233 2200 3279 votum
2229 3226 2494 3295 repentini
2524 3243 2684 3280 casus
2705 3237 3047 3298 emergentes
3067 3226 3308 3292 obviaut,
3336 3229 3426 3300 qui
3451 3246 3610 3286 suum

2017 3314 2358 3371 accelerabat
2410 3315 2684 3384 explicare
2735 3318 3034 3388 negotium,
3085 3333 3191 3372 non
3230 3321 3612 3390 aequanimiter

2016 3415 2239 3478 portat:
2273 3416 2329 3463 et
2365 3407 2490 3463 talia
2545 3417 2671 3462 tunc
2718 3423 2816 3478 per
2851 3409 3243 3480 impatientiam
3284 3413 3448 3468 verba
3488 3429 3612 3485 pro-

2016 3501 2210 3566 fundit,
2243 3517 2363 3572 qua:
2399 3516 2524 3557 cum
2552 3501 2620 3556 ad
2659 3501 2832 3556 otium
2865 3511 3176 3568 revertitur,
3211 3503 3501 3560 ultricibus
3533 3506 3612 3562 la-

2014 3593 2218 3664 erymis
2247 3594 2487 3664 graviter
2510 3593 2685 3663 punit.
2718 3591 3048 3647 Sobrietatis
3079 3593 3260 3664 regula
3285 3611 3390 3650 non
3428 3611 3613 3654 scrva-

2014 3693 2124 3750 tur,
2147 3686 2274 3755 quia
2320 3686 2445 3741 dum
2493 3685 2820 3741 lautioribus
2849 3685 2987 3740 CllllS
3031 3687 3263 3740 convivii
3315 3699 3609 3758 apparatus

2015 3776 2324 3843 instruitur,
2360 3778 2485 3830 dum
2511 3778 2795 3847 hospitalis
2816 3773 2979 3832 ollicii
3006 3777 3269 3834 sedulitas
3298 3780 3607 3848 exhibetur,

2009 3870 2135 3942 quia
2190 3870 2545 3926 inhumanum
2597 3880 2751 3941 putat
2803 3870 3159 3926 invitantium
3210 3873 3464 3943 precibus
3499 3890 3608 3930 non

2011 3962 2465 4026 condescendere,
2511 3962 2745 4018 delectat
2775 3963 2940 4018 etiam
2968 3963 3146 4018 ventri
3170 3964 3270 4031 sub
3314 3965 3604 4022 eharitatis

2009 4055 2191 4126 specie
2237 4053 2474 4109 molliter
2505 4055 2804 4127 indulgere.
2849 4055 2906 4109 ln
2937 4070 3045 4124 (ιιιο
3081 4054 3334 4110 nimirum
3377 4057 3608 4112 articulo

2008 4151 2062 4204 in
2086 4157 2266 4205 mente
2296 4148 2440 4205 servi
2475 4147 2568 4203 Dei
2600 4163 2742 4218 saspe
2766 4149 3014 4207 dubietas
3039 4149 3233 4212 oritur,
3263 4163 3330 4204 ne
3353 4150 3607 4208 videlicet

2007 4246 2148 4302 unde
2173 4245 2454 4301 sobrietati
2503 4244 2826 4306 consulitur,
2878 4244 3000 4300 inde
3044 4261 3259 4314 quoque
3320 4245 3600 4316 hypocrisi

2007 4338 2172 4409 (quod
2226 4336 2591 4393 abominabile
2653 4343 2736 4391 est
2792 4335 3011 4408 vitium)
3083 4339 3373 4393 serviatur.
3446 4338 3602 4395 Unde

2005 4429 2145 4500 apud
2175 4430 2441 4502 quosdam
2469 4428 2788 4484 sobrietatis
2829 4429 3022 4484 modus
3047 4432 3271 4486 omnino
3297 4432 3600 4490 contemni-
3630 4454 3636 4458 ·

2007 4529 2112 4585 tur,
2141 4528 2200 4573 ut
2249 4519 2551 4590 hypocrisis
2582 4533 2796 4589 quoque
2826 4529 2954 4574 nota
2982 4521 3168 4590 procul
3206 4522 3395 4578 abesse
3420 4523 3606 4580 videa-

2006 4624 2112 4670 tur.
2140 4613 2248 4670 Sed
2279 4614 2383 4670 hoc
2411 4614 2570 4670 modo
2598 4614 2651 4668 in
2673 4628 2759 4678 eo,
2789 4615 2932 4684 quod
2956 4615 3190 4672 discrele
3223 4617 3307 4688 agi
3337 4617 3601 4685 creditur,

2005 4710 2264 4767 discretio
2315 4725 2422 4765 non
2477 4718 2714 4766 tenetur.
2747 4708 2842 4766 llle
2880 4711 3026 4768 enim
3054 4711 3158 4767 scit
3213 4720 3362 4767 recte
3397 4712 3604 4768 discer-

2004 4801 2611 4873 nerere,qui[virtutem
2664 4803 2814 4858 novit
2857 4818 2889 4859 a
2939 4803 3074 4858 vitio
3116 4818 3375 4874 separare
3433 4821 3446 4856 :
3501 4807 3604 4874 qui

2005 4902 2188 4950 autem
2228 4909 2350 4949 cum
2379 4894 2610 4949 zizauiis
2655 4893 2818 4950 simul
2845 4894 3011 4950 etiam
3056 4893 3296 4949 triticum
3330 4895 3600 4961 eradicat,

2006 4986 2095 5042 hic
2130 4985 2320 5055 procul
2361 4987 2527 5042 dubio
2560 4987 2670 5042 vim
2697 4987 3046 5044 discretionis
3073 4987 3306 5058 ignorat.
3339 4987 3603 5060 Quisquis

2000 5093 2134 5147 ergo
2156 5077 2272 5134 solo
2299 5093 2546 5148 supernae
2578 5079 3034 5134 remunerationis
3062 5079 3264 5136 intuitu
3285 5082 3606 5138 sobrietatis

2002 5172 2230 5227 limitem
2259 5188 2364 5228 non
2397 5174 2634 5238 excedit,
2659 5182 2714 5230 et
2754 5173 3084 5245 bypocrisim
3131 5174 3233 5231 sub
3274 5174 3602 5232 humilitatis

2001 5278 2112 5318 suae
2151 5264 2380 5333 pedibus
2411 5264 2605 5329 calcat,
2654 5275 2714 5320 et
2758 5266 3044 5320 custodita:
3093 5266 3409 5324 sobrietatis
3463 5285 3600 5340 pra:-

2003 5353 2172 5408 mium
2203 5354 2584 5410 incunctanter
2604 5364 2906 5424 exspectat.

2079 5443 2150 5499 Ut
2172 5453 2352 5500 autem
2383 5447 2561 5501 adhuc
2602 5461 2820 5516 quoque
2850 5449 2916 5502 de
2946 5449 3218 5505 monacho
3256 5450 3597 5508 discurrente

1999 5536 2263 5600 dicamus,
2310 5539 2669 5609 lacrymarum
2718 5543 3192 5611 eompunctionem
3223 5544 3420 5614 quibus
3470 5559 3596 5614 pec-

1998 5640 2118 5687 cata
2148 5631 2358 5697 deﬂeat,
2391 5648 2497 5688 non
2540 5633 2741 5700 habet;
2789 5636 2915 5706 quia
2947 5650 3101 5691 mens
3130 5635 3305 5704 arida,
3335 5652 3454 5706 quae
3498 5651 3596 5707 per

1996 5732 2189 5779 :estum
2246 5733 2473 5781 terrena:
2527 5729 2958 5784 conversationis
3004 5729 3231 5795 incedit,
3287 5731 3410 5784 dum
3471 5743 3595 5797 per-

1999 5816 2150 5871 fundi
2180 5831 2300 5871 rore
2331 5819 2503 5872 sancti
2539 5817 2773 5888 Spiritus
2807 5836 2910 5875 non
2951 5829 3216 5888 meretur,
3247 5819 3445 5874 arescit
3473 5835 3485 5870 :
3535 5825 3594 5873 et

2005 5916 2343 5964 terrenarum
2388 5911 2776 5982 cogitationum
2824 5926 2982 5968 ceno
3022 5912 3202 5982 plena,
3233 5911 3359 5983 quia
3391 5919 3607 5987 aquam;
