4110 5364
532 405 639 463 263

995 405 1055 462 S.
1085 403 1291 461 PETRI
1323 402 1607 460 DAMIANI
1642 356 1793 461 OPP.
1828 400 2062 460 TOMUS
2100 401 2231 460 SEU
2270 403 2448 461 PARS
2477 404 2564 461 lll.
2593 427 2668 447 ιι-
2690 405 3055 464 OPUSCULA
3079 408 3308 465 VARIA.

3674 411 3782 468 261

534 522 726 595 capitis
752 519 976 576 interius
1001 519 1172 590 gratia
1206 518 1467 590 largiente
1494 531 1600 573 non
1627 516 1886 587 concipit,
1926 515 2100 571 nullas
2125 516 2178 582 Α
2203 517 2382 573 anima
2411 517 2591 582 discit,
2620 517 2810 588 quanti
2836 518 2940 574 sibi
2970 520 3292 584 constiterit,
3317 518 3458 588 quod
3489 532 3546 574 sc
3574 534 3672 591 per
3697 521 3782 575 la-

533 623 684 670 extra
702 627 760 667 se
778 611 1048 682 lacrymas
1069 609 1260 665 fundit.
1291 607 1592 679 Aliquando
1613 608 1841 663 fortasse
1869 607 2102 662 circum—

531 701 668 756 fusis
699 700 1034 755 auditoribus
1075 698 1351 770 praedicat.
1389 698 1484 752 sed
1521 706 1740 769 repente
1770 712 1905 752 vana
1933 697 2100 767 gloria

498 789 786 861 subripit,
839 798 892 844 et
941 771 1094 859 quasi
1148 804 1216 844 ex
1266 787 1476 844 insidiis
1519 789 1790 859 prodieus,
1823 803 1965 852 cum,
2013 787 2104 858 qui

530 883 653 938 aliis
676 880 1012 948 medebatur,
1039 881 1256 938 occidit.
1289 879 1347 936 Si
1370 889 1549 936 autem
1569 881 1750 936 ethoc
1773 893 2101 950 prazcavens,

529 972 628 1030 sub
685 973 884 1029 silentii
935 987 994 1027 se
1045 986 1271 1028 censura
1325 972 1664 1042 constringit,
1730 971 1865 1026 nihil
1913 985 2102 1026 eorum

528 1079 687 1135 posse
736 1065 1014 1142 perlicere,
1047 1079 1277 1135 quorum
1317 1065 1492 1136 gratia
1539 1071 1778 1128 venerat,
1812 1061 2110 1119 erubescit."

530 1154 587 1211 Si
619 1171 846 1211 morosa:
887 1155 1190 1228 gravitatis,
1221 1164 1283 1210 ut
1321 1155 1540 1226 dignum
1568 1165 1672 1221 est,
1717 1156 1948 1225 speciem
1987 1169 2102 1210 ser-

526 1259 636 1312 vat,
675 1247 828 1303 valde
855 1247 1204 1318 pertimescit,
1241 1261 1308 1302 ne
1355 1255 1410 1302 et
1442 1247 1530 1302 hic
1577 1246 1878 1318 hypocrisis
1918 1254 2100 1302 notam

528 1342 809 1398 simulator
838 1341 1096 1396 incurrat.
1135 1338 1194 1395 Si
1224 1348 1400 1395 autem
1447 1354 1477 1392 a
1525 1355 1635 1394 suae
1671 1338 2102 1394 mortificationis

528 1434 709 1504 rigore
753 1431 1148 1502 quantumlibet
1198 1445 1256 1486 se
1302 1431 1356 1485 in
1401 1429 1677 1486 lenitatem
1725 1429 1966 1497 resolvit,
2013 1430 2101 1486 hic

527 1523 691 1578 etiam
743 1521 908 1576 multo
965 1521 1143 1576 minus
1195 1536 1418 1578 securus
1444 1530 1546 1586 est,
1596 1535 1663 1576 ne
1705 1521 1956 1576 videlicet
2001 1536 2099 1575 suo

529 1611 779 1682 exemplo
809 1611 942 1666 alios
972 1611 1236 1666 destruat.
1272 1611 1327 1666 Si
1355 1611 1567 1682 quando
1593 1611 1734 1667 inter
1757 1606 2100 1667 'dis'sidentes

527 1716 820 1778 sequestrae
845 1705 994 1776 pacis
1035 1705 1149 1760 vult
1191 1703 1486 1761 reformare
1527 1706 1890 1771 concordiam,
1935 1704 1980 1759 si
2015 1703 2098 1758 di-

527 1799 718 1854 stricte
765 1797 1046 1852 veritatem
1081 1796 1414 1865 exsequitur,
1460 1795 1910 1851 reconciliationis
1961 1796 2100 1849 inter

2207 607 2488 662 titudinem
2520 607 2700 662 saeculi
2733 608 2966 662 inaniter
3013 609 3292 664 relaxavit.
3340 609 3590 664 Tabescit
3637 611 3782 665 enim

2205 699 2372 765 sicca,
2406 700 2662 766 obscura,
2688 701 2927 771 lapidea;
2963 702 3016 756 in
3046 702 3260 756 modum
3309 718 3544 772 namque
3588 703 3787 773 lapidis

2204 789 2490 857 obdurata,
2540 806 2640 846 nec
2679 791 2732 846 in
2768 791 3129 861 lacrymarum
3163 792 3360 847 fluenta
3407 808 3782 863 prorumpere,

2202 892 2305 932 nec
2350 877 2529 934 lumen
2577 888 2751 950 potest
2783 881 3015 936 tenebris
3059 881 3292 950 undique
3335 881 3658 938 circumfusa
3707 885 3784 936 vi-

2203 968 2351 1024 dere.
2380 968 2711 1027 Psalmorum
2733 972 2950 1042 quidem
2976 974 3244 1045 mysteriis
3269 974 3546 1030 intendere
3568 976 3784 1044 nititur,

2203 1061 2298 1116 sed
2328 1070 2580 1132 tanquam
2613 1063 2954 1134 lippientibus
2997 1064 3167 1120 oculis
3214 1066 3542 1122 intolerabili
3578 1067 3786 1124 lumine

2204 1155 2603 1212 reverberatur.
2637 1156 2870 1212 Anhelat
2892 1157 3110 1223 virtute,
3133 1173 3236 1228 qua
3257 1167 3456 1228 potest,
3474 1161 3540 1215 ad
3565 1175 3782 1215 summa

2202 1245 2557 1312 contendere,
2597 1248 2689 1302 sed
2719 1247 2949 1317 quodam
2995 1263 3093 1304 suo
3138 1251 3373 1320 pondere
3418 1260 3780 1321 praegravata,

2201 1337 2256 1392 in
2287 1337 2412 1392 imis
2449 1337 2660 1410 cogitur
2686 1339 2970 1394 humiliata
3012 1339 3219 1411 jacere.
3269 1340 3369 1396 Cui
3402 1343 3781 1412 propheticum

2202 1428 2333 1484 illud
2385 1445 2493 1484 non
2542 1430 2986 1486 inconvenienter
3015 1441 3274 1503 aptatur:
3318 1452 3335 1485 ι
3366 1435 3420 1488 In
3477 1435 3782 1490 tenebrosis

2201 1519 2485 1575 collocavit
2530 1536 2614 1576 me
2669 1522 2823 1592 quasi
2872 1533 3110 1579 mortuos
3143 1525 3519 1594 sempiternos,
3547 1526 3782 1583 circum-

2200 1613 2483 1670 aediﬁcavit
2514 1616 2797 1671 adversum
2827 1631 2930 1680 me,
2959 1625 3148 1672 utnon
3180 1617 3783 1690 egrediar,'aggravavit

2201 1707 2517 1776 compedem
2543 1721 2741 1772 meum,
2791 1707 2884 1762 sed
2911 1715 2963 1762 et
2993 1722 3115 1762 cum
3147 1708 3472 1774 clamavero,
3523 1718 3578 1763 et
3623 1723 3782 1779 roga-

2202 1809 2349 1861 vero,
2381 1796 2936 1852 exclusitorationem
2963 1812 3137 1853 meam
3183 1798 3397 1868 (Three.
3450 1799 3558 1870 ιιι).
3597 1819 3616 1853 ι
3655 1800 3785 1856 Μαξ-

527 1902 624 1945 eos
649 1888 828 1942 unitas
858 1901 966 1942 non
1002 1887 1294 1952 conﬂatur;
1323 1886 1465 1956 quod
1497 1887 1539 1940 si
1572 1889 1646 1940 uti
1679 1886 1971 1942 mendaciis
2009 1900 2099 1942 ac—
2128 1872 2174 1933 Β
2200 1894 2303 1951 ret,
2335 1885 2604 1951 auxiatur,
2633 1886 2883 1951 anhelat;
2909 1894 2964 1941 et
2988 1887 3114 1956 quia
3145 1902 3247 1942 nec
3282 1888 3451 1957 ipsam
3487 1888 3627 1943 hanc
3663 1887 3782 1955 ejus

525 1979 776 2051 quiescit,
807 1978 1010 2049 peccati
1044 1978 1267 2047 laqueos
1297 1993 1401 2033 non
1431 1978 1629 2033 evadit.
1662 1977 1796 2032 Cum
1836 1977 1948 2032 vult
1976 1994 2101 2048 pec-

524 2080 711 2127 cantes
750 2085 997 2142 arguere,
1031 2070 1239 2141 culpam
1287 2084 1391 2124 non
1425 2070 1701 2125 minimam
1735 2071 1974 2140 deputat,
2025 2079 2101 2126 tot

523 2161 891 2232 proximorum
937 2176 1155 2216 suorum
1185 2161 1468 2215 adversum
1523 2177 1580 2216 se
1633 2161 1754 2215 odia
1804 2161 2097 2217 concitare.

525 2249 724 2308 Videre
754 2259 959 2318 autem,
985 2260 1059 2320 ;et
1108 2252 1489 2316 conticeseere,
1537 2252 1660 2321 quid
1704 2251 1847 2306 aliud
1873 2253 2101 2307 arbitra-

524 2350 635 2405 tur,
673 2342 772 2397 nisi
792 2357 956 2412 prave
984 2343 1264 2412 agentibus
1287 2342 1629 2398 consentire?
1661 2342 1727 2396 Et
1751 2343 1862 2398 haec
1884 2344 2098 2412 quidem

525 2449 593 2490 ex
623 2433 744 2499 illis,
778 2433 868 2505 qui
899 2433 1059 2504 255
1083 2434 1420 2504 quantolibet
1461 2435 1640 2490 calent
1669 2437 1884 2505 superni
1926 2436 2101 2490 fervo-

524 2526 599 2582 ris
629 2526 880 2597 igniculo.
911 2526 1177 2582 Caeterum
1210 2527 1388 2598 frigidi
1420 2529 1640 2598 quique,
1673 2528 1763 2598 qui
1800 2529 1994 2598 spretis
2021 2530 2100 2585 di-

520 2616 661 2672 vina:
689 2617 892 2672 militia:
917 2619 1134 2683 castris,
1176 2619 1241 2672 ad
1279 2620 1561 2674 mundana:
1592 2620 1868 2691 vertiginis
1901 2621 2096 2675 molam

521 2707 742 2764 sinistro
771 2707 1102 2778 postliminio
1133 2709 1507 2775 revolvuntur,
1537 2726 1700 2780 quam
1725 2711 2100 2781 judicabilitcr

520 2808 702 2869 agant,
729 2814 888 2867 quam
939 2798 1338 2854 inconsiderate
1367 2800 1570 2865 vivant,
1605 2802 1840 2855 referant
1865 2803 1956 2871 qui
2007 2817 2098 2857 vo-

519 2888 656 2942 lunt.
691 2887 853 2945 Nobis
884 2887 1186 2944 consultius
1217 2888 1447 2953 videtur,
1477 2903 1568 2944 eos
1596 2891 1683 2960 pia
1728 2893 2097 2961 compassioue

520 2977 736 3043 deﬂere,
761 2993 921 3052 quam
950 2981 1296 3035 exsecranda:
1327 2982 1757 3037 conversationis
1786 2993 1936 3053 gesta
1968 2998 2098 3038 con-

517 3071 773 3136 scribere,
806 3087 873 3126 ne
897 3070 1094 3142 quibus
1128 3071 1271 3128 solas
1299 3072 1661 3142 compatieudi
1705 3073 1975 3145 lacrymas
2001 3074 2095 3130 dc-

517 3163 706 3220 bemus
753 3165 1082 3238 impendere,
1134 3165 1218 3222 his
1267 3167 1544 3222 videamus
1597 3167 1858 3223 censoriis
1898 3167 2092 3222 litteris

518 3259 844 3314 obtrectare.

1131 3352 1355 3409 CAPUT
1382 3352 1493 3408 Xll.

521 3443 652 3509 Qua:
684 3442 824 3498 mala
860 3443 1044 3512 infelix
1072 3443 1248 3497 anima
1296 3444 1538 3497 monachi
1568 3444 1820 3512 patiatur,
1852 3460 1969 3498 cum
2021 3444 2089 3497 ad

1022 3512 1272 3585 inferiora
1302 3515 1593 3568 revertitur.

587 3625 701 3683 Hoc
725 3635 903 3682 autem
935 3626 1178 3682 absolute
1221 3627 1472 3694 dicimus,
1500 3627 1651 3706 quod
1670 3627 1832 3682 tantis
1873 3629 2092 3683 insidia-

518 3728 636 3769 rum
668 3713 950 3770 tendiculis
987 3714 1089 3769 hoc
1137 3721 1375 3782 tempore
1425 3714 1655 3766 mundus
1699 3711 1787 3767 ille
1835 3712 2093 3770 densatus

517 3813 618 3870 est,
650 3812 709 3858 ut
744 3804 988 3874 quisquis
1028 3803 1187 3872 hujus
1231 3802 1372 3858 sacri
1408 3801 1611 3856 ordinis
1640 3801 1911 3857 desiderat
1944 3803 2094 3859 inuo-

517 3904 706 3953 ceuter
733 3895 936 3961 vivere,
965 3897 1033 3951 ab
1063 3894 1205 3950 illius
1231 3908 1486 3965 processu
1510 3893 1825 3948 cautissime
1850 3908 1908 3949 se
1930 3909 2095 3964 expc.

517 3987 631 4043 diat
668 3988 980 4043 abstinere:
1015 3987 1167 4058 cujus
1207 3985 1458 4041 videlicet
1504 3985 1606 4039 iter
1655 3985 1700 4039 si
1748 3999 1890 4053 saepe
1943 3985 2091 4053 terit,

517 4086 834 4149 procuratos
875 4077 1192 4133 insidiarum
1223 4076 1444 4147 laqueos
1476 4091 1582 4132 non
1617 4077 1824 4143 evadit;
1873 4086 1929 4132 et
1977 4085 2095 4131 tan-

519 4183 682 4240 quam
707 4169 868 4225 arbor
895 4170 1184 4225 munientis
1211 4183 1270 4225 se
1287 4169 1506 4225 corticis
1534 4167 1844 4224 defensione
1869 4170 2090 4235 nudata,

517 4274 617 4316 nec
644 4261 901 4316 virtutum
939 4258 1145 4315 fructus
1176 4258 1387 4327 aﬂ‘erre,
1423 4276 1522 4317 nec
1549 4260 1803 4316 vitiorum
1837 4261 1990 4333 quasi
2022 4269 2096 4318 te-

516 4352 803 4410 reudorum
837 4355 1245 4411 scaturientium
1271 4355 1473 4410 cariem
1495 4356 1695 4425 poterit
1712 4356 1935 4412 evitare.
1958 4354 2093 4412 Cum

515 4462 646 4502 vero
701 4449 767 4502 ad
808 4448 1039 4518 propriae
1093 4447 1444 4504 habitationis
1493 4447 1728 4502 claustra
1780 4447 2092 4512 revertitur,

477 4536 761 4592 'comiuus
813 4537 960 4591 illum
1029 4537 1184 4605 quasi
1245 4538 1488 4606 quaedam
1561 4537 1878 4608 conglobata
1936 4537 2093 4590 turba

2203 1975 2478 2030 miseriam
2505 1975 2606 2031 sibi
2628 1974 2762 2031 ﬂere
2787 1977 3141 2046 permittitur,
3161 1977 3356 2032 acriori
3399 1977 3600 2033 doloris
3629 1993 3784 2034 ama-

2201 2067 2437 2122 ritudine
2467 2068 2669 2138 repleta
2704 2069 2970 2124 turbatur.
3020 2068 3224 2125 Saltem
3255 2071 3394 2124 hanc
3419 2070 3660 2140 ploratus
3687 2087 3782 2125 vo-

2203 2173 2319 2214 cem
2352 2174 2472 2213 cum
2497 2161 2757 2229 propheta
2805 2161 3026 2215 daretur
3051 2159 3346 2226 effundere,
3387 2175 3492 2229 qua
3524 2162 3723 2216 dicitur
3762 2179 3779 2215 :

2207 2270 2224 2302 (
2254 2251 2484 2315 Idcirco,
2535 2251 2729 2320 inquit,
2770 2266 2869 2322 ego
2901 2252 3142 2321 plorans,
3180 2259 3235 2306 et
3275 2250 3463 2306 oculus
3506 2266 3660 2306 meus
3686 2251 3783 2306 de-

2199 2342 2402 2398 ducens
2430 2357 2659 2412 aquam;
2690 2343 2816 2413 quia
2845 2343 3000 2414 longe
3027 2343 3198 2399 factus
3233 2353 3318 2399 est
3344 2359 3373 2397 a
3414 2359 3500 2399 me
3535 2343 3784 2399 consola-

2205 2442 2313 2500 tor,
2348 2442 2670 2488 convertens
2696 2434 2929 2488 animam
2962 2449 3137 2489 meam
3163 2435 3376 2506 (Thren.
3403 2436 3464 2505 ι).
3498 2453 3516 2487 ι
3560 2434 3668 2489 Sed
3700 2436 3785 2489 iu-

2199 2523 2324 2579 felix
2349 2523 2513 2595 256
2539 2524 2622 2578 illa
2647 2523 2852 2590 anima,
2877 2539 3001 2579 cum
3027 2533 3082 2580 et
3128 2540 3187 2581 se.
3233 2524 3463 2581 ﬂebilem
3494 2525 3696 2590 videat,
3726 2535 3783 2580 et

2201 2622 2379 2669 tamen
2415 2614 2545 2669 ﬂere
2591 2630 2699 2669 non
2746 2615 2938 2684 possit,
2971 2631 3134 2686 quam
3177 2616 3365 2686 procul
3401 2617 3473 2671 sit
3504 2610 3535 2672 ὁ
3577 2619 3777 2683 salute,

2198 2707 2352 2778 quasi
2382 2707 2432 2761 in
2458 2707 2745 2775 quemdam
2779 2707 2955 2762 lacum
2989 2709 3237 2763 devoluta
3278 2709 3529 2775 miseriae,
3568 2709 3782 2779 longius

2197 2797 2480 2867 conspicit.
2510 2796 2774 2852 Nimirum
2817 2814 2937 2853 cum
2983 2798 3112 2854 llere
3140 2800 3226 2854 via
3256 2801 3626 2855 tantummodo
3675 2803 3773 2866 sit,

2197 2901 2256 2947 ut
2289 2903 2641 2964 peccatorum
2670 2891 2850 2947 valeat
2893 2892 2960 2948 ad
3014 2893 3403 2964 indulgentiam
3449 2893 3778 2962 pervenire:

2197 3001 2325 3056 ergo
2349 3001 2472 3041 cum
2503 2985 2593 3040 illa
2631 2994 2842 3040 reatum
2869 3001 3025 3040 suum
3053 2985 3312 3056 plangere
3337 2993 3594 3054 nequeat,
3632 2984 3778 3038 vide-

2199 3087 2285 3132 tur
2308 3077 2434 3142 sibi,
2465 3076 2608 3146 quod
2636 3077 2862 3132 necdum
2905 3077 3068 3132 etiam
3097 3077 3150 3131 in
3180 3078 3324 3132 viam
3355 3076 3543 3147 pedem
3568 3091 3776 3147 posue-

2198 3170 2290 3232 rit,
2313 3184 2417 3238 qua
2445 3169 2751 3239 pertingere
2775 3169 2842 3222 ad
2865 3167 3258 3238 indulgentiam
3284 3168 3471 3238 possit.

2121 3246 2166 3310 C
2268 3259 2402 3314 Huic
2431 3259 2606 3314 simile
2654 3268 2758 3322 est,
2805 3259 2950 3329 quod
2979 3274 3045 3314 ex
3077 3257 3514 3328 imperfectorum
3545 3271 3782 3328 persona

2194 3369 2293 3424 per
2334 3353 2659 3422 Prophetam
2711 3352 2948 3406 dicitur:
2991 3371 3010 3404 ι
3045 3350 3366 3421 Concupivit
3418 3351 3594 3404 anima
3650 3365 3772 3406 mea

2197 3443 2510 3498 desiderare
2535 3441 2954 3509 iustificationes
2985 3451 3102 3496 tuas
3128 3442 3180 3496 iu
3211 3441 3358 3496 omni
3391 3449 3634 3510 tempore
3655 3437 3779 3507 (Ps.

2193 3534 2408 3604 cxvnl).
2439 3554 2458 3586 ι
2506 3533 2607 3600 Qui
2663 3533 2808 3588 enim
2849 3532 3022 3602 legem
3073 3531 3189 3596 Dei,
3219 3547 3339 3601 quae
3387 3530 3573 3601 procul
3617 3529 3785 3586 dubio

2185 3623 2501 3694 justiﬁcatio
2530 3624 2646 3693 ejus
2673 3621 2936 3688 est,oumi
2961 3632 3200 3692 tempore
3221 3621 3458 3676 nondum
3479 3618 3775 3683 desiderat,

2194 3719 2286 3773 sed
2306 3717 2417 3787 jam
2448 3715 2762 3771 desiderare
2789 3713 3150 3785 concupiscit,
3184 3713 3301 3786 jam
3325 3713 3545 3784 quidem
3584 3721 3784 3767 utcun-

2195 3823 2300 3878 que
2347 3807 2557 3862 eminus
2608 3806 2852 3875 suspicit,
2895 3806 2988 3860 sed
3036 3818 3378 3876 nequaquam
3432 3802 3782 3874 perfectionis

2197 3897 2301 3953 alta
2334 3895 2668 3951 conscendit.
2724 3894 2960 3964 Fitergo
3002 3895 3171 3949 menti
3224 3895 3436 3950 miserae
3487 3902 3595 3947 tam
3628 3901 3778 3947 tene—

2195 3989 2359 4044 brosa
2388 3986 2658 4051 confusio,
2697 3997 2758 4042 ut
2785 4003 3106 4058 quocunque
3129 4003 3187 4042 se
3206 3987 3452 4050 verterit,
3485 3999 3544 4041 se
3571 3987 3778 4040 versari

2196 4079 2252 4135 in
2276 4079 2471 4135 szeculo
2498 4079 2701 4144 videat,
2735 4094 2861 4134 cum
2893 4077 3149 4134 saeculum
3179 4077 3298 4133 sine
3327 4091 3386 4133 se
3419 4091 3539 4132 esse
3569 4075 3782 4130 indubi—

2199 4183 2376 4229 tanter
2404 4183 2681 4244 agnoscat.
2710 4174 2844 4229 Cum
2871 4173 2962 4229 illo
2999 4174 3182 4243 itaque
3211 4181 3314 4238 est,
3347 4172 3488 4242 quod
3511 4186 3635 4226 cum
3660 4171 3778 4240 ipsa

2200 4285 2307 4324 non
2334 4277 2446 4334 est;
2477 4269 2602 4337 quia
2625 4269 2839 4324 scilicet
2872 4268 3152 4333 mundum,
3182 4281 3342 4336 quem
3385 4264 3655 4335 corporali
3699 4265 3782 4318 di-

2200 4361 2479 4433 gressione
2505 4360 2769 4423 deseruit,
2803 4373 2986 4414 secum
3014 4374 3112 4429 per
3133 4357 3499 4428 phantasticas
3521 4355 3780 4425 imagina-

2199 4451 2374 4506 tiones
2400 4451 2454 4504 in
2485 4458 2666 4504 mente
2699 4449 2956 4519 depingit.
2985 4448 3274 4504 Enimvero
3317 4449 3420 4502 ista
3445 4447 3503 4500 in
3546 4446 3780 4500 humana

2200 4551 2384 4597 mente
2408 4540 2718 4606 calamitas,
2749 4550 2801 4596 et
2830 4548 3110 4610 peccatum
3136 4548 3242 4604 est,
3273 4547 3328 4594 et
3351 4551 3514 4607 poena
3545 4535 3775 4606 peccati.

518 4627 757 4684 omnium
792 4641 911 4698 qua:
960 4600 1183 4691 Viderat,
1230 4600 1315 4680 νὲι
1365 4626 1630 4692 audierat,
1663 4600 1980 4691 comitatur,
2036 4635 2096 4681 ut
2123 4600 2176 4662 Ι)
2208 4635 2419 4692 Iustum
2448 4636 2644 4706 quippe
2673 4600 2775 4700 est,
2807 4600 2867 4690 ιιι
2893 4634 3036 4704 quod
3065 4600 3293 4705 quisque
3316 4600 3502 4688 volens
3538 4600 3776 4696 admisit,

518 4716 956 4773 tumultuantium
994 4715 1328 4786 negotiorum
1349 4716 1654 4785 strepitum,
1678 4731 1842 4787 quem
1873 4715 1983 4771 illic
2014 4724 2094 4770 to-

517 4811 724 4867 lerabat
754 4811 806 4866 in
835 4823 1078 4880 corpore,
1110 4807 1277 4863 multo
1300 4808 1662 4879 ingruentius,
1687 4809 1966 4880 multoque
1995 4809 2093 4863 im-

515 4903 800 4974 portunius
829 4903 916 4958 hic
943 4902 1182 4972 patiatur
1226 4901 1280 4955 in
1331 4908 1543 4965 mente;
1577 4889 1846 4970 praecipue
1878 4899 1924 4954 si
1968 4914 2092 4954 ora-

517 4995 652 5048 tioni
682 5009 875 5050 vacare
903 4995 1113 5050 enixius
1158 4993 1403 5064 coeperit,
1428 5007 1556 5048 ecce
1598 4995 1976 5065 phantasmata
2002 5007 2092 5048 co-

2195 4727 2434 4797 patiatur
2501 4725 2720 4780 invitus.
2779 4723 3044 4779 Nimirum
3085 4732 3146 4778 ut
3191 4724 3280 4792 qui
3320 4721 3495 4777 noluit
3541 4735 3600 4775 se
3639 4720 3779 4774 intra

2196 4825 2464 4874 secretum
2521 4817 2602 4871 sui
2664 4816 2869 4871 ordinis
2915 4814 3198 4880 cohibere,
3249 4829 3371 4869 cum
3424 4813 3629 4883 potuit,
3685 4827 3778 4866 ne-

2182 4923 2470 4980 quaquam
2522 4911 2720 4964 saeculo
2758 4922 2945 4964 carere
2979 4907 3240 4977 potuisset
3285 4905 3450 4962 etiam
3497 4902 3779 4973 cumfreli-

2196 5000 2336 5070 quit.
