4110 5364
296 331 404 386 263

1223 323 1463 380 OPUSC.
1509 324 1620 378 Xll.
1660 354 1731 362 —
1770 323 1854 376 DE
1893 318 2306 387 CONTEMPTU
2350 317 2637 374 SAECULI.
2975 356 2981 360 -
3457 321 3562 377 256

296 445 406 506 bat,
461 440 648 496 dicens
695 453 815 492 cum
869 437 1126 508 propheta
1161 453 1172 489 :
1225 453 1242 486 ι
1274 435 1452 489 Bonus
1493 443 1574 488 est
1620 433 1876 488 Dominus
1907 442 1950 494 Α
1980 439 2123 492 sunt,
2153 428 2278 482 nulli
2322 427 2562 488 dubium,
2590 427 2718 496 quin
2748 428 2944 490 omnis,
2978 429 3072 497 qui
3119 444 3304 484 eorum
3339 433 3561 501 panici-

296 529 640 602 sperantibus
667 528 720 582 in
751 542 897 590 eum,
931 525 1126 580 animae
1148 524 1410 594 quaerenti
1447 523 1617 577 illum.
1675 523 1880 576 Bonum

295 631 378 678 est
407 618 705 692 prmstolari
729 633 851 673 cum
884 616 1099 671 silentio
1130 616 1365 671 salutare
1395 615 1624 670 Domini.
1673 614 1878 668 Bonam

296 725 381 769 est
412 715 526 767 viro
564 725 684 773 cum
715 709 1011 781 portaverit
1040 708 1228 779 iugum
1259 709 1326 761 ab
1356 706 1717 762 adolescentia
1738 722 1832 759 sua
1865 724 1876 757 :

300 803 510 860 sedebit
539 801 708 866 solus,
744 808 795 854 et
849 797 1065 861 tacebit,
1124 799 1250 867 quia
1302 796 1499 851 levavit
1531 811 1590 849 se
1629 810 1792 864 super
1824 809 1881 848 se

299 894 518 964 (Thren.
547 890 652 961 ιιι).
692 911 710 944 ι
755 891 884 957 Qua:
910 890 1080 952 enim,
1109 890 1151 943 si
1180 897 1385 943 secreta
1421 888 1686 957 diligeret,
1720 902 1880 956 super

298 986 646 1055 semetipsam
679 982 939 1053 gauderet
986 991 1192 1044 evecta,
1252 981 1503 1034 mearet-et
1555 995 1716 1042 nune,
1755 978 1880 1046 quia

305 1077 373 1130 ad
403 1074 674 1144 publicum
705 1072 911 1137 exiens,
942 1087 999 1127 se
1024 1071 1121 1126 sub
1152 1087 1208 1127 se
1236 1071 1378 1124 videt
1413 1069 1594 1140 jacere
1636 1080 1877 1139 prostra-

299 1179 431 1220 tam.

885 1250 1111 1306 CAPUT
1151 1250 1283 1304 Xlli.

299 1346 453 1412 Quod
498 1347 540 1399 is
591 1345 680 1415 qui
715 1344 856 1414 {oras
911 1343 1194 1423 egreditur,
1250 1358 1367 1394 cum
1417 1342 1878 1394 cxcommunicatis

762 1429 1148 1466 communicare
1178 1422 1416 1480 cogatur.

369 1525 464 1580 Est
485 1526 651 1580 etiam
683 1523 844 1587 aliud,
873 1524 1015 1593 quod
1044 1524 1145 1577 etsi
1194 1523 1575 1592 impedimenta
1606 1523 1876 1587 deessent,

297 1616 472 1669 solum
503 1615 748 1670 suﬂicere
785 1624 1013 1684 petet-at,
1042 1625 1097 1666 ut
1127 1615 1423 1670 monachos
1453 1629 1481 1668 a
1504 1615 1688 1669 mundi
1715 1630 1880 1684 vaga-

297 1707 443 1758 tiane
466 1714 850 1774 compesceret.
882 1705 1011 1769 Quis
1042 1705 1182 1758 enim
1215 1705 1317 1759 hoc
1347 1714 1587 1773 tempore
1618 1721 1878 1775 quorum-

1986 523 2074 590 pio
2105 522 2292 584 utitur,
2330 520 2559 574 similem
2605 520 2969 574 damnationis
3017 523 3335 576 sententiam
3371 527 3566 578 sortia-

1989 624 2095 666 tur.
2127 612 2202 665 De
2251 612 2336 665 his
2393 619 2597 673 autem,
2628 611 2716 678 qui
2758 625 2855 678 pro
2893 613 3196 667 commissis
3248 613 3567 669 criminibus

1984 703 2241 758 canonica
2273 702 2490 772 quidem
2549 710 2673 755 sunt
2726 703 3051 758 auctoritate
3095 705 3405 769 damnandi,
3467 723 3566 760 nec

1985 795 2110 848 dum
2129 805 2303 849 tamen
2327 795 2462 848 vivis
2486 793 2825 848 sacerdotum
2859 796 3078 848 vocibus
3105 797 3171 850 ab
3200 797 3564 851 ecclesiastica

1985 885 2235 939 videntur
2290 885 2494 938 unitate
2550 885 2792 952 praecisi,
2845 901 2875 937 a
2936 885 3207 940 nonnullis
3255 887 3565 955 ambigitur,

1985 992 2165 1036 utrum
2204 999 2391 1036 eorum
2426 990 2539 1035 tuto
2571 982 2801 1035 societas
2835 981 3194 1047 admittatur;
3237 985 3328 1036 sed
3364 986 3407 1038 si
3457 1002 3568 1039 rem

1984 1077 2220 1145 peusiori
2253 1075 2550 1130 subtilitate
2577 1076 2980 1144 perpendimus,
3019 1075 3218 1128 nullam
3266 1091 3401 1144 pene
3431 1078 3571 1131 inter

1985 1180 2077 1218 eos
2107 1181 2226 1220 esse
2256 1165 2571 1218 distantiam
2617 1165 2941 1219 invenimus.
2976 1165 3101 1220 Sive
3131 1167 3276 1220 enim
3311 1183 3338 1218 a
3363 1168 3576 1220 moder-

1983 1255 2088 1319 nis,
2116 1255 2229 1310 sive
2258 1255 2325 1309 ab
2354 1256 2592 1324 antiquis
2622 1255 2873 1309 Pati-ibus
2917 1255 3040 1325 quis
3079 1253 3204 1322 jure
3261 1255 3571 1313 damnetur.

1984 1346 2127 1400 idem
2176 1355 2300 1399 est:
2335 1361 2435 1400 nec
2488 1355 2793 1413 temporum
2846 1346 3131 1398 diversitas
3182 1345 3360 1408 solt-it,
3415 1360 3574 1414 quem

1982 1437 2173 1490 eadem
2223 1437 2521 1506 perpetrati
2561 1437 2756 1504 piaculi
2786 1452 2952 1490 causa
3007 1438 3420 1506 coustringit,et
3448 1448 3577 1490 aeta-

1985 1539 2098 1582 tum
2140 1530 2380 1582 varietas
2421 1528 2665 1595 judiciali
2719 1528 2928 1582 calculo
2982 1544 3087 1581 non
3121 1528 3453 1596 pra‘judieat,
3488 1529 3576 1581 ubi

1984 1634 2088 1671 una
2119 1618 2318 1672 limata:
2348 1619 2619 1687 aequitatis
2648 1619 2828 1687 regula
2860 1620 3183 1672 sententiam
3211 1621 3394 1673 dictat.

2057 1711 2160 1764 Sed
2194 1711 2334 1780 quod
2363 1711 2664 1780 approbare
2694 1711 2962 1773 volumus,
2988 1710 3180 1764 melius
3202 1713 3574 1776 ostendemus,

296 1795 427 1849 libet
455 1795 790 1849 szeeularium
817 1795 983 1863 possit
1016 1796 1253 1849 invenire
1278 1805 1622 1861 conventum,
1656 1797 1744 1848 ubi
1771 1811 1874 1849 non
1907 1809 1952 1867 Β
1982 1800 2024 1854 si
2065 1801 2180 1868 ipsa
2228 1802 2816 1855 exeonnnunicantium
2858 1801 3079 1854 Patrum
3121 1810 3175 1856 et
3227 1801 3574 1870 antiquorum

297 1888 371 1941 sit
406 1887 730 1956 hujusmodi,
762 1887 850 1956 qui
884 1901 982 1955 pro
1018 1886 1098 1940 sui
1129 1899 1307 1941 reatus
1337 1888 1544 1956 piaculo
1565 1903 1879 1940 excommu-

300 1975 591 2029 nicationis
619 1975 811 2029 debeat
835 1977 1017 2029 subire
1039 1975 1476 2045 judiciumNam
1509 1978 1706 2030 dudum
1735 1978 1878 2031 enim

296 2063 490 2116 omnia
505 2078 600 2132 per
620 2064 875 2117 mundum
896 2064 1123 2117 crimina
1141 2065 1502 2119 communiter
1521 2076 1877 2131 emerserunt,

299 2155 552 2208 universa
580 2154 901 2222 ﬂagitiorum
939 2155 1078 2208 mala
1121 2172 1263 2210 nunc
1305 2157 1505 2225 vigent,
1542 2168 1704 2226 atque
1733 2173 1797 2211 eo
1824 2173 1882 2212 se

300 2242 551 2297 diﬂ‘usius
588 2245 829 2313 quotidie
871 2245 1184 2313 pullulando
1228 2245 1611 2316 d'ilatant,quo
1656 2247 1884 2302 vicinius

299 2335 484 2388 tuundi
506 2335 765 2389 terminus
779 2337 1186 2405 appropinquat.
1204 2335 1884 2407 Quapropterimpossibile

302 2441 388 2485 est
412 2433 696 2496 monacho,
719 2431 810 2500 qui
838 2432 902 2484 ad
928 2430 1201 2500 publicum
1227 2432 1520 2501 egreditur,
1556 2443 1738 2486 utnon
1771 2434 1884 2488 sive

298 2538 421 2576 eum
437 2522 598 2592 257
610 2523 1116 2587 excommunicatis,
1135 2524 1246 2576 sive
1270 2538 1393 2577 cum
1409 2525 1884 2577 excommunicau-

301 2614 406 2677 dis,
422 2614 563 2682 quod
583 2627 716 2681 pene
736 2613 1068 2666 tantumdem
1093 2623 1198 2677 est,
1214 2615 1617 2667 communicare
1635 2625 1882 2684 cogatur.

303 2704 435 2757 Cum
462 2704 747 2758 hotnicidis
770 2706 936 2770 enim,
962 2721 1082 2759 cum
1113 2706 1363 2774 perjuris,
1394 2723 1514 2760 cum
1541 2707 1884 2772 incestuosis,

298 2809 423 2846 eum
479 2794 857 2849 incensoribus
885 2797 1100 2861 mdium,
1131 2811 1254 2851 cum
1302 2797 1562 2850 adulteris
1603 2797 1838 2866 loquitur
1867 2813 1882 2850 :

303 2886 518 2952 quibus,
548 2886 712 2939 etiam
745 2886 789 2941 si
820 2886 1080 2941 adversus
1119 2886 1434 2950 cxhurreat,
1463 2887 1778 2956 plerumque
1803 2896 1886 2939 ta-

303 2990 424 3028 men
454 2976 642 3029 osculo
665 2975 925 3047 jungitur,
960 2976 1122 3031 simul
1160 2979 1324 3032 etiam
1356 2975 1883 3040 comtnuni'fcrculo,

302 3077 461 3134 prout
493 3069 792 3122 necessitas
815 3069 1081 3131 imminet,
1110 3070 1450 3132 convivatur,
1477 3085 1596 3122 cum
1632 3080 1884 3121 econtra-

1986 1892 2192 1947 scilicet
2221 1901 2272 1946 et
2309 1907 2568 1946 novorum
2613 1890 2776 1946 verba
2804 1907 3088 1960 ponamus.
3125 1892 3277 1945 Sacri
3307 1891 3574 1960 siquidem

1986 1997 2225 2037 canones
2280 1982 2463 2036 dicunt
2494 2000 2506 2033 :
2538 1981 2636 2047 Qui
2672 1982 2794 2045 hoc,
2827 1980 2908 2034 vel
2955 1980 3084 2034 illud
3114 1980 3324 2044 fecerit,
3358 1996 3575 2034 excom-

1985 2075 2308 2129 tnuniectur.
2353 2072 2590 2126 Moderni
2637 2070 3153 2140 quoquepontifices
3195 2071 3248 2124 in
3289 2069 3576 2138 jarulanda

1987 2162 2568 2219 excommunicationis
2598 2163 2891 2225 sententia,
2920 2159 3108 2214 eadem
3159 2159 3270 2214 fere
3301 2159 3460 2215 verba
3487 2161 3576 2214 dc~

1986 2263 2259 2323 promunt,
2291 2251 2531 2305 dicentes
2556 2269 2568 2303 :
2593 2251 2707 2315 Ille,
2737 2251 2828 2319 qui
2886 2249 2998 2303 inec
3029 2248 3236 2312 fecerit,
3267 2264 3576 2304 excommu-

1985 2326 2216 2397 nicetur.
2251 2344 2492 2410 Quorum
2545 2344 2708 2413 igitur
2737 2351 2860 2396 sunt
2907 2342 3095 2396 cadent
3149 2341 3334 2405 verba,
3384 2343 3583 2395 eadem

1987 2436 2339 2490 nihilominus
2368 2445 2450 2491 est
2490 2435 2834 2505 intelligenda
2859 2435 3145 2498 sententia,
3177 2434 3341 2504 258
3370 2441 3421 2487 et
3453 2449 3576 2488 cum

1986 2526 2332 2594 praesentium
2359 2535 2669 2580 sanctorum
2701 2526 3017 2594 pontificum
3050 2524 3488 2594 omnejudieium
3507 2526 3574 2578 ab

1988 2618 2333 2685 antiquorum
2367 2615 2590 2670 Patrum
2641 2616 3046 2670 definitionibus
3092 2618 3344 2686 pendeat,
3370 2615 3576 2668 nullutn

1988 2708 2076 2762 isti
2118 2710 2377 2762 damnare
2438 2717 2792 2777 praesumunt,
2845 2707 2948 2761 nisi
3000 2721 3134 2776 quos
3184 2707 3296 2776 jam
3353 2707 3419 2760 ab
3471 2706 3582 2759 illis

1990 2796 2276 2851 damnatos
2337 2812 2456 2852 esse
2507 2805 2793 2850 noverunt.
2852 2795 2966 2849 Non
2999 2811 3130 2865 ergo
3159 2796 3451 2864 quemlibet
3489 2797 3580 2849 isti-

1988 2889 2198 2944 novitcr
2229 2891 2505 2953 damnant,
2534 2890 2628 2944 sed
2654 2890 2763 2958 jam
2789 2889 3052 2958 prolatam
3070 2888 3330 2957 majorum
3360 2900 3578 2943 senten-

1993 2983 2120 3034 tiam
2176 2983 2457 3051 sequendo
2512 2982 2858 3036 confirmant.
2892 2981 3328 3036 Concludendum
3369 2991 3452 3035 est
3481 2982 3577 3050 igi~

1990 3083 2078 3125 tur
2108 3075 2243 3143 (ride
2271 3076 2468 3128 scholia
2497 3075 2566 3126 ad
2587 3073 2780 3127 calcent
2801 3073 3080 3144 opusculi),
3099 3075 3223 3144 quia
3251 3075 3387 3128 sicut
3408 3075 3474 3127 ab
3493 3075 3577 3127 his

304 3155 385 3208 rio
409 3157 702 3225 Apostolus
731 3157 926 3212 clamet
958 3177 971 3210 :
1013 3177 1031 3210 ι
1070 3159 1126 3213 Si
1157 3160 1202 3213 is
1232 3158 1320 3227 qui
1355 3159 1524 3212 frater
1554 3160 1881 3224 nominatur,
1916 3168 1958 3226 C
1989 3165 2288 3217 cavendum
2321 3173 2422 3231 est,
2449 3180 2582 3232 quos
2610 3163 2866 3217 moderna
2892 3162 3219 3233 synodorum
3251 3161 3476 3218 concilia
3504 3164 3572 3216 ab

305 3254 385 3299 est
415 3244 732 3310 fornicator,
765 3257 857 3301 aut
883 3249 1212 3313 immundus,
1241 3248 1339 3301 aut
1368 3249 1635 3311 ebriosus,
1673 3262 1766 3302 aut
1804 3265 1887 3302 ra-

305 3347 573 3402 pax,cum
606 3335 912 3404 hujusmodi
940 3353 1039 3392 nec
1064 3339 1243 3392 cibum
1273 3353 1487 3392 sumere
1511 3337 1560 3408 (Ι
1593 3337 1715 3391 Cor.
1747 3339 1819 3407 γ).
1862 3358 1879 3392 ι

375 3426 443 3479 Ει
470 3437 620 3480 certe
649 3428 778 3482 satis
807 3428 1215 3484 formidolosum
1243 3441 1345 3494 est,
1380 3429 1650 3498 nimisque
1673 3439 1887 3483 contra-

305 3513 470 3579 rium,
493 3530 616 3569 cum
647 3517 729 3572 his
757 3519 847 3586 qui
879 3535 908 3572 a
934 3519 1042 3573 Deo
1075 3521 1232 3574 divisi
1274 3530 1415 3581 sunt,
1447 3521 1643 3573 habere
1668 3535 1890 3574 consor-

306 3607 458 3669 tium,
478 3608 778 3676 prazsertim
811 3611 1112 3674 monachis,
1137 3611 1227 3680 qui
1255 3611 1361 3664 Deo
1384 3611 1456 3664 ita
1473 3619 1600 3664 sunt
1628 3610 1888 3680 peculiari

305 3697 560 3765 quadam,
593 3708 774 3768 atque,
804 3709 861 3753 ut
903 3702 975 3754 ita
1023 3689 1234 3769 loquar,
1263 3701 1558 3755 domestica
1609 3702 1890 3755 familiari-

311 3797 418 3842 tate
447 3787 746 3856 conjuncti,
777 3800 835 3844 ut
863 3791 1111 3858 abjurato
1146 3793 1366 3856 saeculo,
1395 3793 1526 3846 solis
1553 3793 1663 3846 sitit
1689 3793 1889 3848 divinis

310 3878 582 3946 obsequiis
630 3880 1059 3934 irrevocabiliter
1103 3882 1366 3951 deputati.
1416 3883 1570 3936 Sicut
1618 3883 1762 3936 enim
1822 3884 1890 3938 ab

311 3967 424 4034 ipso
455 3971 804 4038 reproborum
827 3973 1022 4039 capite,
1045 3973 1116 4025 ita
1141 3987 1356 4041 quoque
1380 3987 1410 4025 a
1442 3973 1699 4026 membris
1724 3973 1888 4039 illius,

312 4059 411 4112 nisi
439 4075 598 4114 causa
631 4061 1002 4116 conversionis
1042 4064 1303 4133 exegerit,
1335 4062 1657 4116 studendum
1689 4074 1772 4118 est
1799 4065 1893 4118 de-

311 4149 532 4203 clinare.
567 4149 677 4204 Una
710 4152 973 4219 siquidem
998 4152 1084 4208 hic
1111 4152 1530 4206 abominationis
1552 4153 1762 4220 repulsa
1802 4155 1892 4207 de-

313 4237 490 4302 betur,
521 4239 716 4306 quibus
759 4240 867 4294 illie
921 4257 1058 4296 unus
1110 4242 1270 4310 ignis,
1307 4250 1602 4296 attestante
1627 4239 1887 4306 Veritatc,

315 4340 548 4398 paratur,
573 4331 699 4384 dum
727 4332 792 4385 ad
815 4333 1090 4387 sinistram
1118 4333 1310 4404 positis
1332 4334 1530 4387 dicitur
1557 4351 1572 4386 :
1608 4354 1624 4384 ι
1657 4334 1752 4395 ite,
1779 4350 1892 4386 ma-

317 4421 513 4486 Iedicti,
541 4425 592 4476 in
643 4425 818 4492 ignem
858 4433 1144 4490 aeternum,
1171 4425 1264 4493 qui
1302 4433 1524 4493 paratus
1563 4436 1645 4480 est
1679 4424 1891 4480 diabolo

1991 3255 2358 3310 ecclesiastica
2415 3257 2674 3310 societate
2729 3254 3029 3324 repellunt:
3070 3255 3141 3308 ita
3170 3264 3223 3308 et
3260 3255 3329 3308 ab
3355 3253 3460 3308 illis
3489 3254 3574 3307 ni-

1990 3345 2282 3404 hilominus
2333 3347 2733 3413 dcclinandum,
2776 3361 2912 3416 quos
2943 3347 3148 3416 antiqui
3181 3345 3370 3401 Patres
3399 3346 3579 3402 elimi-

1990 3439 2196 3491 nandos
2221 3454 2339 3494 esse
2367 3438 2691 3494 decernunt.

2062 3528 2187 3584 [hoc
2216 3531 2398 3599 itaque
2437 3547 2600 3585 causa
2651 3545 2755 3585 non
2805 3532 3029 3586 minima
3083 3540 3188 3597 est,
3230 3546 3348 3600 qua:
3390 3537 3582 3585 mona-‘

1990 3620 2150 3673 chum
2181 3636 2208 3674 a
2239 3619 2423 3675 Steculi
2448 3621 2874 3677 discursionibus
2915 3623 3174 3698 retrahat,
3206 3632 3261 3676 et
3300 3624 3352 3676 in
3381 3622 3462 3676 sui
3487 3637 3574 3675 re-

1989 3721 2174 3762 cessus
2214 3709 2408 3780 angulo
2451 3710 2704 3763 stabilem
2745 3709 2961 3775 reddat;
2993 3711 3116 3779 quia
3148 3711 3298 3765 valde
3321 3711 3576 3765 miserum

1989 3812 2069 3856 est
2099 3820 2126 3855 a
2155 3800 2392 3870 propriis
2417 3800 2634 3869 quidem
2661 3800 2976 3855 excessibus
3005 3802 3249 3871 reprimi,
3282 3802 3375 3856 sed
3416 3800 3576 3853 alieni

1992 3902 2171 3948 reatus
2213 3891 2438 3946 maculis
2483 3893 2776 3961 inquinari,
2807 3909 2928 3947 cum
2957 3893 3076 3947 aliis
3103 3909 3210 3947 non
3240 3893 3575 3961 delinquere.

1990 3993 2045 4036 et
2073 3981 2233 4035 alieni
2265 3981 2447 4035 delicti
2477 3981 2738 4050 supplicia
2785 3980 3076 4035 sustinere.
3117 3979 3377 4035 Malorum
3422 3994 3577 4032 nam-

1989 4087 2112 4141 que,
2132 4086 2254 4124 eum
2283 4071 2499 4124 incaute
2527 4071 2782 4125 amicitiis
2802 4071 3099 4140 jungimur,
3127 4071 3298 4139 culpis
3324 4071 3576 4139 ligantur.

1993 4163 2147 4216 Unde
2191 4160 2449 4228 Josaphat
2495 4160 2586 4229 qui
2626 4169 2704 4215 tot
2752 4162 2816 4216 de
2861 4171 3108 4215 anteacta
3148 4163 3257 4215 vita
3292 4162 3580 4230 przeconiis

1992 4249 2273 4312 attollitur,
2303 4248 2370 4302 de
2418 4249 2604 4303 Achab
2655 4249 2795 4320 regis
2837 4251 3095 4304 amicitiis
3148 4265 3283 4320 pene
3303 4250 3579 4319 periturus

1991 4341 2322 4410 increpatur,
2359 4339 2444 4393 cui
2487 4354 2517 4391 a
2561 4339 2791 4395 Domino
2841 4354 2939 4409 per
2976 4341 3294 4410 prophetam
3337 4341 3572 4396 dicitur:

1999 4453 2015 4484 ι
2053 4433 2221 4502 lmpio
2251 4431 2455 4500 pra:ch
2482 4430 2761 4495 auxilium,
2792 4443 2845 4487 et
2875 4433 2957 4486 his
2987 4434 3078 4502 qui
3122 4433 3353 4487 oderunt
3401 4432 3580 4486 Domi-

313 4522 369 4564 ct
394 4513 596 4582 angelis
623 4513 740 4584 ejus
783 4513 996 4585 (Matth.
1028 4515 1178 4582 xxv).
1217 4533 1236 4566 ι
1269 4515 1416 4582 Quos
1445 4529 1576 4583 ergo
1614 4515 1681 4569 ad
1730 4514 1890 4570 aliam
1921 4513 1970 4570 Ι)
1997 4537 2124 4577 num
2152 4521 2388 4576 amicitia
2419 4519 2686 4590 jungeris,
2708 4530 2763 4575 et
2792 4522 2995 4576 ideirco
3035 4522 3171 4576 iram
3202 4521 3413 4576 Domini
3455 4538 3572 4576 tne-

315 4604 582 4657 cernimus
631 4605 859 4674 patriam
893 4606 1133 4671 tendere,
1170 4620 1276 4658 non
1325 4606 1586 4660 debemus
1611 4607 1692 4660 eis
1719 4605 1771 4658 in
1803 4608 1887 4659 via

317 4695 486 4747 noxia:
513 4697 788 4751 societatis
819 4697 1024 4765 glutino
1045 4697 1325 4760 fmderari,
1353 4713 1420 4750 ne
1449 4713 1585 4765 quos
1613 4698 1886 4752 inordina-

319 4794 402 4840 tus
422 4801 568 4842 amor
591 4790 847 4853 associat,
877 4788 1036 4842 simul
1057 4790 1222 4842 etiam
1254 4801 1414 4858 poma
1448 4799 1704 4843 extremae
1733 4788 1882 4843 ultio—

318 4876 399 4930 nis
433 4877 685 4935 involvat.
1215 4913 1218 4916 -

901 4968 1124 5026 CAPUT
1161 4969 1300 5024 XIV.

317 5053 466 5120 Quod
485 5062 612 5117 sicut
641 5062 712 5115 ab
745 5064 1239 5125 excommunicatis,
1275 5064 1349 5115 ita
1379 5062 1534 5116 etiam
1582 5062 1646 5117 ab
1685 5077 1893 5116 excom—

633 5130 974 5185 municandis
1007 5143 1241 5202 oporteat
1275 5133 1557 5188 declinare.

824 5241 1150 5268 rnllnl.\a.l:oon
1200 5252 1378 5268 nulla“.
1442 5254 1696 5268 ηιι⁸.ιοιι-κ
1725 5243 1890 5268 Iun-nn-

385 5236 656 5268 ηηῖνκ-ιλφοι
712 5247 771 5268 .l.
824 5241 1150 5268 rnllnl.\a.l:oon
1200 5252 1378 5268 nulla“.
1442 5254 1600 5268 n-‘--.D

1997 4615 2229 4679 rebaris,
2267 4613 2360 4668 sed
2391 4613 2533 4668 bona
2563 4628 2725 4683 opera
2759 4614 2973 4669 inventa
3003 4624 3132 4668 sunt
3158 4613 3211 4669 in
3244 4623 3317 4675 te,
3349 4629 3414 4668 eo
3436 4613 3580 4681 quod

1999 4705 2290 4759 abstuleris
2331 4703 2480 4757 lucos
2518 4704 2584 4758 de
2617 4713 2760 4758 terra
2798 4705 2936 4760 Juda
2982 4705 3066 4776 (11
3111 4704 3240 4757 Par.
3274 4705 3410 4771 xxx).
3444 4723 3458 4754 ι
3499 4704 3581 4758 Ab

1999 4796 2088 4849 illo
2114 4795 2280 4859 enim,
2305 4792 2397 4861 qui
2423 4807 2634 4847 summe
2663 4804 2845 4849 rectus
2875 4805 2978 4859 est,
3009 4809 3075 4847 eo
3108 4795 3350 4861 ipsojam
3374 4793 3579 4844 discre-

1999 4895 2113 4956 pat,
2143 4901 2253 4953 quo
2282 4898 2657 4953 perversorum
2699 4885 2953 4939 amicitiis
2987 4885 3094 4936 vita
3137 4891 3318 4934 nostra
3351 4895 3584 4935 concor-

2001 4981 2113 5033 dat.
2153 4978 2322 5043 Quem
2353 4976 2497 5028 enim
2528 4990 2626 5027 vox
2658 4974 2745 5026 illa
2775 4975 3070 5043 apostolica
3093 4988 3199 5026 non
3229 4981 3450 5037 terreat,
3475 4987 3580 5041 qua

1997 5070 2153 5126 nobis
2195 5075 2529 5129 contestans,
2562 5074 2616 5118 et
2645 5080 2673 5117 a
2699 5079 2991 5133 pravorum
3031 5064 3388 5120 contubernio
3427 5079 3582 5118 revo-

1996 5173 2149 5221 cans,
2180 5155 2414 5210 clamat?
2457 5171 2475 5204 ι
2511 5153 2801 5215 Denuntio,
2835 5152 3033 5224 inquit,
3064 5151 3216 5207 vobis
3267 5155 3319 5206 in
3367 5153 3584 5207 nomine

1998 5245 2206 5268 I'\---.!..3
2241 5242 2360 5268 ΪΑι--ι
2409 5251 2462 5268 ..ο
2497 5239 2828 5268 ροιιιοσηιιιθιῖη
2859 5259 2955 5268 -.ηρ
3001 5242 3065 5268 ..1η
3099 5243 3240 5268 Α-ιι-ξ
3273 5243 3437 5268 (καις-ιη
3470 5255 3552 5268 ιιι-Α
