4110 5364
533 376 637 431 967

995 373 1052 431 S.
1081 373 1282 430 PETRI
1325 374 1608 432 DAMIANI
1642 376 1791 432 OPP.
1824 375 2058 434 TOMUS
2099 375 2231 432 SEU
2275 375 2456 432 PARS
2493 377 2578 433 III.
2608 409 2676 418 —
2702 378 3065 435 OPUSCULA
3110 379 3336 435 VARIA.

3698 383 3808 439 268

531 497 681 561 dine,
713 511 832 552 cum
868 495 1066 564 quibus
1093 493 1298 564 absque
1333 493 1575 564 periculo
1611 494 1888 550 valeamus
1918 505 2114 550 contu-
2145 502 2192 560 Α
2223 492 2457 547 vestium
2504 492 2557 546 in
2618 509 2778 546 unam
2832 493 3100 564 prodigit,
3161 502 3214 546 et
3262 492 3570 562 proximum
3620 509 3804 563 suum,

531 586 779 640 bernium
831 583 1214 638 familiaritatis
1268 583 1508 638 habere!
1566 583 1735 639 Porro
1793 593 1968 638 autem
2019 586 2114 653 qui

531 674 825 756 apostolica
877 673 1168 728 tradilione
1215 683 1548 744 contempta,
1595 675 1756 728 aliam
1809 675 2112 730 doctrinam

530 768 644 822 sive
671 766 1105 836 dogmatizando,
1131 765 1244 820 sive
1270 765 1500 820 vivendo
1530 766 1949 834 superinducere
1990 765 2116 819 uiti-

531 869 653 924 tur,
678 857 963 914 orthodoxi
994 867 1049 912 et
1081 857 1316 928 religiosi
1349 857 1449 911 viri
1481 856 1684 927 perfrui
1711 858 1986 913 consortio
2006 873 2115 912 non

530 959 790 1014 meretur,
845 949 1087 1020 apostolo
1140 964 1356 1020 quoque
1405 948 1612 1004 Joanne
1660 959 1990 1017 attestante,
2023 953 2112 1020 qui

530 1042 603 1098 ait
635 1060 648 1094 :
688 1061 704 1094 ι
742 1040 798 1096 Si
829 1041 949 1110 quis
979 1041 1126 1096 venit
1167 1041 1233 1094 ad
1265 1056 1376 1103 vos,
1405 1050 1458 1094 et
1500 1039 1639 1094 hanc
1669 1040 1973 1095 doctrinam
2008 1057 2113 1096 non

529 1131 708 1198 atfert,
730 1133 896 1188 nolite
927 1133 1167 1202 recipere
1197 1147 1319 1186 eum
1345 1133 1394 1186 in
1420 1133 1602 1196 domo,
1627 1148 1728 1188 nec
1757 1133 1868 1188 Ave
1893 1135 1940 1188 ci
1959 1133 2112 1190 dixe-

531 1224 651 1278 ritis
670 1241 684 1290 ;
705 1223 794 1292 qui
812 1223 955 1277 enim
973 1221 1100 1276 dicit
1116 1221 1188 1274 illi
1207 1223 1339 1286 Ave,
1358 1223 1721 1278 communicat
1735 1223 1987 1292 operibus
2000 1224 2115 1294 ejus

529 1312 875 1386 malignisUl
905 1313 1066 1367 Joan.
1104 1314 1244 1384 xm).
1267 1332 1283 1364 ι
1303 1313 1508 1379 Quibus
1530 1313 1782 1368 nimirum
1808 1315 2115 1384 apostolica:

527 1409 776 1464 veritatis
801 1407 1047 1462 instructi
1075 1405 1360 1460 sententiis
1375 1405 1776 1459 evidentissime
1798 1405 2114 1474 comproba-

527 1514 668 1564 ntus,
683 1499 807 1569 quia
823 1495 913 1566 qui
931 1512 1050 1551 cunt
1067 1494 1348 1550 sceleratis
1361 1493 1666 1548 hominibus
1679 1494 1967 1549 carnaliter
1983 1496 2117 1550 anti-

525 1593 682 1647 citias
723 1591 976 1661 jungunt,
1009 1587 1168 1643 alieni
1196 1596 1380 1642 reatus
1410 1586 1698 1655 participes
1721 1586 1888 1651 liunt;
1918 1596 2114 1643 etcum

524 1683 633 1737 illis
648 1680 806 1738 simul
831 1691 1088 1733 extremae
1106 1677 1324 1732 ultionis
1339 1686 1605 1747 coguntur
1627 1677 1808 1731 subire
1825 1676 2114 1746 judicium,

522 1789 646 1828 cum
690 1773 885 1843 quibus
913 1781 1090 1827 tamen
1131 1772 1183 1826 in
1224 1772 1326 1826 hac
1356 1770 1466 1824 vita
1497 1769 1658 1824 simul
1697 1785 1804 1826 non
1847 1769 2116 1826 admisere

525 1871 833 1934 peccatum.

1120 1953 1347 2012 CAPUT
1385 1953 1500 2011 XV.

617 2050 692 2104 De
719 2048 990 2102 monachis
1020 2047 1110 2117 qui
1138 2049 1379 2117 pretiosis
1410 2047 1632 2101 vestibus
1662 2045 2007 2102 delectantur.

587 2139 702 2194 Iloc
747 2140 911 2193 etiam
949 2137 1164 2202 vitium,
1215 2138 1360 2207 quod
1398 2137 1650 2192 videlicet
1678 2134 1792 2205 jam
1832 2136 2106 2205 persecuti

517 2248 723 2297 sumus,
758 2233 1151 2287 discurrentem
1208 2228 1538 2284 monachum
1584 2225 1932 2282 familiariter
1957 2226 2105 2282 obsi-

515 2328 630 2393 det,
655 2326 780 2397 quia
810 2324 1055 2396 profecto
1089 2337 1361 2393 nunquam
1399 2323 1476 2378 sic
1511 2323 1578 2376 ad
1605 2337 1798 2392 purum
1825 2321 1968 2377 valet
1993 2336 2023 2375 a
2049 2335 2109 2376 se

514 2419 723 2488 Iepram
745 2417 940 2472 virosae
971 2412 1318 2486 proprietatis
1371 2421 1645 2477 excutere,
1676 2411 1806 2482 quin
1855 2412 1959 2466 sibi
2009 2426 2106 2467 ne-

514 2510 815 2566 cessarium
845 2508 1113 2572 videatur,
1129 2503 1543 2576 quamtumlibet
1565 2502 1707 2574 apud
1736 2517 1794 2558 se
1821 2501 2108 2557 occasione

515 2600 728 2655 itiu'eris
747 2597 910 2668 259
937 2597 1192 2652 retinere.
1223 2593 1359 2649 Hinc
1386 2593 1547 2648 etiam
1569 2592 1931 2662 pretiosarum
1955 2605 2108 2646 amor

509 2691 746 2746 vestium
772 2690 1036 2753 nascitur,
1059 2699 1127 2741 ue
1156 2683 1404 2740 videlicet
1439 2684 1493 2739 in
1525 2683 1800 2754 publicum
1827 2683 2106 2753 prodiens,

517 2778 862 2851 despicabilis
889 2792 1010 2833 esse
1025 2776 1289 2832 videatur.
1305 2773 1692 2830 Verumtamen
1715 2772 1842 2828 dum
1871 2772 2109 2827 exterio-

517 2874 597 2929 ris
613 2871 916 2928 indumenli
935 2870 1156 2941 phalera
1180 2868 1462 2940 quwritur,
1488 2877 1684 2922 cuncta
1710 2865 1989 2920 interioris
2011 2866 2107 2920 ho-

516 2963 682 3018 minis
703 2962 1024 3033 compositio
1048 2961 1361 3029 dissipatur.
1383 2958 1506 3013 Ilaec
1523 2966 1702 3012 autem
1721 2956 1928 3013 insania
1945 2955 2104 3019 falsa,

516 3055 706 3118 nescio
722 3068 828 3123 quo
841 3061 1023 3122 pacto,
1041 3051 1395 3122 itaperversa:
1411 3048 1608 3104 mentis
1637 3047 1822 3103 oculos
1839 3057 2001 3103 cazcat
2015 3088 2030 3114 ,
2048 3055 2107 3101 ut

515 3161 615 3200 nec
666 3161 786 3215 qua:
817 3145 958 3214 apud
999 3143 1248 3198 homines
1278 3143 1535 3196 honestas
1565 3140 1655 3205 sit,
1681 3138 1895 3205 videat;
1930 3152 2105 3208 neque

2217 597 2378 651 quem
2409 581 2550 636 sicut
2572 582 2920 652 semetipsum
2953 595 3139 636 amare
3161 579 3449 648 debuerat,
3475 582 3528 636 in
3560 597 3657 637 sua
3705 599 3807 640 nu-

2217 671 2385 726 ditate
2412 670 2689 740 relinquit.

2287 759 2393 816 Sed
2419 763 2522 817 hoc
2568 763 2734 817 distat
2786 764 2928 817 inter
2981 763 3115 820 istos
3155 766 3511 830 encoeniatos,
3551 766 3808 824 videlicet

2217 853 2534 919 monachos,
2552 864 2604 909 et
2621 855 2740 910 illos
2765 855 3072 927 hypocritas
3087 873 3223 926 quos
3248 857 3599 928 Evangeliqu
3618 870 3801 928 notat;

2214 943 2340 1012 quia
2374 942 2470 1008 illi,
2504 954 2636 1000 teSte
2678 945 2936 1011 Veritate,
2965 946 3190 1002 veniunt
3215 947 3283 1002 ad
3305 963 3404 1002 nos
3429 949 3482 1003 in
3513 952 3776 1008 vestimen

2216 1033 2286 1086 tis
2331 1034 2534 1099 ovium,
2600 1035 2927 1091 intrinsecus
2982 1047 3163 1092 autem
3228 1048 3355 1094 sunt
3415 1039 3523 1110 lupi
3582 1058 3805 1112 rapaces

2216 1123 2431 1195 (Matth.
2463 1125 2594 1198 vn);
2623 1127 2710 1182 isti
2740 1139 2921 1184 autem
2955 1130 3099 1186 intus
3131 1141 3290 1186 vento
3315 1147 3464 1187 vanae
3484 1134 3669 1204 gloria:
3689 1153 3805 1192 cre-

2213 1215 2468 1284 pantibus
2497 1215 2660 1272 ilibus
2723 1219 3108 1288 intumescunt,
3160 1221 3295 1276 foris
3328 1232 3508 1279 autem
3561 1225 3614 1279 in
3653 1238 3806 1283 veste

2217 1306 2440 1374 rapinae,
2469 1308 2610 1362 sicut
2639 1309 2923 1378 probatum
2952 1322 3054 1376 est,
3082 1327 3144 1366 ac
3171 1327 3268 1382 per
3296 1314 3397 1368 huc
3423 1314 3476 1368 in
3522 1324 3672 1372 veste
3724 1317 3808 1372 lu-

2215 1413 2409 1469 porum
2466 1411 2787 1472 arroganter
2837 1401 3116 1458 incedunt.
3150 1403 3338 1474 Itaque
3387 1421 3510 1460 cum
3547 1407 3807 1464 Dominus

2217 1493 2283 1547 de
2302 1491 2512 1548 Joanne
2537 1495 2678 1549 dicat
2703 1493 2932 1552 Iudicis:
2971 1515 2990 1546 ι
3029 1497 3166 1565 Quid
3201 1498 3390 1552 existis
3435 1500 3658 1556 videre?
3703 1503 3803 1558 ho-

2217 1586 2417 1640 minem
2445 1584 2695 1640 mollibus
2715 1587 3004 1642 vestitum?
3035 1591 3174 1646 Ecce
3210 1592 3303 1662 qui
3334 1591 3583 1648 mollibus
3636 1597 3801 1650 veSti-

2218 1685 2405 1742 untur,
2435 1676 2488 1730 in
2511 1676 2762 1734 cluiuilius
2811 1694 2994 1749 regum
3023 1691 3148 1736 sunt
3179 1681 3410 1752 (Matth.
3437 1684 3559 1754 ιι);
3599 1705 3619 1739 ι
3677 1702 3805 1757 pre-

2218 1766 2360 1824 fecto
2387 1770 2705 1838 monachus,
2735 1771 2825 1842 qui
2851 1771 3079 1829 nitorem
3101 1775 3350 1845 pretiosa:
3373 1778 3543 1833 vestis
3562 1777 3801 1844 affectat,

2141 1871 2189 1930 Β
2218 1875 2324 1915 non
2348 1862 2569 1931 superni
2601 1861 2788 1934 Regis,
2819 1864 2916 1919 sed
2939 1865 3126 1920 mundi
3166 1864 3325 1935 hujus
3375 1867 3622 1922 militiam
3651 1868 3803 1938 baju-

2210 1951 2288 2007 lat
2326 1967 2341 2006 z
2382 1961 2434 2008 et
2469 1953 2599 2008 licet
2645 1954 2892 2010 videatur
2935 1957 3276 2026 specietenus
3331 1957 3440 2012 Deo
3482 1974 3595 2014 suae
3642 1961 3801 2029 quasi

2208 2048 2534 2104 obedientize
2576 2064 2771 2104 munus
2803 2049 3032 2117 oﬂerre,
3088 2051 3182 2106 sed
3221 2059 3408 2121 aperte
3438 2053 3798 2116 convincitur,

2209 2139 2506 2196 humanum
2539 2141 2804 2211 captanda)
2833 2141 3096 2208 favorem,
3127 2157 3279 2197 vana:
3317 2141 3500 2213 gloria:
3534 2144 3801 2199 veraciter

2210 2230 2506 2287 deservire.
2547 2231 2717 2287 Porro
2757 2243 2938 2288 autem
2987 2235 3032 2289 si
3074 2235 3177 2290 sub
3225 2235 3450 2290 obtentu
3477 2235 3800 2292 obedientiam

2209 2319 2335 2374 licet
2359 2320 2612 2375 mollibus
2632 2321 2804 2388 indui,
2827 2323 2914 2377 cui
2945 2324 3119 2393 potuit
3150 2324 3264 2380 haec
3287 2325 3537 2381 remissio
3558 2325 3798 2382 liberiori

2209 2412 2616 2484 dispensatione
2636 2417 2880 2482 concedi,
2904 2432 3068 2488 quam
3087 2418 3148 2472 Β.
3170 2417 3386 2486 Joanni,
3414 2420 3505 2488 qui
3528 2419 3798 2492 praecipue

2209 2506 2514 2576 obsequela:
2543 2507 2775 2563 donatus
2804 2507 3001 2576 ollicio,
3034 2521 3261 2567 venerat
3294 2512 3458 2567 corda
3486 2521 3700 2582 patrum
3740 2513 3796 2567 in

2207 2597 2348 2655 filios
2394 2615 2532 2656 nova
2572 2601 2961 2670 praedicatione
3021 2613 3365 2670 convertere,
3409 2613 3465 2659 et
3494 2603 3796 2674 perfectam

2207 2688 2418 2760 plebem
2464 2691 2683 2748 Christo
2713 2693 2942 2748 Domino
2971 2709 3280 2764 praeparare
3328 2692 3490 2764 (Luc.
3524 2695 3618 2766 t)?
3649 2693 3814 2752 Nan--

2207 2779 2338 2849 quid
2368 2789 2423 2834 et
2443 2780 2558 2850 ipse
2585 2781 2844 2838 Dominus
2871 2785 3155 2854 providere
3169 2784 3270 2839 sibi
3295 2785 3663 2841 calceamenta
3687 2803 3794 2842 non

2207 2870 2405 2938 potuit,
2437 2871 2602 2942 260
2625 2873 2780 2942 cujus
2799 2875 3018 2944 gentilis
3049 2874 3278 2944 perﬁdia
3301 2873 3413 2930 sola
3440 2876 3585 2930 inter
3612 2891 3674 2932 se
3703 2892 3794 2932 ve-

2207 2963 2462 3018 stintenta
2486 2966 2709 3020 divisit?
2732 2965 2866 3021 Nam
2896 2969 2940 3022 si
2966 2968 3013 3022 ei
3038 2969 3263 3023 minime
3289 2969 3658 3024 calceamenta
3699 2971 3795 3024 de-

2206 3064 2413 3122 essent,
2429 3057 2494 3112 de
2509 3057 2615 3113 illis
2627 3059 2788 3114 etiam
2807 3073 2978 3114 sacrae
3002 3059 3244 3115 historiae
3254 3059 3424 3116 series
3441 3076 3546 3115 non
3569 3070 3790 3116 taceret.

2780 3149 3004 3206 CAPUT
3042 3151 3183 3206 XVI.

505 3237 656 3290 unde
685 3235 822 3304 apud
849 3235 1016 3289 Deum
1045 3233 1166 3304 quis
1190 3232 1390 3287 clarius
1420 3230 1587 3286 videri
1621 3229 1810 3301 possit,
1836 3231 2102 3284 attendal-
2133 3229 2177 3292 C
2213 3238 2365 3306 Quod
2408 3241 2540 3298 sicut
2562 3243 2791 3311 pretiosa
2819 3244 2974 3297 restis
3001 3245 3070 3296 ad
3099 3245 3255 3310 iram,
3284 3245 3358 3298 ita
3386 3246 3600 3301 [inutilis
3621 3245 3792 3301 Deum

504 3325 582 3380 Et
612 3339 798 3379 revera
831 3324 1040 3379 insania
1069 3333 1172 3396 est,
1198 3331 1253 3378 et
1295 3321 1435 3376 falsa
1477 3331 1585 3375 est.
1615 3319 1868 3374 Insanum
1900 3320 2100 3390 quippe

501 3415 829 3481 -est,ucculti
856 3415 1044 3469 arbitri
1065 3415 1329 3485 judicium
1353 3413 1714 3482 superbiendo
1728 3423 2097 3476 contemnere,

513 3515 570 3561 et
615 3505 836 3560 humani
891 3504 1096 3560 favoris
1144 3519 1332 3558 auram
1387 3502 1620 3557 molliori
1656 3512 1806 3558 veste
1853 3511 2096 3572 captare.

513 3599 730 3654 Falsum
760 3612 892 3652 vero
935 3604 1039 3661 est,
1069 3595 1194 3666 quia
1227 3593 1366 3650 unde
1393 3594 1580 3650 oculos
1610 3595 1829 3664 superni
1867 3593 2096 3665 Specta-

513 3691 652 3746 toris
672 3687 918 3752 offendit,
952 3686 1076 3741 inde
1101 3685 1265 3740 etiam
1303 3685 1654 3741 nihilominus
1685 3685 1823 3756 apud
1851 3686 2100 3742 humana:

2591 3314 2661 3364 ad
2694 3312 3069 3383 indulgentiam
3099 3325 3364 3384 provocat.

2272 3425 2592 3482 chNinive
2611 3441 2850 3498 purpura
2879 3427 3100 3483 indutus
3123 3429 3358 3498 propriae
3381 3429 3619 3486 civitatis
3643 3429 3792 3485 exci-

2200 3516 2345 3572 dium
2376 3519 2603 3582 meruit;
2661 3527 2947 3588 coopertus
3001 3535 3162 3575 sacco
3206 3520 3373 3575 divini
3423 3518 3624 3576 furoris
3669 3535 3790 3574 mo-

2201 3617 2311 3664 tum
2328 3609 2546 3664 contriti
2569 3609 2748 3663 cordis
2769 3608 3072 3663 humilitate
3095 3607 3490 3679 placavit(.lou.
3522 3607 3626 3678 nt).
3658 3607 3794 3662 Eze-

2201 3700 2351 3754 chias
2379 3715 2596 3769 quoque
2620 3700 2766 3754 cultu
2799 3699 2953 3770 regio
3000 3698 3311 3765 decoratus,
3345 3699 3618 3754 terribiles
3649 3698 3792 3768 regis

512 3777 932 3837 CXiSlimalioniS
959 3776 1220 3846 Ῐυάίείυῐη
1249 3777 1430 3843 cad“;
1462 3786 1518 3831 ει
1548 3793 1614 3832 εκ
1641 3793 1747 3847 qua
1775 3792 1833 3832 τε
1867 3777 2103 3832 ¹ιο¹ῐ¹ίι³ί-
2198 3792 2543 3862 Assyriorum
2587 3790 2763 3845 minas
2821 3789 3173 3846 tremefactus
3222 3789 3465 3855 audivit;
3519 3789 3618 3844 sed
3665 3803 3791 3842 mox

511 3871 614 3927 bus
652 3871 825 3925 videri
874 3869 1073 3924 clarior
1114 3869 1349 3940 appetit,
1396 3883 1464 3922 ex
1495 3884 1558 3924 ea
1609 3884 1668 3924 se
1698 3869 2099 3938 quodanunodo

513 3968 769 4024 dentibus
818 3967 1048 4036 publica:
1103 3965 1516 4021 obtrectationis
1560 3964 1816 4035 exponit;
1866 3977 2102 4035 cumque

507 4063 659 4120 nitor
706 4059 1006 4116 indumenti
1051 4060 1118 4114 ad
1147 4058 1463 4114 intuendum
1501 4071 1560 4112 se
1603 4056 1791 4112 oculos
1817 4064 2096 4126 provocat,

505 4154 723 4225 iinguas
754 4153 916 4208 etiam
947 4152 1015 4207 ad
1037 4151 1370 4222 carpendum
1402 4151 1565 4214 hunc,
1597 4149 1688 4218 qui
1710 4149 1970 4214 induitur,
2002 4149 2098 4204 de-

508 4246 851 4317 rogationum
908 4243 1130 4315 spiculis
1176 4252 1372 4296 armat.
1421 4241 1554 4308 Quis
1588 4241 1734 4296 enim
1773 4243 2097 4295 monachum

507 4337 759 4393 mollibus
782 4336 1028 4391 indutum
1061 4334 1262 4401 videat,
1291 4343 1346 4388 et
1386 4349 1492 4389 non
1523 4333 1771 4403 protinus
1815 4332 1965 4387 illum
2012 4333 2095 4387 di-

506 4429 633 4483 vino
658 4442 887 4480 vacuum
932 4426 1144 4496 spiritu,
1173 4425 1403 4480 terrenis
1448 4425 1648 4492 potius,
1676 4439 1838 4493 quam
1867 4423 2100 4479 coelesti-

507 4520 612 4572 lms
663 4517 874 4571 inhiare
905 4516 1201 4571 decernat?
1227 4513 1356 4582 Qua:
1403 4515 1548 4569 enim
1579 4515 1650 4568 sit
1679 4529 1831 4568 meus
1853 4529 1918 4568 ex
1947 4523 2098 4567 veste

2200 3881 2395 3950 utipse
2424 3879 2603 3935 cilicio
2643 3880 2864 3949 tegitur,
2909 3879 3200 3951 cilicioque
3240 3887 3521 3935 contectos
3552 3878 3620 3934 ad
3661 3893 3790 3948 pro-

2201 3974 2419 4044 phetam
2469 3972 2686 4027 mittere
2714 3972 2936 4028 nuntios
2966 3987 3073 4027 non
3099 3971 3336 4036 erubuit,
3374 3971 3691 4042 propinqua:
3714 3969 3792 4024 dio

2202 4066 2339 4118 vina:
2368 4063 2628 4126 victorian
2658 4073 2716 4120 et
2755 4072 2951 4134 optata:
2983 4063 3364 4134 prosperitatis
3397 4063 3676 4118 oraculum
3707 4077 3794 4117 re-

2201 4156 2439 4228 portavit
2489 4155 2613 4224 (ιγ
2645 4155 2772 4227 Reg.
2807 4154 2956 4228 XIX).
2987 4156 3118 4222 Quae
3168 4156 3427 4211 nimirum
3477 4155 3788 4226 promissio,

2204 4249 2492 4318 Scriptura
2519 4256 2674 4311 teste,
2705 4247 2938 4302 celerem
2979 4247 3227 4318 pervenit
3280 4246 3349 4302 ad
3392 4247 3623 4302 exitum.
3655 4245 3789 4301 Nam

2204 4355 2333 4394 ecce
2389 4339 2614 4408 angelus
2671 4338 2885 4394 Domini
2942 4347 3161 4394 centum
3210 4337 3488 4408 octoginta
3550 4337 3791 4406 quinque

2202 4431 2370 4486 millia
2410 4431 2756 4500 Assyriorum
2809 4445 2913 4484 una
2943 4440 3107 4487 nocte
3135 4430 3425 4500 percussit,
3469 4429 3667 4484 deinde
3709 4429 3789 4498 ip-

2203 4535 2323 4574 sum
2383 4517 2756 4574 Sennacherib
2808 4533 2991 4588 regem
3036 4528 3264 4587 uterque
3298 4517 3442 4572 filius
3478 4517 3791 4586 parricidali

507 4607 806 4678 colligitur,
841 4615 895 4661 et
917 4606 1070 4676 juxta
1095 4607 1420 4660 exteriorem
1452 4604 1656 4659 cultum
1685 4619 1805 4673 qua:
1832 4603 1900 4657 sit
1925 4602 2099 4656 iuten-
2128 4583 2178 4642 Ῑ)
2204 4610 2442 4680 quidem,
2471 4608 2566 4662 sed
2593 4608 2754 4678 digno
2789 4583 2966 4677 gladio
3000 4583 3290 4672 trucidavit
3319 4583 3542 4680 (ibidf).

507 4700 671 4755 tionis
696 4699 907 4768 species
926 4697 1222 4768 judicatur.
1249 4695 1402 4762 Quod
1429 4695 1684 4750 nimirum
1711 4710 1835 4750 cum
1867 4709 2099 4766 evange-

507 4793 610 4848 lica
635 4791 961 4847 auctoritate
988 4789 1302 4854 concordat,
1343 4804 1465 4844 cum
1498 4788 1699 4844 dicitur
1733 4806 1744 4841 :
1781 4805 1799 4838 ι
1837 4787 1879 4841 Α
1907 4787 2097 4841 fructi-

506 4885 607 4940 bus
634 4899 820 4938 eorum
849 4882 1192 4952 cognoscetis
1214 4897 1307 4936 eos
1337 4879 1552 4949 (Matth.
1577 4881 1696 4950 vn).
1725 4900 1744 4932 ι
1775 4879 2095 4948 Quanquam

506 4975 598 5030 isti
646 4991 752 5028 non
783 4975 1003 5028 veniant
1051 4973 1120 5028 ad
1167 4987 1267 5028 nos
1312 4989 1436 5027 cum
1488 4972 1820 5028 vestimentis
1877 4973 2092 5036 ovium;

505 5064 945 5135 quandoquidem
969 5065 1351 5119 vestimentum
1381 5063 1563 5119 ovium
1589 5064 1753 5118 vestis
1789 5072 1873 5120 est
1915 5063 2094 5119 humiw

505 5156 678 5211 litatis
714 5163 770 5209 et
811 5154 1154 5222 innocentiae,
1197 5171 1303 5212 non
1352 5157 1681 5228 arrogantia:
1730 5156 1812 5211 vel
1867 5155 2086 5225 rapinae.

505 5251 601 5304 llla
627 5259 807 5303 autem
839 5253 1006 5304 vestis
1047 5253 1248 5320 rapinze
1289 5265 1410 5306 esse
1441 5268 1545 5307 non
1577 5249 1848 5304 immerito
1886 5264 2094 5303 nuncu-

603 5355 666 5364 ιι-
715 5354 828 5364 ’.ιι-η
861 5351 1082 5364 ..-ιιι-.-.Α
1121 5351 1203 5364 -.ΑΙ
1237 5351 1392 5364 ΑΙ-Α--.
1429 5352 1588 5364 l...--—.
1630 5351 1857 5364 -.ΔΛ-...Μ
1883 5351 2088 5364 ΔΠΙΠἉΠΙἏΛ

2277 4697 2439 4754 Vides
2471 4698 2634 4768 igitur
2655 4699 2797 4767 apud
2819 4699 2989 4753 Deum
3019 4709 3285 4768 quantum
3321 4699 3488 4754 vestis
3511 4697 3657 4753 fluxa
3711 4699 3792 4754 di-

2205 4800 2312 4846 stet
2338 4791 2407 4845 ab
2432 4806 2649 4859 aspera.
2677 4787 2996 4859 Perpendis.
3047 4791 3175 4861 quia
3205 4805 3366 4860 quem
3394 4791 3593 4845 iratum
3621 4805 3790 4861 expe-

2207 4881 2300 4934 riri
2319 4879 2549 4934 delicata
2573 4889 2883 4944 meruerat,
2907 4879 3028 4933 vilis
3049 4888 3104 4934 et
3125 4881 3335 4951 ahjecta
3362 4880 3530 4935 vestis
3548 4878 3788 4948 judicem

2205 4971 2414 5040 placat;
2447 4979 2501 5023 et
2525 4985 2687 5040 quem
2741 4969 3071 5038 plectibilem
3119 4971 3205 5027 illa
3261 4971 3594 5036 reddiderat,
3632 4972 3790 5026 venia

2202 5061 2421 5130 dignum
2445 5059 2548 5113 ista
2579 5059 2944 5113 commendat.
2974 5059 3138 5128 Cujus
3159 5071 3340 5116 autem
3363 5060 3622 5116 momenti
3646 5062 3788 5131 apud

2201 5147 2372 5201 Deum
2398 5147 2624 5200 vestium
2657 5146 2731 5200 sit
2757 5149 3268 5219 ornatus,egregius
3291 5147 3375 5202 ille
3401 5150 3786 5218 prophetarum

2199 5237 2368 5292 Isaias
2421 5236 2698 5292 evidenter
2744 5239 3001 5302 ostendit,
3069 5240 3161 5307 qui
3193 5240 3449 5293 nimirum
3479 5240 3549 5294 ad
3594 5239 3788 5295 diviuze

2203 5327 2454 5364 inccinnic
2479 5327 2762 5364 inannrinln
2793 5329 3111 5364 νριιῖηυοητιι
3134 5330 3381 5364 Ληηηριιίθ
3433 5341 3479 5364 nl
3499 5346 3594 5364 nam
3625 5332 3782 5364 [minus
