4106 6320
385 341 489 402 269

1269 347 1510 408 OPUSC.
1543 352 1656 409 XII.
1689 386 1757 397 —
1785 356 1874 412 DE
1911 355 2328 414 CONTEMPTU
2374 358 2662 416 SECCLL

3535 363 3642 418 270

385 472 600 518 cedere.
633 457 698 514 Et
725 459 910 517 infelix
931 462 1117 530 homo,
1146 480 1320 536 quine
1347 468 1512 525 ullum
1530 471 1743 540 quidem
1765 474 1964 528 meruit
1995 476 2038 534 Α
2069 488 2153 542 pe.
2213 477 2366 544 quasi
2423 479 2664 547 quazdam
2712 476 3016 548 negotiandi
3058 480 3283 535 materia
3338 497 3392 535 tn
3457 483 3634 536 medio

385 551 583 609 divinae
611 551 990 610 familiaritatis
1016 553 1300 626 indicium,
1342 564 1776 631 superstitiosum
1827 566 1954 620 laci-

384 644 551 700 niosa:
576 645 738 720 vestis
760 645 976 702 allectat
1005 657 1290 715 ornatum;
1318 658 1372 704 et
1397 650 1524 706 dum
1553 653 1689 708 male
1713 656 1962 713 colorata:

383 736 554 792 vestis
602 735 754 791 fucos
803 737 1065 804 induitur,
1094 739 1332 797 lubricus
1375 745 1544 814 aspici
1576 762 1604 800 a
1648 751 1958 818 semetipso,

381 827 606 896 superni
648 825 1017 896 Speculatoris
1046 830 1230 885 oculos
1254 847 1358 887 non
1391 845 1607 890 veretur
1639 841 1831 894 averti.
1882 841 1960 896 lta

379 933 511 970 sane
535 917 668 971 dum
703 918 1073 975 indumentum
1107 921 1235 976 illud
1277 929 1599 997 arrogantia:
1649 933 1749 985 sub
1778 931 1958 987 divina

380 1009 743 1064 :estimatione
765 1010 1080 1081 despicitur,
1115 1015 1159 1069 is
1182 1015 1348 1070 etiam
1395 1019 1485 1088 qui
1523 1021 1782 1088 induitur,
1827 1040 1956 1078 con-

381 1107 673 1166 semtenter
709 1100 1088 1158 abominabilis
1117 1103 1410 1174 judicatur.

452 1185 556 1240 Sed
592 1197 728 1252 esto,
763 1189 1084 1246 videlicetut
1114 1193 1278 1250 Isaias
1299 1197 1474 1253 nudus
1489 1199 1792 1269 incesserit,
1819 1188 1956 1260 nun;

379 1276 508 1346 quid
536 1284 666 1332 tunc
694 1294 816 1333 cum
848 1281 1079 1337 vestitus
1129 1283 1208 1339 ire
1243 1299 1620 1358 consueverat,
1651 1295 1797 1348 indui
1827 1295 1958 1350 mol-

377 1365 605 1421 lioribus
635 1367 976 1438 indulgebat?
1025 1373 1425 1446 interrogemus
1451 1394 1581 1450 ergo
1633 1384 1802 1451 ipsam
1830 1400 1960 1454 pro-

377 1457 607 1527 pheticze
635 1460 963 1517 narrationis
983 1463 1285 1531 historiam,
1312 1477 1366 1522 et
1397 1471 1678 1526 audiamus
1701 1473 1827 1543 quid
1856 1475 1958 1530 sibi

371 1542 482 1603 vox
505 1549 686 1603 divina
711 1552 1026 1621 prmeipiat:
1062 1573 1081 1605 ‹
1115 1555 1350 1613 Locutus
1395 1568 1499 1625 est,
1531 1542 1733 1632 inquit,
1779 1565 1957 1620 Domi-

375 1654 480 1694 nus
503 1641 555 1692 in
587 1655 750 1694 manu
783 1642 930 1696 Isaia?
959 1641 1051 1697 filii
1078 1645 1263 1712 Amos,
1293 1648 1506 1705 dicens:
1538 1652 1702 1719 Vade,
1737 1663 1788 1708 ct
1812 1657 1957 1711 solve

376 1743 596 1787 saccum
626 1733 690 1787 de
717 1732 913 1790 lumbis
939 1735 1062 1800 tuis,
1090 1745 1145 1792 et
1174 1739 1537 1797 calceamenta
1568 1745 1690 1801 tolle
1715 1747 1779 1802 de
1809 1749 1956 1817 pedi-

2064 565 2237 634 posita
2276 576 2379 631 est,
2433 567 2498 620 ad
2551 584 2709 636 quam
2763 572 3012 626 videlicet
3060 573 3257 627 diversi
3307 583 3642 628 mercatores

2063 655 2347 709 accedunt.
2373 654 2476 710 Alii
2520 658 2641 711 vilia
2670 659 2977 716 indumenta
3010 670 3260 732 tanquam
3305 664 3538 734 pretium
3572 665 3639 717 de

2063 749 2336 818 marsupio
2363 749 2660 820 proferunt,
2684 751 2773 805 alii
2814 753 3096 807 redhibere
3143 757 3375 823 pretiosa
3423 765 3638 810 conten-

2063 833 2212 889 dunt.
2249 835 2355 892 Sed
2384 838 2510 892 dum
2538 839 2737 908 quique
2787 856 2882 911 pro
2909 843 3023 895 suis
3071 843 3316 910 partibus
3358 854 3636 916 satagunt.

2061 925 2152 992 qui
2194 925 2323 980 viles
2353 936 2529 982 vestes
2554 929 2805 991 alierum,
2854 931 3074 999 reliquis
3101 934 3433 1002 emptoribus
3463 939 3638 992 conti-

2062 1029 2168 1068 nuo
2197 1014 2575 1084 praeferuntur.
2602 1016 2701 1082 Qui
2731 1017 2872 1071 enim
2899 1019 3150 1073 delicatis
3171 1021 3410 1076 vestibus
3441 1027 3632 1088 utitur,

2061 1101 2198 1156 sicut
2241 1105 2487 1174 superius
2515 1107 2715 1159 dictum
2754 1117 2854 1173 est,
2907 1122 3047 1176 srepe
3098 1109 3240 1162 unde
3278 1119 3494 1178 captare
3540 1128 3640 1165 au-

2061 1209 2176 1248 ram
2237 1195 2435 1250 favoris
2487 1196 2762 1261 testimat,
2827 1197 2952 1252 inde
3000 1197 3162 1251 latius
3207 1198 3632 1255 obtrectatorum

2060 1285 2328 1341 morsibus
2353 1295 2533 1355 patet;
2559 1290 2648 1358 qui
2676 1305 2801 1344 vero
2824 1290 2943 1366 vilis
2967 1290 3264 1346 indumenti
3292 1295 3637 1349 extremitate

2067 1383 2355 1430 contentus
2379 1386 2459 1430 est
2493 1377 2677 1445 (porro
2707 1378 2774 1432 de
2803 1379 3086 1433 monachis
3117 1380 3330 1450 loquor)
3353 1381 3637 1450 cujuscun-

2059 1481 2165 1535 que
2219 1466 2536 1523 intentionis
2585 1459 2761 1524 studio
2790 1511 2804 1533 ,
2865 1470 3075 1525 scilicet
3113 1471 3226 1525 sive
3274 1487 3437 1540 prave
3465 1514 3479 1537 ,
3524 1473 3638 1529 sive

2057 1567 2205 1613 recte
2240 1558 2294 1612 id
2327 1557 2507 1626 faciat,
2539 1561 2844 1616 sanctitatis
2885 1561 3034 1617 illum
3087 1563 3273 1631 opinio
3325 1565 3637 1618 contuenti-

2056 1645 2158 1701 bus
2206 1647 2523 1718 plerumque
2569 1651 2952 1718 commendat;
3003 1662 3058 1706 et
3111 1667 3219 1723 quo
3268 1653 3320 1707 in
3377 1655 3635 1709 exteriori

2063 1736 2252 1792 habitu
2313 1737 2609 1793 deformior
2655 1741 2882 1808 quisque
2928 1743 3282 1812 conspicitur,
3327 1758 3392 1799 eo
3443 1745 3636 1815 majori

373 1820 478 1876 bus
499 1823 606 1877 tuis
631 1821 778 1892 (Ira.
816 1825 938 1895 xx).
975 1845 992 1877 ι
1038 1824 1142 1893 Qui
1165 1829 1309 1884 enim
1363 1847 1468 1886 non
1495 1833 1641 1888 aliud
1690 1837 1955 1906 quoddam

2060 1841 2202 1899 satpe
2223 1828 2411 1899 dignus
2431 1829 2731 1884 reverentia
2764 1830 3054 1898 judicatur.

371 1911 684 1966 vestimenti
706 1928 895 1982 genus,
919 1916 1012 1970 sed
1039 1933 1255 1974 saccum
1278 1921 1342 1975 de
1371 1921 1568 1980 lumbis
1594 1926 1806 1981 auferre
1820 1943 1957 1997 pra:-

371 2003 594 2074 cipitur,
610 2004 852 2074 profecto
865 2010 1054 2077 quanti
1083 2011 1184 2066 sibi
1205 2015 1432 2070 vestium
1458 2015 1618 2072 litura
1633 2021 1954 2087 constiterit,

374 2093 578 2164 liquido
597 2095 923 2153 declaratur.
967 2100 1010 2156 0
1051 2114 1259 2174 quanta
1311 2115 1440 2164 tunc
1485 2119 1641 2166 erant
1667 2127 1875 2184 regum,
1905 2126 1959 2169 et

371 2184 682 2253 principum
761 2195 919 2243 terrre
973 2190 1206 2246 triclinia
1264 2195 1558 2254 deaurata!
1612 2213 1743 2272 quot
1797 2204 1958 2273 pictis

374 2274 704 2332 circumfusa
738 2277 896 2334 tholis
930 2295 1222 2352 purpurata
1253 2289 1484 2346 cubilia!
1537 2305 1736 2362 quanta
1761 2299 1957 2367 przedi-

372 2364 542 2420 vitum
575 2378 892 2424 ornamenta
925 2375 1152 2442 gemmis
1174 2377 1496 2436 micantibus
1517 2364 1805 2456 insignita!
1830 2399 1961 2458 quot

375 2457 650 2528 laquearia
675 2461 912 2518 cedrinis
939 2473 993 2519 et
1029 2470 1360 2536 cypressinis
1405 2473 1674 2531 instructa
1732 2457 1956 2550 sigillis!

367 2555 431 2602 et
459 2555 639 2602 tamen
663 2553 915 2609 omnibus
939 2559 1159 2624 spretis,
1185 2561 1696 2638 despicabiliterque
1718 2581 1963 2626 contem-

369 2637 503 2708 ptis,
538 2639 681 2696 bnnc
724 2645 938 2700 saccina
992 2648 1337 2708 deformitate
1379 2637 1684 2714 contectum
1713 2663 1961 2732 dignatus

372 2737 460 2782 est
482 2731 824 2800 omnipotens
851 2735 1009 2807 261
1055 2739 1197 2795 Deus
1239 2744 1501 2813 templum
1547 2749 1650 2804 sibi
1697 2731 1960 2810 rationale

367 2828 716 2888 construere,
748 2833 804 2877 et
827 2839 924 2893 per
948 2842 1070 2882 etim
1102 2833 1257 2900 quasi
1303 2849 1587 2905 organum,
1635 2844 1828 2897 secreti
1877 2847 1957 2901 sui

371 2912 633 2982 mysteria
656 2916 971 2972 mortalibus
999 2921 1258 2978 revelare.

442 2999 629 3055 Discat
654 3019 801 3074 ergo,
834 3007 1006 3062 discat
1035 3015 1370 3073 cncoeniatus
1423 3023 1748 3084 monachus.
1796 3043 1955 3096 quam

368 3089 518 3145 male
556 3107 845 3160 mercatur,
871 3099 994 3167 quia
1018 3104 1160 3158 unde
1189 3105 1369 3162 clarus
1414 3125 1674 3180 apparere
1711 3116 1957 3172 Immanis

369 3179 548 3235 oculis
581 3184 803 3252 appetit,
831 3186 960 3241 hinc
1003 3192 1186 3258 procul
1219 3194 1380 3251 dubio
1423 3179 1722 3270 insuperui
1751 3203 1955 3261 Judleis
1985 3180 2025 3236 C

370 3270 732 3327 mstimatione
755 3277 1055 3332 sordescit:
1099 3282 1242 3338 unde
1274 3283 1568 3354 impensius
1607 3291 1676 3345 ab
1721 3293 1955 3350 homini-

373 3359 479 3415 bus
496 3361 808 3432 honoratur,
838 3368 961 3423 inde
989 3372 1158 3441 magis
1177 3389 1206 3428 a
1229 3373 1339 3430 Deo
1362 3378 1658 3448 despicitur
1681 3399 1693 3448 ;
1722 3399 1955 3454 cumque

373 3454 431 3509 in
459 3456 868 3514 admirationem
910 3463 993 3517 sui
1019 3465 1339 3523 intuentium
1367 3472 1552 3527 oculos
1580 3488 1859 3544 provocat,
1888 3481 1955 3534 ab

374 3544 665 3602 obtutibus
686 3563 749 3604 se
769 3550 960 3607 divitire
991 3556 1178 3624 gratiae
1205 3561 1628 3618 contenebratus
1649 3565 1885 3636 eluugat.

957 3687 1187 3746 CAPUT
1227 3692 1390 3749 XVII.

372 3792 457 3848 De
489 3795 569 3848 his
595 3798 686 3864 qui
737 3798 991 3854 vilitatem
1035 3805 1252 3924 aetatium
1280 3806 1493 3878 vulgare
1539 3825 1836 3868 mercamur
1863 3833 1958 3887 ap-

1042 3891 1070 3924 υ
1096 3891 1304 3924 ausum.

1039 3891 1304 3942 pransum.

447 3999 558 4056 Sed
586 4003 837 4071 quoniam
866 4005 1115 4075 loquendi
1143 4009 1208 4064 de
1239 4013 1476 4069 vanitate
1523 4019 1752 4074 vestium
1781 4038 1838 4077 se
1866 4039 1956 4078 oc-

375 4090 529 4145 casio
558 4093 806 4160 praebuit,
835 4096 973 4150 sicut
1006 4099 1070 4152 de
1100 4098 1186 4154 his
1215 4102 1306 4171 qui
1345 4103 1595 4183 mollihqs
1621 4110 1957 4168 delectantur

373 4196 550 4250 pauca
578 4188 1013 4254 perstrinximus,
1052 4193 1127 4247 ita
1157 4195 1324 4251 etiam
1365 4199 1429 4253 de
1460 4202 1584 4267 illis,
1633 4207 1724 4274 qui
1767 4208 1954 4264 eodem

375 4271 592 4340 quidem
623 4274 871 4331 laborant
899 4282 1106 4348 morbo,
1130 4285 1225 4340 sed
1260 4288 1472 4344 diversa
1515 4271 1777 4350 feruntur
1809 4297 1956 4353 insa-

378 4362 492 4427 nia,
541 4361 780 4422 breviter
815 4369 1166 4430 disseramus.
1221 4374 1360 4434 Sunt
1408 4397 1640 4453 namque
1690 4390 1954 4456 nonnulli,

378 4453 472 4521 qui
518 4453 705 4510 vilium
749 4457 1092 4518 deformitate
1125 4467 1361 4524 ‘vcsﬁum
1416 4469 1764 4530 lavorabilem
1816 4453 1953 4552 vulgi

377 4553 694 4599 mercantur
713 4547 1024 4616 applausum
1050 4567 1065 4616 ;
1089 4559 1143 4608 et
1165 4555 1264 4610 hac
1281 4556 1577 4626 jucundius
1599 4547 1958 4626 delectatione

377 4642 699 4703 pascuntur,
731 4637 777 4691 si
804 4639 932 4694 dum
975 4657 1072 4713 pro
1095 4657 1364 4702 accuratae
1403 4651 1760 4710 deformitatis
1805 4659 1958 4714 indu-

378 4725 516 4780 stria
545 4726 798 4784 videntur
838 4731 1028 4800 abjecti
1055 4775 1070 4799 ,
1121 4753 1218 4806 per
1251 4740 1590 4799 efferentium
1639 4751 1956 4820 populorum

377 4829 476 4871 ora
502 4816 727 4873 volitant
775 4821 1014 4889 gloriosi.
1048 4825 1298 4884 Gaudent
1344 4831 1412 4888 de
1468 4849 1526 4889 se
1568 4816 1956 4909 inquirentium

377 4904 749 4965 discussiones
798 4909 913 4966 fieri
960 4929 974 4977 ;
1021 4917 1256 4984 gaudent
1303 4935 1402 4986 se,
1453 4923 1602 4978 velut
1645 4904 1958 4985 mirandum

377 5179 689 5235 humilitate
711 5181 878 5238 videri
928 5189 1309 5245 machinantur
1353 5196 1572 5251 excelsi.
1609 5199 1837 5255 Versuta
1888 5203 1959 5256 si-

379 5271 601 5338 quidem
631 5273 908 5330 diabolicze
940 5278 1252 5337 calliditatis
1293 5287 1488 5341 astutia
1532 5289 1598 5343 ad
1639 5291 1740 5346 hoc
1783 5293 1964 5361 depri-

380 5356 625 5425 muntur,
651 5370 708 5416 ut
732 5365 990 5421 sublimes
1010 5383 1341 5440 appareant;
1369 5377 1563 5434 ad-hoc
1581 5356 1959 5454 deturpantur,

381 5459 444 5503 ut
467 5452 640 5507 oculis
661 5453 980 5512 intuentium
1005 5463 1329 5530 syectabiles
1359 5468 1682 5524 enitescant.

456 5540 628 5597 Porro
657 5554 836 5600 autem
878 5548 964 5602 iSti
992 5566 1114 5606 cum
1164 5557 1537 5625 superioribus
1583 5562 1794 5618 diversa
1849 5567 1961 5634 qui-

384 5627 510 5683 dem
536 5645 748 5690 summa
774 5644 894 5702 est,
938 5654 1100 5708 quam
1154 5647 1504 5714 expendunt;
1538 5652 1631 5704 sed
1678 5669 1797 5708 unae
1843 5627 1967 5712 sunt

386 5735 619 5807 merces,
650 5738 786 5796 quas
815 5733 1159 5792 concorditer
1184 5747 1389 5794 emunt.
1431 5739 1582 5798 Vana
1611 5741 1781 5810 gloria
1815 5762 1964 5806 uein-

2618 2008 2848 2064 C.\PUT
2887 2009 3069 2065 XVlll.

2464 2140 2541 2195 De
2569 2158 2689 2196 vera
2722 2143 3014 2198 humilitate
3032 2144 3222 2198 David.

2129 2313 2514 2370 Verumtamen
2537 2315 2782 2385 quisquis
2812 2317 2899 2373 ille
2923 2326 3028 2381 est,
3064 2319 3155 2388 qui
3200 2321 3264 2373 de
3301 2323 3502 2391 proprii
3538 2322 3637 2376 ha-

2061 2404 2207 2460 bitus
2230 2406 2433 2462 vilitate
2460 2421 2710 2478 superine
2734 2411 3104 2466 retributionis
3127 2414 3404 2482 praemium
3430 2425 3631 2484 sperat,

2061 2509 2281 2550 necesse
2307 2507 2411 2560 est,
2445 2506 2502 2552 ut
2529 2512 2743 2552 omnem
2781 2499 2954 2554 laudis
2987 2501 3237 2556 humanm
3268 2501 3505 2557 favorem
3532 2506 3632 2558 sub

2059 2583 2284 2652 pedibus
2323 2600 2432 2640 sua:
2463 2587 2680 2651 mentis,
2709 2603 2772 2640 ac
2799 2588 2842 2640 si
2877 2604 3155 2644 caenosum
3207 2591 3377 2646 lutum
3426 2593 3638 2648 calcare

2062 2686 2168 2726 non
2208 2674 2452 2739 desinat;
2490 2675 2810 2745 qualemque
2853 2693 2912 2732 se
2951 2681 3314 2747 spectantium
3364 2683 3641 2750 obtutibus

2060 2765 2285 2833 pra-bet,
2314 2767 2475 2837 282
2529 2767 2690 2820 talem
2729 2783 2790 2822 se
2831 2769 2970 2822 intra
3022 2771 3365 2826 conscientia:
3413 2789 3520 2826 sua:
3557 2789 3640 2826 se-

2061 2865 2209 2908 creta
2246 2856 2519 2924 dijudicet.
2565 2855 2718 2911 Unde
2758 2857 2928 2912 David
2955 2874 3078 2912 cum
3124 2877 3245 2914 eum
3289 2860 3482 2914 Michol
3532 2861 3642 2915 ﬁlia

2057 2943 2186 2998 Saul
2236 2946 2588 3014 objurgaret,
2640 2948 2862 3002 dicens:
2921 2967 2938 3000 ι
2993 2950 3166 3015 Quam
3210 2951 3476 3021 gloriosus
3538 2951 3642 3008 fuit

2062 3035 2222 3090 hodie
2246 3052 2342 3090 rex
2373 3037 2536 3090 lsrael
2564 3038 2964 3108 discooperiens
2994 3055 3052 3094 se
3083 3049 3210 3095 ante
3256 3042 3481 3097 ancillas
3523 3058 3641 3098 ser-

2061 3141 2248 3180 vorum
2273 3142 2489 3180 suorum
2516 3168 2532 3192 ,
2587 3138 2641 3181 et
2673 3131 2906 3183 nudatus
2946 3139 3063 3193 est,
3113 3131 3267 3198 quasi
3307 3132 3352 3184 si
3407 3132 3643 3188 nudetur

2060 3234 2198 3271 unus
2221 3218 2286 3271 de
2310 3219 2511 3272 scurris
2545 3218 2630 3287 (ll
2661 3218 2785 3288 Reg.
2820 3236 2901 3284 vi;
2932 3219 2962 3273 1
2992 3219 3120 3273 Par.
3154 3220 3274 3292 xv);
3321 3242 3338 3272 ι
3375 3233 3430 3278 ut
3458 3232 3642 3280 osten-

2058 3309 2232 3370 deret,
2260 3309 2383 3377 quia
2409 3310 2599 3364 eadent
2635 3309 2908 3364 humilitas
2931 3310 3145 3381 vigebat
3167 3311 3218 3364 in
3253 3324 3452 3375 mente,
3471 3328 3637 3382 quam

2054 3395 2361 3463 prandebat
2413 3397 2465 3450 in
2505 3413 2774 3467 corpore,
2809 3415 2913 3454 non
2967 3399 3140 3453 iratus
3191 3398 3479 3464 eﬂ'erbuit,
3534 3419 3638 3455 non

2057 3487 2307 3540 elationis
2331 3486 2489 3540 verba
2515 3488 2812 3556 reSpondit,
2843 3489 2936 3544 sed
2977 3489 3253 3561 humiliter
3277 3491 3449 3545 dixit:
3500 3509 3518 3541 ι
3555 3491 3642 3544 Vi-

2059 3577 2138 3630 vit
2194 3577 2471 3643 Dominus,
2503 3579 2628 3647 quia
2658 3580 2837 3634 ludam
2866 3621 2881 3645 ,
2910 3591 2964 3635 ct
2999 3582 3156 3636 viiior
3195 3583 3316 3636 [iam
3357 3585 3640 3652 plusquam

2061 3665 2234 3720 factus
2266 3684 2406 3732 sum,
2457 3677 2510 3721 et
2539 3686 2634 3724 ero
2672 3669 2890 3725 humilis
2943 3673 2994 3725 in
3038 3673 3208 3726 oculis
3253 3673 3384 3727 meis
3411 3674 3584 3743 (ibid.)
3616 3695 3634 3725 ι

2057 3758 2114 3812 lu
2144 3759 2343 3828 quibus
2379 3761 2556 3815 verbis
2609 3777 2748 3816 verte
2795 3762 3114 3817 humilitatis
3165 3763 3335 3819 forma
3382 3765 3640 3834 prOpoui-

2058 3858 2164 3912 tur,
2204 3851 2330 3905 dum
2357 3868 2460 3906 non
2487 3852 2665 3906 minus
2691 3854 2942 3920 interior,
2986 3871 3146 3925 quam
3177 3858 3418 3911 exterior
3466 3858 3642 3910 humi.

2057 3939 2180 3993 litas
2208 3940 2629 3995 demonstratur.
2663 3940 2912 3996 Nonnulli
2956 3945 3098 3996 enim
3130 3959 3238 4014 quo
3263 3960 3320 3999 se
3347 3944 3644 4000 deformius

2057 4028 2112 4083 in
2143 4029 2406 4085 exteriori
2439 4034 2830 4101 compositione
2859 4033 3142 4103 dejiciunt,
3170 4051 3236 4089 eo
3264 4036 3329 4090 de
3359 4052 3416 4090 se
3449 4037 3643 4090 intrin-

2058 4135 2216 4175 secus
2264 4121 2468 4188 majora
2504 4125 2822 4178 deceruuut.
2871 4125 2971 4191 Qui
3002 4126 3244 4196 profecto
3277 4128 3420 4180 aliud
3454 4139 3645 4197 optant

2057 4224 2118 4264 se
2168 4212 2221 4264 in
2271 4213 2556 4281 superﬁcie
2587 4215 2778 4277 videri,
2813 4215 2958 4268 aliud
2998 4215 3231 4270 latenter
3277 4217 3497 4287 intelligi
3536 4236 3547 4270 :
3587 4230 3644 4271 ct

2057 4302 2199 4356 unde
2227 4317 2285 4355 se
2313 4301 2589 4356 humiliter
2625 4303 2678 4355 iu
2711 4302 2925 4372 publico
2955 4303 3286 4373 deprimunt,
3315 4306 3438 4359 inde
3472 4307 3523 4358 in
3550 4320 3640 4358 oe-

2059 4390 2202 4444 culto
2230 4389 2424 4446 elatius
2458 4391 2840 4446 intumescunt.
2872 4391 3041 4446 David
3069 4402 3250 4448 autem
3279 4435 3292 4457 ,
3327 4402 3385 4448 ut
3433 4395 3645 4448 extrin-

1986 4516 2035 4573 υ
2061 4495 2216 4537 secus
2246 4497 2304 4537 se
2331 4482 2589 4536 humilem
2618 4483 2876 4556 praebeat,
2906 4483 3069 4538 dicit:
3107 4506 3122 4536 ε
3159 4484 3363 4540 Ludam
3402 4495 3459 4541 et
3488 4486 3644 4542 vilior

2063 4573 2185 4626 [iam
2238 4572 2520 4643 plusquam
2580 4580 2758 4628 tactus
2798 4591 2936 4629 suzu.
2994 4595 3012 4627 ι
3064 4575 3134 4632 Ut
3185 4577 3314 4631 vero
3366 4577 3643 4632 humilita-

2062 4673 2168 4719 tem
2222 4667 2418 4718 mentis
2462 4668 2732 4730 ostendat,
2785 4668 3073 4738 adjangit:
3113 4688 3129 4721 ι
3164 4669 3230 4723 Ει
3269 4686 3365 4724 ero
3426 4671 3642 4724 [inutilis

2061 4751 2115 4806 in
2140 4754 2313 4807 oculis
2358 4756 2529 4822 meis;
2570 4776 2589 4807 ι
2627 4773 2690 4811 ac
2713 4759 2755 4811 si
2795 4769 3045 4828 patenter
3078 4760 3221 4815 dicat
3250 4777 3264 4818 :
3294 4761 3357 4814 Et
3402 4763 3645 4814 exterius

2062 4842 2407 4911 humiliabor,
2440 4855 2499 4900 ut
2527 4846 2650 4902 aliis
2679 4851 2983 4918 exemplum
3012 4851 3202 4904 salutis
3233 4851 3517 4904 exhibeam
3546 4867 3559 4915 ;
3590 4863 3646 4904 et

2059 4933 2208 4989 intus
2237 4935 2456 4990 humilis
2495 4952 2609 5001 ero,
2645 4946 2704 4992 ut
2733 4939 2786 4992 in
2818 4938 3061 5008 ejusdem
3091 4938 3383 4994 salutifera:
3418 4941 3639 4993 humili-

2061 5024 2187 5077 tatis
2218 5024 2399 5079 radice
2429 5034 2482 5079 et
2509 5027 2623 5095 ipse
2645 5029 2958 5096 persistam.
2991 5029 3092 5094 Qui
3118 5044 3246 5098 ergo
3273 5028 3347 5082 ita
3381 5027 3641 5097 simplici-

2061 5122 2144 5167 ter
2172 5115 2435 5184 graditnr.
2466 5125 2524 5169 ut
2555 5118 2770 5185 qualem
2800 5133 2859 5172 se
2891 5120 2942 5172 in
2977 5119 3374 5175 deformatione
3416 5123 3496 5175 sui
3541 5126 3638 5178 ha-

2064 5202 2209 5257 bitus
2232 5205 2455 5272 prmbet,
2509 5205 2671 5259 talem
2699 5222 2757 5261 se
2786 5209 2837 5261 in
2879 5210 3134 5278 opinione
3186 5213 3483 5270 videntium
3521 5232 3641 5271 esse

2067 5291 2354 5355 desideret,
2377 5295 2463 5348 hic
2486 5294 2728 5364 profecto
2742 5298 2944 5354 Christi
2965 5301 3350 5373 improperium
3379 5309 3642 5361 veraciter

2069 5391 2270 5450 portat,
2303 5393 2357 5439 et
2386 5402 2601 5440 crucem
2636 5399 2755 5457 post
2799 5405 2923 5444 eum
2969 5395 3170 5448 mundo
3220 5407 3464 5452 mortuus
3493 5399 3643 5468 baju-

2068 5472 2165 5538 lat,
2197 5483 2449 5544 tantoque
2497 5477 2550 5530 in
2583 5479 2777 5534 divinis
2812 5483 3090 5539 obtutibus
3115 5487 3334 5554 .clarior
3377 5490 3639 5551 redditur.

2070 5575 2270 5632 quanto
2318 5567 2454 5634 apud
2504 5567 2766 5624 humanos
2807 5571 2991 5628 oculos
3023 5575 3397 5644 despicabilior
3430 5578 3642 5644 judica~

2071 5664 2180 5720 tur,
2209 5665 2264 5708 et
2288 5654 2563 5711 fructuosa
2587 5664 2916 5719 commercio
2943 5665 3005 5727 is,
3033 5683 3191 5735 quem
3221 5669 3639 5728 vcstisexteriur

2071 5746 2261 5813 foedat.
2293 5752 2469 5812 gratia
2497 5753 2754 5812 interiore
2780 5768 3047 5815 coruscat.
