4110 5364
468 307 567 364 271

1534 391 1562 420 I'

1052 412 1280 470 CAPUT
1319 411 1463 466 XIX.
1531 411 1547 453 ξ

472 512 631 581 Quod.
678 510 853 565 mollia
903 506 1206 581 indumenta
1252 504 1424 581 minus
1469 498 2003 581 perfecti‘fustidiout
2031 538 2048 564 ,

563 569 897 653 perfectiores
928 575 1210 646 aliquando
1260 569 1619 641 indi/feremer
1647 569 1949 624 admittant.

540 688 793 747 Nonnulli
821 688 987 742 etiam
1012 697 1161 752 sunt,
1188 685 1280 755 qui
1332 693 1491 739 rectae
1523 680 1836 737 intentionis
1871 679 2049 734 studio

466 786 665 842 vilibus
691 780 1021 837 indumentis
1050 778 1253 833 diutius
1282 776 1504 841 assueti,
1530 775 1575 830 si
1624 774 1902 842 contingat
1953 769 2045 824 ali-

466 878 703 951 quando,
732 883 793 931 ut
842 871 1239 944 quantumlibet
1277 868 1614 923 mollioribus
1665 870 2045 935 contegantur,

465 971 650 1027 liberae
674 966 998 1024 humilitatis
1031 962 1320 1034 supercilio
1354 961 1681 1030 dedignante
1714 958 1996 1012 fastidiunt
2028 973 2042 1022 ;

466 1074 522 1119 et
550 1064 691 1119 sicut
714 1061 807 1116 alii
838 1058 1014 1123 foedis,
1060 1056 1136 1110 ita
1189 1055 1278 1110 isti
1308 1052 1561 1123 pretiosis
1612 1050 1762 1105 indui
1805 1049 2047 1104 vestibus

468 1155 832 1218 erubescunt;
862 1149 1123 1205 delicatos
1150 1160 1281 1201 sane
1307 1143 1527 1200 habitus
1554 1142 1782 1197 tolerant
1812 1180 1827 1205 ,
1866 1138 2046 1209 despi-

464 1243 716 1301 cabilium
735 1238 1031 1310 asperitate
1055 1235 1335 1301 fruuntur;
1363 1233 1497 1287 fiunt
1518 1231 1622 1287 illis
1643 1230 1824 1285 omnia
1851 1242 2046 1297 corpo-

464 1350 585 1392 rum
640 1340 959 1390 ornamenta
1012 1329 1304 1394 dedecori,
1362 1325 1680 1382 deformitas
1742 1319 2037 1377 honestati.

461 1426 666 1482 Horum
694 1423 910 1494 quidem
944 1421 1139 1477 Esther
1163 1419 1399 1490 speciem
1432 1425 1698 1481 tenuerat,
1730 1430 1854 1469 cum
1898 1413 2044 1469 dice-

459 1519 594 1575 bat:
633 1534 652 1569 ι
691 1516 770 1572 Tu
796 1514 922 1578 scis,
957 1514 1201 1578 Domine,
1232 1510 1613 1567 necessitatem
1650 1522 1844 1572 meam,
1901 1501 2043 1574 quod

460 1608 743 1664 abominor
768 1606 981 1678 signum
1006 1603 1272 1675 superbim
1301 1610 1356 1656 et
1381 1600 1564 1671 gloriae
1601 1613 1752 1662 mere,
1785 1596 1927 1667 quod
1958 1606 2041 1651 est

458 1712 622 1769 super
648 1705 808 1767 caput
836 1709 1014 1750 meum
1034 1695 1095 1767 in
1127 1692 1316 1749 diebus
1369 1688 1747 1747 ostentationis
1787 1702 1920 1742 meae
1941 1727 1956 1752 ,
1984 1694 2039 1740 et

931 302 985 357 S.
1016 301 1218 357 PETRI
1258 298 1539 356 DAMIANI
1580 297 1728 354 OPP.
1764 296 1999 354 TOMUS
2036 293 2167 351 SEU
2208 293 2386 349 PARS
2423 293 2506 350 lli.
2540 325 2609 334 ——
2638 293 3001 353 OPUSCULA
3040 293 3268 350 VARIA.

2078 420 2127 479 Α
2157 404 2303 461 tinus
2334 405 2619 475 virginitas
2656 404 2896 476 pertulit,
2927 411 2982 461 et
3032 403 3220 460 alienae
3250 403 3455 459 libidini
3507 406 3737 476 turpiter

3627 292 3737 347 272

2154 498 2445 566 prosdtuta
2502 488 2726 553 servivit
2774 490 2926 568 (Gen.
2960 496 3170 569 xxxiv).
3218 495 3365 552 Uxor
3410 496 3611 554 Levitte
3668 501 3735 557 de

2154 585 2326 642 latere
2347 587 2545 643 montis
2568 588 2850 658 Ephraim,
2881 589 3051 643 donec
3080 588 3134 642 in
3163 590 3535 658 penetralibus
3555 593 3733 660 posita

2154 679 2302 734 curis
2353 694 2411 734 se
2458 680 2771 735 domesticis
2810 680 3135 748 occupavit,
3170 680 3473 751 coniugalis
3506 682 3731 742 thalami

2152 770 2465 841 pudicitiam
2515 772 2826 838 custodivit;
2876 772 3036 827 ducta
3074 781 3255 827 autem
3303 773 3506 828 relictae
3534 789 3735 846 cogna-

2155 858 2321 915 tionis
2350 860 2563 926 ali'eetn,
2614 862 2844 933 patriam
2881 871 3244 932 parentesque
3272 864 3460 919 revisit
3487 880 3501 923 :
3534 865 3732 923 dehinc

2151 952 2369 1008 rediens
2389 954 2571 1009 multis
2588 955 3021 1024 corruptionibus
3042 954 3258 1010 furiosm
3287 955 3524 1012 libidinis
3553 957 3732 1027 praeda

2152 1043 2477 1099 succubuit:
2517 1054 2573 1099 et
2622 1045 2749 1098 dum
2789 1046 2843 1099 in
2901 1058 3063 1101 carne
3109 1045 3466 1115 periclitantis
3521 1047 3730 1117 pudici-

2153 1135 2240 1190 ti'.e
2282 1136 2621 1207 naufragium
2658 1138 2913 1208 pertulit,
2964 1137 3320 1207 ignominioso
3356 1149 3545 1193 vexata
3588 1138 3731 1194 ludi-

2147 1227 2268 1284 brio
2294 1228 2456 1282 etiam
2505 1229 2752 1297 spiritum
2782 1228 3055 1285 exhalavit
3077 1227 3276 1298 (Judic.
3307 1229 3442 1299 xix).
3492 1228 3731 1285 Thamar

2148 1333 2305 1373 soror
2329 1318 2589 1384 Absalon,
2622 1319 2748 1373 dum
2804 1320 2857 1373 in
2883 1319 3139 1375 fraternis
3176 1318 3379 1374 laribus
3407 1321 3730 1390 simpliciter

2149 1407 2401 1475 habitat,
2463 1409 2800 1463 intemerata:
2846 1410 3171 1481 virginitatis
3223 1411 3441 1481 genium
3507 1421 3723 1479 servat;

2147 1510 2271 1553 eum
2295 1514 2425 1556 vero
2454 1500 2664 1554 Amnon
2697 1500 2804 1554 ﬁlio
2835 1499 3003 1554 David
3031 1499 3284 1554 fraterna:
3317 1501 3571 1569 dependit
3600 1484 3728 1558 visi-

2147 1591 2368 1646 tationis
2393 1590 2647 1658 ofﬁcium,
2676 1600 2951 1660 prmrepta:
2981 1591 3305 1662 virginitatis
3336 1593 3512 1662 plorat
3542 1594 3727 1647 incur-

2147 1682 2284 1736 risse
2322 1681 2753 1753 dispendiumUI
2784 1681 2913 1752 Reg.
2938 1681 3097 1754 xm);
3145 1692 3201 1736 et
3248 1683 3465 1738 tandem
3502 1693 3727 1754 experta

460 1791 700 1845 detester
755 1787 887 1843 illud
938 1786 1093 1856 quasi
1141 1798 1379 1855 pannum
1436 1786 1781 1836 menstruatae
1824 1785 1880 1832 et
1929 1793 2037 1830 non
2070 1781 2113 1841 Β
2141 1774 2282 1842 qnod
2309 1774 2474 1829 tutius
2495 1784 2641 1829 esset
2670 1790 2913 1841 manere,
2938 1790 3097 1844 quam
3125 1775 3399 1845 progredi,
3420 1776 3547 1831 licet
3577 1792 3721 1849 sero,

454 1889 664 1951 portem
722 1880 777 1934 in
830 1878 1016 1933 diebus
1064 1875 1263 1930 silentii
1319 1874 1423 1929 mei
1469 1870 1687 1943 (Esther
1732 1871 1866 1942 xxv).
1903 1887 1922 1921 ι
1972 1868 2038 1923 lli

457 1971 677 2041 quidem
706 1968 886 2025 sancti
917 1967 1171 2022 desiderii
1206 1966 1401 2021 ardore
1452 1964 1801 2029 fervescunt,
1861 1961 2038 2016 adhuc

457 2070 637 2116 tamen
697 2060 982 2114 adversum
1039 2056 1357 2127 passionum
1421 2070 1642 2109 suarum
1708 2060 2037 2107 tentamenta

454 2153 769 2223 confligunt.
797 2150 904 2206 Alii
936 2158 1116 2205 autem
1145 2149 1213 2206 ad
1265 2156 1427 2203 tanta:
1474 2145 1908 2203 murtificationis
1930 2143 2035 2200 cel-

454 2244 745 2299 situdinem
775 2249 1152 2313 pervenerunt,
1177 2239 1321 2310 quod
1355 2237 1468 2307 jam
1517 2236 1584 2291 ad
1636 2244 1863 2305 utraque
1895 2233 2037 2288 velut

454 2333 794 2390 insensibiles
820 2332 968 2396 facti,
998 2333 1140 2387 sicut
1176 2329 1373 2384 vilibus
1422 2327 1568 2382 indui
1614 2325 2035 2380 consuetudina-

452 2423 580 2479 liter
610 2430 895 2493 expetunt,
936 2422 1010 2475 ita
1057 2421 1223 2475 etiam
1270 2420 1360 2473 ubi
1400 2432 1487 2472 res
1534 2416 1739 2487 exigit,
1794 2414 2033 2486 pretiosa

452 2529 702 2586 quaeque,
736 2512 821 2567 vel
848 2511 1017 2565 nitida
1044 2509 1352 2564 nullatenus
1397 2507 1860 2578 perhorrescunt:
1884 2514 2034 2559 utra-

451 2620 558 2676 que
596 2602 802 2659 scilicet
838 2616 945 2656 uno
973 2598 1401 2670 contemplantes
1428 2606 1666 2668 aspectu,
1695 2610 1831 2665 quos
1875 2594 2033 2649 nimi-

454 2712 571 2751 rum
600 2693 758 2768 263
798 2691 981 2749 mollia
1010 2708 1117 2748 non
1150 2690 1446 2757 resolvunt,
1473 2699 1528 2745 et
1557 2703 1749 2757 aspera
1791 2702 1899 2741 non
1955 2684 2031 2739 af-

453 2786 664 2857 ﬂigunt.

521 2879 750 2934 istorum
778 2892 994 2949 quoque
1013 2866 1188 2931 forma
1211 2873 1396 2929 Judith
1421 2873 1615 2941 fuerat,
1639 2888 1758 2943 qua:
1781 2872 2033 2927 videlicet

450 2970 641 3025 ciliciis
669 2979 894 3025 eatenus
922 2983 1040 3033 usa,
1073 2984 1196 3022 cum
1228 2968 1528 3023 necessitas
1574 2966 1769 3036 petiit,
1802 2965 2030 3021 diversis

449 3077 507 3117 se
570 3076 845 3132 corporea:
901 3060 1197 3114 venustatis
1243 3057 1429 3114 infulis
1481 3058 1812 3123 adornavit,
1874 3072 2028 3111 sacra

2141 1875 2409 1919 secretum
2440 1866 2607 1920 otium
2637 1867 2811 1922 noxia:
2861 1866 3097 1936 praetulit
3122 1867 3368 1938 vagitati.

2208 1957 2277 2011 Et
2301 1966 2357 2012 tu
2389 1959 2555 2028 igitur
2582 1959 2626 2013 si
2660 1960 2743 2013 vis
2771 1958 3009 2013 animam
3036 1968 3180 2013 tuam
3210 1958 3264 2012 iu
3295 1973 3405 2013 sua:
3433 1959 3723 2030 virginita-
3762 2002 3768 2007 -

2141 2057 2211 2112 tis
2262 2056 2575 2127 integritate
2628 2057 2943 2126 persistere,
2992 2055 3039 2109 si
3089 2054 3508 2110 abominandum
3568 2057 3724 2113 ducis

2137 2149 2296 2206 {cedis
2326 2157 2383 2204 et
2408 2150 2660 2204 violentis
2691 2147 3103 2219 corruptoribus
3128 2145 3722 2215 subjacere,secretum

2138 2253 2348 2314 appete,
2393 2258 2671 2299 recessum
2723 2241 3123 2313 singularitatis
3171 2247 3422 2318 inquire,
3467 2260 3627 2299 aures
3666 2252 3722 2300 et

2136 2334 2322 2390 oculos
2345 2349 2375 2387 a
2398 2336 2738 2404 negotiorum
2763 2334 3103 2392 saecularium
3127 2324 3365 2392 vanitate
3379 2336 3610 2391 firmiter
3630 2337 3722 2391 ob-

2136 2434 2309 2490 strue,
2328 2425 2625 2479 carnalium
2647 2426 2924 2481 hominum
2947 2427 3212 2498 colloquia
3234 2427 3585 2483 destructioni
3607 2442 3722 2481 rna-

2135 2520 2236 2592 gis,
2255 2533 2417 2589 quam
2435 2517 2775 2572 tediﬁcationi
2794 2517 3075 2588 profutura
3092 2527 3400 2575 contemne.
3419 2518 3719 2589 Namjuxta

2135 2608 2513 2665 Salomonem:
2543 2628 2559 2660 ι
2584 2606 2686 2674 Qui
2719 2609 2891 2681 tangit
2915 2609 3113 2678 picem,
3160 2608 3534 2679 inquiuabitur
3555 2609 3624 2663 ab
3653 2623 3718 2663 ea

2135 2698 2326 2768 (:L‘ccli.
2351 2700 2492 2766 xm).
2508 2716 2524 2749 ι
2550 2697 2695 2752 lntra
2713 2698 3060 2754 conscientiw
3074 2713 3201 2770 ergo
3218 2710 3322 2756 tua:
3346 2707 3396 2754 te
3408 2698 3719 2756 cubiculum

2132 2786 2296 2860 264
2338 2787 2547 2856 collige.
2581 2788 2801 2842 Cunctis
2850 2787 3041 2843 domus
3086 2798 3191 2843 tua:
3233 2787 3460 2856 furibus,
3511 2787 3719 2843 cunctis

2135 2875 2389 2932 videlicet
2425 2876 2673 2931 sensibus
2720 2876 2981 2932 censoriae
3011 2877 3306 2947 disciplinte
3335 2876 3613 2948 repagula,
3651 2891 3718 2931 ne

2132 2970 2252 3041 quis
2279 2970 2659 3039 .ingrediatur,
2704 2984 2933 3040 appone.
2975 2969 3120 3024 Fons
3149 2970 3314 3034 enim,
3356 2968 3442 3023 cui
3479 2969 3714 3023 circum-

2134 3079 2345 3134 quaque
2380 3077 2447 3119 ne
2479 3062 2788 3118 effundatur
2815 3061 3141 3128 oceluditur,
3169 3060 3326 3115 undis
3355 3060 3420 3114 ad
3465 3059 3571 3113 alta
3593 3048 3717 3128 pro?

450 3162 684 3208 testante
715 3153 1017 3221 Scriptura,
1050 3167 1169 3221 qua:
1201 3151 1276 3205 ait
1308 3168 1321 3203 :
1360 3170 1377 3202 r
1407 3150 1644 3204 Abstulit
1674 3165 1703 3203 a
1748 3163 1807 3205 se
1845 3149 2027 3204 Judith
2058 3154 2101 3215 (ζ
2133 3155 2424 3213 ﬂuentibus
2469 3156 2741 3221 elevatur;
2774 3164 3018 3220 econtra,
3066 3153 3156 3223 qui
3210 3167 3306 3224 per
3345 3152 3529 3223 plures
3569 3156 3715 3207 rivos

452 3244 712 3308 cilicium,
736 3253 791 3297 et
816 3243 967 3296 exuit
995 3258 1053 3297 se
1082 3242 1423 3296 vestimentis
1448 3241 1728 3295 viduitatis
1775 3255 1887 3295 sua:
1913 3280 1928 3304 ,
1979 3249 2034 3293 et

450 3332 579 3387 lavit
625 3348 823 3403 corpus
870 3347 1053 3395 suum,
1093 3340 1148 3385 et
1197 3331 1355 3386 unxit
1396 3346 1455 3386 se
1503 3340 1681 3401 myrto
1723 3331 1947 3401 optimo,
1977 3337 2034 3384 et

447 3425 841 3482 discriminavit
871 3424 1084 3479 crinem
1123 3422 1318 3493 capitis
1361 3422 1483 3488 sui,
1532 3434 1588 3476 et
1632 3421 1892 3491 imposuit
1940 3419 2034 3476 mi-

455 3528 597 3571 tram
626 3530 790 3584 super
812 3522 978 3584 caput
1011 3528 1190 3578 suum,
1222 3522 1277 3567 et
1303 3512 1476 3567 induit
1503 3527 1561 3567 se
1590 3510 1926 3566 vestimentis
1946 3510 2033 3582 ju-

445 3607 736 3664 cunditatis
767 3621 896 3671 sure,
930 3605 1211 3675 induitque
1239 3603 1479 3658 sandalia
1526 3603 1750 3673 pedibus
1795 3602 1907 3657 suis
1932 3641 1947 3667 ,
1979 3610 2033 3657 et

442 3695 739 3765 assumpsit
758 3692 1096 3757 destrariola,
1127 3701 1182 3749 et
1205 3692 1338 3758 lilia,
1360 3700 1415 3747 et
1443 3692 1686 3756 inaures,
1709 3689 2029 3756 etannulos,

441 3795 502 3838 et
531 3785 782 3840 omnibus
812 3784 1147 3838 ornamentis
1176 3782 1290 3838 suis
1318 3782 1532 3837 ornavit
1560 3797 1619 3837 se
1660 3782 1869 3851 (Judith
1894 3782 1970 3854 κ).
2004 3801 2023 3835 ι

442 3876 578 3930 Cum
628 3875 712 3930 bis
752 3876 914 3945 igitur
936 3873 1273 3929 ornamentis
1314 3881 1501 3927 saneta
1549 3870 1748 3927 femina
1792 3882 1849 3928 et
1884 3889 2029 3931 vera:

434 3967 589 4021 circa
649 3981 710 4021 se
776 3964 1100 4020 humilitatis
1150 3964 1453 4020 custodiant
1506 3963 1723 4029 tenuit,
1771 3973 1828 4019 et
1876 3979 2025 4030 eum,

441 4074 550 4129 quo
593 4059 916 4129 locupletata
963 4058 1174 4122 fuerat,
1228 4054 1567 4126 paupertatis
1611 4056 1864 4125 spiritum
1918 4073 2027 4112 non

441 4152 648 4206 amisit.

1037 4240 1263 4298 CAPUT
1298 4240 1416 4297 XX.

699 4334 914 4405 Vagatio
942 4334 1117 4388 multis
1144 4335 1242 4404 fuit
1272 4336 1476 4389 occasio
1506 4337 1778 4404 pereundi.

509 4427 619 4482 Sed
643 4427 771 4480 dum
796 4440 895 4496 ego
924 4427 1246 4481 monachum
1269 4428 1522 4497 pretiosis
1549 4428 1794 4482 indutum
1820 4442 2020 4483 exuere

2135 3245 2259 3301 hinc
2291 3246 2417 3300 inde
2466 3244 2773 3309 deducitur,
2807 3259 2931 3299 mox
2973 3252 3033 3299 ut
3074 3258 3239 3313 super
3262 3257 3386 3298 eum
3415 3251 3579 3297 aestus
3606 3239 3715 3295 fer-

2134 3336 2345 3391 ventior
2375 3334 2704 3401 incubuerit,
2737 3336 3065 3390 exsiccatur.
3107 3336 3350 3404 Denique
3382 3334 3426 3389 si
3455 3334 3715 3389 deambu-

2133 3426 2266 3482 lanti
2294 3426 2463 3482 David
2494 3427 2547 3481 in
2576 3426 2774 3484 solario
2801 3428 2993 3482 domus
3017 3427 3178 3497 regiae
3216 3426 3414 3481 clausa:
3446 3425 3588 3481 fores
3617 3425 3713 3481 ob-

2132 3510 2416 3585 sisterent,
2457 3518 2513 3573 in
2555 3517 2788 3575 lavantis
2815 3534 2873 3575 se
2910 3518 3176 3573 Bersabee
3218 3518 3711 3587 concupiscentiam

2131 3608 2439 3666 nullatenus
2467 3611 2762 3666 exarsisset
2803 3610 2887 3682 (Il
2920 3610 3048 3679 Reg.
3080 3609 3252 3680 xvn);
3297 3610 3391 3664 sed
3426 3609 3552 3677 quia
3577 3623 3709 3665 ocu-

2130 3702 2241 3758 lum
2267 3703 2368 3758 sub
2391 3702 2638 3759 custodia
2662 3703 2961 3773 disciplinae
2983 3717 3090 3758 non
3123 3701 3317 3766 tenuit,
3357 3701 3471 3771 ipse
3496 3713 3710 3770 quoque

2129 3802 2255 3863 post
2282 3807 2406 3848 eum
2436 3793 2491 3848 in
2522 3794 2761 3853 immane
2784 3794 2986 3847 hiantis
3017 3792 3187 3847 ruime
3214 3792 3533 3847 barathrum
3564 3797 3710 3847 totus

2129 3882 2185 3936 in
2227 3896 2463 3952 prtcceps
2511 3882 2638 3937 ruit.
2679 3880 2986 3938 Lubrieatis
3022 3880 3168 3936 enim
3204 3879 3511 3951 gressibus,
3543 3880 3707 3937 totius

2129 3971 2208 4027 sui
2242 3981 2499 4041 expertus
2531 3980 2618 4026 est
2649 3971 2875 4042 lapsum,
2905 3970 3032 4024 dum
3058 3970 3225 4025 solius
3249 3968 3458 4025 frenum
3493 3969 3703 4025 relaxa-

2127 4063 2207 4119 vit
2247 4062 2505 4127 obtutus;
2547 4063 2635 4116 cui
2685 4061 2931 4115 videlicet
2960 4059 3094 4114 illud
3141 4057 3389 4115 Jeremia:
3425 4058 3705 4129 aptissime

2126 4152 2410 4224 congruit:
2461 4170 2479 4204 ι
2517 4150 2862 4222 Depraadatus
2907 4158 3010 4215 est,
3061 4148 3267 4218 inquit,
3315 4147 3503 4203 oculus
3549 4163 3703 4205 mens

2126 4247 2364 4302 animam
2418 4259 2590 4299 meam
2622 4243 2836 4311 (Tlu‘en.
2872 4242 2975 4311 ιιι).
3008 4259 3027 4292 ›
3066 4240 3120 4295 Si
3153 4255 3282 4310 ergo
3312 4251 3420 4294 tam
3455 4238 3700 4295 sublimis

2127 4341 2248 4395 cmli
2278 4338 2525 4394 columna
2562 4344 2782 4406 propter
2824 4333 2995 4389 solam
3034 4333 3314 4390 oculorum
3362 4337 3700 4404 vagationem

2125 4428 2439 4500 gravissime
2465 4423 2691 4488 corruit,
2717 4423 2845 4493 quid
2877 4423 2942 4477 de
2979 4424 3134 4479 nobis
3166 4423 3395 4479 infirmis
3426 4430 3480 4477 ct
3506 4437 3698 4491 parvu-

437 4518 611 4591 gestio
639 4523 949 4586 vagantem,
984 4530 1144 4584 quem
1197 4516 1535 4583 arripueram
1563 4554 1577 4579 ,
1606 4515 1674 4570 de
1713 4532 1874 4571 manu
1900 4532 2021 4587 pro-
2050 4497 2096 4556 θ
2123 4497 2190 4573 iis
2219 4516 2573 4578 sentiendum,
2607 4514 2699 4584 qui
2747 4528 2846 4583 per
2873 4514 3128 4569 saeculum
3172 4515 3563 4579 discurrentes,
3597 4528 3694 4566 nos

436 4611 569 4680 prite
588 4606 970 4679 diSputationis
996 4606 1188 4661 amitto
1212 4623 1226 4661 :
1255 4605 1436 4674 etiam
1460 4606 1646 4676 procul
1673 4608 2015 4679 elongantem

436 4702 528 4756 vix
554 4699 780 4769 aspicio,
813 4697 941 4752 dum
971 4695 1115 4754 solas
1139 4695 1271 4751 mihi
1302 4696 1356 4749 in
1397 4696 1646 4751 manibus
1696 4707 1875 4752 vestes
1923 4711 2013 4752 re-

435 4795 700 4847 mansisse
729 4790 1021 4861 perpendo.
1063 4786 1305 4858 Abjectis
1328 4791 1509 4859 itaque
1543 4789 1804 4859 vestibus,
1837 4792 2011 4861 ipsum

435 4884 729 4954 perniciter
756 4885 1123 4952 insequamur,
1160 4890 1214 4936 et
1238 4882 1774 4951 comprehendentes,
1819 4884 1864 4936 si
1893 4880 2012 4936 fieri

433 4973 629 5041 possit,
659 4974 852 5029 sistere
896 4972 1226 5028 laboremus.
1259 4971 1483 5028 Noverit
1532 4987 1661 5045 ergo
1712 4976 2011 5030 monachus

435 5063 570 5118 'vitio
590 5065 890 5133 vagationis
922 5065 1194 5133 addictos,
1224 5066 1349 5136 quia
1381 5066 1484 5121 nisi
1521 5082 1552 5122 a
1593 5067 1788 5123 sarculo
1819 5070 2008 5138 pedem

438 5153 702 5215 retrahat,
733 5161 787 5205 et
811 5152 879 5206 ad
899 5153 1242 5210 serviendum
1272 5156 1381 5211 Deo
1428 5156 1484 5210 in
1531 5156 1650 5213 loco
1696 5160 2010 5215 remotionis

526 5251 931 5288 ""‘"“""""“'9r
955 5245 1220 5292 accinaat-
1273 5261 1372 5292 nec.
1416 5248 1766 5292 mrfpntinnie
1799 5250 2007 5292 Mtlmnn

2122 4617 2275 4662 extra
2326 4606 2688 4676 nosmetipsos
2734 4621 2957 4677 prorsus
3019 4606 3339 4673 educimus;
3399 4615 3455 4659 et
3497 4607 3687 4665 visum.

2119 4709 2279 4769 atque
2307 4699 2570 4767 auditum,
2603 4714 2898 4768 omnesque
2924 4714 3114 4755 sensus
3138 4706 3354 4755 nostros
3379 4698 3690 4754 hauriendis

2117 4794 2298 4848 mundi
2330 4792 2655 4847 vanitatibus
2679 4793 3045 4861 occupamus?

2695 4900 2922 4956 CAPUT
2961 4901 3104 4958 XXI.

2120 4996 2273 5065 Quod
2317 4993 2464 5049 Esau
2517 4995 2721 5064 vagatio
2767 4995 2982 5118 deﬁgit;
3029 4995 3195 5050 Iacob
3238 4995 3498 5050 stabilitas
3544 4995 3690 5051 ea:an

2188 5156 2318 5223 Quae
2349 5165 2529 5210 autem
2557 5145 2816 5240 distantia
2861 5154 2933 5209 sit
2978 5155 3127 5209 inter
3146 5158 3462 5219 monachos.
3488 5154 3577 5223 qui
3606 5167 3689 5208 se-

2117 5246 2250 5292 r-reti
2285 5245 2642 5292 remntionem
2684 5243 2914 5292 dilieunt
2941 5261 2954 5292 :
2996 5254 3051 5292 et
3079 5258 3172 5292 eos
3204 5246 3295 5292 nui
3326 5259 3385 5292 se
3416 5258 3516 5292 ner
3536 5252 3689 5292 cxte-
