4106 6320
380 342 485 397 275

1267 349 1510 407 OPUSC.
1543 352 1652 409 ΧΠ.
1685 387 1757 396 -
1784 355 1872 410 DE
1901 356 2322 418 CONTEMPTU
2361 363 2652 422 SIECL‘LI.

3537 376 3644 430 971

379 457 816 515 benedictionem
842 461 1032 530 patris,
1059 475 1346 532 provectus
1372 468 1453 522 sui
1477 478 1666 526 cautus
1685 482 1972 528 exsecutor
2000 478 2048 535 Α
2077 475 2314 532 comedit
2335 487 2389 532 et
2421 479 2572 543 bibit,
2596 490 2652 536 et
2677 481 2830 549 abiit,
2858 484 3254 556 parvipendens
3279 489 3420 558 quod
3452 482 3652 560 primo;

380 553 626 625 accepit;
655 552 743 608 ille
770 553 1023 611 fatuitate
1048 572 1272 626 gnarus,
1297 561 1419 630 quia
1454 561 1508 616 in
1533 562 1708 632 gladio
1739 566 1962 631 viveret,

378 655 430 700 et
469 643 624 698 fratri
651 659 748 700 suo
775 645 922 700 velut
949 646 1170 703 domino
1202 649 1434 707 famulus
1473 655 1772 710 serviturus
1798 667 1961 721 esset,

378 736 605 790 audivit.
635 735 889 792 Attamen
919 738 1023 793 iste
1049 740 1150 794 nisi
1179 741 1230 795 in
1266 743 1626 800 tabernaculis
1654 748 1962 814 resedisset,

375 825 567 894 procul
609 825 773 881 dubio
805 828 1090 896 primitivm
1121 830 1519 889 benedictionis
1557 835 1814 891 immunis
1851 839 1965 892 exi-

377 925 579 982 steret;
615 917 704 972 ille
741 919 844 972 nisi
877 935 1143 991 pervagus
1181 937 1238 978 se
1265 923 1317 978 in
1354 927 1628 980 exteriora
1653 926 1962 997 projiceret,

377 1007 645 1076 primatus
671 1009 752 1062 sui
784 1009 1066 1080 privilegio
1115 1028 1218 1066 non
1246 1025 1480 1068 careret.
1520 1015 1624 1072 Iste
1652 1017 1965 1074 domestica:

377 1096 575 1163 quietis
605 1097 775 1151 otium
822 1100 992 1153 tenuit
1020 1109 1076 1154 et
1123 1101 1305 1156 divina
1360 1103 1621 1184 largiente
1667 1109 1859 1176 gratia,
1909 1108 1964 1163 in

377 1187 552 1241 aliena
575 1187 698 1256 jura
730 1189 1009 1257 subsiluit;
1051 1190 1139 1246 ille
1177 1193 1410 1248 venandi
1443 1195 1630 1252 labore
1659 1197 1960 1266 confectus,

377 1288 435 1332 et
459 1278 584 1345 hoc,
612 1279 752 1347 quod
782 1279 882 1336 sibi
899 1281 1021 1348 jure
1045 1284 1407 1354 competebat,
1439 1287 1640 1342 amisit.

452 1414 521 1470 Ut
543 1423 725 1472 autem
755 1418 1140 1487 superscdeant
1168 1429 1379 1476 scutum
1402 1425 1772 1481 excusationis
1797 1442 1964 1498 oppoo

372 1521 527 1571 nere,
556 1507 646 1577 qui
671 1509 924 1564 sarculum
955 1512 1360 1580 pet-lustrantes,
1383 1514 1597 1584 jactant
1622 1533 1679 1573 se
1700 1520 1960 1576 obedien-

371 1599 462 1653 tiae
501 1598 1023 1670 lcgibusdcservire,
1058 1621 1163 1658 non
1210 1606 1489 1677 ignorent,
1534 1610 1661 1680 quia
1717 1618 1770 1665 et
1821 1611 1998 1669 Esau,

371 1696 627 1742 venatum
667 1690 954 1759 prodicus,
993 1694 1236 1761 paternis
1273 1695 1614 1766 jussionibus
1654 1701 1862 1769 paruit;
1907 1713 1962 1758 et

371 1789 551 1835 tamen
596 1796 697 1836 nec
743 1783 882 1850 patri
924 1784 1072 1838 cibos
1099 1786 1318 1852 oll'erre,
1368 1804 1469 1843 nec
1500 1777 1697 1860 optata:
1740 1793 1958 1849 benedi-
1988 1825 2033 1884 Β

367 1877 424 1923 et
445 1871 566 1924 onis
630 1874 830 1927 meruit
880 1875 1148 1942 primitias
1191 1878 1457 1935 obtinere.
1509 1882 1766 1952 Quisquis
1813 1886 1955 1938 enim

368 1976 484 2016 rem
536 1979 656 2034 qua:
695 1965 764 2020 ad
803 1967 992 2021 vitium
1032 1969 1298 2038 pertinet,
1328 1976 1716 2031 consuetudine
1741 1977 1954 2045 duc-tus,

367 2053 600 2122 propria:
658 2055 952 2112 voluntatis
1015 2061 1272 2116 instinctu
1333 2063 1566 2121 libenter
1617 2071 1952 2138 exsequitur,

365 2154 553 2208 peccat
579 2146 742 2200 etiam
773 2149 817 2203 si
844 2149 1035 2205 alienis
1080 2154 1322 2223 imperiis
1370 2160 1712 2228 specietcnus
1740 2164 1953 2219 obtem-

361 2249 558 2304 perare
596 2239 860 2295 videatur.
919 2242 1052 2296 Nam
1103 2261 1226 2300 cum
1258 2249 1502 2304 dicitur:
1566 2271 1584 2305 ι
1616 2255 1754 2320 Qtia
1804 2255 1954 2312 Isaac

362 2327 580 2381 amabat
608 2327 772 2394 Esau,
802 2346 866 2386 eo
901 2334 1043 2402 quod
1081 2336 1147 2391 de
1175 2340 1552 2397 venationibus
1593 2343 1731 2400 illius
1768 2361 1954 2402 vesce-

364 2422 515 2466 retur
543 2414 696 2485 (Gen.
747 2423 915 2491 xxvii)
944 2439 958 2487 ;
992 2443 1009 2474 ι
1066 2436 1280 2482 constat
1307 2429 1586 2498 nimirum,
1619 2433 1743 2503 quia
1790 2435 1948 2502 Esau,

362 2517 423 2558 ut
454 2508 588 2573 patri
619 2509 684 2564 cii
708 2525 769 2566 os
799 2514 980 2569 studio
1013 2518 1316 2574 venationis
1343 2524 1676 2590 acquireret,
1700 2541 1805 2580 non
1837 2543 1954 2581 Ina-

359 2596 445 2664 gis
475 2609 712 2666 paterna:
750 2601 980 2669 jussioni
1025 2621 1122 2675 per
1151 2608 1510 2666 obedientiam
1545 2616 1746 2684 paruit,
1789 2633 1950 2686 quam

358 2688 564 2744 inolitze
591 2697 972 2749 consuetudini
1003 2701 1404 2768 quodammodo
1436 2705 1636 2759 tributa
1670 2708 1947 2775 persolvit.

357 2779 462 2844 ρίή
493 2797 622 2850 ergo
653 2783 1007 2840 discurrendo
1039 2805 1135 2857 per
1180 2793 1435 2846 sarculum
1477 2797 1710 2864 propria:
1739 2797 1948 2852 libidini

356 2872 644 2939 Sat‘sfacit,
679 2885 731 2929 et
772 2886 947 2934 tamen
973 2882 1198 2938 obedire
1221 2884 1383 2956 265
1430 2901 1488 2941 se
1524 2886 1790 2956 majorttm
1829 2888 1948 2958 jus-

356 2963 602 3018 sionibus
656 2968 888 3033 asserit,
945 2974 1156 3026 noverit
1207 2973 1374 3028 Deum
1422 2987 1659 3031 nontam
1696 2979 1949 3034 coloratis

354 3055 784 3114 verbositatibus
822 3063 1070 3126 credere,
1101 3080 1264 3133 quam
1296 3067 1360 3121 de
1398 3066 1624 3123 occultis
1663 3071 1941 3125 hominum

348 3145 508 3213 juxta
536 3150 927 3205 conscientiam
946 3151 1214 3220 judicare.

428 3280 732 3338 Notandum
763 3295 941 3340 autem
971 3289 1112 3356 quod
1163 3290 1403 3345 nonnulli
1454 3295 1690 3363 quandiu
1734 3295 1786 3348 in
1829 3296 1942 3364 ipsa

356 3373 640 3441 vagatione
663 3386 788 3428 sunt
816 3379 999 3446 positi,
1031 3395 1136 3434 non
1165 3383 1404 3452 graviter
1429 3395 1688 3441 corruunt
1721 3404 1735 3452 ;
1763 3403 1945 3444 rever—

353 3471 533 3517 tentes
584 3473 761 3519 autem
813 3470 969 3536 quasi
1026 3473 1256 3539 quodam
1327 3477 1662 3546 negotiorum
1721 3482 1946 3535 scccula-

351 3554 495 3607 rium
525 3565 725 3612 temeto
775 3560 935 3626 ebrii,
987 3562 1038 3616 in
1090 3565 1324 3619 immane
1370 3569 1724 3638 prmcipitium
1758 3573 1940 3627 devol-

349 3655 571 3701 vuntur.
602 3650 888 3706 Actionum
939 3657 1132 3725 quippe
1182 3660 1518 3715 saecularium
1575 3663 1722 3720 fumo
1752 3666 1938 3723 suffusi

351 3738 541 3792 oculos
571 3741 818 3808 redeunt,
845 3751 1006 3812 atque
1036 3746 1235 3802 idcirco
1262 3752 1493 3821 propriis
1523 3752 1796 3810 liminibus
1822 3759 1941 3812 red-

353 3826 473 3890 diti,‘
499 3829 586 3882 ubi
634 3831 822 3900 pedem
868 3837 1048 3904 operis
1080 3853 1284 3906 ponere
1339 3841 1590 3908 debeant,
1626 3861 1730 3898 non
1761 3856 1936 3901 alten-

352 3919 504 3973 dunt.
539 3920 691 3987 Quod
741 3926 985 3993 profecto
1014 3929 1152 3984 idem
1183 3931 1322 3985 Esau
1375 3944 1622 4003 patenter
1677 3939 1933 4006 insinuat,

351 4011 442 4077 qui
496 4012 623 4067 dum
668 4017 734 4070 de
767 4033 900 4090 agro
948 4021 1187 4087 rediens,
1235 4027 1430 4094 oppido
1479 4044 1536 4081 se
1589 4035 1936 4101 conqueritur

350 4102 572 4172 lassum,
619 4107 937 4165 damnosum
986 4114 1139 4168 valde
1172 4118 1371 4186 pepigit
1409 4133 1528 4172 cum
1577 4121 1744 4176 fratre
1788 4141 1935 4180 com-

350 4197 654 4261 mercium;
688 4201 923 4269 dunique
964 4203 1016 4258 in
1067 4219 1124 4258 se
1174 4205 1582 4262 immoderatam
1642 4211 1801 4268 famis
1848 4232 1933 4269 ra-

348 4285 490 4340 biem
513 4289 704 4344 szevire
753 4293 1021 4359 permisit,
1047 4309 1298 4363 magnum
1329 4299 1806 4369 primogenitorum
1836 4304 1930 4360 de-

349 4392 442 4432 ωε
465 4380 554 4432 vili
582 4395 761 4449 parva:
784 4381 1050 4437 lenticula:
1071 4387 1316 4440 coctione
1336 4388 1587 4443 distraxit
1606 4389 1756 4460 (Gen.
1781 4398 1927 4463 xxv).

1972 3167 2020 3226 C

2069 563 2245 631 genita
2270 566 2616 622 vendidisset.
2644 588 2661 621 ι

2643 681 2870 739 CAPUT
2907 683 3074 742 XX".

2067 763 2133 817 In
2163 766 2365 822 duobus
2387 769 2467 824 his
2499 769 2750 850 fratribus
2797 785 2958 850 putet,
3007 776 3130 850 quid
3174 780 3310 834 inter
3355 798 3510 850 vagos
3538 799 3650 838 mo-

2495 844 2688 896 nac/tos
2718 855 2763 897 et
2804 844 3027 900 stabiles
3049 847 3224 902 distet.

2136 929 2192 983 lu
2227 929 2310 984 his
2343 931 2504 1001 igitur
2533 933 2742 990 duobus
2791 935 3055 993 fratribus
3103 938 3254 1010 (Gen.
3282 944 3450 1012 xxvn)
3479 946 3650 1000 mani-

2065 1019 2201 1078 feste
2253 1023 2681 1094 deprehenditur
2725 1039 2927 1100 quanta
2979 1032 3124 1087 inter
3158 1034 3457 1091 residentes
3489 1047 3650 1106 atque

2064 1117 2410 1186 vagabundos
2434 1121 2728 1176 monachos
2771 1137 2892 1176 esse
2918 1123 3173 1179 distantia
3221 1127 3507 1181 sentiatur.
3558 1129 3650 1184 llle

2065 1206 2208 1261 enim
2248 1209 2349 1263 nisi
2399 1224 2457 1264 se
2493 1209 2822 1277 instabilem,
2860 1221 2916 1266 et
2963 1214 3043 1269 sui
3093 1215 3374 1285 prodigum
3423 1231 3520 1286 per
3553 1234 3651 1272 cx-

2066 1297 2266 1352 teriora
2315 1298 2662 1366 diffunderet,
2716 1317 3057 1374 nequaquam
3112 1307 3509 1362 benedictionis
3557 1323 3652 1378 pa-

2068 1397 2237 1443 terna:
2261 1391 2579 1460 mysterium
2613 1407 2716 1446 una
2759 1410 2880 1449 cum
2931 1396 3305 1466 primogenitis
3335 1401 3648 1463 amisisset;

2064 1478 2166 1534 iste
2190 1481 2290 1535 nisi
2317 1483 2458 1535 intra
2491 1483 2774 1539 domestici
2816 1501 2874 1541 se
2909 1486 3038 1541 laris
3069 1498 3214 1558 septa
3241 1491 3648 1561 comprimeret,

2066 1571 2207 1628 infra
2259 1577 2639 1648 prrescriptum
2693 1581 3091 1638 snbsecntionis
3138 1599 3248 1639 suze
3296 1585 3522 1640 limitem
3565 1586 3654 1654 juo

2063 1663 2184 1716 nior
2204 1665 2479 1722 humiliter
2501 1669 2812 1724 desedisset.
2840 1669 2930 1726 llle
2959 1688 3158 1741 gnarus
3184 1683 3238 1729 et
3266 1675 3437 1730 solers
3467 1693 3495 1729 a
3531 1692 3643 1731 sua:

2060 1758 2433 1826 prterogativae
2465 1759 2588 1830 jure
2615 1762 2898 1829 dilabitur;
2933 1765 3033 1819 iste
3075 1767 3290 1834 quietus
3317 1777 3371 1822 et
3398 1768 3644 1838 simplex,

2063 1846 2304 1901 subactis
2346 1847 2624 1916 fratribus,
2672 1852 2932 1922 singulari
2978 1855 3258 1926 privilegio
3287 1857 3645 1928 principatur.

2059 1936 2212 1990 Alter
2256 1938 2427 1994 saltus
2477 1949 2532 1994 et
2581 1940 2748 1996 lustra
2801 1947 3138 2015 peragrando
3165 1946 3428 2014 defessus,
3467 1964 3497 2002 a
3537 1950 3647 2018 pri-

2059 2040 2234 2085 matus
2288 2033 2368 2087 sui
2431 2034 2693 2103 dignitate
2743 2037 2996 2107 dejicitur
3048 2055 3061 2102 ;
3113 2038 3248 2093 alter
3301 2040 3352 2094 in
3399 2041 3642 2095 conclavi

2061 2136 2278 2176 ain-amo
2334 2121 2519 2178 fruens
2571 2125 2723 2188 otio,
2774 2127 2840 2180 ad
2895 2128 3283 2197 capessendam
3342 2143 3507 2198 super
3551 2145 3647 2199 po-

2057 2215 2252 2283 pulos,
2315 2214 2594 2286 tribusque
2649 2218 3017 2272 monarebiam
3073 2220 3329 2275 divinitus
3386 2221 3644 2276 sublima-

2059 2315 2161 2359 llil‘.

2130 2394 2347 2450 Desinat
2373 2413 2501 2468 ergo
2545 2400 2866 2467 monachus,
2915 2402 3162 2472 quisquis
3203 2412 3309 2468 est,
3338 2420 3460 2459 cum
3495 2406 3636 2460 Esau

2056 2501 2120 2540 ex
2151 2488 2470 2544 remotionis
2513 2506 2623 2545 sua:
2667 2490 2921 2546 claustris
2969 2491 3279 2562 frequenter
3312 2509 3638 2564 erumpere;

2055 2577 2266 2631 desinat
2312 2593 2433 2633 cum
2485 2595 2549 2634 eo
2597 2579 2695 2635 sub
2745 2581 3072 2636 obcdientia:
3123 2584 3303 2652 specie
3354 2585 3531 2640 causis
3584 2599 3642 2640 se

2056 2669 2407 2725 saecularibus
2460 2671 2774 2740 implicare;
2824 2688 2893 2727 ne
2923 2675 3248 2744 quandoque
3278 2691 3336 2730 sc
3375 2692 3497 2731 cum
3526 2677 3642 2746 ipso

2056 2759 2234 2830 lugeat
2261 2761 2455 2815 divinae
2496 2761 2887 2819 benedictionis
2925 2774 3220 2834 extorrem,
3273 2781 3430 2837 quem
3467 2769 3640 2823 noxim

2053 2849 2359 2920 vagatiunis
2410 2851 2637 2904 sortitur
2664 2861 2964 2907 auctorem.
3014 2854 3147 2909 Cum
3179 2854 3345 2910 Jaeob
3375 2857 3536 2925 igitur
3581 2872 3641 2911 se

2055 2935 2408 2989 domesticum
2461 2935 2734 3005 prmbeat,
2788 2954 2910 2993 cum
2955 2937 3120 2994 Jacob
3170 2941 3222 2994 in
3277 2940 3639 2996 tabernaculis

2053 3029 2372 3098 simpliciter
2417 3030 2580 3092 vivat,
2625 3040 2894 3099 quatenus
2940 3032 3131 3097 Deum,
3181 3035 3273 3104 qui
3309 3049 3432 3089 vere
3484 3044 3638 3104 pater

2052 3130 2132 3176 cst
2161 3121 2478 3185 electorum,
2513 3124 2676 3194 266
2703 3123 2826 3177 boni
2877 3125 3056 3193 aperis
3100 3127 3242 3180 vesci
3284 3125 3511 3196 dapibus
3541 3143 3636 3181 cu—

2049 3213 2311 3282 pientem,
2363 3228 2468 3266 non
2513 3213 2843 3266 silvestrium
2896 3213 3158 3277 ferarum,
3209 3213 3301 3268 scd
3351 3215 3633 3269 domestici

2047 3303 2226 3374 gregis
2254 3303 2602 3372 apparatione
2646 3303 2873 3370 reﬁciat,
2907 3308 3124 3374 quando
3154 3322 3257 3360 non
3295 3305 3360 3359 de
3391 3315 3632 3361 externa:

2046 3395 2351 3450 sanctitatis
2389 3395 2700 3465 superﬁcie,
2739 3395 2832 3450 sed
2891 3413 3058 3451 suave
3096 3398 3197 3451 sibi
3241 3397 3308 3452 de
3349 3398 3633 3452 conscien-

2047 3487 2134 3540 tiae
2157 3502 2268 3541 suae
2293 3487 2584 3541 virtutibus
2619 3486 2855 3541 edulium
2901 3499 3074 3558 parat.
3109 3489 3293 3558 Neque
3316 3490 3456 3544 enim
3487 3491 3627 3545 Deus

2044 3579 2346 3634 hostiarum
2404 3579 2570 3650 pelles
2611 3580 2666 3634 in
2707 3581 2975 3635 sacriﬁcio
3021 3581 3238 3636 sibimet
3284 3583 3502 3638 mandat
3544 3583 3638 3637 of-

2043 3670 2194 3736 ferri,
2224 3671 2318 3725 sed
2352 3671 2611 3725 interiora
2641 3672 2822 3740 potius
2862 3673 3131 3728 viscerum
3159 3689 3279 3728 cum
3322 3674 3452 3743 ipsis
3489 3688 3625 3744 quo-

2041 3778 2146 3833 que
2185 3763 2434 3819 medullis
2480 3764 2724 3835 praecipit
2764 3766 3029 3829 exhiberi.
3065 3765 3219 3821 Unde
3259 3775 3314 3822 et
3356 3768 3406 3822 in
3447 3778 3624 3824 osten—

2041 3855 2216 3911 dendo
2257 3857 2372 3926 ipso
2419 3855 2812 3912 sacriﬁciorum
2852 3857 2957 3911 ritu
3006 3856 3215 3928 Moyses
3244 3859 3504 3928 pratcipit,
3537 3859 3623 3913 di-

2040 3966 2168 4008 cens
2222 3969 2233 4006 :
2291 3970 2309 4004 ‹
2359 3951 2647 4006 Subtracta
2700 3952 2859 4022 pelle,
2907 3953 3098 4008 hostiae
3144 3963 3294 4009 artus
3351 3956 3401 4009 in
3451 3953 3621 4009 frusta

2038 4043 2330 4098 concidant
2364 4042 2548 4114 (Levii.
2582 4044 2621 4114 ι)
2649 4059 2663 4110 ;
2697 4063 2716 4096 ι
2771 4045 2856 4099 cui
2886 4046 3141 4102 mandato
3169 4047 3330 4100 etiam
3361 4048 3625 4118 mysticus

2040 4132 2348 4187 intellectus
2399 4134 2578 4189 inesse
2630 4134 3071 4204 deprehenditur,
3104 4137 3147 4191 si
3186 4138 3436 4194 subtilius
3469 4139 3622 4193 inda-

2038 4230 2215 4292 gelur.
2250 4221 2449 4276 Pellem
2497 4237 2733 4294 namque
2783 4223 2971 4278 hostiae
3007 4227 3397 4291 subtrahimus,
3443 4244 3563 4282 cum
3591 4245 3621 4282 a

2039 4313 2238 4367 mentis
2268 4321 2468 4367 nostrae
2493 4313 2663 4367 oculis
2685 4313 3025 4383 superficiem
3049 4317 3265 4370 virtutis
3287 4331 3619 4373 atnovcmus.

2038 4403 2202 4472 Cujus
2245 4414 2394 4459 artus
2451 4406 2504 4459 in
2573 4403 2742 4459 frusta
2804 4406 3172 4471 concidimus,
3239 4423 3364 4462 cum
3429 4408 3619 4463 distinc

349 4465 442 4520 δῖε
485 4470 767 4535 "inlitum.
802 4473 880 4526 5ῖο
925 4475 1014 4542 (Illi
1050 4476 1412 4532 exterioribus
1462 4479 1692 4546 ἀοάίίυε,
1735 4492 2012 4577 semel-'0
2040 4507 2265 4567 gueutes
2296 4497 2567 4552 subtiliter
2599 4497 2713 4566 ejus
2741 4498 2955 4560 intima,
2979 4501 3434 4570 membratimquc
3475 4503 3621 4568 cogi.

347 4557 520 4626 ipsum
574 4559 834 4627 deseruit,
885 4572 941 4618 et
992 4580 1086 4619 sua
1142 4569 1487 4635 postmodum
1525 4586 1774 4641 corpore,
1823 4590 1928 4629 non

345 4653 506 4706 corde
535 4653 586 4705 in
625 4654 876 4708 interiora
907 4666 1191 4713 revocatus
1217 4662 1416 4716 amisit.
1449 4663 1723 4734 Contingit
1762 4669 1928 4721 etiam

345 4743 652 4812 vagationis
676 4746 807 4800 vitio
837 4747 1229 4817 laborantibus,
1283 4762 1338 4807 ut
1378 4755 1670 4823 pulveratis
1703 4758 1927 4813 interio-

342 4835 493 4888 ribus
516 4836 709 4902 oculis,
759 4839 898 4893 sicut
927 4855 1031 4895 non
1073 4853 1380 4910 prmeavcnt
1429 4861 1497 4900 ne
1544 4846 1597 4900 in
1645 4856 1826 4902 reatus
1856 4849 1930 4904 foo

341 4940 497 4978 vcant
533 4938 814 4995 corruant,
869 4930 946 4986 ita
979 4933 1140 4987 etiam
1190 4937 1526 5004 postmodum
1578 4954 1684 5008 quo
1713 4941 1921 4995 cecide-

342 5016 446 5068 rint
491 5032 599 5070 non
648 5019 977 5074 advertant:
1031 5024 1213 5093 itaque
1256 5026 1383 5080 dum
1414 5028 1645 5083 admissa
1697 5047 1922 5100 quaeque

338 5111 692 5165 considerare
720 5114 998 5169 subtiliter
1030 5117 1323 5188 negiigunt,
1354 5122 1613 5190 quidquid
1647 5121 1774 5178 illud
1815 5133 1919 5188 est,

337 5202 482 5268 quod
514 5202 872 5273 deliquerant,
922 5207 1148 5263 confuso
1192 5211 1389 5266 mentis
1438 5215 1689 5270 examine
1737 5219 1918 5286 parvi-

338 5292 606 5359 pendunt,
645 5296 872 5350 culicem
899 5299 1163 5368 siquidem
1213 5317 1319 5355 non
1370 5303 1660 5372 liquantes,
1694 5309 1794 5362 etsi
1825 5325 1918 5362 ca-

337 5381 538 5435 melum
566 5382 870 5452 glutientes.
900 5387 1064 5459 Cujus
1094 5405 1309 5459 quoque
1339 5393 1596 5448 caecitatis
1625 5396 1763 5450 Esau
1815 5413 1919 5452 non

337 5474 596 5528 immunis
625 5479 898 5533 exstitisse
943 5484 1306 5550 cognoscitur,
1340 5484 1479 5540 sicut
1506 5503 1655 5540 sacra
1697 5490 1918 5544 historia

339 5574 574 5619 testante
618 5569 946 5637 perhibetur,
997 5575 1084 5628 ubi
1117 5587 1404 5646 postquam
1444 5579 1677 5635 dicitur:
1735 5601 1753 5632 ί
1784 5584 1919 5649 Quia

331 5659 540 5729 juravit
581 5661 743 5729 Esau,
794 5676 849 5721 et
896 5668 1133 5724 vendidit
1189 5673 1595 5743 primogenita;
1649 5696 1664 5726 ι
1727 5677 1921 5731 deinde

340 5757 650 5813 subnectit:
681 5776 698 5810 (
730 5758 796 5814 Et
826 5761 902 5816 sic
955 5772 1176 5835 accepto
1220 5780 1358 5835 pane
1407 5776 1459 5821 et
1510 5767 1670 5824 lentis
1720 5770 1916 5837 edulio,

2038 4603 2254 4655 tamus,
2311 4597 2370 4644 ut
2422 4606 2541 4659 quae
2590 4590 2720 4646 foris
2775 4593 2984 4647 sincera
3035 4593 3286 4648 videntur
3331 4603 3385 4647 et
3430 4595 3617 4656 solida,

2036 4683 2181 4736 intus
2231 4696 2337 4736 non
2381 4681 2687 4736 habeantur
2739 4683 3023 4738 latebrosae
3069 4685 3328 4739 vanitatis
3367 4685 3496 4738 vitio
3528 4701 3618 4740 ca-

2035 4788 2285 4827 vernosa.
2349 4771 2521 4826 David
2574 4781 2751 4827 autem
2817 4791 2915 4844 pro
2976 4789 3173 4844 magno
3229 4789 3454 4828 munere
3504 4789 3618 4828 me-

2033 4862 2237 4916 dullata
2284 4877 2344 4916 se
2398 4863 2509 4918 Deo
2564 4865 2829 4919 sacriﬁcia
2879 4865 3186 4918 oblaturum
3238 4879 3357 4918 esse
3402 4864 3619 4932 pollice-

2033 4961 2166 5017 tur,
2218 4953 2405 5008 dicens
2450 4973 2461 5006 :
2517 4972 2536 5005 ε
2589 4954 2914 5008 llolocausta
2947 4995 2959 5018 ,
3030 4954 3249 5023 inquit,
3311 4954 3605 5007 medullata

2031 5043 2255 5098 oﬁ‘eram
2323 5044 2464 5110 tibi,
2518 5059 2642 5100 cum
2705 5044 2924 5098 incenso
2997 5052 3051 5097 et
3104 5042 3361 5098 arietibus
3421 5042 3616 5115 (Psul.

2031 5138 2241 5206 vant).
2265 5156 2284 5188 ι

2102 5228 2355 5297 Quisquis
2395 5238 2572 5284 autem
2620 5245 2677 5284 se
2735 5244 2833 5298 per
2880 5229 3218 5298 negotiorum
3270 5228 3610 5283 szecularium

2030 5320 2290 5373 exercitia
2339 5319 2729 5374 delectabiliter
2780 5318 2975 5383 fundit,
3029 5318 3327 5373 holucausti
3371 5319 3452 5372 sui
3501 5334 3614 5371 men

2028 5410 2204 5465 dullas
2234 5426 2354 5465 cum
2405 5410 2704 5464 visceribus
2743 5409 3031 5471 subtrahit,
3067 5418 3122 5465 et
3162 5408 3332 5465 solam
3378 5409 3611 5464 victimm

2027 5500 2217 5570 pellem
2269 5501 2400 5564 Deo,
2457 5515 2576 5568 quae
2625 5497 2805 5554 oll'erri
2843 5499 3182 5569 prohibetur,
3215 5498 3432 5553 adolere
3477 5513 3608 5552 con-

2028 5591 2235 5654 tendit;
2269 5590 2357 5658 qui
2394 5603 2522 5643 vero
2552 5603 2715 5644 suave
2749 5589 2856 5644 Deo
2905 5589 3232 5645 sacriﬁcium
3277 5588 3472 5645 oﬁ'erre
3511 5590 3605 5642 de-

2028 5681 2250 5742 siderat,
2288 5694 2536 5734 rcccssus
2577 5690 2747 5750 petat,
2778 5680 3034 5737 interiora
3064 5691 3324 5746 sectetur,
3369 5682 3602 5734 animam

2027 5788 2176 5827 suam
2209 5771 2499 5843 integram,
2544 5773 2914 5845 illibatantque
2967 5776 3018 5831 in
3049 5775 3265 5845 prdpria
3296 5772 3620 5842 virginitate,
