4106 6320
482 426 588 484 275

951 429 1005 482 S.
1034 426 1236 482 PETRI
1273 426 1553 482 DAMIANI
1591 426 1742 482 OPP.
1771 427 2006 482 TOMUS
2049 426 2181 482 εει]
2224 427 2402 481 PARS
2441 425 2527 481 IlI.
2557 455 2616 466 —
2646 423 3015 480 OPUSCULA
3059 418 3314 486 V'ARIA.)

3629 418 3749 474 ’276

488 539 797 603 custodiat;
848 552 945 591 nec
992 537 1349 592 discurrendo
1400 553 1497 606 per
1548 537 1824 607 lupanaria
1881 537 2060 592 saeculi
2093 545 2139 604 Α
2170 541 2276 594 lum
2310 540 2606 611 appellatur
2648 538 2792 608 quod
2823 537 2943 592 fuit.
2987 537 3086 596 Cui
3121 546 3243 606 apte
3281 551 3376 605 per
3425 534 3755 604 increpatio-

494 631 785 685 immundis
833 629 1264 699 corruptoribus,
1295 629 1574 700 prostibuli
1623 645 1792 694 more,
1822 631 2068 684 subster-

491 733 604 775 nat.
657 718 727 774 Ut
775 734 904 788 ergo
959 719 1157 773 interni
1210 719 1390 787 sponsi
1451 719 1759 786 conspectui
1812 717 2066 786 placeat,

492 831 601 870 non
633 812 821 868 oculos
867 827 996 866 suos
1046 812 1211 866 stibio
1250 827 1372 866 cum
1404 809 1652 865 chabcle
1685 810 1934 878 depingat
1965 808 2070 879 (IV

488 906 612 973 Reg.
644 905 745 974 Ix),
776 905 826 958 id
859 912 1102 978 cst,'non
1142 918 1202 958 se
1247 903 1386 957 fucis
1437 916 1642 970 pompm
1680 900 1950 954 saecularis
1980 900 2074 954 ob-

490 1005 674 1062 ducat,
730 999 820 1053 sed
855 1014 975 1052 cum
1012 996 1193 1051 Jndith
1242 1005 1422 1065 myrto
1465 995 1667 1064 Optimo
1705 985 1799 1046 sua
1831 993 2073 1046 membra

489 1101 755 1162 porungat
787 1089 995 1159 (Iudith
1027 1088 1079 1158 χ)
1119 1106 1131 1142 :
1181 1102 1369 1141 omnes
1419 1085 1673 1140 videlicet
1725 1085 1919 1138 mentis
1963 1097 2076 1136 sua:

491 1198 684 1237 sensus
712 1181 1035 1235 immortalis
1061 1178 1297 1248 unguine
1349 1176 1617 1230 castitatis
1657 1174 1899 1236 oliliniat,
1932 1186 1997 1225 ne
2022 1172 2074 1224 in

493 1285 722 1329 mortem
766 1288 863 1343 per
894 1269 1340 1328 incontinentiam
1381 1282 1663 1334 corruens,
1699 1268 1748 1320 in
1801 1266 1968 1321 fetore
1999 1263 2078 1318 lu-

495 1369 661 1421 xuria:
692 1373 1108 1435 compntrcscat.

568 1458 624 1514 lu
663 1458 905 1514 conclavi
961 1458 1123 1528 igitur
1174 1466 1373 1511 sanctae
1401 1455 1655 1510 Ecclesia:
1695 1453 1872 1507 anima
1901 1468 1958 1508 se
1984 1467 2079 1522 pn-

495 1550 612 1605 dica
634 1549 939 1613 concludat,
977 1549 1163 1618 sicque
1196 1549 1250 1601 in
1292 1547 1480 1602 mterni
1530 1546 1692 1614 Regis
1738 1543 2080 1612 tlialamojuo

496 1641 637 1712 gitcr
665 1641 984 1709 requiescat.
1024 1635 1138 1692 Non
1169 1636 1466 1692 carnalium
1493 1635 1936 1705 propinquorum,
1971 1645 2077 1685 non

497 1730 841 1800 complicium
876 1726 1244 1798 quorumlibet
1277 1727 1520 1794 requirat
1565 1722 1804 1785 affectus,
1857 1721 1949 1775 sed
1993 1735 2081 1787 so-

494 1811 601 1878 lius
627 1823 737 1877 veri
767 1821 963 1892 Sponsi
999 1819 1296 1875 deleCIetur
1329 1816 1682 1886 amplexibus.
1726 1813 1908 1883 Neque
1935 1813 2076 1868 enim

2174 651 2300 690 nem
2331 635 2531 689 dicitur
2553 634 2736 689 divina
2787 647 2921 688 voce
2954 650 2968 686 :
2999 631 3281 687 Descende.
3312 631 3370 686 In
3421 629 3531 684 alto
3556 631 3758 700 quippe

2174 727 2444 780 humanus
2489 726 2700 780 animus
2737 733 2866 790 stat,
2895 723 3110 793 quando
3163 722 3411 790 supernis
3439 721 3737 776 retributid

2174 817 2338 870 nibus
2367 815 2564 870 inhiat.
2591 814 2699 869 Sed
2751 815 2818 869 ab
2865 815 2969 869 boc
2995 821 3137 867 statu
3165 811 3462 876 descendit,
3487 827 3607 866 cum
3641 820 3730 864 tut:
3764 844 3771 853 -

2173 906 2315 977 piter
2340 906 2512 960 victus
2541 919 2658 960 sese
2693 892 3048 960 deﬂuentibus
3074 904 3258 958 mundi
3298 903 3580 958 desideriis
3627 901 3756 956 subs

2171 998 2308 1068 jicit.
2349 997 2446 1052 Cui
2479 997 2617 1052 bene
2672 1011 2796 1050 mox
2827 995 3078 1050 additur:
3131 993 3266 1048 Sede
3301 995 3355 1048 in
3381 993 3607 1063 pulvere.
3651 993 3756 1046 De-

2177 1087 2440 1143 scendens
2494 1087 2638 1141 extim
2696 1085 2749 1138 in
2803 1085 3024 1155 pulvere
3065 1083 3287 1148 residet,
3333 1083 3461 1153 quia
3510 1079 3758 1137 cwlestia

2177 1181 2453 1243 deserens,
2487 1177 2716 1232 terrenis
2745 1175 3160 1247 Cogitationibus
3188 1189 3446 1245 aspersus
3466 1174 3519 1229 in
3551 1172 3759 1230 inlimis

2175 1271 2407 1325 vilescit.

2251 1360 2352 1418 Ubi
2402 1360 2580 1417 adhuc
2628 1360 3010 1432 ingeminando
3055 1361 3401 1433 subjungitur
3450 1376 3465 1416 :
3514 1358 3650 1417 Sede
3701 1359 3762 1416 in

2179 1463 2340 1507 terra.
2389 1451 2467 1506 Ac
2497 1452 2545 1507 si
2580 1461 2767 1522 aperte
2795 1454 3131 1523 exprobrans
3161 1454 3303 1508 dicat
3335 1470 3350 1507 :
3390 1451 3523 1519 Quia
3550 1452 3760 1508 caelesti

2181 1543 2593 1599 conversatione
2615 1543 2832 1598 noluisti
2865 1552 2915 1597 te
2946 1559 3152 1612 regere,
3197 1543 3295 1597 sub
3325 1543 3603 1612 temetipso
3635 1558 3764 1612 pro-

2181 1642 2384 1689 stratus
2419 1634 2473 1687 in
2507 1633 2734 1688 terrenis
2787 1633 2998 1688 actibus
3049 1632 3358 1687 lntmiliare.
3407 1631 3564 1687 Unde
3588 1641 3641 1683 et
3670 1647 3765 1686 ne-

2181 1725 2423 1781 cessario
2476 1722 2721 1793 protinus
2768 1722 3036 1776 additur:
3093 1721 3216 1775 Non
3272 1731 3349 1775 est
3395 1720 3582 1774 saliunt
3633 1719 3768 1788 ﬁlice

2183 1811 2574 1867 Clmldrrorum.
2613 1810 2850 1866 Chaldazi
2895 1825 3126 1879 namque
3156 1809 3352 1878 feroces
3406 1811 3766 1878 interpretano

495 1916 612 1970 sine
653 1929 816 1968 causa
871 1912 1132 1983 scriptum
1175 1921 1301 1964 est:
1347 1928 1365 1960 ‹
1393 1908 1554 1973 Audi,
1587 1906 1718 1972 ﬁlia,
1743 1915 1794 1959 et
1839 1903 1980 1967 vide,
2033 1910 2087 1956 et
2117 1895 2162 1955 Β
2191 1911 2298 1955 tur.
2355 1899 2524 1955 Valde
2579 1909 2758 1954 autem
2815 1899 3027 1955 feroces
3080 1911 3223 1965 sunt,
3283 1901 3407 1969 quia
3463 1899 3768 1954 voluntates

501 2003 699 2058 inclina
732 2017 919 2056 aurem
954 2012 1121 2063 tuam,
1170 2007 1226 2053 et
1263 1997 1586 2052 obliviscere
1623 1992 1876 2063 populum
1909 1999 2081 2056 tuum,

498 2104 553 2150 ct
577 2095 795 2148 domum
822 2091 995 2161 patris
1041 2090 1138 2154 tui,
1177 2088 1429 2157 quoniam
1461 2084 1769 2154 concupivit
1798 2082 1910 2136 Rex
1957 2095 2082 2151 Spe-

501 2189 641 2241 ciem
693 2194 838 2239 tuam
895 2182 1068 2255 (l’sal.
1115 2179 1283 2251 κων).
1312 2199 1331 2233 ι
1384 2180 1440 2233 ln
1483 2177 1638 2246 bujus
1693 2177 1856 2245 igitur
1889 2172 2085 2243 Sponsi

500 2275 751 2330 cubiculo
791 2275 972 2328 anima
1001 2281 1186 2327 sancta
1226 2271 1294 2324 ab
1321 2269 1467 2324 omni
1513 2267 1786 2323 saecularis
1830 2263 2087 2332 strepitus

504 2369 719 2424 turbine
749 2366 1026 2429 dormitat,
1060 2379 1221 2434 super
1243 2364 1347 2417 hoc
1373 2376 1484 2416 suae
1514 2358 1837 2429 virginitatis
1861 2364 2084 2409 auctore

509 2461 642 2515 casti
676 2459 875 2514 amoris
905 2457 1112 2512 facibus
1153 2455 1461 2509 inardescat
1490 2469 1504 2515 ;
1549 2458 1776 2506 cantans
1806 2448 2086 2509 nimirum,

508 2559 564 2604 et
593 2549 779 2604 dicens
822 2565 836 2600 :
893 2521 1258 2599 (introduxit
1306 2556 1394 2597 me
1441 2539 1553 2594 R‘ex
1604 2538 1655 2592 in
1705 2535 1922 2591 cellaria
1968 2549 2088 2598 sua,

504 2638 917 2700 exsultabimus,
967 2645 1022 2691 et
1072 2634 1374 2691 laetabimur
1429 2632 1482 2685 in
1535 2640 1588 2684 te
1634 2627 1812 2688 (Cant.
1845 2627 1906 2697 1).
1952 2645 1968 2678 ι
2027 2625 2095 2680 Ει

507 2735 702 2786 iterum
741 2747 754 2783 :
792 2748 808 2780 ε
841 2727 1154 2784 Fasciculus
1197 2725 1432 2795 myrrbze
1483 2721 1712 2776 dilectus
1758 2732 1910 2772 meus
1938 2715 2086 2778 milii,

508 2825 652 2878 inter
698 2823 863 2875 ubera
912 2835 1027 2873 mca
1080 2815 1506 2871 commorabitur
1555 2810 1752 2880 (ib7d.).
1799 2827 1817 2858 ι
1869 2807 1922 2860 Si
1966 2819 2094 2858 vero

505 2911 792 2980 cujuslibet
844 2908 1146 2964 occasionis
1201 2903 1461 2960 articulus
1523 2901 1770 2964 accidat,
1833 2907 1890 2951 ut
1938 2910 2091 2966 egre-

507 3005 690 3059 diendi
751 3004 1050 3060 necessitas
1089 3000 1371 3056 imminere
1419 2995 1684 3058 videatur,
1716 3009 1820 3046 non
1864 3006 1986 3045 mox
2033 2989 2099 3045 ad

510 3098 812 3166 vagandum
846 3111 904 3150 se
952 3093 1142 3147 leviter
1179 3096 1430 3162 proruat,
1478 3101 1586 3142 non
1638 3084 1908 3155 colloquio
1961 3098 2095 3137 con-

512 3187 892 3258 sanguinitatis
950 3183 1226 3256 aggliscat,
1279 3196 1384 3234 non
1433 3178 1501 3233 ad
1557 3175 1736 3231 saeculi
1799 3173 2092 3226 vanitatem

513 3283 653 3336 fixus
715 3280 912 3334 mundo
963 3281 1176 3331 animus
1232 3273 1524 3329 incalescat
1553 3311 1568 3336 ,
1627 3270 1722 3325 sed
1774 3279 1986 3323 morose
2030 3279 2093 3318 ac
2123 3246 2166 3304 (ἶ

510 3372 750 3443 graviter
801 3369 942 3424 inter
987 3383 1045 3422 se
1090 3365 1370 3429 deliberet,
1425 3363 1662 3416 dicens:
1710 3379 1728 3412 ι
1784 3356 2092 3425 Exspoliav't

514 3479 601 3518 me
633 3463 810 3516 tunica
837 3475 978 3524 mea,
1010 3455 1280 3527 quomodo
1315 3455 1512 3508 induar
1550 3449 1743 3506 illam?
1769 3448 1894 3502 Lavi
1934 3447 2096 3516 pcdcs

512 3569 686 3619 uicos,
713 3551 979 3623 quomodo
1008 3548 1299 3617 inquinabo
1323 3546 1442 3601 illos
1467 3544 1646 3615 (Cant.
1673 3541 1760 3612 v)?
1792 3559 1808 3590 ›

981 3665 1141 3736 237
1181 3662 1408 3718 CAPUT
1447 3659 1631 3714 xxnt.

519 3765 673 3829 Quod
719 3763 896 3815 divina
943 3758 1213 3826 dispositio
1250 3758 1409 3829 sicut“
1434 3757 1588 3829 bonis
1629 3750 1900 3829 spirituafe
1937 3753 2098 3804 otium

515 3825 559 3889 ,⁷⁷
592 3835 802 3916 tribuit,
851 3831 926 3884 sic
978 3825 1032 3884 et
1072 3845 1258 3900 pravos
1307 3826 1532 3896 diffundi
1573 3826 1626 3879 in
1671 3825 1929 3879 exteriora
1985 3838 2104 3892 per-

592 3917 772 3960 mttttt.

591 4014 649 4068 Si
696 4008 859 4084 igitur
901 4009 1189 4083 singularis
1240 4008 1326 4064 ille
1365 4009 1606 4077 Sponsus
1649 4006 1756 4062 hoc
1782 4003 2106 4060 desiderium

522 4108 719 4164 anima:
745 4116 944 4161 sancta:
969 4107 1143 4161 inesse
1168 4102 1520 4174 perspexerit,
1562 4101 1688 4170 quia
1721 4097 1909 4171 procul
1943 4095 2107 4150 dubio

522 4200 776 4270 princeps
805 4207 887 4252 est
933 4197 1105 4268 pacis,
1156 4194 1381 4250 liberam
1415 4192 1514 4247 sibi
1562 4191 1863 4261 spiritualis
1884 4189 1980 4244 otii
2021 4203 2108 4242 re-

523 4295 705 4365 quiem
765 4295 992 4357 trilmit,
1049 4301 1105 4346 et
1146 4303 1334 4344 omnes
1385 4285 1775 4355 emergentium
1825 4295 2112 4337 causarum

528 4389 722 4440 tinctus
751 4383 960 4454 placida
1007 4383 1156 4438 circa
1204 4381 1347 4434 illam
1400 4378 1782 4448 tranquillitate
1820 4374 2109 4443 componit.

531 4474 666 4526 llinc
697 4483 778 4528 cst
825 4473 968 4527 enim
1017 4471 1160 4539 quod
1203 4471 1255 4522 in
1299 4469 1536 4523 Canticis
1583 4466 1918 4520 canticorum
1945 4461 2112 4514 dicit:

539 4587 558 4616 ε
594 4565 793 4633 Atljuro
828 4580 941 4622 vos,
992 4564 1114 4617 filia:
1144 4561 1463 4623 Jerusalem,
1501 4574 1568 4612 ne
1609 4556 1902 4619 suscitetis,
1940 4567 2114 4621 neque

533 4656 788 4727 cvigilare
845 4653 1054 4707 faciatis
1084 4651 1362 4714 dilectam,
1387 4649 1559 4704 donec
1609 4649 1723 4716 ipsa
1751 4644 1879 4699 velit
1931 4641 2108 4712 (Cant.

536 4751 663 4820 )l).)
719 4747 834 4814 Quo
885 4755 1070 4800 contra
1118 4742 1278 4796 tuenti
1329 4740 1590 4811 reprobzc,
1641 4738 1973 4806 negotiisque
2015 4750 2114 4789 sa:-

539 4840 816 4896 cularibus
865 4835 1111 4898 inliianti,
1167 4835 1264 4887 sub
1308 4830 1594 4903 Babylonis
1637 4828 1815 4899 Specie
1861 4841 1959 4896 per
1993 4840 2116 4896 pro-

543 4930 760 4999 pbetam
789 4928 985 4983 dicitur
1010 4943 1024 4980 :
1059 4944 1076 4977 ι
1106 4923 1400 4988 Descende,
1448 4921 1573 4976 sede
1604 4921 1658 4974 in
1703 4919 1944 4988 pulvere,
1967 4917 2117 4983 virgo

539 5020 651 5073 tilia
676 5018 981 5088 Babylonis,
1037 5016 1163 5072 sede
1198 5015 1248 5068 in
1295 5022 1461 5075 terra,
1510 5027 1614 5066 non
1644 5019 1726 5065 est
1771 5008 1964 5062 solium
1996 5005 2117 5060 filiae

546 5107 915 5161 Chaldaeorum
942 5105 1075 5176 (lsa.
1113 5105 1305 5171 xcvu).
1329 5123 1346 5153 ι
1397 5101 1511 5156 lloc
1539 5101 1682 5154 enim
1724 5099 1842 5153 loco
1885 5098 2121 5150 humana

550 5213 725 5262 mens,
757 5197 926 5265 virgo,
958 5212 1062 5249 non
1119 5195 1453 5261 incorrupta,
1491 5201 1549 5244 ut
1591 5191 1846 5251 arbitror,
1903 5186 2122 5250 dicitur,

549 5291 645 5344 sed
712 5285 1017 5342 infecunda.
1076 5286 1143 5340 Et
1201 5287 1325 5356 quia
1383 5283 1616 5354 Babylon
1666 5280 1904 5349 confusio
1961 5277 2126 5330 inter-

549 5387 811 5451 pretatur,
845 5387 989 5432 recte
1039 5377 1321 5432 infecunda
1367 5389 1519 5430 tuens
1558 5369 1849 5441 Babylonis
1895 5367 2002 5421 filia
2032 5381 2134 5430 vo-,

549 5479 724 5535 catur,
755 5485 874 5539 qua:
907 5469 960 5522 in
988 5483 1052 5523 eo
1087 5469 1228 5537 quod
1267 5478 1607 5534 nequaquam
1636 5462 1773 5515 bona
1817 5473 1978 5528 opera
2005 5471 2126 5527 ger-

553 5562 743 5626 minat,
792 5559 920 5613 dum
968 5557 1113 5612 nullo
1159 5557 1347 5611 ordine
1398 5564 1557 5610 rectae
1592 5555 1713 5609 vita:
1761 5549 2122 5618 componitur,

559 5653 712 5723 quasi
743 5649 1058 5705 confusione
1093 5657 1264 5702 matre
1303 5653 1614 5716 generatur.
1645 5642 1739 5698 Sin
1775 5650 1952 5696 autem
1977 5639 2127 5705 virgo

561 5767 668 5803 non
715 5746 999 5803 infecunda
1052 5743 1268 5806 dicitur,
1321 5741 1412 5798 sed
1462 5741 1792 5808 incorrupta,
1843 5742 2127 5806 postquam

563 5848 758 5895 statum
804 5837 990 5896 salutis
1018 5835 1271 5910 perdidit,
1312 5835 1375 5889 ad
1422 5831 1752 5888 confusionis
1793 5843 1903 5884 sua:
1946 5841 2132 5882 cuntu-

2184 1993 2434 2064 proprias
2465 2000 2771 2062 sequentes,
2797 2005 2898 2045 nec
2921 1992 3035 2045 suis
3057 2005 3282 2060 parcere
3305 1990 3544 2044 moribus
3565 1989 3766 2044 sciunt.

2187 2085 2410 2139 Ferocia
2467 2092 2592 2138 sunt
2648 2091 2862 2137 terrena
2921 2082 3212 2146 desideria,
3263 2096 3384 2150 quae
3435 2095 3540 2134 non
3588 2079 3770 2134 solum

2187 2185 2373 2232 contra
2406 2182 2675 2245 praecepta
2710 2173 3043 2238 Conditoris,
3087 2172 3182 2227 sed
3222 2186 3362 2240 saepe
3387 2171 3548 2226 etiam
3577 2178 3770 2224 contra

2187 2267 2600 2338 percussionum
2657 2265 2883 2319 verbera
2939 2265 3130 2319 duram
3189 2274 3350 2332 atque
3402 2258 3771 2315 insensibilem

2189 2367 2423 2412 mentem
2488 2355 2742 2410 reddunt.
2784 2353 2890 2410 Sed
2940 2353 3048 2407 ﬁlia
3106 2351 3361 2406 feracium
3416 2350 3608 2404 solium
3662 2361 3773 2400 non

2190 2450 2375 2513 habet,
2407 2448 2532 2518 quia
2563 2462 2737 2511 mens,
2760 2461 2879 2516 quae
2909 2446 2975 2500 ad
3004 2460 3244 2499 amorem
3291 2443 3472 2497 mundi
3497 2455 3564 2496 ex
3590 2438 3780 2508 pravis

2191 2539 2479 2594 desideriis
2510 2537 2779 2600 nascitur,
2823 2544 2984 2603 atque
3011 2533 3216 2589 eisdem
3269 2530 3553 2586 desideriis
3601 2526 3778 2581 obdu-

2193 2640 2366 2695 ratur,
2399 2631 2454 2682 in
2487 2643 2552 2682 co
2588 2627 2729 2696 quod
2785 2642 2843 2681 se
2891 2623 3120 2680 terrenis
3149 2619 3600 2690 concupiscentiis
3645 2617 3780 2670 sub-

2192 2721 2338 2791 jicit,
2371 2721 2552 2776 sedem
2586 2718 2774 2786 judicii
2823 2716 3044 2779 amittit,
3082 2714 3320 2782 nullique
3357 2711 3496 2781 apud
3541 2724 3599 2764 se
3638 2707 3780 2762 solio

2193 2815 2464 2884 prrcsidct,
2515 2812 2638 2880 quia
2691 2809 2940 2866 examine
2982 2806 3323 2862 discretionis
3377 2811 3568 2858 caret:
3621 2799 3782 2870 quasi

2199 2920 2228 2959 a
2263 2902 2455 2972 judicii
2491 2901 2570 2955 sui
2599 2899 2840 2954 sessione
2863 2896 3162 2966 repellitur,
3193 2895 3320 2964 quia
3350 2909 3449 2964 per
3494 2890 3782 2946 exterioris

2196 2992 2455 3049 desiderii
2509 2986 3004 3080 copcupisccntiam
3069 2994 3312 3055 vagatur.
3370 2982 3564 3050 Liquet
3607 2979 3780 3042 enim,

2198 3087 2339 3154 quod
2390 3099 2542 3138 mens
2583 3069 2717 3152 qua:
2762 3081 2905 3134 intus
2959 3077 3172 3133 consilii
3224 3074 3405 3130 sedem
3464 3069 3784 3143 perdiderit,

2202 3176 2350 3231 foras
2390 3191 2448 3230 se
2482 3189 2579 3245 per
2613 3171 2886 3227 desideria
2928 3165 3399 3223 innumerabiliter
3434 3161 3677 3233 Spargit;
3725 3168 3787 3214 et

2199 3268 2323 3338 quia
2356 3281 2515 3337 agere
2549 3264 2819 3319 intellecta
2869 3257 3222 3327 dissimulant
3245 3265 3483 3313 cmeatur
3518 3254 3682 3308 etiam
3723 3261 3788 3305 ut

2198 3360 2402 3416 nesciat
2434 3357 2562 3427 quid
2603 3363 2766 3426 agat:
2805 3364 2859 3409 ct
2894 3369 3034 3424 srcpe
3058 3352 3206 3420 justo
3246 3351 3337 3406 Dei
3363 3347 3570 3418 judicio
3602 3347 3654 3399 in
3685 3360 3784 3400 sua

2197 3453 2474 3507 voluntate
2519 3447 2874 3518 relinquitur,
2911 3455 2967 3500 et
2997 3444 3099 3499 sub
3144 3458 3206 3497 ea
3241 3457 3360 3512 quae
3390 3440 3550 3495 anxie
3576 3437 3788 3507 appetit

2199 3549 2466 3604 laboriosa
2503 3546 2688 3601 mundi
2714 3542 3019 3599 ministeria
3049 3540 3343 3611 relaxatur.
3378 3535 3530 3592 Unde
3556 3543 3612 3588 et
3651 3541 3785 3600 apte

2201 3642 2310 3696 illic
2337 3639 2619 3696 subditur:
2663 3654 2682 3688 ι
2729 3634 2868 3702 Quia
2906 3632 3046 3687 ultra
3092 3646 3198 3684 non
3250 3626 3535 3682 vocaberis
3581 3622 3787 3681 mollis.

2201 3743 2252 3786 et
2272 3741 2488 3784 tenera:
2511 3727 2637 3781 tolle
2660 3720 3101 3786 molam,etmole
3123 3718 3350 3772 farinam
3369 3714 3592 3786 (ibid.).i
3620 3711 3792 3781 268

2203 3821 2427 3877 Constat
2451 3819 2733 3881 nimirum,
2771 3815 2916 3884 quod
2960 3821 3158 3867 tenerae
3197 3823 3308 3863 suae
3361 3807 3484 3861 lilia:
3530 3811 3792 3874 parentes

2203 3923 2464 3986 parcunt,
2507 3925 2609 3966 nec
2646 3909 2796 3964 duris
2837 3917 3000 3976 atque
3037 3904 3322 3960 servilibus
3363 3901 3502 3955 banc
3535 3894 3793 3968 operibus

2207 4007 2464 4076 afﬂigunt.

2279 4097 2637 4166 Omnipotens
2682 4107 2813 4161 ergo
2850 4090 2992 4144 Deus
3038 4086 3189 4157 quasi
3218 4095 3455 4141 teneram
3509 4079 3670 4134 tiliam
3698 4091 3794 4131 vo-

2210 4196 2318 4246 cat,
2361 4183 2576 4254 quando
2599 4180 2848 4236 dilectam
2894 4177 3314 4246 uniuscujusque
3359 4171 3594 4226 animam
3638 4183 3670 4220 a
3706 4166 3794 4220 la-

2213 4276 2448 4332 boriosis
2479 4273 2638 4342 hujus
2675 4271 2856 4325 mundi
2889 4268 3125 4324 servitiis
3165 4272 3402 4327 revocat,
3444 4260 3660 4316 nedum
3691 4273 3792 4312 ex-

2214 4367 2507 4422 terioribus
2559 4365 2765 4418 actibus
2811 4360 3074 4423 afﬁcitur,
3125 4357 3192 4412 ab
3237 4354 3464 4410 internis
3514 4348 3797 4405 desideriis

2216 4457 2517 4511 ituluretnr.
2575 4452 2679 4505 Sed
2731 4448 3107 4504 Chaldaeorum
3156 4444 3263 4498 filia
3299 4441 3492 4504 mollis,
3525 4449 3580 4494 et
3608 4445 3796 4491 tenera

2220 4565 2325 4604 non
2357 4552 2600 4605 vocatur,
2631 4541 2756 4611 quia
2789 4556 2940 4595 mens
2987 4537 3170 4609 pravis
3211 4533 3494 4590 desideriis
3535 4527 3711 4584 dedita
3740 4527 3797 4579 in

2218 4655 2304 4702 co,
2337 4653 2496 4707 quem
2527 4637 2686 4689 anxie
2733 4632 2957 4703 appetit,
3003 4627 3161 4697 hujus
3207 4625 3386 4682 surculi
3421 4622 3601 4676 labore
3627 4616 3797 4673 relin-

2223 4731 2444 4803 quitur:
2487 4736 2544 4781 ut
2594 4725 2728 4780 foris
2776 4722 2977 4776 mundo
3010 4720 3155 4775 velut
3194 4714 3388 4770 ancilla
3420 4711 3641 4771 serviat,
3677 4721 3800 4776 qua:

2225 4797 2370 4876 intus
2432 4820 2605 4873 Deum
2668 4824 2725 4870 ut
2773 4814 2880 4868 ﬁlia
2941 4823 3277 4879 nequaquam
3327 4811 3494 4858 amat.
3545 4797 3694 4862 Unde
3745 4807 3802 4851 et

2225 4914 2421 4968 nzolam
2456 4911 2664 4972 tollere,
2694 4921 2758 4960 ac
2807 4902 3034 4958 farinam
3080 4897 3278 4952 molere
3303 4893 3538 4964 jubetur.
3578 4887 3715 4942 Mola
3747 4886 3802 4940 in

2227 5017 2360 5073 gyro
2392 5000 2627 5062 ducitur,
2649 5005 2706 5050 et
2743 4994 2918 5048 farina
2964 4988 3256 5060 profertur.
3309 4983 3662 5051 Unaqurcque
3696 4992 3802 5073 au-

2229 5103 2333 5147 tem
2370 5090 2552 5145 mundi
2591 5086 2749 5154 lmjus
2776 5083 2919 5140 actio
2965 5079 3105 5136 mola
3154 5086 3258 5140 est,
3307 5086 3427 5143 quae
3453 5070 3577 5124 dum
3604 5063 3806 5120 multas

2227 5199 2388 5238 curas
2428 5180 2692 5251 congerit,
2723 5179 2986 5233 humanas
3029 5176 3241 5225 mentes
3278 5163 3433 5236 quasi
3475 5175 3573 5231 per
3611 5171 3806 5230 gyrum

2227 5275 2390 5330 vertit
2435 5290 2450 5339 ;
2491 5245 2654 5340 atque
2714 5284 2782 5323 ex
2833 5282 2892 5321 se
2927 5261 3082 5334 quasi
3142 5257 3346 5312 farinas
3389 5250 3619 5340 projicit,
3679 5245 3810 5314 quia

2229 5337 2452 5420 seducto
2518 5337 2669 5418 cordi
2741 5371 2958 5428 semper
3015 5347 3407 5407 minutissimas
3455 5337 3811 5410 cogitationes

2230 5455 2420 5527 gignit.
2453 5427 3008 5518 Nommnquamvcro
3033 5441 3125 5510 qui
3178 5437 3389 5507 quietus
3433 5427 3660 5496 alicujus
3688 5435 3814 5527 esse

2231 5513 2407 5600 inet-ili
2457 5513 2803 5603 credebat-ur,
2845 5533 3056 5606 positus
3089 5532 3142 5584 in
3190 5527 3433 5596 qualibet
3460 5521 3672 5575 actione
3718 5513 3815 5569 de-

2232 5638 2483 5690 nudatur.
2523 5632 2670 5687 Ut‘tdc
2707 5629 2814 5682 illic
2839 5625 3086 5696 protinus
3120 5617 3496 5676 subinfertur:
3535 5629 3552 5659 ι
3591 5606 3813 5663 ῡωιυέει

2233 5729 2618 5800 turpitudinem
2645 5733 2810 5783 tuam,
2837 5714 3137 5787 discoopcri
3156 5713 3460 5769 humerum,
3487 5700 3662 5756 revela
3687 5713 3817 5753 cru-

2236 5789 2514 5889 ra,'transi
2541 5815 2756 5870 ﬂumina
2776 5809 2972 5884 (ibid.).
2998 5826 3014 5860 ›
3043 5806 3099 5860 1η
3123 5795 3592 5860 administratione
3615 5789 3818 5860 quippe
