4106 6320
335 355 440 410 277

1279 356 1522 416 ΟΡΕΞΕ.
1562 357 1672 414 ΧΠ.
1699 391 1768 401 —-
1791 360 1876 416 DE
1913 359 2331 420 CONTEMPTU
2372 361 2661 422 SA‘ZCULI.

3487 362 3601 420 2ῒᾶ

335 475 519 544 operis
551 473 823 544 turpitudo
867 473 1190 538 denudatur,
1236 476 1362 530 dum
1421 477 1539 533 vilis
1569 492 1741 542 mens,
1771 477 1919 546 ahje-
1947 485 1993 539 Α
2021 478 2205 533 oculos
2234 492 2328 547 per
2355 478 2606 532 diuturna
2635 475 2931 547 vagationis
2960 476 3130 546 spatia
3167 475 3234 531 ab
3268 478 3415 532 omni
3455 495 3610 534 mun-

336 576 535 638 ctaque
581 567 635 620 in
688 566 920 622 actionis
961 566 1323 622 ostentatione
1370 568 1711 637 cognoscitur
1747 583 1760 631 ;
1801 581 1922 635 quae

339 661 519 729 quieta
579 660 728 730 prius
794 674 985 731 magna
1041 662 1351 732 putabatur.
1415 662 1710 718 linmcrnm
1770 677 1924 716 mens

341 751 694 819 discooperit,
749 750 967 820 quando
1019 765 1156 820 Opus
1206 765 1384 816 suum,
1441 750 1585 820 quod
1633 750 1921 820 ignoraba-

340 852 448 906 tur,
496 841 754 897 ostendit.
803 841 974 896 Crura
1032 842 1254 905 revelat,
1315 843 1440 912 quia
1486 844 1683 912 quibus
1711 843 1924 898 deside-

341 937 551 991 riorum
606 935 950 1006 passionibus
997 935 1164 991 lucris
1211 937 1398 991 mundi
1451 937 1644 1002 inhiet,
1695 937 1925 992 manife-

339 1035 465 1080 stat.
503 1025 754 1081 Flumina
811 1026 976 1080 etiam
1030 1026 1247 1089 transit,
1301 1026 1432 1094 quia
1485 1027 1726 1081 actiones
1767 1027 1926 1096 hujus

341 1116 559 1182 saeculi,
607 1131 726 1186 qua:
773 1117 1013 1186 quotidie
1061 1117 1128 1171 ad
1186 1117 1472 1172 terminum
1529 1116 1792 1179 deﬂuunt.
1843 1118 1928 1173 in-

338 1192 652 1263 desinenter
706 1208 908 1278 appetit
963 1225 980 1273 ;
1041 1209 1276 1277 dumque
1331 1208 1435 1264 alia
1497 1208 1774 1280 relinquit,
1819 1210 1924 1264 alia

341 1299 612 1368 sequitur,
642 1299 796 1368 quasi
844 1313 1062 1370 semper
1105 1299 1169 1355 de
1219 1298 1438 1356 ﬂumine
1484 1301 1550 1354 ad
1581 1300 1778 1357 tlumen
1811 1313 1927 1358 ten-

338 1388 434 1441 dit.

413 1477 538 1533 llzec
563 1487 744 1535 autem
769 1479 1026 1542 diximus,
1059 1487 1122 1535 ut
1169 1496 1322 1537 mens
1350 1497 1380 1537 a
1412 1481 1547 1538 solio
1590 1493 1793 1540 sancta:
1839 1485 1924 1540 in-

338 1570 600 1623 tentiouis
657 1585 906 1635 excussa,
969 1579 1024 1625 et
1084 1572 1384 1640 vagationis
1437 1574 1568 1630 vitio
1616 1575 1817 1640 dedita,
1868 1575 1923 1629 in

338 1673 448 1726 quo
490 1657 691 1726 jaceat,
749 1669 1175 1716 monstraremus
1225 1679 1239 1728 ;
1294 1665 1420 1732 quia
1477 1665 1520 1718 si
1569 1667 1634 1719 ad
1685 1681 1747 1720 ca
1805 1681 1927 1735 quae

339 1765 573 1818 superna
605 1760 753 1816 sunt,
803 1752 1012 1807 inhiare
1057 1756 1378 1820 cessaverit,
1431 1757 1530 1811 sub
1577 1759 1920 1828 semetipsum

2023 568 2178 622 danre
2224 567 2454 621 actionis
2504 564 2620 619 labe
2667 581 2936 636 purgare;
2992 579 3058 620 ne
3102 565 3234 621 dum
3279 568 3346 620 ad
3399 583 3610 624 summa

2025 658 2344 726 speculanda
2397 656 2581 712 oculos
2633 657 2809 711 elevat
2833 697 2858 717 ,.
2906 667 3136 711 terrena:
3186 658 3610 712 conversationis

2025 751 2199 819 pulvis
2247 750 2510 812 obsistat,
2572 757 2632 804 et
2679 749 2850 818 magis
2894 749 3144 804 tenebras
3194 765 3328 817 quas
3381 749 3612 820 relique-

2027 849 2142 904 rat,
2182 840 2398 906 videat,
2451 854 2610 909 quam
2656 839 2834 893 lumen
2876 839 2941 892 ad
2985 839 3126 908 quod
3165 840 3383 905 nititur,
3421 855 3613 910 appre-

2028 931 2247 987 hendat.

2585 1021 2812 1078 CAPUT
2875 1020 3040 1076 XXV.

2099 1114 2252 1180 Quod
2288 1114 2470 1169 cellam
2503 1114 2821 1168 consuetudo
2849 1112 3084 1179 dulcem,
3121 1115 3324 1183 vagatio
3363 1116 3544 1170 reddat

2658 1183 2981 1237 horribilem.

2097 1297 2214 1354 Huc
2248 1297 2475 1363 accedit,
2503 1296 2647 1368 quod
2683 1296 2749 1351 iis
2780 1295 2872 1365 qui
2898 1295 3062 1350 vitam
3093 1312 3246 1352 suam
3279 1299 3386 1354 sub.
3406 1299 3507 1354 hac
3534 1298 3618 1355 ins-

2023 1388 2331 1445 constantia
2362 1385 2681 1442 mutationis
2718 1384 2985 1440 alternant
3007 1425 3020 1451 ,
3048 1400 3113 1440 eo
3142 1385 3202 1440 ﬁt
3228 1385 3338 1441 vita
3365 1387 3620 1442 remotio»

2025 1481 2113 1535 nis
2142 1479 2440 1543 austerior,
2469 1493 2576 1548 quo
2615 1476 2798 1532 inolita
2838 1476 3065 1548 vagandi
3107 1478 3497 1534 consuetudine
3535 1493 3621 1535 re-

2031 1571 2348 1634 trahuntur;
2377 1569 2451 1622 ita
2483 1577 2536 1621 ut
2564 1567 2841 1620 eremitica
2867 1566 3137 1621 dictrictio
3162 1567 3497 1636 gravissimae
3519 1566 3621 1622 dif-

2029 1660 2276 1723 ficultati,
2301 1659 2436 1715 cella
2465 1659 2574 1728 ipsa
2611 1657 2716 1712 illis
2743 1657 2990 1710 videatur
3015 1657 3249 1711 horrori.
3274 1657 3621 1713 Consuetudo

2029 1755 2173 1806 enim
2212 1750 2340 1805 facit
2369 1749 2638 1803 monacho
2664 1746 2913 1802 cellulam
2941 1745 3152 1801 dulcem
3171 1787 3185 1810 ,
3211 1747 3424 1817 vagatio
3454 1747 3620 1804 videri

339 1839 508 1891 etiam
562 1838 934 1895 indesinenter
1001 1843 1128 1897 ruit.
1191 1844 1246 1897 In
1301 1845 1410 1898 alto
1461 1854 1640 1900 autem
1697 1848 1878 1917 [igitur
1903 1889 1917 1914 ,
1951 1831 1996 1890 Β
2028 1844 2155 1898 facit
2184 1842 2520 1898 horribilem.
2550 1840 2882 1912 Vagantihus
2905 1839 3095 1896 cellula
3124 1855 3313 1895 carcer
3337 1850 3420 1894 est
3442 1881 3456 1904 ,
3492 1853 3620 1910 per-

338 1930 382 1982 εἰ
444 1944 684 1984 amorem
736 1933 1113 2002 temporalium
1177 1935 1479 2003 deserens,
1528 1939 1594 1992 ad
1642 1954 1793 2010 spem
1845 1941 1927 1996 in-

337 2021 741 2076 commutabilis
818 2024 1142 2080 aeternitatis
1213 2025 1430 2096 ligatur.
1509 2027 1621 2086 Nec
1692 2044 1792 2086 nos
1842 2031 1928 2087 his

343 2113 530 2168 verbis
585 2113 714 2169 illud
781 2117 1124 2182 astruimus,
1178 2126 1238 2173 ut
1300 2120 1597 2176 monachus
1653 2122 1928 2191 pervicaci

343 2203 628 2273 prOposito
677 2203 729 2257 in
789 2219 884 2258 sua
934 2203 1146 2274 jugiter
1204 2209 1505 2264 remotione
1567 2222 1926 2280 permaneat,

337 2309 441 2348 nec
495 2293 783 2362 aliquando
832 2296 1125 2364 progredi,
1178 2298 1268 2352 ubi
1330 2299 1559 2356 violenta
1619 2305 1929 2372 poposcerit

338 2385 655 2445 necessitas.
708 2388 1061 2456 acquiescat;
1098 2389 1191 2444 sed
1237 2390 1341 2445 hoc
1385 2391 1564 2460 pelius
1611 2393 1924 2459 suademus,

339 2486 613 2545 quatenus
647 2477 699 2531 id
750 2486 901 2533 tanto
955 2481 1194 2550 parcius,
1243 2489 1504 2551 tantoque
1557 2483 1738 2538 rarius
1782 2491 1926 2552 agat,

337 2577 545 2634 quanto
607 2567 730 2633 scit,
783 2568 908 2637 quia
961 2569 1204 2637 vagando
1265 2585 1361 2639 per
1407 2570 1698 2634 stecuhnn,
1752 2587 1930 2641 neque

336 2657 695 2728 spiritualiter
763 2659 946 2715 vivere
980 2699 996 2724 ,
1052 2676 1226 2728 neque
1289 2662 1357 2715 ad
1419 2661 1767 2730 perfectionis
1817 2663 1931 2718 cul-

346 2765 473 2804 men
532 2749 731 2817 valeat,
777 2751 942 2805 etiam
999 2751 1043 2806 si
1099 2752 1383 2825 diligenter
1433 2755 1688 2827 invigilet,
1747 2771 1933 2828 perve-

338 2856 480 2900 mre.

913 2934 1142 2992 CAPUT
1182 2936 1369 2994 XXIV.

523 3025 603 3080 De
633 3025 882 3091 eremilia,
916 3027 1008 3092 qui
1034 3029 1089 3082 in
1126 3031 1398 3098 vagatione
1427 3042 1549 3103 aug
1581 3033 1754 3101 νοείιὶ.

417 3117 521 3174 Sed
566 3119 709 3173 inter
741 3119 924 3172 omnia
973 3118 1252 3174 hominum
1298 3135 1326 3174 a
1373 3137 1471 3177 suo
1507 3123 1782 3194 proposito
1831 3123 1927 3177 de-

2027 1933 2372 1989 manentibus
2424 1946 2590 1988 suave
2643 1930 2992 1996 cubiculum;
3043 1930 3317 1985 silentium
3372 1944 3625 1999 perseve-

2027 2036 2238 2080 rantem
2279 2024 2606 2079 monachum
2649 2022 2863 2092 vigilem
2909 2022 3118 2087 reddit,
3165 2021 3505 2075 extrinsecus
3535 2035 3626 2076 ve-

2027 2121 2264 2175 nientem
2304 2134 2469 2190 sopor
2510 2117 2808 2188 deprimit,
2852 2126 3127 2174 assuetum
3168 2116 3389 2188 jejuniis
3429 2129 3628 2187 corpus

2027 2211 2294 2267 sobrietas
2321 2212 2559 2277 roborat,
2593 2208 2923 2264 aﬂluentium
2953 2209 3232 2280 epularum
3265 2207 3442 2263 fluxus
3469 2221 3624 2262 ener-

2028 2311 2138 2356 vat.
2167 2301 2357 2372 Vigilia
2384 2301 2659 2355 moderata
2687 2301 2858 2355 aciem
2889 2299 3137 2355 humanae
3163 2299 3360 2353 mentis
3385 2297 3623 2360 exacuit,

2027 2392 2322 2463 geminatio
2377 2391 2589 2461 repetiti
2645 2390 2856 2460 soporis
2914 2390 3182 2444 obtundit.
3243 2388 3626 2444 Confabulatio

2030 2482 2218 2537 crebra
2251 2483 2302 2536 in
2335 2491 2516 2536 mente
2545 2481 2794 2537 monachi
2827 2481 3062 2536 esuriem
3093 2481 3266 2551 parit,
3301 2490 3509 2536 secreta
3540 2494 3628 2536 re-

2030 2575 2199 2628 motio
2228 2573 2463 2627 animam
2513 2574 2566 2627 in
2605 2583 2834 2628 assueta:
2867 2572 3211 2626 continentizc
3240 2572 3414 2642 rigore
3444 2579 3629 2626 custo-

2031 2662 2128 2718 dit.
2159 2661 2510 2717 Sarcularium
2542 2662 2880 2733 negotiorum
2913 2660 3104 2716 relatio
3141 2661 3378 2715 animam
3421 2660 3627 2730 passio-

2031 2753 2191 2808 nibus
2221 2752 2472 2808 desiderii
2503 2751 2632 2807 facit
2657 2753 2945 2807 obnoxiam
2966 2791 2981 2814 ,
3008 2753 3148 2807 sacri
3182 2749 3380 2822 eloquii
3405 2751 3624 2805 assidua

2034 2843 2312 2898 meditatio
2343 2843 2543 2897 mundo
2575 2842 2751 2898 reddit
2776 2842 3125 2897 exstinctam.
3172 2841 3471 2910 Paupertas
3512 2855 3627 2894 mo-

2035 2940 2195 2994 nachi
2221 2939 2487 2995 securitas
2514 2947 2598 2994 est
2625 2937 2839 3004 mentis,
2868 2936 3132 2994 securitas
3163 2944 3340 2992 mater
3367 2944 3450 2989 est
3479 2933 3628 3002 puri-

2035 3032 2182 3086 tatis.
2218 3031 2452 3086 Econtra
2492 3044 2672 3084 rerum
2705 3027 3030 3084 abundantia
3059 3026 3274 3080 aculeos
3313 3025 3456 3096 parit
3481 3023 3631 3078 solli-

2033 3125 2308 3191 citudinis,
2333 3124 2636 3180 sollicitudo
2660 3125 2814 3180 radix
2837 3133 2918 3179 est
2937 3122 3243 3178 anxietatis.
3268 3120 3439 3176 Pedes
3470 3119 3628 3185 illoti,

341 3211 611 3264 viantium
660 3225 884 3280 genera,
942 3209 1071 3265 illud
1104 3226 1208 3266 non
1257 3213 1603 3268 mediocriter
1659 3211 1926 3283 displicet,
1957 3197 2001 3257 (ἶ
2035 3239 2227 3279 manus
2270 3223 2567 3296 neglectze,
2605 3221 2808 3278 inculta
2851 3220 3104 3276 cmsaries
3128 3259 3141 3282 ,
3190 3217 3344 3288 quasi
3380 3215 3626 3286 qmedam

341 3302 492 3371 quod
523 3303 688 3358 etiam
731 3302 862 3374 ipsis
910 3303 1269 3358 sanctissimis
1307 3305 1551 3360 eremitis
1586 3305 1803 3375 quidam
1852 3307 1933 3360 vi-

342 3397 542 3450 dentur
566 3395 799 3461 admisti,
828 3411 963 3467 quos
994 3397 1132 3452 idem
1157 3397 1427 3467 pestiferae
1458 3399 1766 3469 vagatiouis
1786 3415 1932 3455 mor-

344 3486 451 3541 bus
487 3487 770 3555 exagitat:
804 3496 860 3542 et
910 3486 977 3555 (si
1034 3486 1217 3541 dicere
1257 3485 1438 3557 liceat)
1489 3489 1638 3558 quasi
1683 3488 1933 3545 Vertum-

345 3593 470 3639 nus,
497 3576 768 3647 quoddam
825 3577 1035 3632 scilicet
1077 3577 1470 3633 damoniorum
1525 3595 1712 3650 genus,
1745 3589 1930 3636 vexat.

354 3667 636 3723 Vertumni
669 3667 931 3737 siquidem
982 3669 1124 3737 apud
1173 3668 1428 3738 antiquos
1471 3670 1794 3726 dicebantur
1821 3674 1932 3727 dae-

349 3775 562 3825 mones,
584 3773 816 3828 quorum
843 3759 1099 3813 instinctu
1127 3759 1376 3816 homines
1403 3760 1455 3815 in
1485 3761 1752 3833 vertigine
1772 3763 1934 3833 ι)οείιί

348 3852 716 3906 reddebantur
745 3850 1042 3906 instabiles.
1077 3849 1284 3918 Quibus
1314 3851 1567 3907 nimirum
1597 3855 1670 3908 illi
1705 3871 1812 3910 non
1835 3856 1940 3910 im-

349 3943 549 3996 merito
563 3941 813 3996 videntur
833 3939 1076 4006 obnoxii,
1089 3939 1180 4010 qui
1203 3939 1319 3995 solo
1337 3941 1787 4014 quadragesimali
1807 3953 1939 4001 tem-

347 4044 482 4101 pore
508 4029 672 4102 269
706 4029 758 4082 in
788 4028 995 4084 cellulis
1021 4038 1414 4085 commorantes
1437 4071 1454 4098 ,
1491 4040 1604 4088 toto
1635 4048 1771 4104 pene
1811 4035 1939 4091 anni

348 4121 554 4177 circulo
577 4122 682 4176 huc
714 4119 948 4190 illucque
988 4119 1326 4185 discurrunt,
1360 4129 1418 4176 et
1454 4123 1536 4180 sic
1575 4125 1741 4180 vitam
1787 4141 1940 4183 suam

350 4214 586 4270 inaniter
621 4212 900 4284 spatiando
944 4223 1306 4271 consumunt...
1333 4213 1436 4282 Qui
1484 4217 1740 4276 nimirum
1783 4221 1939 4275 dum-

350 4304 513 4359 modo
559 4313 931 4360 summotenus
975 4302 1268 4358 remotiora
1318 4312 1630 4373 sectantes,
1681 4309 1840 4364 modo
1889 4309 1942 4364 in

348 4391 625 4464 publicum
649 4393 897 4449 crebrius
921 4391 1269 4462 prodeuntes,
1287 4393 1338 4448 in
1361 4405 1649 4468 utramque
1672 4412 1730 4454 se
1753 4398 1940 4464 vitam,

350 4484 828 4555 contemplativam
849 4485 1052 4542 scilicet
1072 4497 1129 4544 et
1159 4490 1411 4556 activam,
1436 4488 1736 4558 gloriantur
1755 4497 1944 4544 exten-

351 4583 510 4646 dere,
542 4581 596 4636 in
624 4591 870 4637 neutram
899 4583 1114 4654 plenum
1155 4585 1346 4641 salutis
1377 4583 1609 4640 fructum
1648 4583 1945 4653 probantur

350 4670 545 4727 afferre
573 4689 602 4728 :_
626 4686 856 4742 cumque
883 4672 983 4727 sibi
1010 4673 1482 4744 applaudantqeum
1508 4671 1676 4728 Jacob
1713 4673 1941 4728 duarum

350 4763 658 4834 coniugium
689 4761 909 4833 speciali
941 4764 1172 4832 quadam
1198 4763 1388 4834 copula
1420 4762 1672 4818 foederari
1698 4804 1712 4829 ,
1745 4764 1940 4834 depre-

349 4852 609 4910 henditur
632 4852 736 4907 illis
760 4854 992 4923 propria:
1018 4854 1286 4924 opinionis
1317 4853 1582 4910 sententia
1624 4853 1676 4908 in
1725 4863 1942 4908 contra-

351 4943 493 4996 rium
522 4941 696 4998 verti.
723 4941 928 5009 Quibus
965 4943 1220 4999 nimirum
1261 4955 1449 5000 contra
1495 4945 1938 5000 consuetudinem

351 5043 408 5088 et
437 5033 643 5088 Rachel
685 5033 864 5103 lippa,
906 5041 962 5090 et
1001 5033 1095 5090 Lia
1138 5037 1379 5091 redditur
1408 5035 1732 5101 infecunda;
1771 5037 1942 5092 altera

351 5125 621 5195 siquidem
652 5126 996 5182 hebetatione
1021 5127 1169 5184 visus
1194 5129 1538 5196 obtunditur,
1580 5130 1749 5184 altera
1780 5129 1941 5184 steri-

353 5216 524 5272 litatis
558 5217 1034 5274 animadversione
1071 5218 1310 5287 feritur;
1332 5221 1458 5292 quia
1488 5221 1735 5276 videlicet
1760 5221 1946 5288 hujus-

351 5306 499 5362 modi
530 5306 800 5372 homines,
827 5314 881 5362 ct
911 5322 1008 5378 per
1031 5309 1302 5377 publicum
1333 5311 1719 5372 discurrentes,
1757 5317 1943 5379 utputa

349 5394 588 5448 sinistrae
613 5394 880 5464 opinionis
908 5397 1046 5466 apud
1085 5398 1339 5467 populum
1382 5399 1570 5462 habiti,
1606 5413 1943 5469 nequaquam

349 5492 584 5555 possunt
628 5485 936 5555 spirituales
983 5487 1090 5541 Deo
1123 5486 1259 5543 filios
1290 5488 1532 5558 gignere,
1554 5498 1613 5542 et
1639 5489 1784 5543 velut
1811 5488 1947 5542 ebrii

350 5576 419 5628 de
458 5575 658 5630 sarculo
709 5576 1018 5642 redeuntes,
1069 5577 1256 5633 intima
1314 5587 1587 5648 nequeunt
1637 5589 1945 5650 penetrare.

351 5663 615 5734 Quisquis
637 5665 781 5720 enim
813 5667 1080 5724 desiderat
1115 5669 1179 5724 ad
1213 5668 1340 5723 illud
1373 5669 1947 5726 iuaccessibile'lumen

352 5756 472 5812 acie
497 5755 698 5812 mentis
723 5757 1006 5830 attingere,
1038 5758 1402 5817 necessarium
1429 5760 1529 5816 sibi
1556 5769 1638 5816 est
1666 5761 1948 5819 interiores

2031 3315 2268 3370 anchora
2309 3322 2394 3370 est
2435 3313 2688 3370 monachi
2730 3313 2784 3368 in
2827 3311 2961 3367 cella
2998 3309 3199 3381 jugiler
3235 3310 3625 3378 permanendi;

2032 3421 2062 3460 e
2097 3406 2310 3461 diverso
2350 3414 2604 3461 accurata
2645 3403 2861 3461 delicati
2904 3402 3148 3468 corporis
3191 3400 3512 3470 compositio
3547 3403 3630 3462 tou-

2033 3510 2150 3552 mes
2175 3505 2281 3560 est,
2309 3504 2365 3550 et
2389 3494 2605 3551 occasio
2633 3495 2684 3548 in
2713 3492 2988 3564 publicum
3019 3490 3342 3564 prodeundi.

2106 3587 2370 3657 Quisquis.
2403 3603 2533 3658 ergo
2556 3585 2706 3653 vult,
2752 3594 2811 3640 ut
2853 3584 2956 3640 sibi
2986 3583 3266 3640 eremitica
3299 3581 3634 3636 vita.dulco-

2036 3685 2176 3741 seat,
2204 3675 2449 3749 profecto
2491 3689 2710 3730 necesse
2751 3681 2856 3738 est,
2887 3682 2948 3729 ut
2977 3673 3029 3728 in
3057 3686 3120 3728 ea
3149 3672 3429 3728 constanti
3448 3671 3632 3731 animo

2031 3769 2234 3841 jugiter
2256 3782 2608 3838 perseverare
2641 3765 2966 3831 contendat;
3011 3779 3111 3821 nec
3132 3765 3366 3820 alteruet
3394 3763 3628 3824 vicibus,

2038 3861 2084 3916 si
2131 3873 2300 3915 suave
2341 3859 2532 3930 jugum
2582 3857 2794 3914 Domini
2833 3857 2946 3912 vult
2984 3865 3203 3928 portare
3243 3856 3477 3926 quietus.
3510 3853 3633 3909 Vita

2039 3967 2276 4023 namque
2317 3952 2596 4008 eremitica
2639 3951 2953 4008 continuata
3003 3950 3220 4019 quidem
3273 3957 3356 4003 est
3405 3947 3634 4018 refrige-

2040 4045 2181 4101 rium
2207 4086 2221 4110 ,
2265 4045 2571 4100 intermissa
2611 4045 2882 4114 quoddam
2927 4042 3092 4113 27o
3132 4041 3345 4096 videtur
3371 4055 3491 4096 esse
3523 4049 3634 4095 tor-

2040 4144 2304 4192 mentum.
2361 4135 2682 4192 Remotione
2727 4150 2944 4206 quoque
2992 4134 3248 4190 continua
3302 4132 3636 4192 illuminatur.

2044 4227 2245 4292 anima,
2273 4227 2404 4282 vitia
2449 4227 2794 4298 deteguntur,
2841 4234 2894 4280 et
2941 4223 3201 4293 quidquid
3247 4222 3519 4276 hominem
3566 4221 3635 4275 de

2044 4317 2335 4386 semetipso
2363 4316 2616 4380 latuerat,
2653 4314 2910 4384 aperitur.
2947 4313 3084 4368 Cum
3129 4327 3268 4380 aqua
3305 4312 3371 4367 de
3400 4312 3633 4376 vivario,

2047 4407 2273 4462 remotis
2306 4421 2427 4476 quae
2475 4405 2903 4476 opponebantur,
2934 4402 3190 4474 egeritur,
3223 4402 3484 4474 piscesin
3530 4401 3636 4458 sie-

2046 4511 2168 4552 cum
2201 4503 2564 4560 remanentes,
2596 4495 2860 4550 humanos
2887 4493 3167 4564 patiuntur
3194 4501 3446 4564 aspectus
3475 4511 3488 4546 :
3521 4501 3574 4547 et
3605 4507 3638 4546 a

2046 4585 2202 4641 nobis
2224 4600 2347 4639 cum
2375 4591 2602 4640 terrenae
2627 4583 2857 4638 actionis
2883 4581 3076 4638 ﬂuctus
3099 4583 3343 4639 elabitur.
3377 4582 3636 4654 quidquid

2046 4679 2102 4734 in
2157 4676 2426 4749 profundo
2478 4675 2835 4746 procellarum
2893 4676 3284 4748 emergentium
3343 4675 3637 4730 subnatare

2045 4775 2436 4832 consueverat,
2481 4767 2802 4824 denudatur.
2849 4765 3083 4824 Venator
3129 4782 3342 4838 quoque
3387 4765 3636 4833 oppilatis

2046 4857 2398 4922 anfractibus,
2424 4856 2605 4912 densis
2631 4856 2980 4926 circumsepit
3012 4856 3243 4910 saltuum
3277 4854 3446 4906 lustra
3477 4852 3636 4906 fruti-

2045 4948 2220 5010 cibus,
2264 4961 2536 5016 unumque
2581 4962 2680 5016 pro
2719 4945 3140 5016 multis_aditum
3186 4943 3315 4997 feris
3353 4940 3638 5013 fugacibus

2048 5057 2113 5094 ex
2145 5049 2260 5093 arte
2299 5012 2597 5108 relinquit,
2629 5047 2791 5106 atque
2837 5012 2944 5090 illic
2981 5051 3039 5089 se
3071 5035 3282 5088 vibrata
3319 5012 3639 5103 stringendo

2049 5131 2314 5186 venabula
2344 5131 2395 5185 in
2426 5129 2638 5185 insidiis
2665 5128 2845 5198 ponit;
2886 5127 3071 5196 sicque
3115 5125 3492 5194 compendium
3533 5125 3636 5180 sibi

2051 5223 2331 5278 laboriosa:
2358 5219 2663 5276 venationis
2699 5217 2980 5282 attribuit,
3007 5218 3131 5271 dum
3163 5217 3461 5286 pernicium
3495 5216 3638 5270 fera-

2053 5329 2172 5368 rum
2201 5312 2447 5382 vestigia,
2481 5327 2602 5380 qua:
2642 5308 2888 5378 persequi
2930 5323 3027 5377 per
3056 5307 3264 5362 infinita
3296 5307 3632 5378 nequiverat,

2053 5404 2106 5458 in
2151 5401 2478 5473 egressionis
2522 5399 2638 5455 solo
2676 5397 2939 5454 vestibulo
2969 5398 3246 5466 negotioso
3281 5399 3391 5452 otio
3422 5397 3635 5466 quietus

2050 5501 2351 5565 exspectat.
2381 5491 2448 5546 Et
2475 5506 2573 5546 nos
2597 5505 2719 5544 cum
2746 5489 2892 5544 vitiis
2921 5490 2988 5544 ad
3019 5489 3168 5560 pravi
3197 5489 3377 5559 operis
3410 5489 3632 5543 liberta-

2053 5592 2160 5637 tem
2209 5583 2424 5652 prodire
2472 5581 2810 5645 nitentibus,
2870 5588 3098 5636 terrenzn
3145 5581 3372 5635 actionis
3424 5588 3633 5635 meatus

2050 5671 2403 5736 occludimus,
2429 5671 2581 5741 quasi
2608 5685 2712 5726 uno
2743 5671 2797 5724 in
2827 5670 2945 5727 loco
2973 5670 3080 5726 illis
3107 5671 3332 5727 insidias
3359 5671 3629 5740 periimus,

2051 5764 2178 5834 quia
2223 5778 2344 5820 cum
2401 5763 2529 5820 solis
2579 5763 2994 5836 cegilationibus
3043 5764 3241 5832 jugiter
3287 5763 3638 5822 dimicamus.
