4110 5364
499 387 606 446 2'79

961 386 1018 443 S.
1050 383 1253 442 PETRI
1291 383 1571 441 DAMlANl
1607 381 1761 441 OPP.
1787 381 2026 442 TOMUS
2063 379 2194 438 SEU
2231 379 2412 436 PARS
2449 377 2534 435 111.
2558 405 2630 419 --
2657 373 3018 435 OPUSCULA
3061 375 3320 433 \‘ARIA.‘

3652 375 3762 434 280

503 505 700 575 Sicque
745 502 996 568 vitiorum
1042 489 1350 558 nostrorum
1403 498 1646 556 bestialis
1692 497 1878 554 feritas
1924 495 2078 551 facile
2105 497 2153 556 Α
2183 491 2387 548 falsitas
2416 489 2716 546 llerodiana
2747 498 3011 554 tenuerat,
3043 489 3095 544 in
3127 503 3285 559 quem
3315 486 3525 542 tandem
3553 497 3761 544 exttum

501 596 730 667 capitur,
772 592 900 647 dum
944 593 1120 647 solum
1167 593 1508 664 cogitationis
1556 593 1804 647 humanae
1834 589 2076 659 pervium

501 683 845 756 singulariter
871 683 1192 739 custoditur.
1231 683 1445 753 Auceps
1479 683 1642 738 etiam
1672 690 1894 736 cunctos
1922 677 2079 733 undi-

499 789 606 844 que
633 771 874 842 gurgitcs
899 770 1186 826 ramalium
1217 771 1572 828 densitatibus
1599 770 1791 840 operit,
1823 779 1988 839 atque
2010 765 2078 820 ad

497 877 665 918 unum
709 861 1020 918 hauriendus
1045 862 1217 918 dulcis
1241 878 1394 932 aqua:
1435 861 1611 918 locum
1637 860 1906 918 confluere
1932 859 2080 914 volu-

501 969 626 1009 cres
651 953 975 1025 praescripta
998 953 1325 1009 necessitate
1350 953 1654 1024 compellit;
1678 953 1910 1021 dumque
1934 949 2081 1005 solus

497 1043 591 1100 ille
619 1043 688 1098 ad
717 1043 1008 1100 bibendum
1043 1043 1193 1100 locus
1221 1043 1528 1114 exponitur,
1556 1041 1935 1112 circumposita
1962 1054 2082 1094 mu-

499 1133 825 1208 scipularnm
879 1147 1194 1205 argumenta
1241 1136 1416 1192 felicis
1465 1134 1676 1205 aucupii
1730 1131 2082 1203 proventione

498 1225 759 1280 ditantur.
797 1225 864 1280 Ut
909 1239 1040 1296 ergo
1066 1225 1296 1280 diversis
1339 1225 1506 1282 animi
1540 1225 1880 1294 passionibus
1924 1223 2082 1280 facile

496 1317 768 1388 possimus
813 1316 1034 1387 laqueos
1063 1315 1329 1387 captionis
1371 1316 1614 1385 injicere,
1641 1315 1878 1371 obtrusis
1915 1331 2082 1386 nego-

497 1407 695 1462 tiorum
731 1407 1070 1462 srecularium
1101 1407 1311 1468 rivulis,
1345 1408 1605 1463 adversus
1633 1408 1778 1464 solos
1801 1408 2085 1480 cogitatio-

497 1511 628 1551 num
661 1497 893 1568 impetus
933 1499 1248 1553 studcamus
1277 1497 1503 1554 viriliter
1537 1498 1836 1563 decertare,
1867 1508 1926 1553 ut
1955 1499 2083 1554 dum

495 1589 626 1642 vitia
655 1599 839 1643 nostra
873 1589 939 1643 ab
967 1590 1180 1644 actione
1211 1590 1466 1646 deterrita
1487 1633 1502 1655 ,
1533 1590 1662 1646 solis
1693 1589 2081 1659 cogitationum

497 1679 941 1735 ﬂuctuat'onibus
976 1680 1248 1742 advolant,
1280 1680 1438 1736 facile
1471 1681 1523 1735 in
1557 1691 1758 1736 sancta
1785 1680 2086 1750 prudentia:

499 1769 720 1840 laqueos
747 1772 963 1827 cadant.

1062 1863 1288 1922 CAPUT
1336 1863 1524 1920 XXVI.

493 1980 498 2013 i
535 1948 691 2018 Quod
717 1969 852 2024 sirpe
888 1957 1171 2011 monachus
1203 1955 1340 2024 falsa
1380 1955 1671 2009 carnalium
1709 1954 2055 2025 promissione

1149 2028 1422 2095 decipitur.

567 2132 876 2188 Notandum
900 2144 1102 2198 autem,
1135 2135 1259 2206 quia
1289 2151 1428 2208 stupe
1460 2150 1650 2192 servus
1675 2138 1770 2192 Dei
1800 2153 1897 2207 per
1924 2137 2085 2205 hujus

501 2225 686 2306 mundi
712 2225 952 2280 membra
985 2227 1270 2297 decipitur,
1299 2231 1424 2284 dum
1458 2231 1527 2284 ad
1558 2230 1888 2285 dirimendas
1923 2231 2085 2285 dissi-

495 2317 738 2372 dentium
768 2317 910 2384 lites,
938 2319 1024 2374 vel
1049 2321 1114 2374 ad
1145 2319 1322 2390 aliqua
1353 2322 1672 2391 peragenda,
1701 2321 2086 2378 ecclesiasticis

499 2409 704 2465 scilicet
737 2410 921 2465 usibus
945 2409 1250 2482 profutura,
1275 2412 1634 2484 importunius
1657 2414 1916 2467 invitatur
1943 2427 1957 2466 :
1987 2414 2088 2468 im-

499 2501 713 2558 mineus
752 2519 984 2572 namque
1027 2503 1322 2573 periculum
1366 2505 1764 2576 multorumque
1799 2520 2086 2561 commune

499 2594 824 2658 discrimen,
871 2595 974 2648 nisi
1003 2595 1414 2666 progrediatur,
1457 2607 1804 2668 exaggerant.
1849 2597 2000 2664 Quod
2039 2596 2085 2651 si

503 2686 814 2750 accesserit,
837 2695 1029 2742 cuncta
1053 2689 1119 2741 ad
1149 2703 1258 2744 sua:
1280 2689 1572 2744 voluntatis
1595 2689 1900 2756 arbitrium,
1925 2697 2087 2760 atque

503 2777 570 2828 ad
615 2776 797 2830 felices
847 2778 1026 2832 exitus
1069 2789 1426 2850 proventura,
1469 2778 1836 2851 multipliciter
1873 2792 2087 2833 asseve-

502 2875 652 2922 rant.
697 2867 966 2935 Antiquus
1007 2870 1150 2923 enim
1201 2869 1588 2925 bostisvidens
1627 2870 1849 2926 militem
1885 2868 2084 2923 Citriin

504 2959 558 3012 in
589 2959 868 3029 procinctu
902 2960 1074 3018 sancti
1131 2963 1440 3016 certaminis
1482 2963 1713 3032 positum
1737 3004 1751 3026 ,
1793 2977 1898 3016 non
1933 2961 2089 3014 aliter

504 3063 665 3117 posse
689 3065 718 3103 a
750 3051 830 3104 sui
869 3051 1127 3122 propositi
1158 3049 1368 3107 fervore
1403 3063 1705 3123 tepescere,
1749 3051 2087 3106 machinatur

503 3139 772 3195 uberioris
817 3143 1094 3210 cujusdam
1145 3144 1352 3198 fructus
1396 3144 1838 3212 superficietenus
1885 3143 2083 3197 bonum

505 3231 844 3292 aiumbrare,
870 3243 926 3286 ut
951 3234 1074 3288 dttm
1100 3233 1306 3289 lucrum
1333 3234 1506 3302 majus
1525 3235 1842 3300 attenditur,
1864 3235 2086 3298 bonum,

506 3321 651 3390 quod
683 3321 734 3376 in
763 3325 1014 3391 praesenti
1040 3334 1118 3379 est
1141 3367 1155 3390 ,
1181 3327 1245 3380 ad
1275 3332 1484 3397 tempus
1519 3327 1670 3395 quasi
1697 3325 2088 3396 dispensatorie

504 3419 882 3482 postponatur.
933 3413 1037 3468 Sed
1081 3415 1171 3484 qui
1219 3417 1492 3472 mendacis
1521 3417 1704 3470 mundi
1744 3415 2089 3470 consuetudi-

507 3514 631 3577 neat
679 3499 988 3570 frequenter
1027 3513 1282 3573 expertus
1325 3513 1442 3569 est,
1496 3506 1789 3576 prudenter
1837 3504 1986 3559 novit
2035 3511 2090 3558 ct

508 3601 649 3644 vana
681 3594 1078 3660 suggerentium
1109 3603 1408 3648 commenta
1441 3609 1718 3664 respuere,
1745 3602 1798 3648 et
1828 3577 1887 3648 se
1911 3593 1979 3648 ab
2008 3593 2090 3647 in-

508 3681 770 3736 fructuosi
815 3683 1015 3738 laboris
1055 3685 1313 3740 exercitio
1343 3685 1578 3756 graviter
1601 3685 1890 3740 custodire.
1933 3684 2088 3754 Apud

509 3774 772 3842 quosdam
817 3790 1052 3844 namque
1092 3777 1331 3832 absentis
1365 3778 1611 3832 monachi
1644 3779 1936 3833 auctoritas
1968 3793 2092 3850 gra-

509 3865 595 3918 vis’
625 3872 742 3930 est;
775 3865 818 3919 si
852 3874 1028 3919 autem
1054 3881 1289 3936 prasens
1313 3868 1571 3933 adfuerit,
1596 3867 1794 3924 nullius
1818 3868 2092 3938 judicatur

513 3969 638 4010 esse
663 3955 938 4010 momenti.
969 3955 1123 4028 Stepe
1151 3957 1292 4012 enim
1321 3958 1614 4029 cujuspiam
1639 3959 1964 4014 venerabilis
1987 3959 2092 4014 viri

510 4049 713 4103 litteris
739 4049 1056 4104 reverentiae
1090 4050 1264 4105 honor
1286 4051 1628 4121 impenditur,
1659 4052 1816 4122 271
1849 4051 1941 4122 qui
1969 4067 2094 4121 per-

514 4152 680 4196 sonte.
710 4138 754 4192 si
785 4139 946 4204 adsit,
972 4137 1270 4193 indevotius
1295 4141 1598 4194 exhibetur.
1625 4141 1781 4210 Apud
1809 4139 2094 4195 saeculares

513 4239 710 4297 nempe
739 4227 1022 4298 religiosus
1049 4227 1279 4297 quisque
1307 4229 1468 4283 veluti
1506 4229 1710 4300 pictura
1741 4239 1843 4285 est.
1878 4229 2094 4285 Pictura

516 4319 780 4388 siquidem
813 4320 857 4374 si
887 4312 1345 4391 procul'assistat,
1376 4323 1664 4388 inbiantcr,
1693 4333 1749 4378 et
1775 4339 1896 4378 cum
1927 4324 2096 4379 avidi-

515 4420 625 4464 tate
653 4412 1010 4480 prospicitur;
1051 4413 1095 4468 si
1127 4411 1280 4480 juxta
1316 4414 1406 4478 sit,
1439 4415 1856 4485 contemptibilis
1885 4414 2098 4481 judica-

514 4511 626 4554 tur.
657 4502 723 4556 Et
751 4503 1044 4570 spirituaiis
1072 4505 1298 4572 quisque
1325 4505 1630 4560 carnalibus
1658 4505 1853 4560 absens
1879 4506 2094 4574 quidem

2177 583 2354 638 oblata
2382 581 2593 636 vivendi
2623 579 2877 635 facultate
2919 578 3262 635 concluserit.
3309 577 3462 646 Quod
3501 579 3762 634 nimirum

2181 671 2466 728 manifeste
2497 670 2834 735 declaratur,
2867 684 2989 724 cum
3019 667 3178 740 paulo
3208 667 3432 724 inferius
3468 669 3718 726 subditur
3745 685 3763 724 :

2185 779 2204 814 ε
2235 760 2450 830 Sprevit
2483 769 2660 816 autem
2697 774 2818 814 eum
2861 757 3098 814 Herodes
3127 773 3246 813 eum
3278 757 3519 815 exercitu
3558 773 3676 827 suo,
3709 767 3766 814 et

2181 851 2348 908 illusit
2395 851 2640 906 indutum
2679 858 2830 905 veste
2878 849 2998 906 alba
3023 891 3040 916 ,
3071 858 3126 904 et
3167 849 3378 905 remisit
3420 849 3486 905 ad
3533 847 3762 904 Pilatum

2182 946 2378 1018 (ibiut).
2408 964 2427 998 ι
2465 940 2602 1000 Ecce
2645 959 2804 1014 quem
2833 943 3020 1013 vulpes
3062 943 3149 997 illa
3185 943 3453 1001 malitiosa
3489 946 3768 1002 desidera-

2181 1047 2372 1101 verat,
2421 1037 2622 1108 sprevit
2671 1055 2684 1091 :
2732 1052 2891 1106 quem
2929 1037 3112 1093 videre
3152 1037 3436 1108 cupiebat,
3473 1037 3669 1102 illusit;
3711 1046 3768 1094 et

2181 1134 2305 1203 quia
2339 1135 2501 1188 vitam
2533 1147 2640 1188 non
2686 1147 2784 1204 pro
2811 1133 3022 1188 vivendi
3055 1147 3239 1188 amore
3266 1131 3545 1203 quaesivit,
3576 1131 3766 1187 remité

2183 1230 2302 1278 tens
2342 1239 2465 1278 cum
2508 1223 2574 1278 ad
2607 1221 2838 1278 Pilatum
2870 1263 2886 1289 ,
2925 1221 2980 1277 in
3013 1222 3304 1294 impietatis
3331 1237 3440 1280 suae
3468 1231 3642 1278 morte
3678 1233 3768 1278 rc-

2183 1318 2402 1373 mansit.

2553 1408 2559 1414 ’
2651 1427 2655 1431 ’
2743 1408 2970 1465 CAPUT
3006 1409 3261 1466 XXVII.‘

2256 1499 2324 1555 Ut
2356 1503 2642 1558 monachus
2677 1517 2732 1556 se
2760 1519 2791 1556 a
2821 1501 3004 1555 mundi
3041 1501 3390 1572 implicatione
3418 1503 3696 1560 custodiat.

2253 1591 2508 1663 Quisquis
2533 1607 2663 1665 ergo
2693 1593 2746 1646 in
2771 1592 3050 1664 procinctu
3075 1591 3316 1648 cmlestis
3341 1593 3545 1649 militia:
3562 1595 3775 1666 positus

2183 1686 2250 1740 ad
2290 1700 2534 1754 superna:
2577 1685 2766 1756 patriae
2813 1684 3162 1754 municipium
3213 1692 3510 1756 properat,
3559 1685 3774 1741 studeat

2184 1777 2325 1832 male
2349 1775 2672 1831 blandientis
2693 1775 2874 1830 mundi
2900 1774 3162 1844 promissa
3185 1789 3459 1844 respuere,
3483 1774 3775 1830 abhorreat

2110 1854 2158 1915 Β
2186 1883 2245 1924 se
2273 1867 2373 1922 sub
2401 1867 2638 1938 qualibet
2673 1867 2852 1938 specie
2879 1866 3152 1922 actionum
3197 1866 3536 1921 szecularium
3566 1865 3777 1935 laqueis

2187 1959 2422 2015 irretire.
2483 1958 2655 2014 Habet
2709 1959 3019 2030 deputatum
3073 1958 3175 2014 sibi
3222 1958 3454 2030 propria:
3497 1959 3778 2014 servitutis

2187 2049 2416 2107 ofﬁcium
2448 2068 2462 2106 ε
2499 2051 2746 2108 sufficere
2791 2051 2892 2106 sibi
2939 2049 3146 2116 credat,
3179 2050 3222 2105 si
3256 2049 3471 2106 indicta:
3511 2048 3614 2104 sibi
3643 2049 3775 2105 obe-

2187 2141 2402 2197 dientire
2433 2141 2803 2212 prtcscriptum
2837 2156 3032 2196 munus
3057 2141 3228 2212 possit
3256 2140 3498 2212 implere.
3537 2139 3672 2195 illud
3707 2142 3776 2194 ad

2186 2235 2504 2289 memoriam
2533 2241 2748 2288 revocet
2781 2232 2922 2302 quo’d
2959 2233 3221 2304 scriptum
3248 2241 3328 2288 est
3363 2249 3376 2286 :
3409 2249 3428 2284 ι
3459 2231 3602 2287 Cave
3627 2246 3694 2285 ne
3721 2231 3780 2285 iu

2188 2325 2371 2380 nudtis
2402 2325 2512 2379 sint
2545 2334 2696 2379 actus
2727 2323 2800 2378 tui
2834 2323 3024 2396 (iiccti.
3053 2323 3150 2396 xi).
3177 2342 3196 2375 ι
3227 2321 3587 2378 Saecularibus
3613 2321 3784 2378 relin-

2185 2421 2387 2487 quatur
2421 2413 2698 2470 saecularia
2735 2413 2856 2482 jura
2901 2428 3246 2485 componere.
3297 2413 3442 2469 Satis
3489 2414 3561 2468 sit
3603 2414 3782 2468 servis

2187 2510 2280 2564 Dei
2315 2505 2552 2579 perituro
2581 2505 2706 2561 huic
2729 2507 2930 2561 mundo
2959 2521 3018 2560 se
3048 2515 3289 2559 mortuos
3315 2503 3594 2560 exhibere.
3627 2502 3780 2558 Sicut

2185 2601 2328 2656 enim
2358 2599 2650 2655 absurdum
2677 2606 2760 2653 est
2781 2639 2795 2660 ,
2822 2597 2978 2654 bonis
3004 2596 3142 2651 mala
3173 2594 3462 2667 praeferre;
3499 2595 3571 2649 ita
3611 2594 3778 2648 etiam

2187 2693 2434 2756 fatuum,
2485 2690 2745 2762 optimum
2798 2689 2942 2744 bono
2992 2688 3216 2743 inferius
3259 2687 3528 2758 judicare.
3583 2685 3781 2750 Maria,

2188 2785 2312 2854 quia
2348 2783 2607 2854 Optimam
2645 2791 2854 2852 partem
2883 2781 3063 2852 elegit,
3094 2779 3340 2836 sufﬁcere
3377 2779 3478 2835 sibi
3510 2779 3777 2845 credidit;

2190 2889 2288 2928 nec
2313 2889 2370 2928 se
2410 2873 2474 2926 ad
2504 2872 2643 2928 bona
2676 2871 2918 2936 Marthte,
2951 2871 3205 2941 frequens
3249 2871 3500 2926 videlicet
3534 2870 3785 2926 ministe-

2188 2963 2327 3016 rium
2354 3004 2370 3026 ,
2404 2960 2858 3032 reclinavit(Luc.
2895 2962 2970 3030 κ).
3022 2961 3250 3033 Moyses,
3291 2961 3417 3030 quia
3447 2961 3514 3014 ab
3541 2960 3780 3040 humaqa

2190 3043 2616 3108 conversation?
2635 3062 2877 3107 remotus
2905 3094 2918 3118 ,
2963 3052 3048 3106 his
3094 3049 3526 3122 quadragenario
3571 3051 3782 3106 dierum

2193 3157 2418 3198 numero
2461 3143 2763 3214 jejunavit,
2811 3143 2896 3197 bis
2939 3143 3100 3197 etiam
3141 3142 3310 3211 legem
3357 3140 3568 3196 Domini
3612 3141 3786 3210 digito

2194 3235 2448 3306 scriptam
2482 3235 2755 3304 suscipere
2786 3233 2983 3288 meruit
3022 3232 3220 3300 (Exod.
3250 3231 3436 3302 xxiv);
3477 3229 3657 3286 Aaron
3687 3244 3782 3284 an-

2192 3332 2300 3380 tem
2325 3365 2339 3390 ,
2365 3324 2456 3394 qui
2491 3325 2556 3378 ad
2585 3323 2884 3378 custodiam
2913 3321 3090 3393 pepuli
3119 3322 3410 3379 derelictus
3435 3329 3552 3390 est,
3583 3333 3786 3392 cogno-

2191 3417 2360 3473 scitur
2389 3416 2529 3471 idola
2567 3415 2862 3470 fabricatus
2893 3412 3089 3484 (Exod.
3119 3415 3320 3486 xxx").

2263 3507 2354 3564 Sic
2402 3507 2696 3574 nimirum,
2745 3507 2826 3562 sic
2867 3505 3184 3576 plerumque
3231 3504 3531 3576 contingit,
3579 3510 3638 3557 ut
3685 3501 3780 3572 qui

2191 3597 2406 3668 propria
2454 3611 2562 3651 non
2617 3605 2942 3660 contentus,
2997 3595 3186 3650 alienae
3235 3595 3577 3665 progreditur
3619 3591 3782 3647 saluti

2192 3687 2506 3749 consulere,
2537 3687 2618 3740 sui
2661 3687 2840 3756 potius
2877 3694 3102 3756 cogatur
3127 3683 3424 3755 periculum
3469 3685 3778 3748 sustinere;

2192 3783 2423 3848 cumque
2453 3777 2567 3844 alii,
2598 3776 2740 3832 velut
2782 3777 2921 3830 inter
2951 3776 3244 3846 procelloso
3277 3773 3556 3846 naufragia
3604 3773 3796 3844 palpi-g

2193 3867 2368 3934 tanti,
2413 3881 2632 3921 manum
2677 3865 2940 3935 porrigit,
2993 3866 3164 3934 ipsum
3208 3878 3420 3934 quoque
3449 3864 3778 3933 prtecipitem

2191 3975 2358 4015 vorax
2386 3958 2580 4015 fluetus
2607 3959 2847 4014 involvit.
2873 3958 3063 4013 Tutius
3090 3971 3219 4025 ergo
3245 3965 3329 4011 cst
3351 3957 3448 4010 sub
3471 3955 3632 4024 hujus
3655 3955 3781 4008 vitae

2193 4061 2456 4108 nocturna
2485 4051 2712 4122 caligine
2731 4092 2745 4117 ,
2779 4066 2876 4105 nos
2901 4048 3062 4120 272
3090 4048 3142 4102 in
3185 4047 3364 4101 littore
3391 4047 3598 4116 positos
3641 4059 3776 4100 nau-

2195 4143 2532 4214 fragantibus
2559 4141 2738 4196 lumen
2782 4141 3049 4210 ingerere,
3088 4153 3250 4207 quam
3291 4137 3357 4189 ad
3399 4151 3492 4190 eos
3529 4149 3780 4204 compas-

2195 4235 2362 4291 sionis
2394 4233 2565 4305 gratia
2593 4247 2712 4287 cum
2745 4231 2976 4300 propriae
3013 4229 3138 4284 vitte
3176 4227 3414 4298 periculo
3444 4235 3732 4298 pernatare
3759 4242 3774 4290 ;

2196 4334 2462 4395 quatenus
2507 4321 2606 4392 ipsi
2661 4335 2760 4390 per
2805 4333 2902 4374 nos
2953 4319 3078 4373 dato
3129 4317 3264 4372 recti
3314 4330 3506 4371 cursus
3555 4315 3776 4379 indicio,

2199 4417 2373 4470 sinum
2403 4413 2499 4467 tuti
2529 4419 2714 4482 portus
2743 4411 3040 4480 attingant,
3063 4424 3170 4463 non
3212 4417 3392 4462 autem
3439 4422 3538 4462 nos
3582 4407 3650 4462 ad
3684 4421 3778 4463 eos

2199 4504 2615 4560 transfretantes
2637 4515 2836 4571 vorago
2863 4499 3097 4570 spumosi
3147 4499 3314 4554 maris
3358 4499 3668 4554 absorbent.
3717 4497 3774 4552 In

516 4591 730 4654 timori,
775 4568 1014 4662 praesens
1056 4568 1234 4648 autem
1262 4595 1474 4650 videtur
1511 4595 1802 4663 despectui.
1850 4568 2000 4661 Quod
2044 4603 2098 4650 et
2126 4568 2176 4628 θ
2200 4595 2401 4650 vertice
2435 4592 2633 4647 montis
2663 4568 2947 4660 Rapliidim
2977 4589 3187 4660 Moyses
3211 4590 3420 4652 orabat,
3447 4597 3501 4645 et
3531 4589 3666 4644 duce
3689 4587 3780 4644 Jo-

519 4679 807 4750 Apostolus
853 4683 1070 4737 sibimet
1125 4685 1412 4754 contigisse
1465 4693 1734 4752 testatur,
1783 4701 1903 4741 cum
1952 4687 2030 4742 ait
2079 4706 2093 4742 :

526 4791 548 4823 α
576 4770 826 4842 Epistulae
856 4787 1046 4842 graves
1076 4783 1202 4828 sunt
1221 4815 1235 4834 .
1275 4785 1328 4830 et
1361 4776 1556 4841 fortes,
1587 4777 1872 4846 praesentia
1918 4787 2097 4834 autem

520 4864 762 4933 corporis
785 4863 1016 4926 infirma,
1039 4874 1094 4920 et
1111 4880 1288 4921 sermo
1309 4869 1725 4937 contemptibilis
1745 4869 1828 4940 (11
1847 4868 2093 4942 Corax)»

525 4953 670 5018 Quos
706 4957 847 5008 enim
877 4955 1236 5024 Epistolarum
1267 4957 1580 5014 fortitudine
1615 4968 1670 5016 et
1693 4962 1956 5032 gravitate
1988 4972 2096 5016 ter-

523 5054 708 5097 ruerat
731 5087 744 5105 ,
775 5046 860 5100 bis
886 5047 1149 5117 corporali
1185 5051 1470 5118 praesentia
1498 5053 1843 5124 deSpicabilis
1873 5055 2098 5124 appare-

525 5135 636 5187 bat.
669 5133 806 5201 Quid
850 5146 1026 5224 autem
1074 5139 1304 5204 mirum,
1347 5142 1391 5196 si
1430 5141 1592 5209 justis
1619 5143 1942 5214 quib'tslbet
1967 5145 2098 5199 v'ris

2201 4701 2315 4750 suc,
2346 4685 2508 4740 Israel
2559 4684 2611 4738 in
2642 4682 2884 4738 convalle
2921 4682 3214 4752 pugnabat.
3247 4679 3352 4734 Sed
3385 4680 3431 4734 si
3477 4680 3689 4752 Moyses
3725 4679 3780 4734 in

2203 4775 2525 4846 adjutorium
2570 4773 2748 4844 populi
2795 4771 2876 4825 sui
2924 4771 2989 4824 ad
3035 4759 3355 4840 campestria
3391 4770 3774 4832 descendisset,

2200 4868 2455 4924 Amalech
2485 4859 2672 4936 procul
2703 4865 2863 4920 dubio
2894 4863 3255 4918 lsraclitarum
3287 4865 3604 4919 caedentium
3629 4871 3779 4934 terga

2201 4967 2524 5032 percuteret.
2550 4957 2632 5032 [Si
2679 4957 2764 5012 ille
2803 4971 2992 5010 manus
3027 4956 3094 5010 ad
3125 4955 3462 5024 corripienda
3493 4969 3644 5009 arma
3689 4955 3782 5008 de-

2203 5059 2464 5122 poneret,
2515 5049 2654 5104 facta
2705 5063 2925 5105 suorum
2975 5057 3194 5116 strage,
3239 5046 3450 5102 facilem
3498 5045 3780 5100 victoriam

2205 5141 2530 5195 adversariis
2573 5134 3028 5209 triumphantibus
3067 5137 3398 5208 prtebuisset.
3437 5135 3588 5203 Quod
3619 5134 3780 5190 nimi-
