4106 6320
301 361 400 416 281

1285 357 1525 415 OPUSC.
1569 357 1680 413 ΧΠ.
1715 387 1788 396 —
1815 355 1901 410 DE
1941 354 2362 413 CONTEMPTU
2400 357 2691 416 SECULI.

3471 358 3578 412 282

302 473 644 531 obtinebant.
680 472 894 526 illarum
923 472 1140 542 quidem
1171 471 1269 527 fuit
1299 487 1498 543 pug-na,
1529 472 1622 526 sed
1669 472 1892 525 istarum
1925 469 1972 526 Α
2000 468 2173 522 stolus
2228 470 2468 539 gentium
2498 511 2512 534 ,
2570 469 2928 525 ministerium
2982 485 3162 526 meum
3211 468 3582 526 honorificabo

301 582 411 621 non
457 565 752 633 ambigitur
779 564 946 620 fuisse
969 565 1233 626 victoria;
1281 566 1405 633 quia
1440 574 1496 618 ut
1542 563 1650 617 illis
1676 562 1900 617 daretur

299 659 565 718 vincere,
615 655 734 710 ista:
792 666 1106 710 meruerunt
1155 657 1412 710 divinitus
1463 655 1772 724 impetrare.
1830 655 1900 707 At

299 757 518 811 contra,
545 747 762 801 Balaam
794 746 936 802 filius
963 747 1124 813 Beor,
1153 749 1240 818 qui
1271 749 1337 802 ad
1363 748 1602 817 praelium
1629 763 1752 802 cum
1791 745 1900 800 Ma-

302 841 528 895 dianitis
557 841 862 910 egreditur,
897 857 1018 895 cum
1050 841 1168 908 his,
1194 857 1330 912 quos
1363 840 1610 911 jugulare
1641 841 1901 894 decreve-

303 938 408 993 rat,
441 929 620 997 gladio
649 931 950 984 trucidatur
974 931 1164 1000 (Num.
1191 934 1365 1002 xxxi).
1398 932 1462 985 Et
1486 931 1628 1001 jure,
1660 932 1749 1001 qui
1777 946 1902 1002 pro-

300 1020 426 1089 prio
466 1036 572 1075 non
615 1027 698 1076 est
743 1030 1030 1076 contentus
1075 1021 1277 1086 ofﬁcio,
1316 1023 1612 1078 discrimini
1660 1022 1902 1076 redditur

302 1113 574 1169 obnoxius
606 1116 799 1171 alieno.
835 1117 1022 1172 Infelix
1061 1120 1258 1173 meruit
1298 1121 1440 1174 inter
1468 1119 1780 1175 bellantium
1808 1135 1898 1173 cu-

305 1219 442 1259 neos
479 1206 764 1261 hostilibus
799 1206 992 1293 gladiis
1030 1209 1314 1265 corifossus
1345 1211 1682 1272 occumbere,
1716 1210 1804 1278 qui
1846 1209 1897 1263 in

301 1310 442 1366 pace
486 1299 693 1367 positus
739 1315 834 1368 per
877 1301 1176 1371 prophetite
1224 1303 1503 1358 oraculum
1561 1303 1728 1374 ipsius
1772 1300 1898 1358 belli

303 1389 573 1455 potuisset
608 1390 814 1445 exitum
856 1395 1191 1448 renuntiare.

861 1481 1088 1538 CAPUT
1125 1483 1360 1539 XXVlll.

580 1569 658 1624 De
696 1570 960 1636 libertate,
1001 1583 1048 1626 et
1089 1575 1401 1628 discretione
1443 1573 1622 1630 Elisei.

378 1657 729 1728 NeQuaquam
763 1663 841 1717 sic
882 1663 1128 1728 Eliseus,
1170 1665 1262 1734 qui
1307 1665 1561 1719 nimirum
1601 1663 1782 1720 Joram
1815 1681 1900 1720 re-

306 1763 429 1816 gem
449 1748 616 1804 lsrael
646 1753 905 1808 adversus
925 1754 1078 1810 Moab
1105 1767 1500 1826 properantem,
1537 1773 1640 1812 non
1664 1758 1729 1810 ad
1760 1758 1895 1813 bella

2001 558 2181 629 (Rom.
2240 562 2374 631 χι).›
2446 560 2695 630 Nunquid
2748 563 2892 616 enim
2945 561 3195 616 minister
3261 560 3584 616 humilitatis

1998 653 2394 707 existimandus
2419 662 2521 718 est,
2555 652 2796 707 Naaman
2838 654 3067 724 superbe
3100 653 3282 709 fixisse
3308 669 3408 724 pro
3455 651 3584 707 fori-

1999 742 2119 804 bus,
2154 743 2244 811 qui
2276 742 2342 797 de
2383 751 2566 797 monte
2597 742 2831 798 Carmeli
2883 744 2936 798 in
2975 758 3082 812 quo
3130 744 3411 805 manebat,
3445 757 3472 794 a
3507 740 3584 796 fe-

1999 835 2146 889 mina
2175 849 2235 888 se
2260 850 2453 904 passus
2483 843 2566 890 est
2613 835 2878 906 pertrahi,
2933 844 2989 890 et
3046 834 3381 889 Sunamitem
3434 832 3584 887 illam

1999 941 2104 979 non
2132 926 2306 982 solum
2336 927 2648 992 comitatus,
2700 941 2888 980 verum
2939 925 3163 994 insuper
3205 933 3286 978 est
3327 921 3585 977 secutus?

1998 1013 2130 1069 Nam
2162 1032 2283 1071 cum
2333 1015 2421 1069 illa
2458 1017 2665 1070 diceret
2705 1015 2811 1087 (IV
2843 1014 2970 1084 Reg.
3005 1015 3077 1086 tv)
3110 1033 3121 1068 :
3171 1033 3189 1066 ι
3213 1014 3359 1069 Vivit
3401 1013 3583 1067 Domi-

1999 1123 2120 1172 nus,
2168 1115 2222 1162 et
2259 1107 2389 1161 vivit
2425 1107 2602 1162 anima
2637 1115 2749 1172 tua,
2805 1123 2908 1163 non
2941 1107 3208 1162 dimittam
3260 1114 3346 1170 te;
3395 1124 3412 1155 ι
3458 1119 3585 1158 mox

1999 1200 2245 1268 sequitur
2275 1197 2559 1268 Scriptura
2588 1239 2603 1264 ,
2659 1197 2847 1256 dicens
2873 1215 2887 1252 :
2943 1215 2961 1248 ι
2983 1195 3254 1260 Surrexit,
3285 1203 3341 1249 et
3367 1203 3585 1249 secutus

1999 1298 2084 1344 est
2131 1304 2306 1343 eam.»
2361 1288 2611 1358 Nunquid
2659 1290 2824 1344 etiam
2858 1288 3074 1357 copiosa
3119 1297 3345 1341 munera
3397 1283 3586 1338 tumidi

2002 1378 2174 1433 fastus
2227 1379 2518 1449 supercilio
2553 1379 2779 1448 respuit,
2837 1380 2927 1448 qui
2989 1392 3019 1432 a
3064 1377 3183 1432 viro
3237 1375 3471 1446 qdodam
3521 1375 3588 1429 de

1998 1473 2259 1528 Balsalisa
2287 1474 2560 1538 veniente,
2609 1473 2743 1527 viles
2778 1473 3111 1527 hordeaceus
3144 1483 3312 1540 panes
3351 1466 3588 1522 charita-

2003 1566 2110 1621 tive
2137 1567 2411 1636 suscipere
2443 1581 2550 1620 non
2580 1565 2866 1636 despexit?

2073 1657 2178 1712 Sed
2225 1656 2313 1712 hic
2344 1657 2471 1710 dum
2511 1657 2789 1727 prephetze
2835 1654 3202 1714 obstaculum.
3255 1667 3323 1708 ne
3367 1650 3588 1705 tumidae

2001 1749 2249 1803 elationis
2279 1757 2542 1818 arguatur
2565 1788 2578 1810 ,
2611 1747 2956 1816 opponimus,
2989 1745 3041 1798 in
3073 1743 3431 1812 nosmetipsos
3453 1756 3585 1795 exa-

307 1850 531 1896 scclllus
559 1852 675 1908 est,
716 1847 809 1899 sed
857 1855 1065 1900 tantum
1097 1820 1343 1903 sufﬁcere
1387 1820 1636 1915 credidit,
1667 1850 1810 1919 quod
1847 1850 1894 1904 ci
1929 1820 1972 1879 Β
2000 1839 2185 1895 ctorite
2237 1838 2553 1908 qumstionis
2599 1838 2804 1890 aditum
2853 1837 3147 1905 aperimus.
3206 1833 3389 1888 Potest
3441 1832 3588 1885 enim

306 1949 617 1990 successum
636 1937 758 1991 belli
788 1947 842 1992 et
865 1940 1169 1995 adfuturam
1196 1943 1429 1997 concisis
1456 1943 1701 1999 hostibus
1730 1944 1897 1998 victo-

307 2027 447 2080 riam
497 2029 747 2097 praedixit
777 2031 887 2099 (IV
914 2031 1039 2104 Reg.
1071 2037 1175 2102 ut).
1223 2035 1327 2090 Sed
1360 2052 1458 2091 cur
1490 2037 1740 2103 dicimus,
1773 2039 1898 2108 quia

307 2135 650 2190 nequaquam
683 2123 1005 2192 inproelium
1037 2129 1179 2196 rcg'a
1209 2136 1386 2183 castra
1416 2140 1633 2185 secutus
1660 2131 1752 2193 sit,
1776 2146 1896 2184 cum

305 2217 360 2262 et
408 2207 648 2263 Naaman
697 2212 762 2266 de
812 2214 1032 2269 remotis
1075 2213 1246 2286 Syrite
1295 2216 1803 2294 finibus’vcnicnte,
1845 2230 1901 2275 et

304 2298 447 2352 ostio
480 2300 674 2355 domus
703 2317 814 2356 suae
844 2319 963 2358 emn
1000 2307 1192 2375 equis,
1241 2317 1294 2360 et
1335 2310 1586 2364 curribus
1626 2311 1900 2366 humiliter

305 2387 628 2450 assistenle,
659 2405 765 2443 non
797 2391 958 2445 limen
989 2396 1169 2462 egredi
1201 2396 1419 2464 dignum
1452 2398 1604 2452 (luxit
1625 2439 1638 2464 ,
1679 2415 1786 2454 non
1817 2399 1902 2468 ja-

307 2496 469 2533 nuam
503 2491 559 2532 nt
589 2481 960 2550 ingrederetur
987 2489 1196 2556 aperuit
1228 2505 1240 2540 :
1273 2489 1364 2543 sed
1400 2503 1496 2557 per
1526 2491 1774 2546 nuntium
1807 2508 1900 2562 po-

306 2570 414 2623 tius
445 2586 566 2639 qure
605 2574 805 2627 fuerint
839 2577 1107 2643 facienda,
1137 2581 1452 2634 mandavit?
1491 2583 1556 2637 Et
1587 2593 1734 2639 certe
1764 2584 1901 2639 Naa-

303 2677 433 2716 man
477 2664 563 2716 isti
604 2666 877 2735 multiplex
929 2671 1322 2727 mundanarum
1353 2675 1536 2729 dotttm
1584 2679 1902 2747 suppetebat

303 2755 487 2822 copia,
511 2757 707 2826 quibus
735 2759 1081 2816 honorandus
1108 2779 1226 2818 esse
1251 2767 1540 2822 videretur.
1577 2769 1728 2825 Sicut
1755 2774 1898 2827 enim

304 2853 540 2902 testatur
568 2849 786 2904 historia
813 2869 825 2904 :
859 2871 878 2902 ‹
908 2853 1163 2924 Princeps
1192 2867 1310 2911 erat
1334 2860 1556 2925 militiae,
1581 2863 1668 2918 vir
1687 2880 1901 2935 quoque

305 2953 542 3009 magnus
566 2943 705 3012 apud
733 2945 1006 3000 dom'num
1036 2964 1192 3002 suum
1214 2992 1227 3014 ,
1256 2960 1310 3004 et
1335 2953 1627 3009 honoratus
1657 2956 1850 3026 (ibid).
1876 2976 1894 3007 ι

305 3028 414 3082 Per
435 3029 583 3084 illum
617 3034 760 3087 enim
798 3036 943 3090 dedit
970 3037 1229 3095 Dominus
1268 3043 1494 3097 salutem
1540 3044 1728 3115 Syri-.e.
1773 3047 1902 3100 Erat

303 3124 552 3189 insuper,
586 3123 731 3179 sicut
771 3127 1031 3196 scriptum
1073 3138 1184 3194 est,
1225 3133 1310 3184 vir
1355 3132 1510 3188 fortis
1548 3147 1601 3188 et
1641 3136 1810 3190 dives.
1841 3135 1897 3191 ln

304 3210 427 3278 ipsa
482 3213 647 3267 etiam
693 3217 1034 3284 expeditione
1082 3222 1323 3288 positus,
1378 3226 1692 3280 substantia:
1734 3226 1901 3281 facul-

306 3310 423 3356 tate
455 3318 560 3356 non
592 3314 711 3359 erat
748 3307 970 3362 omnino
998 3324 1219 3365 vacuus.
1251 3310 1471 3367 Tulerat
1511 3315 1654 3368 enim
1693 3330 1898 3378 secum,

303 3391 454 3445 sicut
501 3392 730 3460 legitur,
769 3395 956 3451 decem
1003 3399 1200 3454 talenta
1244 3403 1496 3470 argenti,
1541 3412 1595 3458 et
1633 3418 1726 3458 sex
1758 3403 1902 3458 mille

306 3499 547 3549 aureos,
598 3489 781 3541 decem
828 3490 1178 3546 nihilominus
1219 3494 1510 3548 mutatoria
1553 3496 1902 3550 vestimento-

309 3596 432 3634 r-zm
470 3599 482 3611 ~
520 3596 638 3650 qu:e
685 3584 787 3638 etsi
835 3583 1133 3650 cuiusmodi
1181 3586 1419 3652 fuerint,
1473 3587 1751 3658 Scriptura
1796 3605 1900 3642 non

307 3672 497 3735 dicat,
559 3673 811 3740 gravibus
865 3683 1042 3730 tamen
1104 3677 1264 3740 auri,
1325 3679 1642 3748 argentique
1700 3694 1903 3732 connu-

310 3773 521 3817 tuerata
571 3764 896 3832 ponderibus
943 3768 1180 3835 pretiosa
1232 3768 1396 3822 fuisse
1444 3771 1565 3837 quis
1625 3769 1902 3839 ambigat»?

312 3855 508 3921 Quanti
537 3867 663 3911 sunt
690 3858 847 3912 hodie
874 3859 964 3928 qui
984 3861 1294 3915 monasticae
1318 3862 1672 3916 institutionis
1695 3861 1902 3932 profes-

313 3948 467 4004 sione
489 3959 800 4010 censentur.
828 3954 1025 4022 quibus
1059 3955 1102 4007 si
1131 3962 1236 4008 tam
1253 3965 1465 4023 potens,
1491 3967 1706 4025 tamque
1732 3954 1902 4010 famo-

314 4053 408 4090 sas
447 4041 531 4092 vir
568 4055 665 4108 pro
700 4041 906 4097 foribus
934 4044 1248 4112 dignaretur
1272 4047 1544 4109 assistere,
1571 4061 1695 4099 mox
1734 4047 1900 4098 etiam

316 4129 478 4198 273
529 4129 846 4186 festinantes
906 4148 1216 4189 reverenter
1267 4144 1656 4200 occurrerent,
1713 4143 1770 4189 ut
1822 4137 1898 4189 in-

315 4219 656 4286 grederetur,
688 4222 965 4277 humiliter
998 4224 1374 4288 obseerarent,
1418 4232 1473 4278 et
1501 4240 1606 4278 non
1648 4234 1754 4277 tam
1783 4241 1934 4294 qute.

317 4309 527 4364 utiliter
548 4312 927 4382 implerentur,
955 4331 1120 4384 quam
1149 4333 1268 4387 quae
1300 4317 1529 4372 libenter
1561 4317 1898 4377 audirentur,

319 4402 701 4457 asscntationis
732 4405 894 4459 verba
927 4407 1269 4474 proferrent?
1310 4405 1408 4472 Qui
1447 4405 1612 4460 etiam
1645 4406 1688 4458 si
1721 4413 1899 4460 tanto-

2003 1932 2262 1986 advcrsus
2289 1931 2404 1986 haec
2429 1945 2552 2000 quae
2595 1929 2969 1999 proponimus,
3009 1928 3236 1997 qumstio
3277 1923 3584 1994 hujusmodi

2004 2024 2160 2079 fieri:
2204 2024 2260 2078 Si
2312 2032 2497 2078 tantus
2540 2022 2842 2094 propheta,
2898 2030 2949 2074 et
3001 2035 3170 2090 panes
3220 2020 3288 2073 de
3338 2017 3588 2072 manibus

2001 2116 2282 2172 offerentis
2326 2116 2536 2186 accepit
2564 2157 2579 2180 ,
2618 2125 2672 2169 et
2701 2114 2850 2168 exire
2877 2112 2942 2166 de
2968 2127 3152 2166 eremo
3191 2111 3421 2165 feminea
3452 2123 3585 2176 sup-

2001 2209 2290 2281 plicatione
2335 2207 2650 2270 consensit;
2700 2221 2802 2276 qua
2846 2204 3057 2258 ratione
3105 2203 3405 2255 monachus
3433 2241 3447 2264 ,
3502 2199 3588 2251 vel

2003 2300 2256 2356 saeculum
2282 2299 2626 2369 frequentare
2656 2312 2762 2351 non
2795 2296 3010 2360 audeat,
3050 2294 3134 2348 vel
3165 2292 3439 2362 suscipere
3468 2306 3589 2345 mu-

2002 2407 2132 2446 nera
2165 2391 2434 2446 ditlieilius
2461 2387 2805 2458 acquiescat?
2851 2387 2934 2441 Ad
2983 2385 3124 2455 quod
3169 2398 3267 2438 nos
3299 2383 3398 2437 sub
3439 2396 3588 2436 eom-

2000 2483 2197 2550 pendio
2244 2481 2670 2551 respondentes,
2722 2493 3063 2547 nequaquam
3109 2475 3238 2545 quid
3289 2470 3584 2544 accipiendi

2004 2576 2274 2628 licentiam
2319 2573 2586 2628 monacho
2630 2585 2856 2640 prorsus
2901 2568 3252 2631 abscidimus,
3278 2567 3369 2621 sed
3398 2578 3504 2633 quo
3531 2561 3586 2616 id

2003 2667 2380 2736 temperatius,
2410 2675 2464 2720 et
2509 2681 2631 2720 cum
2678 2663 3004 2719 discretione
3049 2660 3158 2723 fiat,
3193 2674 3313 2713 eum
3347 2651 3585 2710 fraterna

2003 2759 2216 2813 devotio
2239 2758 2494 2828 postulat,
2526 2758 2853 2812 suademus:
2897 2756 3150 2808 nimirum
3183 2762 3239 2805 ut
3280 2747 3584 2805 necessaria

2003 2865 2248 2920 quaeque,
2277 2852 2418 2905 sicut
2448 2851 2704 2920 propheta
2737 2863 2905 2917 panes
2937 2846 3134 2917 quibus
3174 2842 3468 2911 indigebat,
3497 2854 3586 2894 ac-

2002 2942 2188 3009 cipiat,
2215 2949 2412 3010 etquae
2439 2940 2708 3010 superflua
2731 2937 3076 3009 judicaverit,
3124 2935 3265 2988 sicut
3309 2931 3397 2987 ille
3424 2945 3586 3000 pecu-

2003 3037 2169 3096 niam,
2200 3050 2305 3088 non
2334 3033 2602 3087 admittat.

2075 3123 2226 3188 Quod
2275 3131 2451 3175 autem
2489 3120 2702 3174 Eliseus
2727 3118 2793 3173 ad
2823 3116 3254 3172 resuscitandum
3287 3109 3586 3166 Sunamitis

2005 3216 2196 3278 tilium,
2231 3215 2295 3267 de
2321 3221 2572 3266 n'tontana
2607 3210 2905 3265 remotione
2929 3205 3227 3268 descendit,
3262 3202 3420 3271 hujus
3453 3211 3588 3255 lem-

2003 3306 2150 3376 peris
2182 3303 2463 3357 monachis
2493 3302 2672 3371 potius
2709 3309 2791 3354 est
2841 3295 3178 3353 venerationi
3230 3292 3538 3349 habendum
3569 3330 3583 3352 ,

2001 3415 2162 3469 quam
2196 3397 2537 3451 imitandum.
2569 3395 2754 3450 Liceat
2783 3407 2913 3448 sane
2940 3390 3208 3445 monacho
3236 3387 3302 3441 ad
3332 3384 3586 3440 saeculum

2002 3508 2070 3546 ex
2099 3490 2373 3544 voluntate
2400 3502 2701 3547 recurrere,
2747 3485 2963 3554 quoties
2993 3489 3264 3536 mortuum
3311 3476 3584 3530 hominem

2002 3584 2069 3636 ad
2097 3583 2262 3636 vitam
2293 3580 2530 3649 potuerit
2559 3578 2846 3633 suscitare.
2875 3574 3006 3628 lllud
3049 3585 3280 3640 namque
3305 3565 3585 3638 propheti-

2003 3689 2123 3727 cum
2155 3674 2256 3725 iter
2284 3670 2510 3725 omnino
2531 3667 2898 3738 cognoscitur,
2928 3674 2985 3718 et
3018 3663 3220 3716 virtute
3245 3659 3461 3730 plenum
3491 3668 3589 3723 per

2002 3761 2422 3817 resurrectionis
2452 3760 2702 3814 humanae
2730 3755 3074 3817 miraculum,
3120 3762 3174 3807 et
3206 3751 3446 3820 typieum
3489 3761 3588 3816 per

2003 3851 2416 3925 significationis
2438 3852 2662 3904 internae
2684 3849 3023 3919 mysterium.
3053 3845 3190 3911 Quid
3219 3850 3400 3896 autem
3426 3839 3589 3907 signi-

2004 3947 2125 4000 licet
2155 3959 2258 3998 non
2291 3943 2524 3997 otiosum
2551 3941 2792 3996 creditur
2816 3979 2829 4002 ,
2875 3939 2916 3991 si
2975 3936 3213 3990 breviter
3263 3938 3582 4001 apponatur.

2004 4035 2302 4090 Sunamitis
2335 4047 2524 4102 nempe
2557 4031 2724 4086 ﬁlium
2759 4043 2894 4098 μηρί’
2927 4026 2994 4080 ab
3021 4027 3200 4080 Elisco
3231 4025 3427 4078 missus
3456 4035 3580 4074 cum

2004 4128 2192 4182 baculo
2250 4141 2354 4180 non
2415 4124 2757 4179 resuscitavit
2818 4139 2830 4176 :
2894 4135 2990 4189 per
3049 4117 3397 4184 semetipsum
3459 4127 3594 4166 vero.

2003 4221 2216 4274 Eliseus
2266 4217 2512 4281 veniens,
2564 4230 2727 4282 seque
2774 4227 2935 4280 super
2990 4217 3260 4261 mortuum
3315 4214 3587 4262 sternens,

2005 4320 2169 4377 atque
2216 4308 2284 4362 ad
2327 4306 2446 4374 ejus
2497 4305 2738 4358 membra
2771 4316 2828 4355 se
2856 4300 3146 4368 colligens,
3200 4297 3305 4349 huc
3357 4293 3595 4360 illucque

2004 4397 2372 4460 deambulans,
2400 4403 2455 4448 et
2482 4394 2534 4447 in
2571 4408 2664 4447 ore
2691 4392 2886 4445 mortui
2919 4388 3116 4457 septies
3145 4385 3413 4454 aspirans,
3445 4382 3590 4434 hunc

319 4509 446 4562 pere
470 4505 814 4565 rogarentur,
841 4513 1179 4567 nequaquam
1203 4499 1477 4567 suscipere
1496 4498 1673 4553 oblata
1705 4513 1896 4552 renue-
1931 4527 1979 4584 ἶ)
2007 4494 2072 4546 ad
2125 4492 2420 4546 redivivam
2466 4490 2639 4543 lucem
2669 4485 2832 4557 274
2858 4485 3104 4555 protinus
3144 4496 3240 4552 per
3270 4474 3594 4584 mysterium

320 4593 461 4648 rent,
495 4588 796 4655 praesertim
820 4589 866 4642 si
890 4588 1282 4657 aliquantulum
1312 4589 1653 4643 numerosior
1679 4589 1900 4643 alendo-

321 4692 439 4728 rum
473 4675 702 4732 fratrum
731 4679 830 4733 s'bi
864 4690 1165 4735 conventus
1206 4682 1434 4736 adesset.
1470 4683 1682 4737 Eliseus
1721 4691 1899 4737 autem

321 4767 559 4837 Spiritus
587 4771 756 4824 sancti
783 4771 1111 4840 discipulus,
1161 4788 1254 4841 spe
1285 4773 1453 4838 dives,
1491 4775 1744 4827 thesauro
1781 4775 1899 4829 ﬁdei

321 4861 585 4930 locuples,
623 4861 748 4917 licet
774 4874 994 4918 centum
1025 4859 1581 4933 prophetarum'filios
1608 4867 1708 4918 sub
1744 4866 1904 4918 disci-

319 4951 480 5018 plina:
511 4967 624 5006 suae
647 4953 958 5022 magisterio
982 4962 1333 5018 sustentaret,
1363 4957 1646 5024 pecuniam
1677 4959 1900 5025 sprevit,

320 5057 547 5096 mimera
600 5043 818 5112 repulit,
864 5052 921 5098 et
964 5047 1220 5115 impensa:
1247 5047 1432 5117 gratim
1462 5048 1633 5102 vicem
1663 5048 1906 5116 recipere

322 5131 670 5186 Lmdabiliter
700 5133 990 5197 recusavit,
1019 5149 1085 5188 ne
1110 5134 1360 5190 videlicet
1387 5137 1528 5205 quod
1556 5136 1724 5205 gratis
1754 5151 1905 5190 acce-

321 5231 494 5290 perat,
548 5223 616 5277 ad
665 5223 847 5280 dantis
886 5224 1138 5294 injuriam
1185 5227 1419 5281 vendere
1470 5227 1767 5282 videretur.
1798 5229 1906 5282 Ve-

321 5315 494 5368 nienti
553 5325 734 5369 autem
787 5315 1029 5371 Naaman
1087 5332 1425 5388 nequaquam
1484 5320 1754 5389 superbe,
1811 5320 1904 5374 sed

321 5405 621 5472 prudenter
649 5421 755 5461 non
785 5409 1104 5468 assurrexit,
1148 5423 1217 5462 ne
1260 5409 1514 5464 videlicet
1559 5409 1904 5478 alienigenae,

322 5506 378 5550 et
404 5498 472 5551 de
496 5505 712 5552 terrena
743 5500 918 5554 adhuc
957 5501 1127 5570 gloria
1167 5502 1510 5570 prtesumcnti
1542 5503 1906 5556 reverentiam

321 5586 650 5643 exhiberet:
691 5589 945 5644 nimirum
969 5589 1082 5660 jam
1123 5599 1250 5645 tunc
1292 5591 1600 5660 apostolica
1631 5591 1906 5659 dignitatis

326 5679 622 5750 imaginem
663 5678 976 5748 prtefcrens,
1015 5695 1174 5750 quam
1208 5681 1404 5736 Paulus
1449 5681 1786 5750 postmodum
1815 5693 1907 5733 ex-

326 5785 576 5841 pressam
605 5782 976 5843 reprmsentat,
1019 5776 1242 5830 dicens:
1289 5775 1575 5842 «,Quamliu
1617 5790 1734 5830 sum
1779 5787 1908 5846 apo-

2009 4586 2404 4654 compassionis
2458 4583 2734 4637 animavit.
2784 4581 2987 4635 Auctor
3041 4576 3308 4647 siquidem
3362 4571 3590 4628 humani

2011 4677 2226 4746 generis
2259 4677 2401 4730 Deus
2427 4674 2582 4743 quasi
2626 4681 2901 4725 mortuum
2941 4683 3167 4738 puerum
3214 4664 3415 4727 doluit,
3467 4676 3592 4714 cum

2011 4769 2307 4823 exstinctos
2336 4782 2432 4820 nos
2463 4764 2766 4833 iniquitatis
2794 4762 2982 4817 aculeo
3030 4761 3316 4814 miseratus
3356 4753 3586 4822 aspexit.

2016 4861 2078 4913 Et
2108 4861 2233 4928 quia
2262 4875 2357 4926 per
2385 4857 2600 4927 Moysen
2652 4864 2912 4909 terrorem
2958 4852 3088 4920 legis
3128 4848 3382 4920 protulit,
3432 4845 3592 4912 quasi

2013 4967 2107 5019 per
2139 4966 2360 5020 puerum
2393 4950 2596 5018 virgam
2641 4947 2806 4999 misit.
2856 4943 2958 4997 Per
3001 4943 3171 5010 legem
3218 4939 3417 5008 quippe
3446 4936 3590 4990 Deus

2009 5042 2215 5110 virgam
2255 5047 2529 5100 tenuerat,
2578 5051 2698 5090 cum
2739 5033 2995 5087 dicebat:
3057 5048 3074 5080 ι
3099 5029 3155 5084 Si
3207 5029 3330 5097 quis
3361 5027 3474 5080 lucc
3505 5024 3590 5080 vet

2010 5130 2096 5184 illa
2129 5129 2340 5194 fecerit,
2373 5137 2545 5182 morte
2577 5125 2840 5180 moriatur
2868 5121 3063 5192 (Exod.
3096 5135 3188 5184 xx,
3219 5117 3387 5187 xxt).i

2079 5221 2120 5273 A
2155 5220 2360 5290 peccati
2395 5220 2557 5289 igitur
2585 5225 2758 5270 morte
2800 5213 2885 5267 lex
2929 5227 3029 5267 nos
3059 5210 3326 5265 suscitare
3359 5222 3466 5263 non
3492 5221 3590 5260 va~

2012 5309 2129 5372 luit,
2161 5309 2252 5363 sed
2286 5309 2351 5362 ad
2379 5317 2576 5361 statum
2607 5306 2732 5358 vita:
2760 5305 2902 5357 Deus
2935 5302 3171 5371 aspirata
3218 5296 3592 5353 mansuetudi-

2013 5402 2097 5454 nis
2132 5400 2304 5468 gratia
2354 5400 2650 5452 clementer
2691 5395 2887 5449 erexit.
2919 5393 3022 5447 Sed
3057 5403 3190 5460 puer
3236 5403 3360 5443 cum
3399 5388 3594 5442 baculo

2013 5501 2286 5547 mortuum
2316 5492 2580 5545 suscitare
2608 5503 2712 5543 non
2753 5486 2936 5549 valuit,
2969 5486 3096 5554 quia
3127 5481 3293 5537 Paulo
3323 5487 3590 5534 attestatt-

2013 5595 2100 5640 te:
2140 5603 2157 5636 t
2182 5583 2321 5639 ‘.\'ilti|
2374 5585 2440 5639 ad
2485 5582 2782 5653 perfectum
2829 5580 3051 5634 adduxit
3099 5578 3181 5630 lex
3215 5573 3400 5645 (Hebr.
3437 5572 3588 5641 vn)»

2012 5679 2102 5733 llle
2133 5688 2310 5732 autem
2337 5693 2434 5747 per
2453 5677 2804 5746 semetipsum
2829 5675 3074 5735 veniens,
3097 5679 3151 5725 et
3178 5680 3339 5739 super
3361 5667 3596 5720 cadaver

2015 5786 2073 5826 se
2105 5769 2383 5828 humiliter
2423 5779 2694 5835 sternens,
2747 5767 2812 5822 ad
2864 5763 3193 5836 exaequanda
3242 5761 3344 5817 sibi
3393 5757 3594 5813 mortui

2682 5878 2710 5892 ρ
