4106 6320
539 317 645 374 983

1002 315 1059 371 8.
1093 315 1295 372 PETRI
1334 314 1616 371 DAMIANI
1655 315 1806 373 OPP.
1835 311 2071 371 TOMUS
2110 311 2241 367 SEU
2282 301 2460 366 PARS
2497 309 2583 366 Ill.
2613 341 2678 350 —-
2714 306 3078 366 OPUSCULA
3119 301 3350 360 VARIA.

3711 294 3816 353 285

545 430 787 484 membra
815 427 1154 500 se.collegit:
1205 444 1222 478 ι
1247 426 1382 495 Quia
1405 441 1527 482 eum
1562 427 1614 481 in
1643 425 1815 481 forma
1841 426 1936 480 Dei
1963 431 2128 489 esset,
2163 425 2208 484 Α
2235 422 2609 492 acquiescunt.
2663 419 2796 489 Quis
2846 419 3010 474 etiam
3075 430 3182 471 non
3230 415 3576 481 Obstupescat
3607 451 3621 476 ,
3673 409 3817 479 quod

543 538 650 580 non
675 522 918 593 rapinam
942 521 1241 578 arbitratus
1259 531 1345 578 est
1369 537 1430 576 se
1450 537 1572 578 esse
1592 521 1853 592 aequalem
1882 520 2013 582 Deo,
2036 519 2129 574 sed

541 615 892 684 semetipsum
933 613 1235 670 exinanivit
1285 613 1513 670 formam
1568 615 1708 670 servi
1752 613 2047 685 accipiens,
2076 613 2129 668 in

539 706 952 772 similitudinem
984 707 1264 762 hominum
1310 709 1505 774 factus,
1548 718 1603 764 et
1655 709 1841 763 habitu
1879 708 2130 762 inventus

544 808 602 850 ut
636 797 802 851 homo
833 795 1056 868 (Philip.
1085 798 1204 869 11).»
1239 798 1352 855 lluc
1381 800 1616 871 illucque
1645 799 1970 861 deambulat.
2004 800 2130 870 quia

541 895 598 941 et
621 884 865 942 Judmam
907 888 1063 959 juxta
1101 904 1178 954 se,
1219 899 1273 945 et
1312 891 1467 963 longe
1497 892 1703 962 positas
1731 900 1920 962 gentes
1949 899 2127 947 vocat.

547 978 725 1048 Super
753 987 1025 1034 mortuum
1056 981 1259 1051 septies
1287 984 1524 1051 aspirat,
1559 982 1685 1052 quia
1732 982 1799 1036 ad
1829 983 2132 1052 perceptio—

545 1084 668 1125 nem
709 1069 874 1124 divini
925 1072 1166 1127 muneris
1211 1074 1383 1144 gratia
1436 1075 1764 1146 septiformis
1810 1074 2045 1145 Spiritus
2077 1075 2130 1130 in

542 1163 750 1235 peccati
797 1172 972 1220 morte
1009 1163 1253 1234 jacentes
1301 1164 1619 1223 inflammat.
1674 1167 1903 1238 Moxque
1945 1169 2132 1224 vivens

541 1252 792 1323 erigitur,
825 1253 953 1322 quia
990 1254 1056 1319 is,
1099 1269 1256 1324 quem
1285 1257 1510 1313 terroris
1536 1257 1689 1330 virga
1732 1259 1995 1314 suscitare
2025 1273 2131 1312 non

543 1340 740 1410 potuit.
785 1357 885 1412 per
928 1343 1131 1400 amoris
1178 1344 1430 1416 spiritum
1480 1361 1618 1417 puer
1671 1346 1738 1402 ad
1782 1347 1946 1402 vitam
1994 1346 2135 1404 redit

544 1429 654 1499 (IV
687 1430 816 1503 Reg.
858 1433 955 1504 tv).

616 1521 748 1590 Quis
775 1537 906 1596 ergo
934 1525 1311 1596 propheticum
1351 1525 1655 1583 discursum
1689 1528 1815 1598 jure
1851 1529 2048 1584 audeat
2076 1529 2132 1585 in

542 1611 850 1682 exemplum
901 1615 1157 1683 trahere,
1212 1615 1364 1686 cujus
1416 1618 1675 1674 nimirum
1724 1628 1958 1686 constat,
2007 1619 2132 1690 quia

544 1715 721 1772 neque
745 1701 1024 1770 virtutem,
1076 1720 1252 1775 neque
1295 1708 1611 1778 mysterium
1660 1708 1829 1780 possit
1873 1710 2132 1778 aequare?

547 1789 791 1847 Excutiet
820 1792 986 1863 igitur
1021 1794 1237 1850 assidue
1266 1795 1495 1852 bellator
1536 1796 1738 1853 Christi
1766 1800 1819 1854 in
1846 1800 2130 1869 procinctu

543 1882 782 1939 caelestis
811 1885 1018 1941 militia:
1043 1885 1210 1943 lorica
1240 1889 1482 1944 munitus
1509 1889 1631 1946 fidei
1658 1907 1672 1955 ;
1696 1906 1796 1960 pro
1825 1892 2020 1947 castris
2045 1891 2129 1947 sui

545 1975 888 2045 imperatoris
910 1978 974 2032 ad
997 1978 1364 2034 dimicandum
1393 1991 1616 2050 paratus
1641 1997 1854 2052 semper
1887 1983 2131 2050 assistat,

544 2079 614 2122 ne
642 2065 888 2124 fortassis
935 2078 1089 2124 extra
1135 2079 1314 2126 castra
1367 2082 1651 2143 vagantem
1701 2074 1979 2144 reperiens
2005 2089 2130 2130 eum

544 2156 756 2227 gladius
805 2159 1020 2214 hostilis
1062 2161 1328 2216 absumat.
1373 2163 1556 2219 Donec
1594 2164 1780 2219 Abner
1809 2165 2129 2220 commilito-

547 2263 676 2301 num
701 2248 900 2304 castris
925 2249 1192 2317 interfuit,
1210 2252 1644 2308 adversariorum
1668 2255 1854 2310 cuneis
1878 2253 2132 2310 terribilis

546 2340 787 2406 exstitit;
850 2350 1133 2413 postquam
1185 2360 1314 2400 vero
1362 2361 1517 2401 arma
1565 2346 1847 2418 deposuit,
1900 2345 2133 2403 rudioris

549 2431 727 2487 adhuc
754 2433 941 2488 militis
968 2434 1166 2506 gladio,
1197 2437 1320 2493 cresi
1354 2453 1526 2508 nuper
1554 2438 1711 2495 Asael
1739 2455 1928 2510 poenas
1955 2439 2134 2496 exsol-

549 2521 626 2575 vit
679 2522 766 2591 (Il
811 2522 939 2596 Reg.
992 2526 1072 2593 tt).
1126 2527 1270 2583 Uria:
1314 2544 1531 2600 quoque
1573 2530 1620 2585 si
1673 2533 1906 2602 propria:
1943 2532 2135 2587 domus

554 2611 845 2681 hospitium
876 2613 1189 2684 placuisset,
1215 2620 1540 2674 sententiam
1568 2621 1757 2690 procul
1780 2620 1942 2676 dubio
1974 2623 2136 2690 regiae

551 2700 959 2772 indignationis,
989 2720 1052 2760 ac
1085 2705 1292 2764 fraudis
1327 2710 1602 2765 evaderet.
1635 2710 1741 2766 Sed
1766 2712 1892 2782 quia
1924 2699 2134 2767 extrin-

548 2805 710 2847 secus
758 2791 812 2848 in
839 2793 1052 2862 alienis,
1089 2811 1252 2866 quant
1279 2799 1332 2853 in
1367 2800 1588 2870 proprio
1615 2800 1855 2858 dormire
1887 2802 2136 2860 cubiculo

549 2883 780 2948 maluit,
821 2896 1072 2942 auctores
1103 2904 1213 2945 suae
1250 2892 1442 2948 mortis
1468 2892 1677 2949 litteras
1707 2893 1774 2949 ad
1834 2902 2136 2950 castrorum

551 2973 737 3028 urbem
763 2974 1123 3032 obsidentium
1145 2979 1442 3053 principem
1466 2983 1759 3053 reportavit
1785 2981 1869 3056 (II
1888 2982 2015 3056 Reg.
2033 2986 2132 3058 XI).

1108 3117 1338 3178 CAPUT
1375 3121 1566 3179 XXIX.

619 3229 775 3295 Quod
806 3232 904 3287 hoc
949 3243 1177 3306 tempore
1222 3237 1530 3302 praedicatio
1564 3254 1686 3306 non,
1737 3238 1873 3292 sicut
1913 3238 2062 3306 olim,

976 3306 1042 3358 sit
1093 3305 1378 3362 admodum
1416 3307 1710 3378 fructuosa.

621 3438 689 3494 Et
710 3439 929 3512 quidem
958 3441 1056 3497 fuit
1086 3443 1218 3498 olim
1247 3452 1478 3516 tempus,
1510 3464 1617 3518 quo
1645 3448 1783 3506 bona
1811 3452 2140 3507 annuntian-

551 3533 699 3588 tibus
725 3535 958 3591 mundus
995 3537 1212 3607 egebat,
1258 3539 1352 3595 sed
1399 3541 1578 3610 elapsa
1622 3551 1768 3608 sunt,
1819 3557 1885 3598 ac
1925 3545 2140 3599 evoluta

553 3636 821 3696 tempora,
867 3630 1067 3700 quibus
1114 3630 1401 3702 religiosus
1427 3633 1655 3704 quisque
1686 3637 1925 3705 potuerit
1966 3652 2140 3692 saecu-

554 3716 758 3773 laribus
789 3718 1066 3777 fructuose
1087 3723 1401 3788 consulere,
1439 3733 1495 3779 et
1539 3725 1590 3778 in
1634 3736 1814 3782 mente
1841 3722 2140 3784 carnalium

551 3805 855 3875 spiritualia
910 3823 1014 3864 non
1063 3810 1329 3866 inutiliter
1369 3813 1657 3869 seminare.
1704 3814 1856 3871 Nunc
1900 3817 2145 3874 infelices

554 3895 756 3965 quique
785 3898 949 3952 verba
993 3899 1116 3954 vitae
1162 3899 1374 3955 fabulas
1413 3902 1692 3972 deputant,
1737 3913 1790 3958 et
1815 3905 2142 3963 salutaribus

557 3987 776 4043 monitis
801 3987 929 4043 licet
954 4004 1114 4044 aures
1143 3989 1459 4057 adhibeant,
1489 4007 1552 4047 ca
1593 4002 1770 4048 tamen
1801 4009 2020 4050 servare
2048 3997 2139 4051 de-

554 4077 778 4132 clinant.
811 4078 979 4133 Porro
1009 4081 1055 4135 si
1088 4081 1209 4137 fidei
1238 4083 1435 4140 'oculos
1481 4085 1551 4140 ad
1601 4095 1873 4141 transacta
1924 4089 2142 4144 reduci-

556 4185 702 4234 tuus,
727 4171 873 4226 velut
900 4172 1206 4230 fructuosos
1234 4191 1414 4230 ramos
1445 4175 1508 4245 in,
1544 4177 1753 4233 sterilia
1786 4179 2144 4249 degenerasse

557 4262 899 4330 vitulamina,
937 4267 1271 4337 praeteritum
1302 4268 1353 4322 in
1383 4269 1486 4324 boc
1509 4284 1748 4340 praesens
1777 4271 2033 4326 saeculum
2066 4273 2145 4326 itt-

557 4357 822 4413 venimus.

627 4448 759 4516 Quis
783 4452 929 4505 enim
960 4467 1066 4507 non
1097 4453 1341 4516 miretur,
1382 4455 1525 4524 quod
1548 4453 1758 4520 Ninive,
1795 4457 2027 4526 spatiosa
2063 4457 2145 4512 ni-

557 4539 663 4594 mis
699 4549 755 4595 et
801 4542 1240 4612 incomparabilis
1287 4545 1497 4609 civitas,
1533 4546 1599 4600 ad
1637 4560 1824 4600 vocem
1859 4547 2017 4601 unius
2047 4546 2145 4602 lto-

559 4631 723 4687 minis
751 4641 857 4686 tam
885 4633 1042 4688 facile
1071 4651 1101 4688 a
1129 4651 1224 4691 sua
1248 4636 1512 4706 pravitate
1526 4637 2064 4708 275c0nvertitur;
2088 4648 2144 4695 et

559 4723 973 4780 innumerabilis
1001 4727 1259 4796 populus,
1299 4743 1402 4781 non
1435 4727 1607 4782 solum
1637 4743 1759 4784 cum
1813 4729 2052 4798 parvulis
2088 4739 2143 4786 et

561 4813 903 4881 mulieribus,
931 4813 1023 4870 sed
1049 4815 1212 4871 etiam
1235 4832 1358 4872 cum
1374 4815 1638 4884 iumentis
1666 4817 1732 4871 ad
1767 4819 2141 4888 paenitentiam

561 4917 852 4962 revocatur
895 4906 1044 4979 (Jan.
1079 4909 1199 4979 tu)?
1251 4908 1383 4976 Quis
1425 4909 1529 4964 hoc
1568 4916 1843 4980 tempore,
1901 4926 2006 4965 non
2067 4911 2144 4965 di.

559 5012 679 5052 cam
711 4997 938 5054 infirma:
963 5000 1132 5064 aetati,
1167 4999 1249 5055 vel
1289 5000 1463 5062 sexui,
1512 5001 1606 5056 sed
1653 5001 1784 5072 ipsis
1820 5003 1988 5057 etiam
2019 5002 2148 5057 viris

561 5101 855 5159 prtcsumat
908 5090 1112 5162 jejunia
1173 5092 1424 5148 triduana
1487 5093 1882 5163 praescribere,
1936 5102 1994 5148 ut
2049 5109 2149 5149 nec

563 5194 762 5250 aquam
815 5181 1038 5246 bibere,
1092 5198 1190 5238 nce
1234 5185 1528 5254 quidquam
1571 5187 1794 5241 omnino
1838 5187 1943 5241 cibi
1992 5185 2151 5241 liccat

559 5271 890 5338 degustare?
931 5271 1071 5328 Ecce
1105 5275 1247 5343 apud
1283 5276 1511 5346 gentiles
1557 5277 1716 5332 bruta
1762 5277 1924 5332 etiam
1953 5293 2148 5348 pecora

562 5362 630 5413 ad
660 5360 934 5431 prOpheta:
961 5377 1147 5418 vocem
1175 5364 1451 5421 triduanos
1488 5366 1642 5421 cibos
1686 5367 1896 5434 levant;
1932 5383 2054 5423 cum
2093 5377 2151 5423 et

566 5451 666 5521 ipsi
699 5451 950 5508 homines
976 5455 1077 5510 sub
1111 5457 1423 5528 evangelica
1463 5457 1749 5528 disciplina
1776 5499 1790 5524 ,
1838 5459 1973 5513 ultra
2007 5459 2148 5515 diem

561 5543 810 5613 jejunare
840 5556 1211 5602 contemnunt.
1237 5549 1314 5603 llli
1364 5551 1427 5604 ad
1477 5551 1850 5618 paenitentiam
1882 5568 1988 5607 uno
2017 5568 2152 5622 prac—

567 5636 785 5691 dicante
841 5639 1170 5695 unanimiter
1226 5639 1539 5706 confluunt;
1605 5643 1688 5699 isti
1739 5643 2149 5714 prmdicatorum

571 5726 758 5785 turbas
805 5729 1175 5788 indesinenter
1205 5732 1446 5802 audiunt,
1493 5743 1544 5788 et
1579 5734 1797 5790 obedire
1849 5733 2153 5790 nullatenus

2231 527 2424 568 omnes
2454 511 2553 566 viri
2596 510 2734 568 Iuda
2793 520 2850 566 et
2891 508 3172 580 Benjamin
3201 545 3216 572 ,
3269 504 3576 575 quicunque
3620 516 3817 558 uxore!

2231 603 2563 675 alienigenas
2599 602 2889 669 duxerant,
2937 601 3004 655 ad
3036 597 3477 671 praedicationem
3517 594 3702 651 Esdrae
3730 610 3814 652 sa-

2231 696 2465 752 cerdotis
2491 710 2595 750 non
2646 695 2818 750 solum
2879 692 3063 749 illicita
3107 689 3377 747 connubia
3421 687 3815 750 dissolverant.

2232 788 2326 845 sed
2354 797 2411 844 et
2447 803 2661 843 omnem
2696 786 2934 844 sobolem
2985 801 3106 855 quae
3153 799 3220 839 ex
3261 782 3341 838 eis
3383 781 3563 854 genita
3613 778 3820 845 fuerat,

2231 877 2543 949 abjeccrunt
2571 875 2623 948 (Ι
2661 876 2818 931 Esdr.
2845 875 2943 944 x)?
2984 874 3118 943 Quis
3155 873 3363 928 nesciat
3411 878 3644 942 quantus
3673 870 3815 926 viro-

2231 984 2352 1024 rum
2404 984 2563 1025 amor
2613 968 2758 1025 circa
2809 982 3004 1024 uxores
3050 965 3298 1038 proprias
3345 964 3554 1036 vigeat,
3614 971 3823 1034 quanta

2231 1061 2377 1116 circa
2412 1061 2550 1116 filios
2584 1061 2760 1132 pietas
2805 1067 3092 1131 paternum
3143 1066 3331 1128 pectus
3361 1056 3659 1126 astringat?
3687 1053 3823 1124 Quis

2233 1155 2446 1225 ignoret
2472 1154 2541 1209 ad
2569 1151 2968 1209 dissolvendum
2995 1149 3188 1222 duplex
3216 1149 3378 1220 hujus
3403 1147 3825 1205 necessitudinis

2232 1245 2527 1314 vinculum,
2556 1261 2663 1317 quo
2697 1259 2950 1308 maerore,
2984 1260 3088 1315 qua
3133 1240 3498 1297 amaritudine
3535 1255 3595 1297 se
3631 1248 3806 1310 potue

2234 1346 2359 1392 runt
2396 1337 2602 1394 viscera
2653 1337 2888 1393 humana
2934 1332 3266 1391 concutere?
3305 1331 3428 1400 Quo
3458 1329 3826 1386 vehementis.

2234 1430 2356 1487 simi
2385 1429 2586 1484 doloris
2623 1427 2872 1484 inccndio
2923 1434 3184 1498 paternus
3228 1422 3480 1487 affectus,
3513 1419 3826 1490 conjugalis

2235 1521 2450 1578 animus
2498 1520 2811 1592 compulsus
2850 1525 2934 1572 est
2982 1515 3250 1572 aestuare?
3312 1513 3584 1568 Habentes
3632 1520 3827 1566 tamen

2235 1629 2421 1669 veram
2451 1613 2597 1670 circa
2635 1612 2804 1667 Deum
2833 1610 3110 1680 pietatem,
3137 1606 3206 1662 ad
3237 1604 3465 1660 nihilum
3495 1603 3830 1673 redegerunt

2238 1707 2383 1764 falsae
2414 1707 2634 1778 pietatis
2678 1705 2964 1777 imaginem
2993 1721 3007 1769 ;
3049 1713 3212 1776 atque
3248 1711 3306 1757 ut
3331 1708 3514 1758 essent
3544 1701 3597 1755 in
3627 1699 3830 1769 spiritu

2160 1775 2210 1837 Β
2237 1775 2504 1858 νεωρίων
2550 1799 2646 1870 pii,
2693 1775 2820 1854 facti
2860 1806 2986 1852 sunt
3011 1805 3200 1852 contra
3246 1807 3466 1849 carnem
3502 1801 3558 1847 et
3603 1791 3832 1863 sangui-

2233 1910 2358 1951 nem
2397 1891 2742 1948 laudabiliter
2774 1887 2954 1960 rigidi.
2997 1888 3364 1942 Armaverunt
3389 1899 3448 1940 se
3474 1892 3663 1940 contra
3695 1882 3827 1953 jura

2234 1993 2464 2050 naturae,
2501 1991 2560 2038 ut
2611 1990 2932 2037 naturarum
2963 1978 3187 2034 Auctori
3238 1975 3472 2032 fideliter
3499 1973 3828 2030 militarent.

2235 2076 2398 2132 Obliti
2422 2084 2546 2131 sunt
2570 2089 2696 2145 erga
2722 2072 2878 2138 filios,
2911 2071 3052 2142 quod
3079 2068 3292 2126 fuerant
3315 2067 3606 2138 genitores,
3629 2076 3689 2120 ut
3708 2065 3836 2121 veri

2235 2169 2406 2239 patris
2460 2167 2560 2238 ipsi
2609 2166 3021 2222 ascriberentur
3071 2161 3360 2226 hzeredes;
3412 2169 3576 2230 atque
3626 2166 3688 2212 ut
3739 2172 3836 2212 sus

2235 2276 2418 2332 perna:
2442 2259 2590 2330 pacis
2623 2259 2723 2314 sibi
2755 2258 2959 2313 foedera
3002 2254 3352 2318 resarcirent,
3389 2249 3690 2323 conjugalis
3720 2249 3828 2304 tori

2235 2352 2484 2422 copulam
2510 2351 2870 2408 resciderunt.
2909 2346 3172 2404 Nesciunt
3200 2358 3420 2400 servare
3462 2340 3833 2397 matrimoniis

2237 2443 2539 2509 fidem,ubi
2581 2442 2713 2499 fides
2743 2441 2935 2496 melior
2979 2440 3047 2495 ad
3093 2439 3368 2509 proprium
3418 2433 3700 2490 recalescit
3726 2448 3832 2486 au-

2235 2545 2465 2592 ctOrem.
2496 2534 2704 2600 Quibus
2749 2531 2936 2603 utique
2986 2530 3376 2588 convenienter
3424 2533 3642 2596 aptatur
3681 2525 3833 2595 quod

2236 2645 2334 2700 per
2378 2627 2596 2698 Moysen
2632 2625 2870 2682 dicitur:
2917 2643 2934 2674 ι
2961 2624 3062 2691 Qui
3094 2622 3229 2677 dixit
3270 2620 3412 2691 patri
3443 2635 3543 2675 suo
3569 2625 3623 2674 et
3663 2615 3833 2671 matri

2237 2735 2366 2783 suae,
2403 2718 2588 2774 nescio
2632 2732 2766 2784 vos;
2817 2725 2872 2772 et
2912 2713 3172 2770 fratribus
3210 2713 3347 2778 suis,
3400 2713 3588 2781 ignoro
3617 2724 3736 2770 vos,
3776 2716 3836 2762 et

2239 2808 2552 2864 nescierunt
2605 2807 2746 2864 filios
2801 2821 2976 2872 suos,
3036 2806 3071 2862 ii
3127 2803 3500 2860 custodierunt
3551 2799 3833 2869 eloquium

2239 2907 2414 2966 tuum,
2440 2909 2490 2955 et
2518 2907 2735 2970 pactum
2767 2906 2916 2953 tuum
2947 2901 3299 2952 servaverunt
3327 2891 3506 2964 (Deut.
3535 2889 3764 2959 xxxut.)
3806 2908 3826 2941 ι

2310 2990 2462 3059 Quis,
2519 3005 2686 3062 rogo,
2762 3003 2907 3045 nunc
2972 2986 3144 3058 possit
3209 2985 3514 3040 incestnosa
3574 2980 3832 3052 conjugis

2241 3084 2590 3154 quantumvis
2633 3082 3023 3138 instantissima
3056 3077 3437 3152 praedicatione
3477 3072 3837 3130 rescindere?

2163 3150 2212 3215 θ
2245 3150 2376 3243 Quis
2406 3175 2618 3240 valeat,
2666 3190 2772 3230 non
2821 3175 2998 3228 dicam
3042 3150 3336 3243 populum,
3381 3169 3474 3225 scd
3525 3167 3610 3223 vel
3660 3180 3835 3222 unum

2242 3265 2518 3320 hominem
2543 3265 2611 3320 ad
2641 3265 2807 3319 illiciti
2839 3263 3165 3319 matrimonii
3192 3262 3472 3331 repudium
3496 3258 3839 3330 provocare?

2240 3355 2491 3414 Clamant
2531 3357 2673 3413 sacri
2719 3371 2978 3422 canones,
3010 3357 3261 3410 humana:
3306 3353 3360 3408 in
3411 3360 3618 3408 tantum
3651 3351 3838 3407 scelus

2241 3448 2518 3504 vindicant
2545 3447 2692 3520 leges
2717 3490 2732 3516 ,
2783 3447 3056 3504 obsistunt
3100 3446 3483 3516 praedicatores
3525 3443 3835 3500 Ecclesia}:

2240 3546 2296 3591 ct
2360 3545 2558 3593 cuncta
2621 3538 2735 3593 haec
2797 3537 3024 3608 perditis
3085 3536 3399 3592 hominibus
3458 3535 3606 3590 velut
3657 3535 3839 3590 aniles

2241 3627 2431 3682 naenia:
2460 3628 2631 3682 risum
2680 3628 2860 3697 potius
2904 3636 3156 3693 merent,
3209 3642 3371 3697 quam
3413 3627 3483 3682 ad
3520 3625 3838 3698 corrigendi

2240 3718 2438 3788 piaculi
2467 3719 2703 3776 lamenta
2729 3727 3116 3789 compungant.
3144 3718 3284 3773 Ecce
3306 3719 3526 3788 insuper
3542 3718 3644 3772 hoc
3664 3733 3835 3782 anno,

2243 3809 2384 3864 sicut
2414 3809 2608 3876 nostis,
2658 3823 2755 3880 per
2793 3807 3052 3864 Romanae
3080 3809 3222 3864 sedis
3249 3809 3549 3864 antistitem
3579 3807 3664 3863 bis
3702 3822 3839 3864 con-

2244 3909 2524 3972 gregatum
2550 3909 2634 3957 est
2659 3901 2920 3972 synodale
2952 3901 3264 3967 concilium,
3316 3900 3405 3954 ubi
3436 3899 3616 3954 denuo
3643 3912 3841 3954 omnes

2247 3992 2538 4048 iurestuosi
2564 3992 2721 4062 juxta
2747 4007 3018 4048 canonum
3049 3991 3289 4058 decreta,
3311 3990 3681 4049 ecclesiastica
3705 3998 3841 4045 sunt

2245 4086 2627 4140 communione
2657 4083 2874 4155 privati.

2321 4173 2426 4228 Sed
2467 4173 2590 4244 quis
2615 4189 2682 4228 ex
2713 4181 2792 4228 tot
2836 4173 3072 4230 millibus
3116 4173 3396 4229 hominum
3439 4171 3632 4228 saltem
3660 4187 3834 4226 unum

2247 4265 2384 4321 vidit
2419 4266 2488 4320 ab
2537 4266 2755 4322 infausti
2805 4265 3032 4322 foederis
3067 4265 3471 4322 abominatioue
3516 4264 3840 4320 divulsum?

2250 4359 2361 4414 hno
2390 4374 2458 4414 ne
2496 4357 2828 4427 profundiori
2879 4358 3025 4429 juste
3074 4358 3408 4413 clamitantis
3450 4357 3841 4413 absorberetur

2248 4451 2423 4514 hiatu,
2454 4450 2577 4521 quis
2605 4464 2792 4504 eorum
2822 4457 2947 4519 post
2978 4451 3113 4516 haec,
3154 4448 3410 4506 Ecclesite
3456 4449 3618 4504 limen
3659 4456 3842 4503 terere

2251 4540 2492 4596 destitit?
2524 4541 2632 4594 Aut
2677 4540 2799 4609 quis
2842 4541 3064 4610 insuper
3103 4541 3203 4595 ista
3237 4539 3610 4605 considerans,
3643 4538 3711 4591 ab
3739 4551 3839 4592 eo-

2252 4646 2370 4686 rum
2423 4647 2482 4686 se
2529 4629 2899 4686 familiaritate
2962 4631 3241 4686 removit?
3291 4629 3350 4684 In
3411 4643 3603 4684 omnes
3648 4628 3841 4698 itaque

2251 4721 2464 4778 letbalis
2517 4720 2680 4793 leprte
2741 4721 3052 4792 contagium
3115 4720 3326 4791 serpit,
3385 4718 3511 4788 quia
3579 4716 3839 4772 nimirum

2249 4832 2440 4872 omnes
2475 4831 2667 4872 eorum
2715 4814 3007 4884 complices
3051 4811 3359 4882 apostolicae
3400 4807 3843 4868 excommunica-

2253 4908 2414 4963 tionis
2463 4923 2633 4962 nexus
2682 4906 2955 4977 astringit.
3013 4906 3304 4961 Enimvero
3356 4904 3602 4975 quisquis
3647 4901 3844 4972 conju-

2255 5000 2390 5070 galis
2419 4998 2685 5070 prosapiae
2705 4997 2872 5069 276
2899 4997 3070 5052 titulis
3093 4996 3404 5066 insignitur,
3426 4996 3675 5066 quisquis
3698 4994 3842 5052 male

2255 5091 2579 5146 blandientis
2618 5089 2807 5146 formae
2851 5089 2996 5144 avita
3047 5098 3329 5145 venustate
3377 5088 3664 5154 mulcetur,
3699 5103 3846 5157 prte-

2255 5183 2444 5238 sertim
2492 5182 2536 5236 si
2585 5181 2836 5253 largioris
2887 5180 3205 5236 substantia:
3253 5181 3470 5235 dotibus
3515 5179 3719 5242 aflluit,
3756 5180 3843 5234 vel

2227 5273 2653 5329 -subcrescentis
2677 5272 2877 5328 sobolis
2904 5271 3114 5328 indoles
3135 5287 3284 5342 spem
3307 5271 3406 5326 sibi
3437 5270 3632 5325 future
3659 5279 3847 5340 poste-

2255 5365 2432 5419 ritatis
2461 5363 2728 5430 infundit;
2769 5363 3066 5420 consultius
3089 5363 3300 5433 judieat
3335 5379 3364 5416 a
3407 5364 3518 5418 Deo
3553 5358 3844 5418 manifesto

2255 5455 2532 5520 recedere,
2564 5471 2728 5526 quam
2768 5457 2904 5511 adeo
2947 5455 3149 5510 lucrosi
3194 5453 3526 5509 matrimonii
3574 5451 3842 5523 glutinum

2257 5547 2585 5619 disgregare.
2632 5546 2688 5602 Si
2737 5562 2865 5602 vero
2911 5545 2994 5602 his
3037 5547 3310 5601 contraria
3350 5545 3650 5610 evenerint,
3681 5552 3846 5612 atque

2258 5639 2488 5693 luxuria:
2523 5638 2853 5694 calamitatis
2883 5636 3326 5692 incommoditate
3353 5634 3695 5706 percellatur,
3729 5631 3845 5699 ipse

2258 5732 2341 5786 vir
2397 5731 2541 5786 falsae
2592 5728 3076 5799 consanguinitatis
3107 5729 3302 5794 lineam
3334 5728 3488 5794 texit,
3512 5733 3566 5783 et
3602 5722 3846 5801 inaudita
