4106 6320
289 385 393 442 285

1280 390 1518 448 Ol‘USC.
1558 394 1667 448 Xll.
1700 426 1769 434 —
1793 394 1878 449 DE
1906 392 2323 449 CONTEMPTU
2364 392 2657 449 SxECUlJ.

3446 398 3551 455 2'30

285 514 610 573 proavorum
644 500 862 556 nomina
891 516 988 571 per
1026 500 1194 555 multa
1244 515 1555 573 argumenta
1588 505 1866 575 confingit,
1898 506 1946 565 Α
1976 502 2182 556 futuras
2235 502 2523 573 Apostolus
2571 513 2936 569 enumeraret,
2989 506 3235 576 protinus
3261 515 3318 561 ut
3347 508 3553 563 devita-

286 603 450 663 atque
479 607 636 647 senes
658 594 920 662 quosdam
962 594 1013 647 in
1055 594 1214 663 lin-jus
1255 593 1591 664 allegationis
1620 597 1867 651 testimo-

288 686 439 739 nium
497 686 757 749 advocat,
818 701 954 754 quos
1018 695 1199 742 tamen
1255 701 1350 755 per
1402 686 1522 740 vita:
1579 687 1867 741 terminum

285 777 533 834 sublatos
582 794 611 833 e
655 778 832 832 medio
874 794 978 832 non
1022 780 1255 849 ignorat.
1288 778 1404 847 lpse
1446 779 1626 847 itaque
1654 779 1871 833 sibimet

284 879 589 931 accusator,
620 878 670 923 et
714 884 838 945 reus
880 870 1084 925 crimen
1135 870 1403 939 impingit,
1435 869 1610 924 scelus
1640 884 1869 940 exagge-

284 970 393 1027 rat,
420 972 580 1031 atque
611 961 1018 1027 adminiculum,
1041 976 1146 1030 quo
1176 977 1239 1015 ex
1274 972 1381 1015 tam
1408 960 1707 1032 periculoso
1736 975 1867 1016 nau-

284 1056 462 1126 fragio
492 1066 712 1110 enatare
746 1055 935 1125 possit,
968 1056 1205 1124 inquirit.

360 1147 461 1201 Eat
490 1162 619 1218 ergo
650 1161 793 1200 nunc
825 1148 1119 1201 monachus
1143 1189 1157 1214 ,
1208 1146 1544 1203 salutiferum
1590 1149 1711 1203 vita!
1760 1164 1870 1203 sua:

284 1238 456 1290 otium
486 1236 719 1298 deserat,
754 1237 1025 1305 vitamque
1070 1252 1223 1291 suam
1262 1237 1363 1291 sub
1410 1240 1588 1307 specie
1627 1238 1869 1293 lucrandi

286 1328 542 1392 animas,
595 1326 777 1381 inania
834 1328 1131 1392 sectando,
1185 1338 1486 1382 consumat.
1541 1330 1671 1396 Quis
1724 1331 1867 1384 enim

288 1415 631 1472 Simouiacus
679 1428 877 1473 nostra
919 1418 1356 1473 commonitionis
1395 1420 1649 1475 instinctu
1683 1436 1778 1474 sua
1813 1436 1869 1475 se

286 1504 583 1573 aliquando
612 1515 800 1576 sponte
832 1508 1119 1578 deposuit?
1159 1508 1289 1576 Quis
1314 1510 1471 1563 alieni
1492 1510 1631 1579 juris
1664 1510 1870 1565 violen-

287 1604 371 1647 ter
423 1596 659 1657 invasor,
708 1608 935 1668 paterno
988 1599 1102 1653 solo
1150 1598 1402 1668 depulsos
1438 1601 1488 1653 in
1545 1602 1868 1670 patrimonia

286 1685 503 1739 sublata
545 1676 819 1742 restituit?
853 1688 984 1755 Quis
1016 1690 1068 1743 in
1100 1706 1290 1760 campo
1321 1691 1590 1747 bellicosis
1632 1703 1871 1748 armalo~

286 1792 408 1830 rum
435 1779 620 1833 cuneis
644 1781 998 1847 constipatus,
1031 1782 1075 1835 si
1106 1799 1170 1836 ex
1204 1798 1359 1853 atquo
1388 1776 1637 1854 congredi
1673 1784 1865 1853 potuit,

284 1869 569 1923 obstaculo
592 1882 885 1940 sequestra:
911 1874 1061 1941 pacis
1099 1874 1164 1927 ad
1203 1876 1419 1943 propria
1462 1877 1562 1930 nisi
1604 1876 1724 1930 fuso
1750 1892 1883 1932 sans
1908 1855 1949 1913 Β

285 1962 453 2029 g’nine
484 1962 802 2030 repedavit?
831 1962 962 2029 Quis
989 1974 1213 2019 exactor
1242 1979 1412 2034 egeno
1436 1966 1663 2020 debitori
1694 1965 1873 2035 praeli-

287 2065 419 2103 xum
490 2050 849 2121 chirographo
915 2052 1070 2108 fenus
1134 2054 1406 2108 indulsit?
1476 2054 1607 2120 Quis
1663 2056 1877 2110 debitor

288 2143 582 2196 creditoris
610 2143 913 2199 lueredibus
941 2146 1093 2199 bonae
1124 2145 1244 2200 fidei
1287 2145 1411 2216 jura
1452 2147 1721 2201 servavit?
1748 2146 1879 2201 Om-

289 2234 379 2286 nia
408 2236 460 2287 in
491 2235 622 2289 orbe
650 2235 896 2301 confusa,
931 2246 1126 2291 cuncta
1159 2237 1378 2307 pietatis
1408 2252 1473 2291 ac
1503 2238 1625 2291 fidei
1656 2238 1874 2293 decreta

290 2325 571 2379 convulsa.
613 2327 654 2380 A
696 2326 970 2397 judicibus
1018 2328 1227 2397 justitia
1259 2328 1527 2383 venditur.
1560 2329 1603 2382 A
1647 2329 1877 2401 legispe-

291 2416 413 2471 ritis
440 2419 645 2472 veritas
677 2419 962 2473 tenebroso
1008 2419 1356 2475 cavillatorize
1395 2421 1877 2491 argumentationis

288 2509 477 2565 colore
510 2508 773 2565 fuscatur.
806 2509 1036 2566 Venales
1061 2520 1184 2566 sunt
1210 2512 1474 2581 siquidem
1506 2512 1669 2583 leges,
1701 2521 1757 2567 et
1786 2527 1879 2581 pe-

290 2603 450 2658 cunia
485 2603 751 2673 jnstificat
793 2604 1189 2673 delinquentes.
1230 2604 1434 2659 Aurum
1468 2620 1611 2658 nunc
1639 2604 1769 2674 ipsis
1794 2618 1878 2658 se-

291 2695 576 2748 natoribus
609 2694 904 2764 praesidens
934 2695 988 2748 in
1015 2694 1372 2749 tribunalibus
1392 2694 1619 2763 judicat,
1651 2702 1705 2749 et
1734 2693 1879 2749 velut

291 2785 592 2852 imperator
648 2784 867 2853 quidam
926 2784 1273 2854 pragmatica:
1341 2785 1637 2839 sanctionis
1696 2785 1874 2840 edicta

289 2875 622 2944 promulgat.
663 2873 815 2930 Sicut
858 2876 1001 2931 enim
1055 2892 1149 2930 rex
1202 2877 1255 2930 in
1313 2876 1670 2933 secretalibus
1704 2877 1879 2948 adytis

291 2969 362 3022 de
398 2966 546 3035 regni
577 2975 740 3032 statu,
767 2967 832 3021 de
854 2981 1032 3020 rerum
1058 2982 1267 3020 summa
1295 2967 1588 3033 deliberat;
1621 2971 1879 3038 quodam.

291 3060 455 3113 modo
498 3060 577 3114 sic
623 3074 814 3113 aurum
853 3070 908 3116 et
936 3059 1062 3115 latet
1109 3061 1161 3113 in
1198 3060 1441 3124 occulto,
1472 3069 1526 3114 et
1554 3062 1877 3115 sententiam

288 3150 565 3219 depromit
587 3150 638 3203 in
667 3148 901 3222 publico.
932 3149 988 3203 In
1014 3151 1234 3205 sudario
1254 3160 1481 3220 angusto
1508 3151 1875 3215 concluditur,

292 3250 353 3295 et
393 3242 590 3296 decisis
634 3241 861 3310 negotiis
903 3241 1139 3297 calculos
1173 3241 1459 3309 judiciales
1499 3244 1734 3311 apponit.
1760 3242 1881 3298 Ple-

293 3348 527 3402 rumque
559 3334 700 3387 enim
728 3350 867 3404 quos
893 3350 1054 3390 causa
1090 3336 1432 3401 condemnat,
1460 3337 1687 3390 mendax
1718 3352 1877 3407 pecu-

292 3424 385 3478 nia
423 3425 645 3493 przemio
685 3425 876 3493 dignos
921 3426 1225 3496 procaciter
1272 3434 1588 3491 asseverat;
1634 3435 1877 3490 econtra,

292 3529 435 3584 quos
474 3516 806 3572 conscientia
846 3524 1079 3571 testatur
1118 3516 1367 3571 innoxios
1395 3557 1411 3581 ,
1470 3516 1656 3571 statuit
1715 3516 1875 3585 impia

296 3621 479 3660 coram
523 3606 797 3676 judicibus
849 3623 989 3663 reos.
1042 3606 1308 3661 Nummus
1366 3623 1557 3677 nempe
1612 3615 1882 3662 momenta

295 3694 506 3765 legibus
533 3697 740 3760 trilmit,
777 3706 938 3767 atque
966 3698 1031 3751 ad
1062 3714 1217 3750 suum
1267 3696 1594 3752 intellectum
1620 3700 1884 3752 obscuras

296 3788 600 3841 sententias
626 3786 793 3842 falsus
816 3788 1201 3857 interpretator
1230 3787 1474 3842 inﬂectit.
1502 3787 1760 3843 Nummus
1790 3804 1887 3843 cor

292 3876 540 3946 jndirum
572 3879 717 3932 circa
764 3878 959 3933 divites
986 3878 1106 3933 oleo
1154 3879 1449 3949 impietatis
1484 3878 1715 3941 emollit;
1757 3894 1883 3948 erga

300 3987 568 4040 pauperes
597 3987 727 4026 vero
774 3972 841 4027 ad
890 3972 1249 4027 exercendum
1278 3972 1517 4041 vigorem
1546 3972 1731 4039 rigidae
1770 3971 1885 4024 ani-

302 4062 696 4117 madversiouis
720 4062 962 4132 impellit.
993 4061 1143 4117 Nunc
1168 4063 1332 4133 igitur
1364 4062 1588 4114 avaritia
1620 4060 1884 4114 malorum

303 4156 545 4209 omnium
592 4157 765 4219 radix,
794 4155 1013 4209 uberius
1051 4154 1293 4223 pullulat,
1332 4162 1385 4205 et
1414 4160 1668 4220 tanquam
1693 4152 1887 4203 virosae

302 4246 614 4316 propaginis
635 4261 816 4300 ramos
837 4261 934 4317 per
958 4254 1123 4299 totum
1150 4245 1338 4298 urbem
1364 4242 1608 4296 feralium
1633 4241 1885 4295 vitiorum

303 4346 552 4407 portenta
585 4337 790 4391 dilatat.

879 4426 1106 4484 CAPUT
1146 4424 1291 4480 XXX

1974 602 2057 648 ret
2102 592 2329 659 adjecit?
2364 610 2430 648 an
2478 595 2657 663 potius
2705 594 2758 647 in
2806 596 2964 649 unius
3012 612 3239 666 persona
3279 596 3552 667 discipuli,

1972 687 2076 740 illis
2110 686 2421 741 mandatum
2456 688 2557 741 hoc
2588 688 2947 742 communiter
2977 690 3191 753 indidit,
3217 705 3354 759 quos
3376 691 3555 745 adhuc

1971 777 2255 846 deputatus
2287 776 2462 832 ollieio
2483 778 2641 848 juxta
2684 778 2845 832 tinem
2881 779 3061 833 saaculi
3116 779 3231 835 fore
3270 780 3557 850 praevidit?

1969 868 2135 937 lgitur
2163 868 2288 922 dum
2320 884 2425 922 non
2456 868 2587 923 dicit
2617 887 2630 922 :
2664 868 2760 923 His
2805 868 3058 937 praedica,
3104 869 3190 924 his
3224 869 3384 924 verba
3433 870 3557 924 vita:

1971 958 2244 1016 denuntia.
2270 957 2363 1011 sed
2392 975 2411 1008 ο
2441 958 2538 1012 hos
2571 958 2771 1022 devita,
2810 976 2827 1008 ι
2864 956 3104 1027 profecto
3160 958 3431 1013 moderna:
3480 967 3557 1013 te-

1973 1048 2243 1103 meritatis
2282 1047 2625 1102 insolentiam
2650 1049 2848 1119 arguit,
2901 1054 3063 1118 atque
3113 1049 3182 1103 ab
3223 1048 3556 1105 infructuosa

1975 1141 2210 1195 tumidos
2236 1156 2481 1211 quosque
2507 1140 2892 1211 prtedicatione
2922 1142 3239 1210 compescit.

2041 1230 2181 1297 Quid
2219 1231 2285 1285 ad
2312 1231 2425 1285 haec
2461 1246 2556 1287 nos
2600 1233 2850 1287 monachi
2879 1233 3129 1297 dicimus,
3162 1234 3254 1303 qui
3280 1248 3550 1291 mensura:

1971 1330 2172 1377 nostra:
2197 1331 2368 1378 melas
2390 1322 2727 1390 excedimus,
2758 1333 2920 1394 atque
2944 1322 3034 1391 jus
3058 1327 3217 1380 nobis
3248 1326 3410 1381 alieni
3442 1342 3561 1381 mu-

1973 1416 2123 1469 neris
2164 1417 2509 1485 usurpatorie
2544 1416 2990 1471 vindicamus?Si
3008 1418 3208 1473 Paulus
3238 1418 3560 1488 discipulum

1979 1506 2033 1561 in
2072 1507 2175 1563 hoc
2213 1508 2329 1577 ipso
2370 1508 2677 1577 specialiter
2714 1509 3073 1563 constitutum
3118 1510 3186 1563 ab
3219 1509 3562 1579 incorrigibi—

1972 1598 2101 1653 lium
2138 1601 2531 1669 praedicatione
2560 1601 2855 1670 prohibuit,
2890 1618 2998 1672 qua
3035 1618 3133 1657 nos
3160 1603 3401 1657 audaciae
3434 1611 3561 1657 nota

1971 1691 2314 1760 corripimur,
2355 1690 2449 1762 qui
2475 1707 2811 1762 nequaquam
2844 1692 3002 1748 nobis
3030 1694 3277 1762 delegato
3304 1695 3562 1762 [medica-

1974 1784 2134 1838 tionis
2164 1782 2359 1850 oﬂlcio,
2388 1786 2692 1854 importune
2728 1787 3085 1857 nosmetipsos
3116 1786 3438 1856 ingerimus,
3500 1795 3560 1842 et

1979 1884 2170 1929 nostra
2208 1873 2379 1929 salute
2429 1875 2753 1945 postposita,
2788 1874 2979 1930 alienis
3016 1878 3168 1946 quasi
3226 1874 3561 1946 profectibus

1980 1965 2213 2020 inaniter
2246 1965 2603 2021 insudamus?

2049 2055 2216 2110 Cedat
2266 2072 2432 2127 ergo,
2483 2057 2640 2111 cedat
2688 2056 2887 2111 sterilis
2922 2071 3051 2111 cura
3098 2057 3321 2127 negotii.
3355 2055 3563 2126 Super-

1981 2147 2147 2202 ﬂuum
2190 2147 2465 2217 iudicetur
2520 2145 2855 2202 infructuosa
2924 2146 3203 2216 indulgere
3253 2146 3448 2200 labori.
3506 2146 3563 2200 In

1979 2240 2267 2309 semetipsa
2318 2254 2473 2295 mens
2524 2239 2651 2293 totis
2693 2238 2921 2293 collecta
2972 2237 3177 2291 viribus
3225 2235 3430 2300 redeat,
3466 2236 3562 2289 ad-

1980 2344 2175 2385 versus
2204 2326 2568 2399 infatigabiles
2597 2326 2938 2382 adversarios
2961 2324 3188 2395 pervigil
3212 2338 3269 2378 se
3295 2323 3361 2377 ad
3386 2333 3565 2378 certa-

1979 2436 2101 2476 men
2151 2420 2415 2490 accingat.
2481 2418 2777 2473 Cltaritatis
2830 2418 3049 2489 quidem
3097 2416 3396 2471 visceribus
3437 2428 3565 2484 erga

1980 2526 2166 2565 omnes
2193 2510 2519 2563 intrinsecus
2545 2506 2749 2570 affluat,
2774 2508 2840 2561 ad
2867 2506 3138 2560 exteriora
3162 2519 3290 2560 vero
3312 2520 3372 2559 se
3398 2518 3565 2558 causa

1982 2603 2168 2659 alienae
2196 2602 2385 2658 salutis
2413 2600 2703 2655 extendere
2736 2614 3127 2668 supervacuum
3166 2598 3346 2651 ducat.
3386 2595 3469 2650 Ad
3507 2609 3566 2649 se

1979 2692 2321 2747 venientibus
2349 2690 2548 2745 monita
2581 2689 2769 2744 salutis
2792 2689 3090 2758 impendat,
3116 2686 3315 2741 nullius
3344 2686 3569 2741 hortatu

1981 2782 2174 2837 leviter
2206 2782 2437 2852 propriae
2469 2780 2671 2850 quietis
2708 2780 2858 2834 lucra
2908 2785 3219 2849 postponat.
3272 2771 3569 2846 lmperialis

1981 2874 2142 2930 edicti
2174 2874 2367 2944 pagina
2417 2872 2702 2926 veredario
2741 2871 3083 2926 discurrente
3119 2866 3392 2929 defertur;
3442 2864 3566 2919 bul-

1982 2966 2103 3020 lataa
2130 2964 2286 3020 nobis
2315 2963 2532 3034 apocha:
2560 2962 2633 3023 ab,
2653 2969 2876 3017 auctore
2922 2960 3067 3013 sedis
3106 2955 3416 3028 apostolicae
3439 2952 3572 3007 diri-

1982 3067 2210 3129 guntur;
2258 3056 2494 3127 synodus
2520 3060 2903 3123 congregatur,
2935 3048 3207 3119 religiosis
3237 3046 3371 3100 viris
3403 3043 3568 3099 totius

1982 3148 2194 3204 concilii
2226 3162 2435 3201 summa
2467 3145 2843 3200 committitur.
2884 3142 3170 3196 Solotenus
3195 3138 3336 3193 illico
3367 3151 3428 3191 se
3454 3149 3569 3189 mo—

1985 3240 2189 3295 nachus
2233 3238 2412 3292 flectat
2442 3276 2458 3302 ,
2509 3236 2769 3290 honorem
2816 3232 2987 3289 sacris
3032 3229 3230 3284 litteris
3259 3232 3569 3282 reverenter

1981 3327 2259 3391 exhibeat;
2294 3325 2453 3394 hujus
2475 3334 2652 3378 tamen
2674 3320 3033 3392 expeditionis
3063 3332 3257 3372 munus
3286 3332 3319 3370 a
3346 3330 3405 3371 se
3432 3314 3567 3369 alie-

1983 3434 2113 3473 num
2138 3414 2605 3471 irretractabiliter
2630 3415 2813 3477 ducat,
2844 3420 3099 3481 reputans
3128 3409 3271 3463 intra
3293 3422 3353 3463 se
3386 3424 3403 3460 :
3428 3404 3567 3473 Quid

1985 3508 2117 3562 mihi
2162 3522 2283 3561 cum
2330 3504 2547 3574 regibus
2594 3502 2797 3557 teme?
2840 3502 2969 3572 quid
3009 3500 3293 3555 mihicum
3323 3494 3568 3567 synodali

1984 3596 2293 3655 conventu?
2342 3594 2586 3649 Suﬂiciat
2630 3593 2759 3647 mibi
2805 3591 3042 3662 peccatis
3089 3589 3226 3644 meis
3267 3585 3458 3640 ﬂendis
3487 3583 3568 3638 in-

1985 3691 2209 3755 sistere;
2250 3688 2384 3745 satis
2408 3686 2541 3742 mihi
2568 3686 2639 3740 sit
2665 3699 2751 3740 me
2775 3683 2903 3738 huic
2942 3679 3143 3737 mundo
3173 3685 3445 3733 mortuum
3470 3690 3567 3731 ex-

1986 3784 2194 3839 ltibere.

2056 3877 2253 3941 Nolite,
2280 3891 2486 3946 quaeso.
2520 3870 2791 3933 monachi,
2841 3867 3007 3923 nolite
3050 3864 3150 3921 sub
3184 3858 3572 3919 ecclesiastica

1988 3968 2378 4039 compassionis
2407 3963 2584 4035 specie
2617 3976 2800 4031 regum
2833 3956 2987 4012 aulas
3034 3957 3366 4023 irrumpere;
3408 3948 3572 4039 nolite

1988 4036 2147 4112 aureis
2178 4056 2478 4126 principum
2521 4051 2666 4106 velut
2696 4047 2953 4104 salutaria
3001 4042 3334 4114 suggerendo
3358 4080 3374 4104 ,
3419 4036 3574 4091 fasti-

1989 4149 2138 4203 diosa
2187 4144 2592 4215 importunitate
2642 4140 2886 4210 pulsare;
2932 4136 3135 4191 credite
3176 4140 3422 4201 experto,
3455 4141 3575 4182 cro-

1990 4238 2101 4292 dite
2140 4237 2191 4290 in
2245 4236 2403 4305 hujus
2456 4234 2645 4305 gratia:
2695 4230 2887 4285 studiis
2936 4243 3042 4283 non
3090 4226 3286 4280 leviter
3327 4223 3571 4292 fatigato.

1990 4326 2359 4396 lmperatoria:
2385 4338 2617 4391 namque
2636 4320 2907 4390 majestati
2930 4333 3070 4386 stt-pe
3090 4331 3209 4386 qua:
3235 4310 3573 4383 suggerenda

1990 4422 2313 4476 videbantur
2338 4416 2730 4487 expressimus;
2764 4429 2793 4466 a
2821 4412 3044 4466 summis
3070 4407 3411 4479 pontiﬁcibus
3439 4402 3575 4458 invi-

309 4524 463 4590 Quod
524 4539 659 4577 nunc
715 4523 889 4575 omnia
950 4522 1188 4575 ritiorum
1246 4528 1478 4572 monstra
1536 4516 1753 4587 feralius
1809 4515 1881 4569 vi-
1921 4513 2117 4603 Dtati,
2150 4507 2496 4581 synodalibus
2526 4503 2769 4560 conciliis
2815 4499 3190 4600 interfuimus;
3231 4492 3443 4596 sedqui
3472 4491 3575 4546 hoc

1022 4606 1112 4661 θέα
1121 4600 1195 4644 nt.

379 4706 503 4761 llaec
526 4706 775 4761 nimirum
804 4714 1042 4773 tempora
1063 4701 1750 4772 apostolicodeuuntiantur
1762 4713 1888 4752 ora-

308 4800 450 4863 culo,
469 4800 593 4851 dum
626 4796 907 4851 Timotheo
936 4794 1113 4849 futura
1145 4794 1416 4865 praedicit:
1439 4812 1455 4843 ι
1480 4793 1534 4846 ln
1560 4791 1890 4855 novissimis,

309 4891 507 4960 inquit,
522 4889 707 4944 diebus
720 4897 874 4942 erunt
894 4895 1131 4955 tempora
1145 4884 1466 4955 periculosa,
1479 4892 1704 4937 eteruut
1720 4881 1894 4936 homi-

308 4997 409 5037 nes
431 4981 635 5049 seipsos
659 4986 922 5040 amantes,
939 4973 1138 5045 cupidi,
1155 4975 1301 5038 elati,
1317 4972 1553 5044 superbi,
1571 4970 1891 5040 blasphemi,

310 5069 624 5143 parentibus
652 5068 1046 5145 .inobedientes,
1075 5066 1292 5136 ingrati,
1329 5065 1564 5128 scelesti,
1590 5063 1705 5117 sine
1732 5061 1893 5131 277

312 5160 619 5227 affectione,
636 5161 751 5215 sine
767 5175 917 5229 pace,
933 5158 1332 5221 criminatores,
1356 5156 1771 5219 incontinentes,
1790 5168 1896 5207 uu-

311 5252 495 5314 mites,
529 5251 645 5305 sine
668 5249 1360 5319 benignitate,proditores,
1394 5245 1655 5316 protervi,
1682 5241 1892 5307 tmuidi,

312 5342 647 5411 voluptatum
680 5351 946 5395 amatores
974 5340 1144 5409 magis
1167 5354 1327 5407 quam
1358 5337 1472 5401 Dei,
1490 5336 1748 5391 habentes
1776 5350 1893 5405 spe-

312 5435 451 5488 ciem
477 5433 694 5501 quidem
726 5432 965 5500 pietatis,
994 5432 1244 5485 virtutem
1277 5438 1457 5483 autem
1477 5426 1592 5495 ejus
1622 5428 1893 5495 abnegau-

314 5536 398 5579 tes
428 5521 514 5593 (II
540 5522 673 5575 Tim.
706 5524 788 5591 ιιι)
818 5539 831 5589 ;
877 5540 896 5573 ι
926 5530 1088 5591 atque
1119 5522 1202 5575 his
1245 5520 1559 5590 prtetnissis,
1592 5517 1734 5572 illico
1772 5518 1893 5571 sub-

273 5632 279 5639 '
307 5616 487 5686 jungit
518 5632 530 5667 :
564 5632 581 5664 ε
615 5614 679 5668 Et
705 5615 804 5668 hos
835 5614 1009 5668 devita
1035 5613 1184 5685 (ibid.
1211 5612 1250 5681 ).
1288 5632 1305 5662 ι
1336 5609 1582 5678 Nunquid
1613 5623 1782 5678 usque
1823 5606 1890 5660 ad

314 5706 500 5761 mundi
524 5704 682 5773 hujus
709 5706 996 5759 terminum
1030 5704 1347 5760 Timotheus
1375 5710 1730 5774 perventurus
1752 5708 1890 5764 erat,

316 5799 407 5853 cui
438 5814 559 5853 cum
588 5798 876 5867 pravitates
906 5796 1181 5852 hominum
1229 5796 1282 5849 in
1344 5793 1650 5851 umissimis
1702 5793 1891 5847 diebus

1996 4614 2236 4673 tempore
2278 4600 2378 4654 ista
2425 4595 2792 4668 prosequitur,
2828 4601 3083 4661 tauquam
3134 4589 3178 4644 si
3211 4586 3416 4643 semina
3455 4596 3574 4637 cre-

1996 4696 2149 4751 deret
2176 4690 2419 4747 arenosis
2445 4689 2716 4744 littoribus
2742 4684 3005 4740 videatur.

2558 4797 2784 4854 CAPUT
2822 4794 3013 4851 XXXI.

2001 4897 2154 4966 Quod
2196 4897 2249 4951 in
2294 4893 2491 4966 synodo
2517 4889 2803 4966 mortar/ius
2841 4886 2910 4939 ad
2936 4884 3292 4966 episcoporum
3329 4874 3576 4928 invidiam

2428 4963 2585 5017 libere
2619 4959 2761 5030 loqui
2802 4971 2904 5009 non
2936 4954 3146 5007 audeat.

2075 5057 2227 5128 Saepe
2275 5068 2508 5123 namque
2561 5051 2614 5105 in
2679 5044 2924 5103 conciliis
2985 5031 3575 5128 synodalibusApositi,

2002 5125 2262 5220 quosdam
2314 5146 2417 5201 sibi
2464 5140 2708 5198 feraliter
2741 5135 2988 5193 conscius
3014 5129 3305 5220 prmsidere
3331 5126 3497 5196 278
3524 5125 3576 5177 in

2000 5217 2225 5295 numero
2252 5234 2592 5293 sacerdotum
2614 5230 2867 5289 vidimus,
2891 5239 2998 5280 non
3033 5220 3193 5295 modo
3223 5217 3305 5272 sui
3334 5227 3574 5277 securos,

2002 5332 2094 5386 sed
2148 5330 2293 5382 ultro
2338 5326 2501 5379 etiam
2562 5321 2627 5375 ad
2668 5320 2895 5372 aliorum
2960 5313 3189 5368 crimina
3236 5304 3572 5364 defendenda

1999 5418 2342 5490 impudenter
2362 5414 2631 5470 accinctos
2657 5427 2671 5463 :
2704 5409 2795 5477 qui
2819 5407 3095 5470 nimirum,
3120 5411 3179 5457 ut
3201 5398 3499 5490 ferebatur,
3521 5402 3576 5490 et

1999 5485 2121 5567 cum
2171 5511 2391 5565 Simone
2431 5506 2581 5576 prius
2623 5509 2867 5557 emerant
2894 5499 3029 5569 (Act.
3059 5497 3145 5562 tt),
3193 5501 3248 5546 et
3280 5504 3402 5545 cum
3426 5485 3576 5541 Giezi

1999 5601 2337 5673 postmodum
2361 5596 2749 5653 charismatum
2763 5593 2899 5647 dona
2924 5588 3272 5644 vendiderant
3314 5580 3365 5651 (I
3381 5578 3418 5630 l’
3444 5576 3572 5644 Reg.

1999 5695 2072 5765 v).
2098 5694 2334 5760 Quorum
2385 5699 2533 5744 tanta
2585 5688 2665 5741 vis
2716 5683 2935 5742 eratad
2976 5675 3574 5769 excusandas-excusa-

2001 5756 2173 5843 tiones
2204 5785 2254 5837 in
2282 5782 2539 5854 peccatis,
2567 5789 2623 5833 ut
2657 5781 2796 5835 inter
2830 5783 3026 5833 caetera
3067 5768 3230 5834 mala,
3276 5764 3441 5820 etiam
3483 5756 3570 5812 Si-
