4110 5364
544 313 650 369 287

1014 316 1076 371 S.
1107 315 1311 371 PETRI
1352 298 1822 371 DAMIANIOPP.
1873 313 2109 371 TOMUS
2149 314 2283 372 SEU
2324 313 2504 370 PARS
2542 313 3096 373 lll.—0PUSCULA
3132 315 3361 373 VARIA.

3724 319 3834 376 238

546 429 810 487 moniacaa
846 429 1116 486 intereseos
1150 445 1254 485 non
1282 430 1441 485 modo
1469 429 1808 499 defensores,
1854 431 1945 486 sed
1985 429 2135 484 vide-
2165 431 2214 489 Λ
2314 428 2664 500 Reprimatur
2703 444 2832 501 ergo
2862 430 3085 500 quilibet
3120 431 3463 488 frater‘nunc
3510 447 3565 487 ιιι
3593 443 3831 505 angusto

547 531 738 576 rentur
765 520 943 590 potius
983 530 1303 578 assertores.
1336 521 1467 591 Quis
1503 520 1570 577 ad
1614 524 1841 577 istorum
1872 522 2131 576 invidiam

545 613 848 668 monachus
895 612 1093 668 mutire
1139 614 1540 683 praesumeret?
1568 612 1700 680 Quis
1744 613 1811 667 ad
1861 613 2131 683 argncnda

544 706 799 771 erimina,
835 708 918 763 vel
959 705 1230 776 justitiam
1263 709 1672 773 declarandam,
1702 707 1991 764 vcndicare
2027 705 2132 759 sibi

538 796 630 867 jus
657 797 935 853 libertatis
977 799 1235 855 auderet?
1269 799 1415 856 Illico
1457 799 1733 863 saevirent,
1786 798 1929 853 illico
1954 798 2006 851 in
2035 811 2134 852 nos

543 888 695 946 dura:
723 890 1118 960 suggillatiouis
1157 908 1309 947 arma
1356 892 1718 963 corriperent,
1768 898 1824 946 ct
1852 889 2132 960 praemisso

538 978 740 1050 jurgio,
781 980 1058 1037 silentium
1104 982 1460 1053 imperarent,
1504 983 1647 1038 inter
1693 996 1753 1037 se
1794 980 2001 1035 scilicet
2030 980 2134 1035 hoc

544 1074 708 1128 modo
735 1072 967 1128 invicem
998 1083 1400 1142 conquerentes
1430 1092 1444 1129 :
1474 1073 1557 1128 Ad
1598 1072 1889 1129 concilium
1922 1072 2024 1127 hoc
2043 1071 2133 1143 ju-

548 1161 782 1218 dicatnri
822 1161 1195 1218 convenimus.

617 1254 746 1317 Sed,
780 1267 813 1307 ο
857 1267 993 1306 nova
1035 1253 1413 1323 praesumptio!
1466 1263 1798 1310 mortuorum
1847 1252 2133 1309 sententiis

546 1344 913 1415 snbjaccmus,
941 1352 998 1400 et
1038 1344 1412 1415 episcoporum
1444 1353 1570 1399 sunt
1605 1344 1816 1414 judices
1856 1342 2006 1408 facti,
2040 1344 2133 1415 qui

545 1433 792 1506 legaliter
834 1433 933 1488 sub
978 1447 1168 1488 eorum
1195 1432 1411 1488 fuerant
1437 1433 1644 1504 legibus
1672 1433 1973 1488 constituti.
2003 1432 2134 1500 Qni-

544 1527 649 1582 bus
672 1525 964 1597 aliquando
995 1526 1348 1596 respondetur
1380 1543 1393 1579 :
1436 1524 1785 1581 Venerabilcs
1824 1524 2036 1590 Patres,
2078 1532 2135 1581 et

545 1617 775 1682 domini,
806 1617 945 1674 sicut
986 1617 1141 1672 vobis
1169 1617 1480 1686 specialiter
1502 1625 1865 1688 prmrogatum
1891 1616 2133 1685 estjudi-

547 1724 699 1776 care,
743 1710 817 1764 ita
869 1708 1032 1765 etiam
1064 1708 1368 1764 minoribus
1396 1707 1655 1764 Ecclesiae
1701 1707 1960 1763 membris
1991 1722 2134 1763 com-

2238 534 2350 575 sum
2382 520 2702 576 remotionis
2747 521 3041 591 ergastulo,
3083 531 3143 578 ut
3188 522 3412 578 infinita:
3436 523 3831 595 magnitudinis

2235 612 2425 668 domus
2465 612 2570 668 sibi
2598 624 2818 684 paretur
2850 615 2901 668 in
2943 615 3103 671 coelo.
3155 614 3420 672 Jeremias
3459 617 3536 671 ait
3567 634 3581 671 :
3616 635 3635 667 ι
3670 616 3715 673 0
3745 617 3828 673 ls-

2235 701 2372 767 rael,
2420 717 2582 770 quam
2632 718 2823 774 magna
2857 712 2940 760 est
2963 704 3156 759 domus
3188 705 3303 772 Dei,
3352 714 3406 762 et
3434 706 3625 778 ingens
3672 707 3831 763 locus

2232 794 2591 864 possessionis
2639 793 2754 862 ejus
2783 814 2797 849 :
2828 810 3055 868 magnus
3084 837 3098 862 ,
3136 807 3190 852 et
3227 814 3334 853 non
3363 798 3527 854 habet
3569 814 3830 855 consum-

2204 885 2550 950 ‘mationem,
2574 885 2845 949 excelsus,
2891 894 2947 940 et
2996 887 3327 942 immensus!
3370 908 3389 941 ι
3428 887 3682 958 (Baruclt.
3712 891 3825 959 ιιι.)

2234 973 2389 1030 Nunc
2437 991 2497 1031 se
2538 976 2755 1031 vinculo
2799 976 2965 1031 divini
3000 977 3209 1031 timoris
3235 976 3557 1049 obstringat,
3584 988 3645 1033 ut
3671 987 3828 1050 post—

2232 1065 2455 1120 modum
2476 1065 2568 1137 jus
2604 1080 2746 1120 verae
2771 1064 3041 1121 libertatis
3061 1064 3323 1121 obtineat.
3357 1064 3723 1135 Requiesccns
3769 1067 3826 1122 in

2232 1154 2472 1221 Christo,
2501 1164 2717 1225 reputet
2744 1153 2819 1209 nil
2846 1154 2949 1210 sibi
2979 1169 3267 1210 commune
3290 1170 3410 1211 esse
3438 1170 3561 1211 cum
3594 1156 3820 1227 mundo;

2232 1255 2293 1303 ut
2321 1249 2461 1317 quod
2490 1245 2727 1303 Joannes
2764 1244 3041 1317 apostolus
3079 1247 3253 1318 jubet,
3285 1262 3393 1303 non
3431 1245 3607 1301 solum
3632 1246 3822 1312 corde,

2235 1341 2328 1396 sed
2358 1349 2415 1395 et
2450 1354 2676 1411 corpore
2706 1340 2822 1410 ipso
2852 1349 3140 1395 conservet
3171 1355 3184 1394 :
3223 1357 3241 1392 ι
3277 1339 3476 1406 Nolite,
3506 1338 3703 1410 inquit,
3737 1339 3822 1394 di—

2234 1433 2403 1504 ligere
2432 1432 2847 1505 mundum,‘ncc
2873 1447 2936 1488 ea
2969 1447 3089 1502 quae
3130 1433 3183 1487 in
3216 1432 3418 1487 mundo
3446 1441 3594 1487 sunt.
3619 1431 3678 1487 Si
3700 1432 3828 1502 quis

2235 1523 2720 1594 diligitmundum,
2769 1539 2878 1580 non
2903 1531 2986 1579 est
3034 1522 3273 1579 charitas
3315 1522 3493 1580 Patris
3540 1524 3594 1580 in
3635 1539 3703 1580 eo
3734 1523 3825 1592 (ll

2232 1616 2393 1672 Joan.
2417 1617 2503 1688 ιι).
2538 1635 2557 1671 ι
2590 1616 2866 1673 Clarescat
2893 1631 3110 1673 servum
3138 1617 3361 1682 Christi,
3387 1618 3533 1673 nulla
3555 1619 3818 1673 mundum

2236 1705 2522 1762 affectione
2552 1707 2733 1762 cordis
2761 1707 3007 1778 diligere,
3038 1717 3203 1779 atque
3242 1709 3310 1764 ad
3342 1710 3446 1765 hoc
3484 1709 3825 1779 probandum

545 1802 680 1872 petit
701 1803 844 1873 quod
885 1803 1128 1858 sentiunt
1159 1801 1211 1857 in
1243 1818 1531 1858 commune
1577 1801 1861 1868 conferre;
1892 1817 1993 1856 nec
2024 1800 2130 1856 ulla
2162 1780 2611 1885 B.corporalibus
2641 1796 2806 1851 etiam
2841 1796 2986 1853 hunc
3012 1796 3255 1853 fastidiat
3278 1798 3559 1869 gressibus
3573 1799 3828 1869 frequen-

544 1910 813 1950 canonum
843 1895 1140 1951 auctoritas
1164 1894 1419 1965 prohibet
1443 1893 1690 1964 jnniorcs
1714 1908 1835 1964 qua:
1875 1892 2133 1948 Ecclesiae

547 1990 753 2044 ducunt
800 1987 1086 2058 profutura
1137 1987 1480 2057 depromere,
1509 1986 1634 2041 dum
1669 1995 1847 2042 tamen
1876 1984 2133 2040 ventilata

548 2078 767 2150 negotia
783 2076 1114 2147 pontificalis
1130 2077 1317 2149 judieii
1341 2078 1534 2133 debeat
1558 2077 1799 2133 clausula
1815 2077 2130 2134 terminare.

547 2167 605 2223 Si
630 2167 844 2237 quando
865 2182 994 2239 ergo
1018 2167 1140 2235 hoc,
1175 2176 1269 2222 aut
1301 2167 1506 2237 aliquid
1535 2167 1842 2237 hnjusmodi
1874 2168 1980 2223 illis
2007 2184 2132 2223 cum

551 2257 859 2314 humilitate
887 2258 1216 2327 suggeritur,
1247 2273 1592 2328 nequaquam
1637 2258 1905 2327 patienter
1936 2257 2133 2314 admit-

547 2351 681 2405 titur
712 2366 728 2405 :
766 2353 861 2406 sed
891 2351 1156 2422 quidquid
1186 2366 1216 2405 a
1244 2351 1401 2406 nobis
1433 2351 1485 2405 in
1525 2351 1733 2422 synodo
1762 2351 1966 2407 dictum
2007 2360 2091 2406 est
2115 2393 2130 2415 ,

547 2448 722 2495 totum
758 2441 825 2496 ad
859 2440 967 2495 invi
988 2440 1115 2495 liam
1154 2452 1396 2518 nostram
1428 2442 1666 2512 superbo
1695 2440 1958 2497 vocabulo
1988 2439 2135 2512 judi-

547 2534 693 2588 cium
720 2542 1088 2603 nuncupatur.

619 2624 747 2681 llzee
766 2625 1006 2681 breviter
1034 2626 1236 2682 idcirco
1258 2626 1694 2697 perstrinxerim,
1739 2637 1799 2682 ut
1824 2627 1876 2683 in
1904 2643 1989 2686 tne
2015 2629 2133 2700 qui-

545 2715 679 2772 libet
729 2716 1040 2786 inexpertus
1074 2718 1267 2784 discat,
1299 2718 1516 2773 sibimet
1551 2719 1714 2774 etiam
1744 2735 1776 2775 a
1819 2721 2013 2778 talibus
2042 2723 2135 2778 de-

547 2806 754 2863 clinare
777 2823 939 2878 quam
970 2808 1257 2878 diligenter
1287 2810 1559 2880 expediat.
1612 2810 1669 2866 ln
1722 2826 1829 2866 uno
1865 2812 2133 2882 siquidem

544 2898 895 2967 pnevadante
920 2898 1212 2971 colligitur,
1240 2910 1424 2955 utrum
1454 2917 1485 2956 a
1514 2901 1867 2971 subsequenti
1890 2904 2134 2961 exercitu

544 2990 747 3062 ignotae
774 3006 927 3061 aqua:
958 3000 1073 3047 tuto
1097 2993 1231 3049 ﬁdes
1257 2994 1539 3049 habeatur.
1568 2993 1822 3051 Protinus
1852 3011 1911 3052 se
1941 2997 2010 3053 ab
2035 2997 2136 3054 im-

544 3092 674 3153 petu
717 3085 920 3155 proprii
962 3100 1155 3141 cursus
1184 3086 1463 3142 institores
1492 3087 1762 3143 venalium
1811 3089 2133 3159 reprimunt,

543 3190 670 3232 cum
696 3176 778 3229 vel
812 3193 975 3234 unum
998 3192 1063 3233 ex
1091 3178 1205 3233 suis
1234 3179 1413 3235 redire
1446 3194 1477 3233 a
1502 3178 1761 3234 nundinis
1782 3194 2012 3236 vacuum
2028 3196 2133 3236 non

546 3264 825 3321 distractis
857 3267 1133 3325 mercibus
1162 3278 1414 3324 cernunt.
1467 3268 1637 3335 Quem
1688 3270 1962 3327 ruralibus
1990 3272 2138 3327 curis

547 3355 815 3411 intentum
855 3357 1168 3427 frequenter
1193 3376 1346 3431 seges
1385 3372 1576 3431 negata
1606 3363 1823 3428 delusit,
1854 3365 2137 3434 quamplu-

546 3461 636 3503 res
669 3462 702 3501 a
726 3448 928 3504 sterilis
957 3450 1069 3504 arvi
1100 3450 1308 3506 cultura
1326 3454 1688 3523 compescuit.
1707 3454 1841 3510 Cum
1859 3465 2138 3511 scrutator

545 3536 802 3593 fluctuum
844 3537 1029 3594 labore
1073 3538 1387 3606 frustratus,
1414 3558 1583 3598 vacua
1609 3544 1785 3599 lassus
1810 3544 1918 3600 lina
1952 3561 2139 3616 repor-

550 3638 650 3692 tat,
685 3628 847 3687 facile
881 3628 993 3697 jatn
1022 3631 1257 3687 nudatos
1285 3647 1315 3686 a
1348 3633 1742 3703 perlustrandis
1778 3635 1956 3704 inopis
1982 3650 2138 3706 aqua:

549 3717 749 3773 finibus
778 3730 1015 3774 revocat.
1051 3720 1143 3775 Sic
1176 3721 1433 3775 nimirum
1461 3738 1568 3786 me,
1601 3737 1706 3777 non
1734 3724 1864 3777 mihi
1898 3725 2019 3791 soli,
2045 3727 2139 3781 sed

547 3820 607 3866 et
654 3813 867 3866 cunctis
903 3811 1161 3870 fratribus
1191 3814 1326 3868 meis
1366 3812 1491 3867 talia
1526 3822 1765 3870 tentasse
1796 3814 2047 3881 sufficiat,
2078 3826 2140 3872 ut

552 3902 681 3955 dum
712 3900 872 3956 unius
898 3902 1051 3958 labor
1075 3903 1280 3963 inutilis
1306 3902 1469 3957 fuisse
1500 3904 1869 3972 perpenditur,
1894 3920 1999 3959 non
2025 3907 2139 3974 uni,

550 3992 646 4046 sed
672 3991 858 4048 multis
912 4008 942 4048 a
992 3994 1310 4063 supervacui
1355 3994 1557 4050 laboris
1604 3994 1876 4066 impendio
1932 3997 2140 4053 cautela

550 4085 877 4153 praebeatur.

1108 4176 1337 4234 CAPUT
1367 4178 1582 4236 XXXII.

551 4268 704 4335 Quod
726 4271 1012 4347 monac/ms
1038 4287 1094 4325 se
1113 4288 1144 4324 α
1167 4272 1364 4326 mundo
1385 4272 1657 4347 cohibeat.
1685 4285 1734 4330 ct
1767 4274 1860 4332 Dei
1874 4277 2138 4347 judicium

914 4342 1022 4396 suis
1050 4358 1251 4411 semper
1276 4342 1441 4397 oculis
1464 4355 1766 4414 anteponat.

619 4448 877 4519 Quisquis
899 4466 1028 4520 ergo
1058 4454 1356 4507 monachus
1388 4453 1739 4522 perfectionis
1773 4457 1986 4513 culmen
2031 4439 2140 4513 fes—
2167 4488 2213 4547 Β

552 4541 695 4594 tinat
717 4542 1000 4611 attingere,
1053 4542 1194 4594 intra
1225 4544 1541 4600 remotionis
1568 4561 1681 4602 suae
1701 4561 1762 4602 se
1780 4546 2017 4602 claustra
2048 4563 2138 4605 co-

549 4630 757 4694 hibeat,
785 4629 1065 4700 spiritualc
1100 4630 1271 4686 otium
1295 4632 1513 4703 diligat;
1549 4635 1859 4695 discurrere
1888 4652 2018 4694 vero
2046 4654 2142 4709 per

553 4721 832 4790 sacculum,
858 4721 1005 4777 velut
1027 4736 1270 4778 mersare
1295 4738 1356 4779 se
1378 4723 1431 4778 in
1463 4725 1642 4782 lacum
1680 4729 1982 4800 sanguinis,
2015 4746 2140 4801 per-

551 4814 856 4869 horrescat.
896 4811 998 4867 Tot
1032 4813 1177 4867 enim
1215 4814 1504 4870 criminum
1543 4818 1714 4887 magis
1760 4834 1825 4874 ac
1863 4820 2036 4892 magis
2086 4821 2139 4877 in

552 4902 671 4958 dies
718 4902 952 4957 mundus
989 4903 1453 4960 contaminatione
1478 4905 1756 4976 polluitur,
1806 4918 1867 4964 ut
1887 4910 2140 4980 qua-libet

553 5001 738 5048 saneta
774 5008 928 5048 mens
954 4993 1067 5049 sola
1089 4992 1205 5054 eius
1224 4995 1657 5054 consideratione
1685 4998 1939 5054 foedatur.
1972 5002 2138 5054 ωτι»

2236 1895 2375 1944 tare.
2424 1887 2543 1960 Ipsa
2586 1903 2750 1958 porro
2775 1891 3076 1960 corporalis
3100 1892 3430 1947 abstinentia
3474 1893 3577 1962 pia:
3626 1892 3829 1947 mentis

2234 1980 2414 2037 odium
2431 1983 2764 2052 comprobet,
2788 1990 2849 2037 ut
2873 1998 2982 2053 quo
3003 1982 3233 2055 quisque
3260 1999 3288 2038 a
3319 1984 3479 2039 noxia
3509 1984 3695 2039 mundi
3722 1999 3823 2039 no~

2237 2074 2355 2129 tilia
2404 2074 2576 2145 magis
2621 2074 2910 2141 alienatus,
2954 2090 3024 2132 eo
3060 2076 3284 2133 arctiori
3312 2076 3424 2132 Deo
3450 2075 3825 2133 familiaritate

2229 2162 2507 2233 jungatur.
2540 2162 2693 2220 Nunc
2714 2163 2926 2231 ﬂebilis,
2959 2173 3015 2221 et
3043 2179 3281 2222 mmrens
3304 2166 3510 2222 deliros
3535 2166 3590 2220 in
3619 2175 3823 2221 terram

2234 2255 2421 2311 oculos
2444 2264 2645 2321 teneat,
2680 2270 2817 2326 quos
2842 2256 2910 2311 ad
2940 2270 3064 2312 eum
3098 2256 3412 2323 videndum,
3438 2256 3529 2326 qui
3562 2265 3827 2310 venturus

2235 2354 2318 2402 est
2340 2346 2391 2399 in
2425 2344 2660 2401 nubibus
2693 2345 2815 2401 cceli
2842 2361 2966 2402 cum
3001 2353 3270 2417 potestate
3308 2362 3524 2417 magna,
3549 2354 3602 2400 et
3626 2344 3826 2414 majeso

2238 2447 2348 2494 tate
2383 2435 2597 2508 (Matth.
2630 2437 2744 2507 26),
2769 2445 2899 2493 tunc
2927 2438 3082 2494 laetus
3104 2438 3332 2503 attollat,
3376 2439 3519 2493 sicut
3560 2438 3826 2507 scriptum

2233 2540 2319 2584 est
2354 2545 2367 2582 :
2406 2546 2424 2579 ι
2473 2526 2781 2597 Respicite,
2824 2536 2879 2585 et
2919 2528 3097 2585 levate
3121 2530 3298 2601 capita
3331 2538 3535 2598 vestra,
3565 2531 3825 2600 quoniam

2235 2620 2460 2690 pinquat
2491 2620 2786 2691 redemptio
2810 2629 2993 2676 vestra
3019 2620 3170 2693 (Luc.
3203 2620 3340 2692 ut).
3376 2639 3397 2674 ι

2308 2800 2353 2857 0
2408 2815 2569 2870 quam
2611 2800 2680 2855 ad
2728 2799 3192 2870 pronuntiandum
3236 2796 3567 2854 brevissima
3609 2797 3777 2853 verba
3808 2837 3826 2863 ,

2238 2906 2400 2962 quam
2444 2891 2511 2946 ad
2556 2891 3003 2962 pertractandum
3033 2890 3348 2945 medullitus
3369 2890 3580 2945 infinita
3604 2899 3827 2946 senten-

2242 2984 2315 3039 tia
2343 2986 2357 3039 !
2388 2982 2644 3039 videlicet
2665 2998 2788 3040 cum
2813 2984 3031 3055 reprobi
3059 2983 3325 3057 ejulantcs
3353 2983 3686 3039 tremefactis
3715 2983 3829 3039 vis-

2241 3076 2456 3131 ceribus
2471 3075 2651 3131 dicent
2670 3094 2682 3129 :
2702 3095 2720 3126 ι
2740 3074 2784 3132 0
2807 3082 3038 3140 montes,
3062 3074 3238 3130 cadite
3258 3090 3424 3146 super
3436 3089 3555 3143 nos,
3570 3075 3825 3141 etcolles,

2239 3167 2447 3238 operite
2473 3182 2573 3221 nos
2599 3182 2631 3220 a
2668 3166 2806 3221 facie
2823 3165 3076 3221 Sedcntis
3102 3166 3158 3220 in
3186 3167 3383 3221 throno
3410 3165 3561 3238 (Luc.
3596 3167 3778 3232 χχιιι).
3801 3185 3822 3220 ι

2240 3260 2374 3314 Cum
2403 3258 2638 3329 denique
2669 3277 2688 3310 ι
2720 3259 2798 3314 sol
2828 3259 3196 3327 oscnrabitur,
3245 3268 3302 3315 et
3350 3259 3474 3314 luna
3523 3275 3628 3314 non
3677 3260 3832 3315 dabit

2240 3346 2420 3402 lumen
2434 3364 2615 3413 suum,
2637 3357 2693 3404 ct
2714 3347 2883 3404 stella:
2904 3349 3099 3404 cadent
3120 3350 3188 3405 de
3210 3350 3348 3405 caele
3373 3349 3587 3421 (Matth.
3613 3349 3762 3421 χιιι)
3801 3369 3820 3401 ι

2241 3437 2395 3494 Tunc
2433 3438 2689 3493 nimirum
2737 3455 2859 3495 cum
2910 3439 3115 3497 videbit
3147 3455 3270 3495 eum
3319 3440 3497 3495 omnis
3527 3439 3737 3501 oculus,
3772 3448 3831 3495 et

2240 3531 2332 3602 qni
2362 3546 2485 3585 enm
2516 3540 2875 3603 pupugerunt,
2903 3539 2959 3587 et
2987 3531 3245 3603 plangent
3274 3547 3332 3586 se
3357 3547 3519 3602 super
3543 3547 3601 3587 se
3630 3544 3826 3586 omnes

2242 3620 2415 3676 tribus
2438 3629 2619 3676 terrae.
2659 3621 2789 3688 Qua:
2832 3631 3011 3676 autem
3056 3637 3209 3676 mens
3254 3623 3486 3677 humana
3519 3624 3826 3692 concipere,

2242 3728 2362 3783 quin
2386 3713 2565 3782 lingua
2595 3713 2771 3768 valeat
2795 3713 3069 3783 explicare
3096 3722 3360 3783 quantum
3400 3713 3502 3768 erit
3542 3723 3668 3768 tunc
3716 3713 3829 3769 ele-

2240 3812 2451 3858 ctorum
2481 3803 2756 3873 gaudium,
2784 3818 2947 3872 quam
2994 3802 3373 3859 inenarrabilis
3418 3802 3602 3857 laititia
3643 3803 3830 3857 beato-

2241 3910 2383 3958 rum,
2414 3909 2537 3947 cum
2565 3893 2905 3962 periclitante
2937 3893 3155 3956 mundo,
3188 3893 3291 3969 ipsi
3324 3893 3390 3949 de
3415 3903 3617 3948 caetero
3646 3891 3829 3961 snhja—

2240 3998 2364 4040 cere
2383 3983 2637 4053 periculis
2664 3983 2937 4049 desinunt,
2964 3993 3019 4038 et
3042 3983 3277 4038 venienti
3297 3982 3589 4038 immortali
3619 3983 3829 4052 Sponso

2240 4076 2486 4131 accensis
2508 4074 2845 4145 lampadibus
2871 4075 3231 4145 tripudiantes
3247 4076 3571 4131 occurrunt!
3606 4074 3825 4144 (Matth.

2240 4167 2393 4240 XXV.)
2423 4167 2558 4223 Cum
2596 4168 2839 4223 membra
2870 4168 3054 4223 mundi
3094 4168 3160 4221 ad
3204 4167 3524 4238 perferenda
3575 4176 3829 4223 tartarcie

2240 4260 2630 4316 combustionis
2662 4260 2921 4329 supplicia
2945 4269 3229 4324 corruunt,
3263 4261 3360 4327 ipsi
3389 4260 3455 4315 ad
3480 4259 3825 4329 percipienda

2241 4354 2631 4409 inaccessibilis
2674 4353 2860 4423 gloria:
2883 4354 3103 4421 praemia
3131 4352 3314 4408 felices
3338 4354 3657 4424 assurgunt!
3688 4351 3826 4407 Cum

2242 4446 2455 4501 illorum
2494 4446 2606 4499 vita
2650 4453 2874 4514 repente
2904 4459 3052 4499 mors
3080 4444 3401 4499 immortalis
3424 4443 3713 4511 intercipit,
3750 4444 3826 4499 is—

2242 4544 2419 4589 torum
2438 4534 2823 4589 mortalitatem
2840 4535 3039 4589 virtute
3056 4535 3474 4590 resurrectionis
3488 4534 3797 4603 absorptam
3811 4575 3824 4597 ,

2242 4626 2578 4695 iucorruptio
2623 4625 2859 4697 gloriosa
2887 4627 3186 4681 consumit!
3231 4625 3346 4682 Hoc
3380 4627 3592 4682 cunctis
3614 4628 3829 4681 saeculis

2243 4715 2620 4771 admirandum
2648 4715 2923 4787 singulare
2952 4716 3319 4785 spectaculum
3352 4717 3694 4772 incessanter
3719 4717 3824 4770 sibi

2241 4823 2397 4863 mens
2438 4816 2625 4863 saneta
2666 4816 2951 4878 preponat.
3001 4807 3153 4864 llanc
3196 4810 3535 4866 tremendam
3585 4818 3828 4865 ventura:

2242 4897 2598 4953 discussionis
2649 4897 2939 4966 imaginem
2980 4898 3197 4953 assidua
3226 4913 3338 4968 pra:
3381 4900 3551 4956 oculis
3598 4901 3827 4956 medita-

2244 4989 2390 5044 tione
2411 4989 2680 5054 dcpingat.
2716 4988 2833 5044 Jam
2873 5004 2934 5044 se
2973 4990 3058 5043 vir
3079 4990 3284 5047 electus
3315 4991 3380 5046 ad
3433 4992 3669 5048 tribunal
3697 5008 3826 5054 rae:
