4110 5364
593 232 694 290 291

1057 227 1114 283 S.
1141 225 1343 282 PETRI
1381 225 1658 282 DAMIAM
1698 225 1846 282 OPP.
1887 224 2121 282 TOMUS
2161 225 2292 282 SEU
2329 228 2504 284 PARS
2542 229 2626 284 III.
2660 259 2728 270 --
2759 229 3123 288 OPUSCULA
3163 232 3391 290 VARIA.

595 363 737 414 mus,
788 355 846 401 ut
884 343 1092 400 cunctis
1119 357 1404 397 causarum
1446 339 1783 396 smeularium
1823 341 2050 410 negotiis
2093 341 2171 394 in-
2199 381 2246 439 Α
2272 345 2514 439 societate
2562 347 2844 429 repellunt;
2890 349 3037 439 itane!
3079 350 3143 404 ab
3176 351 3651 439 filiani/citanti“;
3675 358 3843 413 decli-

596 438 882 497 sensibiles
914 437 1063 502 facti,
1112 448 1242 490 vere
1282 433 1483 488 mortui
1513 432 1732 496 mundo,
1783 431 1882 486 soli
1926 431 2172 486 vivamus

594 531 745 595 Deo;
784 535 1051 597 quatenus
1094 525 1208 596 ipse
1240 533 1446 587 auctor,
1470 530 1525 578 et
1549 523 1846 578 instructor
1871 520 2169 578 felicissimi

592 620 754 690 hujus
779 617 990 683 ferculi,
1019 617 1125 672 illis
1163 617 1276 672 suis
1303 615 1544 671 convivis
1572 629 1671 670 nos
1712 614 1965 685 dignetur
2000 614 2170 668 ascri-

591 713 742 778 bere,
767 712 859 782 qui
889 727 953 766 ex
973 727 1070 766 ore
1085 709 1337 765 Veritatis
1361 709 1714 764 merebuntur
1737 709 1957 762 audire:
1996 725 2016 760 ι
2055 708 2169 777 Ego

594 802 822 871 dispono
852 801 1003 856 vobis
1028 800 1168 854 sicut
1188 799 1450 869 disposuit
1478 797 1608 852 mihi
1637 795 1798 853 Pater
1834 812 2005 862 meus,
2047 813 2168 868 reg-

594 907 746 957 num,
795 900 856 947 ut
880 890 1051 944 edatis
1092 898 1147 944 et
1185 888 1384 944 bibatis
1412 903 1576 958 super
1612 901 1857 942 mensam
1905 902 2081 942 meam
2117 887 2176 944 in

594 997 764 1050 regno
789 996 908 1036 meo
934 979 1084 1052 (Luc.
1109 980 1266 1049 χιιι).
1297 997 1317 1031 ι

665 1071 1018 1143 Omnipotens
1046 1073 1205 1137 Deus,
1229 1070 1318 1141 qui
1341 1070 1578 1126 charitas
1592 1077 1674 1124 est
1696 1068 1748 1142 (1
1770 1067 2043 1139 Ιοαιων),
2070 1067 2179 1123 fra-

595 1171 705 1219 tres
726 1163 1054 1228 charissimi,
1085 1171 1274 1218 sancto
1305 1162 1457 1218 cordi
1483 1172 1664 1218 vestro
1688 1161 1985 1216 clementer
2012 1161 2178 1230 inspi-

592 1266 694 1319 ret,
729 1264 785 1308 ut
808 1269 906 1324 pro
937 1268 1024 1308 me
1049 1263 1334 1324 peccatore
1358 1253 1650 1324 dignemini
1681 1265 1892 1321 semper
1919 1265 2100 1306 orare.

1223 1461 1535 1518 SCHOLIA.

664 1549 1088 1607 Com-ludendum
1112 1565 1186 1607 est
1212 1553 1390 1622 igitur,
1414 1557 1534 1624 quia
1553 1556 1686 1608 sicut
1703 1557 1764 1608 ab
1785 1557 1864 1610 his
1884 1557 2167 1610 carendum

591 1631 689 1684 est,
718 1639 846 1691 quos
871 1625 1117 1677 moderna
1140 1624 1456 1694 synodorum
1488 1625 1709 1678 concilia
1739 1627 1801 1679 ab
1821 1625 2168 1680 ecclesiastica

2275 415 2526 487 nandum,
2565 432 2692 487 quos
2715 419 2916 487 antiqui
2947 418 3130 473 Patres
3153 420 3496 477 eliminandos
3523 443 3631 478 esse
3659 427 3841 483 decer-

2274 492 2424 564 nunt.
2455 484 2564 564 lioc
2605 485 2724 540 loco
2748 484 2936 564 beatus
2959 488 3246 564 Damianus
3268 491 3412 561 loqui
3439 496 3649 548 videtur
3683 496 3842 564 juxta

2274 551 2526 626 Ecclesia:
2553 569 2780 626 rnorem,
2829 558 2919 626 qui
2969 557 3086 623 ejus
3113 569 3271 613 aetate
3313 551 3647 619 servabatur.
3683 551 3844 623 'Ante

2270 623 2560 703 concilium
2569 625 2725 703 enim
2749 623 3157 703 Constantiense
3181 631 3233 682 in
3255 631 3561 686 universum
3590 636 3847 703 prohibe-

2269 691 2430 778 l’i'atur
2445 692 2684 778 ﬁdelibus
2705 695 3025 778 participare
3053 691 3692 778 cumnexcornmuincatis,
3719 721 3841 778 cap.

2271 758 2500 836 Cautth
2522 773 2594 816 est
2627 758 2722 836 υς
2744 780 2836 834 qu.
2936 775 2998 836 et
3019 782 3139 836 cap.
3163 767 3292 821 Cum
3317 771 3597 827 desideres.
3622 758 3692 828 Et
3714 758 3842 830 alibi

2279 831 2655 910 saepe.-Verum
2679 835 2730 887 in
2753 831 2982 910 concilio
3002 831 3416 910 constantiensi,
3439 856 3536 910 per
3558 842 3772 899 Martini
3801 846 3844 900 V

2277 899 2755 974 Constitutionem,
2803 919 2923 972 quae
2965 905 3150 974 incipit.
3200 922 3214 960 :
3261 909 3343 962 Ad
3387 899 3629 966 evitanda
3675 913 3846 968 multa

2276 970 2550 1047 scandala,
2580 989 2741 1047 quam
2784 970 2839 1029 et
2860 974 2971 1047 _Leo
3017 970 3085 1028 X'
3111 976 3164 1030 in
3209 979 3433 1034 concilio
3470 980 3842 1047 Lateranensi,

2278 1054 2412 1112 sess.
2442 1041 2529 1112 η.
2560 1041 2922 1107 cuntirmavit,
2953 1059 3178 1112 eamque
3205 1047 3367 1102 refert
3393 1049 3652 1106 Martinus
3675 1041 3844 1106 Nava;

2276 1119 2371 1185 rus
2388 1111 2445 1185 in
2471 1109 2709 1185 Summa,
2731 1127 2849 1181 cap.
2871 1113 2962 1178 27,
2991 1109 3136 1168 num.
3159 1116 3249 1180 56,
3277 1117 3426 1185 cujus
3452 1120 3624 1175 adhuc
3654 1122 3844 1176 memi-

2279 1179 2361 1258 nit
2385 1181 2634 1246 Didacus,
2666 1179 2890 1258 (Jovarr.
2920 1185 2972 1237 in
3005 1199 3123 1253 cap.
3155 1179 3308 1239 Alma
3331 1179 3517 1258 mater,
3548 1205 3564 1242 ι
3594 1205 3712 1258 par.
3746 1189 3843 1244 Re-

2277 1249 2395 1304 leet.
2445 1266 2660 1321 paragr.
2704 1253 2759 1316 2,
2801 1249 3087 1308 decretum
3117 1264 3236 1322 est,
3298 1275 3317 1307 ‹
3364 1249 3556 1312 Licere
3597 1249 3843 1316 IItICIIbIIS

2275 1323 2677 1400 communicare
2713 1324 3210 1400 exconnnunicatis,
3254 1328 3492 1400 exceptis
3525 1329 3748 1400 duobus,
3777 1329 3844 1382 iis

2274 1390 2544 1461 videlicet,
2576 1392 2668 1461 qui
2696 1392 3007 1446 nominatim
3035 1393 3231 1447 fuerint
3254 1390 3573 1461 denuntiati,
3623 1408 3714 1451 aut
3737 1390 3849 1453 ino-

2274 1460 2396 1512 torii
2420 1460 2738 1533 clericomm
2764 1475 3125 1533 percussores.
3157 1483 3175 1515 ι
3204 1463 3360 1519 Juxta
3383 1469 3522 1533 quod
3543 1460 3842 1533 decretum,

2272 1531 2446 1585 nostri
2468 1531 2704 1588 doctoris
2735 1531 2908 1586 zelum
2930 1536 3317 1589 etsententiam
3347 1531 3843 1604 interpretabimur.

2601 1620 2678 1678 Sit
2710 1639 2898 1678 nomen
2929 1624 3135 1678 Domini
3163 1625 3505 1682 benedictum.

1262 1796 3818 1828 mm—Wv

799 1939 1162 2017 283-2“
1241 1959 2084 2077 OPUSCULUM
2171 1960 2824 2078 DECIMUM
2911 1965 3597 2079 TERTIUM.

787 2179 892 2238 DE
933 2176 1484 2241 PEBFECTIONE
1526 2177 2121 2239 MONACHORUM.

2271 2188 2279 2228 ι
2319 2177 2397 2238 Ο.
2435 2221 2449 2238 .
2499 2225 2515 2239 .
2558 2223 2573 2238 .
2621 2179 3004 2241 ΑΒΒΑΤΕΜ
3049 2179 3624 2246 POMPOSIANUM

1780 2277 2118 2352 EJUSQUE
2151 2276 2665 2342 CONVENTUM.

1982 2468 2340 2486 Ἢ

585 2602 982 2675 Ancnnmrun.
1028 2629 1099 2640 —-
1142 2601 1200 2652 in
1249 2600 1351 2654 hoc
1392 2599 1572 2656 libello
1611 2595 1992 2675 praeceptoris,
2019 2601 2079 2675 ut
2129 2594 2200 2648 ita
2243 2591 2952 2675 dieam,_olﬁcio-ft_mgitur.
2993 2592 3125 2649 Nam
3171 2612 3292 2675 cum
3332 2604 3716 2675 monacligrurn
3767 2603 3849 2655 sui

662 2671 918 2740 temporis
975 2677 1256 2740 corruptos
1304 2685 1482 2724 mores
1533 2679 1588 2724 et
1613 2663 1882 2740 'instituta
1923 2663 2288 2740 deplorasset,
2327 2665 2543 2718 eosdem
2575 2663 2970 2740 saluberrimis
3019 2667 3302 2734 praeceptis
3332 2669 3414 2740 ad
3465 2668 3850 2740 perfectionem

660 2733 890 2794 instituit
923 2757 936 2793 :
977 2739 1114 2810 quid,
1139 2733 1322 2810 fugere
1360 2741 1614 2803 debeant,
1647 2739 1777 2810 quid
1809 2734 2080 2810 amplecti.
2113 2743 2173 2787 ut
2201 2734 2268 2787 ad
2295 2744 2534 2810 optatam
2575 2733 2818 2786 laborum
2871 2744 3092 2798 metam,
3118 2733 3582 2810 certaminumque
3617 2739 3847 2810 palmam

658 2812 946 2880 pervenire
975 2803 1223 2878 possint:
1241 2809 1467 2862 solerter
1493 2803 1690 2880 erudit.
1734 2808 1800 2862 Et
1831 2803 2046 2880 quidem
2085 2817 2221 2872 pene
2264 2815 2408 2880 totus
2430 2803 2498 2880 in
2542 2817 2608 2858 eo
2643 2812 2746 2880 est,
2777 2812 2836 2856 ut
2877 2819 2972 2858 eos
3001 2806 3322 2880 posthabitis
3342 2803 3591 2880 terrenis
3617 2803 3848 2880 icupidi-

661 2873 878 2944 intibus,
909 2873 1013 2932 non
1037 2880 1104 2932 ob
1135 2893 1416 2948 pmnarum
1445 2879 1810 2948 formidinem,
1845 2873 1939 2929 sed
1970 2890 2086 2948 sua
2107 2881 2308 2948 sponte
2329 2873 2393 2926 ad
2430 2873 2594 2948 Deum
2639 2875 2891 2948 ardenter
2921 2873 3214 2948 amandum
3246 2875 3462 2948 invitet,
3491 2888 3545 2930 et
3566 2878 3633 2931 ad
3677 2873 3849 2946 ipsam

659 2941 918 3004 virtutum
960 2941 1164 3008 arcem}
1195 2948 1536 3012 charitatem,
1569 2947 1720 3016 quasi
1758 2941 2378 3016 manu_perducat._llac
2403 2942 2724 3016 regiavelut
2751 2943 2941 3016 semita
2969 2944 3256 3016 patefacta,
3291 2948 3356 2998 ad
3389 2946 3621 3015 reliquos
3658 2941 3853 3002 deinde

660 3021 919 3073 virtutum
963 3017 1124 3072 calles
1159 3018 1476 3086 digreditur,
1503 3011 1814 3087 patientiam
1855 3011 2080 3087 scilicet,
2116 3011 2496 3087 humilitatem,
2523 3012 2906 3087 obedientiam,
2937 3011 3428 3087 compunctionem,
3456 3011 3850 3086 ptianitentiam,

661 3100 718 3144 et
751 3081 1281 3156 contemplationem,
1313 3081 1514 3155 quibus
1553 3097 1807 3154 tanquam
1846 3082 2164 3156 clarissimis
2195 3083 2440 3156 gemmis
2461 3081 2712 3136 monachi
2763 3083 3026 3156 cujusque
3064 3081 3279 3138 animus
3319 3081 3553 3156 ornatus
3572 3126 3599 3156 ,γ
3637 3102 3744 3140 non
3784 3089 3853 3142 ad

656 3172 882 3212 externa
910 3151 1176 3211 duntaxat
1207 3151 1528 3211 intuentium
1558 3151 1769 3220 oculos,
1807 3156 1900 3208 sed
1935 3153 2002 3206 ad
2049 3151 2218 3220 ipsius
2247 3153 2442 3207 interni
2484 3151 2806 3222 spectatoris
2834 3151 3204 3221 conspectum
3244 3155 3469 3222 pulcher
3499 3165 3552 3209 et
3580 3155 3851 3211 furmosus

660 3237 902 3298 apparet.
935 3227 1035 3282 Ubi
1071 3228 1364 3298 generatim
1395 3229 1460 3280 ad
1489 3241 1678 3280 omnes
1709 3226 1919 3298 locutus
1947 3230 2048 3286 est,
2076 3231 2186 3275 tum
2211 3223 2434 3298 demum
2462 3220 2773 3298 singillatim
2805 3220 3258 3298 ununtQuemque
3277 3225 3360 3278 sui
3387 3225 3544 3279 otiicii
3575 3228 3848 3298 admonet.

659 3291 903 3357 abbates,
947 3291 1281 3365 praepositos,
1315 3306 1651 3364 ccclerosque
1682 3293 2052 3361 cujuscunque
2081 3292 2255 3346 artatis
2282 3291 2350 3346 ad
2393 3292 2532 3346 bene
2575 3291 2838 3358 beateque
2885 3291 3176 3346 vivendum
3219 3291 3373 3360 juxta
3419 3295 3792 3364 praescriptam
3819 3311 3852 3349 ι

577 3371 580 3374 ’
661 3365 957 3434 majoribus
983 3379 1228 3421 normam
1255 3365 1574 3420 informans.

659 3539 868 3592 Domno
885 3537 950 3592 Ο.
985 3575 1000 3590 .
1036 3575 1050 3589 .

586 3629 790 3691 ventui,
824 3628 1040 3682 Parcus
1067 3635 1324 3696 peccator
1345 3625 1645 3680 monachus
1673 3624 2035 3680 devotissimtr
2053 3639 2170 3679 ser-

591 3721 780 3775 vitutis
808 3720 1150 3789 obsequium.
1832 3729 1841 3740 ·

657 3811 994 3881 Pauperi:qu
1034 3809 1262 3865 debitori
1307 3809 1434 3865 licet
1470 3809 1684 3866 solvere
1737 3817 1966 3878 nequeat
2011 3821 2170 3862 omne

589 3903 730 3974 quod
772 3903 956 3967 debet,
1003 3900 1335 3956 excusationi
1364 3908 1540 3955 tamen
1589 3909 1696 3965 est,
1727 3900 1780 3954 id
1819 3899 2169 3969 perexiguum

589 3993 784 4050 otl‘erre
809 3993 952 4064 quod
977 3992 1156 4047 habet.
1188 3991 1344 4062 Stepe
1375 3991 1629 4046 nimirum
1654 3991 1913 4055 rusticus,
1957 3990 2047 4059 qui
2077 4003 2170 4059 pe-

589 4087 801 4140 cuniam
830 4084 1106 4140 feneratus
1163 4091 1468 4153 acceperat,
1519 4082 1760 4137 exactori
1813 4097 1912 4136 suo
1959 4081 2168 4137 olerum

588 4177 854 4232 duntaxat
875 4175 1096 4231 advexit
1131 4175 1373 4242 xenium,
1404 4183 1460 4229 et
1488 4189 1610 4228 mox
1634 4173 1902 4228 cautionis
1923 4188 2033 4227 suae
2055 4172 2170 4227 chi-

539 4265 542 4268 ’
588 4267 856 4336 rograpbo
883 4267 1041 4320 rediit
1082 4265 1376 4320 absolutus.
1409 4265 1518 4334 Ego
1547 4265 1749 4333 itaque,
1775 4264 1866 4334 qui
1895 4261 2169 4318 beneficiis

587 4355 787 4409 vestris
812 4370 1004 4425 magna
1034 4353 1226 4418 debeo,
1249 4353 1383 4407 viles
1414 4353 1625 4406 litteras
1665 4353 1854 4415 mitto;
1886 4351 2040 4414 viles,
2089 4351 2170 4402 in-

568 4441 775 4513 quam,
807 4457 925 4496 mea
948 4442 1266 4507 rusticitate,
1293 4456 1398 4496 non
1421 4456 1519 4494 suo
1539 4456 1754 4510 genere,
1775 4439 2022 4493 videlicet
2050 4453 2169 4507 qua:

588 4540 647 4588 et
673 4532 868 4587 divinae
909 4531 1201 4586 voluntatis
1233 4530 1454 4593 indices,
1505 4540 1556 4582 et
1585 4539 1828 4584 veterum
1875 4543 2167 4586 novorum-

588 4637 694 4693 que
719 4630 990 4694 gestorum
1013 4621 1251 4690 deposita
1261 4621 1350 4675 rite
1373 4621 1481 4674 sint
1507 4619 1708 4673 lidelcs.

1102 4710 1326 4767 CAPUT
1367 4709 1655 4765 PRIMUM.

728 4797 730 4800 ’
771 4803 848 4860 De
887 4805 1189 4860 remissione
1230 4803 1446 4873 fervoris
1474 4811 1670 4857 sancta
1705 4801 1991 4872 religionis.

1088 3577 1100 3589 .
1135 3535 1428 3592 venerabili
1463 3532 1669 3598 abbati,
1717 3542 1773 3586 et
1815 3541 2006 3588 sancto
2039 3547 2171 3586 con-
2198 3531 2628 3602 B'possidemus.
2674 3533 2755 3588 Ac
2797 3532 2842 3588 si
2888 3534 3106 3603 spurius
3142 3550 3277 3604 puer
3316 3538 3486 3605 patris
3533 3539 3750 3607 quidem
3792 3555 3852 3610 se

2271 3622 2481 3676 censeri
2511 3622 2731 3678 nomine
2752 3624 3000 3694 gaudeat,
3052 3627 3144 3680 sed
3169 3627 3384 3697 generis
3413 3630 3495 3681 sui
3527 3631 3851 3699 degenerata

2267 3711 2506 3766 conditio
2535 3711 2740 3782 legibus
2769 3715 2914 3769 hunc
2958 3716 3026 3771 ab
3071 3717 3389 3773 hmreditate
3440 3720 3684 3788 repellat.
3716 3719 3850 3776 Nam

2271 3811 2328 3856 et
2349 3804 2539 3858 lsmael
2577 3812 2630 3859 et
2661 3804 2754 3858 lilii
2785 3803 3033 3862 Cetburze
3069 3822 3258 3863 omnes
3291 3808 3658 3864 indifferenter
3680 3796 3851 3866 Abra-

2271 3891 2354 3946 ita:
2383 3892 2477 3947 lilii
2505 3894 2840 3949 dicebantur.
2891 3897 2997 3952 Sed
3023 3913 3144 3952 cum
3188 3899 3255 3953 ad
3285 3899 3689 3954 successionum
3725 3899 3851 3967 jura
3921 3929 3927 3934 -

2267 3993 2591 4052 perventum
2617 3995 2720 4050 cst,
2748 3984 2900 4042 Isaac
2933 3987 3177 4058 legitimo
3202 3989 3311 4043 tilio
3354 3997 3467 4044 tota
3499 3990 3551 4042 in
3583 3990 3851 4060 integrum

2267 4073 2556 4130 haereditas
2582 4076 2838 4142 traditur;
2882 4080 3304 4134 concubinarum
3339 4088 3517 4132 autem
3567 4080 3691 4134 [iliis
3734 4090 3853 4134 tan-

2261 4167 2543 4224 tummodo
2565 4183 2788 4222 munera
2816 4168 3144 4224 tribuuntur.
3177 4190 3196 4222 ε
3231 4171 3453 4240 Spuria.
3492 4171 3664 4240 inquit
3690 4171 3852 4226 Salo-

2268 4273 2418 4323 mon,
2442 4259 2754 4314 vitulamina
2781 4276 2887 4315 non
2915 4261 3119 4316 dabunt
3143 4263 3348 4317 radices
3373 4263 3509 4318 altas
3535 4262 3687 4333 (Sap.
3713 4264 3844 4334 Μ.»

2267 4353 2379 4408 Nec
2405 4367 2521 4417 vos,
2555 4368 2760 4423 quaeso,
2817 4355 2959 4422 quod
3005 4355 3216 4425 loquor.
3261 4356 3313 4411 in
3345 4366 3576 4410 vestram
3623 4355 3852 4410 vertatis

2267 4444 2541 4513 injuriam.
2592 4444 2774 4501 Nostis
2796 4447 2961 4510 enim,
3017 4448 3141 4516 Quia
3172 4447 3340 4502 fontes
3364 4457 3486 4516 apte
3518 4446 3847 4516 congeritur,

2268 4535 2363 4589 ubi
2411 4535 2646 4590 scintilla
2693 4537 2884 4592 saltem
2933 4538 3076 4606 ignis
3130 4552 3410 4606 superesse
3442 4537 3686 4601 videtur;
3738 4535 3850 4590 illic

2270 4633 2448 4680 autem
2465 4626 2586 4695 quis
2597 4626 2830 4680 inaniter
2841 4624 3036 4690 suniat,
3067 4624 3206 4680 unde
3219 4625 3452 4680 calorem
3468 4627 3678 4694 penitus
3690 4626 3849 4678 exha—

2271 4715 2411 4770 lasse
2423 4717 2756 4772 considerat?
2772 4718 2882 4785 Ego
2895 4718 3079 4779 etiam,
3094 4717 3200 4770 nisi
3216 4731 3313 4786 per
3327 4716 3524 4770 Christi
3537 4716 3767 4786 gratiam
3785 4716 3850 4768 de

2270 4809 2424 4864 vobis
2459 4810 2684 4866 meliora
2719 4811 3075 4874 confiderem,
3109 4808 3312 4864 relictis
3341 4809 3484 4872 aliis,
3514 4808 3847 4864 exhortatio-

661 4894 848 4963 Itaque
889 4912 995 4951 non
1025 4896 1309 4966 ignoratis,
1363 4894 1568 4949 fratres
1614 4893 1744 4958 mei,
1781 4893 1922 4964 quod
1953 4907 2173 4963 gemens
2200 4895 2245 4956 C
2277 4899 2363 4953 nis
2385 4899 2546 4970 285
2577 4899 2718 4970 stylo
2753 4915 2848 4957 vos
2876 4901 3037 4956 etiam
3066 4900 3320 4972 prosequi
3351 4914 3739 4971 supervacuum
3762 4900 3851 4969 ju—

589 4981 804 5050 quuor,
850 4984 917 5038 ad
951 4994 1212 5054 quantum
1241 4985 1412 5041 sancti
1439 4983 1669 5039 fervoris
1704 4983 1887 5054 lapsus
1920 4982 2010 5049 sit,
2058 4982 2166 5036 imo

590 5073 882 5145 proclivius
903 5075 1141 5143 quotidie
1163 5075 1268 5131 labi
1311 5089 1418 5131 non
1451 5076 1660 5132 desinat
1705 5083 1890 5129 noster
1909 5072 2166 5128 ordode-

591 5164 819 5225 fectum,
848 5170 910 5216 ut
931 5161 1045 5232 jam
1071 5165 1309 5219 omnium
1332 5180 1471 5234 pene
1494 5164 1866 5220 mandatorum
1891 5162 2165 5234 negligen-

2273 4989 2534 5043 dicarem.

2345 5077 2722 5149 Quapropter,
2775 5079 3118 5145 cbarissimi,
3165 5079 3221 5134 in
3269 5079 3414 5133 vires
3463 5093 3576 5135 vos.
3635 5077 3849 5132 Chris;o

2271 5167 2583 5233 auxiliante,
2615 5167 2870 5240 colligite,
2898 5164 3120 5235 ejusque
3145 5166 3414 5231 militiam,
3441 5165 3494 5219 in
3523 5165 3674 5234 cujus
3696 5177 3846 5212 arma

591 5263 678 5307 ῑθι·
720 5249 892 5315 οδιξῑὶ.
931 5252 1045 5306 Sola
1092 5254 1446 5322 professionis
1483 5257 1643 5328 lmjns
1689 5255 1971 5310 videamur
2015 5265 2164 5310 ve5te
2262 5257 2512 5326 jurastis,
2565 5273 2671 5313 non
2705 5259 2978 5330 segniter.
3025 5273 3133 5318 non
3183 5255 3494 5318 enerviter,
3521 5255 3613 5308 sed
3645 5249 3848 5304 fervide

632 5341 832 5364 --.a-..a:
890 5339 995 5364 E--L
1025 5342 1259 5364 ._-I2..:-_!

3667 5357 3692 5364 ι.
3716 5355 3815 5364 ...ΛΑ
