4110 5364
280 369 385 426 293

1145 372 1386 429 OPUSC.
1421 371 1555 427 Xlll.
1584 402 1655 413 —-
1682 371 1769 426 DE
1809 370 2285 429 PERFECTIONE
2327 374 2634 432 MONACII.

3452 376 3558 435 294

284 491 411 541 tiam
440 486 507 541 ad
538 486 886 557 perfectionis
914 486 1126 542 culmen
1174 496 1515 542 excrescant.
1545 486 1870 540 Mementote
1901 500 1945 553 Α
1975 487 2199 558 gloriam
2228 490 2713 557 perhorrescimus,
2744 472 2972 547 nitorem
3024 476 3299 546 saecularis
3342 491 3563 547 habitas

282 579 423 647 quod
450 577 640 648 angelo
663 577 849 631 Sardis
872 577 1124 632 Ecclesiae
1148 577 1345 631 dicitur
1368 595 1381 631 ;
1412 596 1430 627 ι
1462 576 1588 630 Esto
1618 576 1868 645 vigilans,

281 678 335 723 et
358 669 620 723 conﬁrma
664 678 891 731 caetera,
930 682 1050 736 qua:
1079 669 1341 722 moritura
1367 676 1551 731 erant;
1583 681 1687 720 non
1725 667 1869 720 enim

283 760 462 815 inveni
496 774 661 830 opera
693 768 779 813 tua
804 758 959 827 plena
980 773 1163 812 coram
1193 758 1303 813 Deo
1333 773 1453 812 meo
1491 758 1675 827 (Apoc.
1709 761 1813 816 ιιι).
1846 773 1865 806 ι

284 851 419 917 Quia
432 850 577 903 enim
602 850 757 918 plena
773 864 959 904 coram
984 850 1092 903 Deo
1113 847 1230 917 ejus
1251 863 1415 917 opera
1440 863 1543 902 non
1567 847 1869 910 invenerat,

284 942 544 996 moritura
566 941 731 996 etiam
756 941 860 1003 illa,
886 941 1135 1010 quaejam
1162 940 1297 993 bene
1319 948 1466 1009 gesta
1492 938 1724 1001 fuerant,
1752 953 1870 1005 per-

286 1033 521 1089 hibebat.
546 1035 602 1088 Si
620 1035 765 1087 enitn
788 1033 928 1102 quod
952 1041 1224 1086 mortuum
1252 1032 1306 1085 in
1335 1030 1488 1085 nobis
1505 1038 1589 1086 est
1612 1031 1680 1084 ad
1706 1030 1868 1083 vitam

285 1140 392 1181 non
422 1127 759 1189 accenditur,
800 1126 903 1180 hoc
928 1124 1091 1179 etiam
1118 1123 1514 1193 exstinguitur,
1548 1122 1690 1192 quod
1716 1122 1869 1191 quasi

285 1218 461 1273 adhuc
484 1218 666 1271 vivum
692 1225 921 1271 tenetur.
948 1215 1133 1271 Perdit
1157 1215 1353 1284 quippe
1374 1214 1517 1282 quod
1540 1222 1747 1282 egerat,
1780 1210 1870 1279 qui

284 1309 425 1378 quod
479 1307 787 1363 faciendum
844 1315 929 1362 est
985 1322 1090 1361 non
1148 1312 1506 1360 consummat.
1544 1302 1681 1370 Quid
1726 1303 1870 1356 enim

286 1399 505 1469 prodest
532 1400 579 1453 si
622 1399 674 1452 in
701 1408 948 1452 materno
971 1407 1127 1450 utero
1153 1393 1374 1449 formari
1399 1408 1596 1463 corpus
1626 1392 1869 1460 incipiat,

287 1500 342 1544 et
370 1499 547 1545 tamen
575 1489 642 1544 ad
683 1488 945 1543 naturalis
984 1485 1304 1541 incrementi
1350 1481 1734 1551 plenitudinem
1767 1494 1871 1533 non

286 1581 598 1651 pertingat?
630 1580 745 1635 Non
772 1579 918 1635 enim
943 1593 1038 1633 vos
1057 1577 1187 1631 latet
1208 1576 1275 1631 de
1301 1590 1403 1645 qua
1426 1572 1609 1628 sobole
1631 1570 1827 1626 dicitur
1857 1586 1871 1624 ;

292 1690 311 1721 ι
346 1670 535 1725 Mulier
563 1686 686 1725 cum
719 1669 883 1740 parit,
908 1667 1183 1722 tristitiam
1213 1665 1395 1729 habet,
1419 1663 1545 1734 quia
1573 1663 1719 1717 venit
1741 1662 1873 1716 hora

284 1760 432 1828 ejus;
461 1778 583 1816 cum
614 1769 794 1815 autem
838 1759 1048 1830 peperit
1074 1771 1322 1827 puerum,
1349 1756 1461 1827 jam
1498 1769 1603 1808 non
1632 1753 1876 1807 meminit

1977 579 2165 632 humili
2197 588 2342 634 veste
2369 589 2657 635 mutamus.
2686 581 2875 651 Magna
2899 590 3025 636 sunt
3052 584 3186 648 brec,
3210 583 3381 636 ardua
3411 595 3558 647 sunt,

1974 667 2169 731 fateor,
2214 671 2492 741 magisque
2536 685 2784 741 superna:
2830 672 3201 726 retributionis
3243 673 3561 728 muneribus

1974 762 2405 830 compensanda;
2437 761 2531 817 sed
2563 764 2740 818 adhuc
2776 772 2947 818 restat
2983 762 3125 819 unde
3160 764 3436 834 praeﬁxum
3466 766 3560 820 de-

1974 852 2099 905 beat
2149 853 2357 922 pondus
2406 853 2640 922 impleri,
2689 863 2748 907 ut
2794 855 2848 907 in
2909 856 3351 925 gamphylacium
3398 855 3562 925 Regis

1974 944 2161 997 aeterni
2200 951 2472 996 mereatur
2500 944 2726 998 admitti.
2760 943 3011 1011 Qttarritis
3033 946 3160 1014 quid
3188 947 3259 999 sit
3285 945 3387 999 hoc
3413 965 3427 999 :
3461 946 3558 1001 0c-

1974 1033 2145 1088 currit
2174 1035 2301 1089 mihi
2324 1034 2591 1102 protinus,
2616 1046 2674 1090 ut
2698 1036 2848 1092 vobis
2876 1037 2978 1091 ista
3006 1038 3359 1106 respondeam
3386 1074 3402 1091 .
3429 1037 3563 1093 Obe-

1976 1122 2195 1185 dientia,
2238 1123 2499 1188 cbaritas,
2541 1126 2818 1197 gaudium,
2853 1141 2980 1194 pax,
3014 1126 3295 1195 patientia,
3328 1134 3565 1181 exterae-

1975 1223 2080 1279 quc
2109 1212 2359 1279 virtutes,
2414 1228 2551 1283 quas
2604 1216 2851 1283 gentium
2904 1216 3228 1285 prmdicalor
3280 1226 3566 1271 enumerat

1976 1297 2178 1370 (Colat.
2210 1302 2289 1371 v).
2322 1302 2429 1357 Sed
2463 1302 2583 1358 volo
2611 1305 2992 1373 compendiose
3038 1305 3427 1376 perstringere,
3458 1320 3564 1374 quo

1976 1392 2145 1447 menti
2182 1401 2376 1448 vestrae
2402 1393 2579 1449 valeat
2609 1394 2837 1459 facilius,
2873 1411 2937 1449 ac
2964 1409 3060 1463 per
3106 1396 3211 1451 hoc
3253 1397 3460 1452 arctius
3484 1397 3565 1451 in—

1976 1481 2207 1538 haerere.
2241 1484 2426 1554 Itaque
2455 1485 2587 1540 nihil
2613 1495 2698 1540 cst
2722 1485 2865 1539 aliud
2892 1486 2995 1540 nisi
3028 1485 3210 1540 fervor
3232 1486 3284 1540 in
3315 1484 3484 1541 Deum
3512 1496 3568 1539 et

1979 1576 2326 1631 mortiﬁcatio
2352 1577 2407 1630 in
2440 1578 2746 1646 temetipso.
2780 1577 2834 1631 Si
2869 1578 3013 1632 enim
3047 1577 3342 1647 apostolica
3386 1578 3438 1630 in
3467 1594 3565 1630 no-

1977 1666 2058 1721 bis
2085 1669 2353 1722 senteutia
2386 1670 2610 1733 viveret,
2640 1684 2747 1739 qua
2783 1670 3021 1724 dicitur:
3056 1687 3075 1721 ‹
3113 1669 3343 1739 Semper
3376 1670 3566 1725 morti-

1979 1756 2287 1812 ﬁcationem
2330 1756 2457 1813 Jesu
2514 1760 2568 1813 in
2618 1772 2846 1829 corpore
2891 1769 3079 1815 nostro
3118 1759 3570 1815 circumferentes

285 1868 556 1923 pressum
586 1862 804 1924 propter
835 1851 1087 1922 gaudium
1115 1889 1131 1917 ,
1164 1849 1292 1919 quia
1335 1858 1493 1903 natus
1514 1855 1599 1902 est
1626 1846 1788 1901 homo
1820 1846 1872 1899 in
1908 1854 1947 1913 Β
1979 1848 2213 1920 (ll.Cor.
2240 1849 2535 1923 v1);iquia
2565 1853 2799 1907 carnalis
2826 1867 2978 1908 amor
2999 1868 3105 1907 non
3134 1852 3358 1908 haberet
3389 1854 3478 1907 ubi
3510 1870 3569 1907 se

284 1944 490 1999 mundo
512 1942 695 2014 (Joan.
722 1945 858 2015 xw).
893 1964 913 1997 ι

926 2036 1154 2095 CAPUT
1179 2035 1242 2092 ll.

288 2131 444 2197 Quod
474 2132 575 2186 nisi
596 2133 814 2205 quisque
837 2130 1041 2205 studeat
1066 2138 1229 2198 erepta
1258 2126 1525 2205 perﬁcere,
1551 2122 1621 2177 ad
1645 2137 1878 2177 amorem

748 2201 847 2256 Dei
888 2210 1105 2270 nequeat
1133 2201 1416 2269 pervenire.

353 2292 677 2368 Abortivurn
730 2311 889 2384 plane
936 2327 1073 2382 Opus
1104 2310 1247 2365 Deus
1292 2323 1399 2365 non
1454 2305 1735 2377 approbat,
1786 2302 1879 2372 qui

284 2417 643 2473 personarum
684 2411 739 2457 et
768 2401 1069 2457 ciliciorum
1092 2439 1109 2465 ,
1142 2397 1511 2453 conditionum
1554 2402 1609 2449 et
1629 2392 1880 2449 ordinum

286 2504 442 2549 actus
472 2494 525 2548 in
554 2502 757 2549 statera
798 2492 1037 2563 provida:
1090 2487 1445 2545 discussionis
1488 2486 1800 2548 examinat,
1827 2489 1882 2535 et

280 2584 531 2638 diversas
561 2584 722 2639 habet
764 2582 945 2638 lances
993 2595 1089 2652 per
1122 2580 1361 2650 singulos
1412 2578 1651 2632 ordines.
1687 2575 1769 2628 An
1811 2573 1881 2628 ad

284 2674 597 2727 trutinanda
627 2673 769 2744 regis
798 2687 963 2743 opera
989 2680 1247 2726 stateram
1278 2669 1517 2725 habilem
1545 2683 1650 2723 non
1678 2666 1882 2721 habue-

284 2756 392 2827 rat,
439 2778 610 2833 eaque
653 2774 807 2818 actus
838 2762 979 2818 illius
1020 2761 1389 2832 appenderat,
1439 2758 1522 2813 cui
1556 2772 1653 2827 per
1689 2768 1878 2809 manus

283 2852 577 2907 articulum
627 2853 680 2905 in
723 2852 929 2922 pariete
970 2848 1314 2905 describebat
1345 2866 1358 2901 :
1392 2846 1671 2916 illegnum
1726 2852 1879 2897 tuum

285 2960 583 3014 appensum
626 2954 712 3001 est
741 2947 793 2999 in
839 2954 1062 3007 statera,
1091 2952 1147 2997 et
1194 2941 1444 2995 iuventus
1480 2956 1540 2994 es
1572 2940 1751 2993 minus
1779 2937 1875 2991 ha-

287 3036 458 3092 bens?
484 3036 646 3106 (Dan.
681 3035 759 3106 v.)
801 3055 817 3087 ι
853 3036 1031 3105 Atque
1068 3032 1271 3088 idcirco
1299 3039 1497 3100 przesto
1532 3030 1878 3099 subjunctum

288 3137 375 3181 est
404 3146 417 3180 :
449 3146 467 3179 ι
496 3127 735 3182 Divisum
763 3137 848 3182 est
874 3141 1096 3196 regnum
1126 3135 1298 3189 tuum,
1338 3132 1393 3178 et
1422 3122 1605 3177 datum
1633 3120 1799 3174 Medis
1824 3127 1879 3173 et

288 3216 471 3271 Persis
500 3217 696 3287 (ibid.).
723 3235 741 3267 ι

360 3305 417 3361 Si
445 3322 576 3377 ergo
608 3322 831 3377 regnum
862 3304 1022 3359 simul
1046 3312 1101 3359 et
1129 3304 1294 3359 vitam
1328 3302 1432 3358 illis
1463 3303 1603 3357 Deus
1626 3299 1876 3371 omnipo-

290 3409 413 3453 tens
450 3398 711 3465 abstulit,
749 3415 855 3453 non
887 3398 958 3453 ob
1005 3398 1151 3453 aliud
1191 3397 1398 3452 crimen
1426 3436 1440 3461 ,
1475 3395 1578 3451 nisi
1611 3395 1738 3465 quia
1768 3404 1877 3448 tam

288 3488 414 3542 boni
443 3489 645 3557 operis,
674 3489 831 3557 quale
864 3504 1044 3559 regem
1069 3490 1345 3551 decuerat,
1376 3488 1428 3539 iu
1473 3500 1538 3540 eo
1589 3482 1880 3555 plenitudic

288 3596 414 3635 nem
447 3596 551 3635 non
587 3582 822 3647 invenit;
852 3581 980 3651 quid
1038 3582 1105 3635 de
1156 3578 1313 3635 nobis
1360 3588 1442 3633 est
1493 3573 1876 3639 sentiendum,

287 3672 381 3741 qui
432 3673 530 3727 sub
560 3671 897 3743 professione
947 3673 1244 3728 manastica
1292 3680 1346 3726 et
1394 3670 1655 3725 scandere
1705 3667 1880 3737 perfe-

284 3765 488 3820 ctionis
536 3766 750 3821 excelsa
806 3766 1185 3837 promisimus,
1235 3774 1293 3820 et
1338 3764 1513 3818 adhuc
1556 3772 1737 3817 tamen
1779 3758 1881 3815 sub

287 3863 510 3924 torpore
558 3856 779 3911 desidia:
830 3856 883 3911 in
925 3855 1349 3927 imperfectionis
1391 3862 1590 3910 nostra:
1639 3850 1881 3907 convalle

280 3947 573 4017 iacemus?
615 3949 684 4005 Ut
737 3951 864 4020 quid
908 3951 1067 4004 homo
1113 3950 1241 4004 totis
1291 3947 1498 4002 nisibus
1550 3960 1655 4013 non
1683 3944 1883 4014 satagit

290 4040 518 4109 implere
585 4041 729 4110 quod
789 4040 999 4096 instat?
1055 4040 1137 4094 Ob
1204 4040 1259 4093 id
1316 4038 1507 4092 saltem
1573 4051 1643 4091 ne
1689 4034 1882 4105 perdat

287 4146 456 4185 omne
495 4135 633 4200 quod
663 4132 938 4201 prazterito
972 4132 1156 4186 labore
1184 4129 1493 4199 quasierat.
1540 4126 1675 4180 Nam
1710 4140 1882 4195 quan-

292 4222 540 4277 tumlibet
587 4223 800 4279 itineris
840 4224 1069 4296 quisque
1116 4222 1421 4293 perrexerit
1446 4262 1461 4285 ,
1494 4219 1644 4289 quid,
1673 4233 1880 4289 quzeso,

288 4314 507 4386 proﬁcit
532 4315 578 4369 si
607 4316 675 4370 ad
703 4315 877 4369 locum
902 4314 1236 4385 propositum
1262 4327 1369 4366 non
1394 4310 1659 4380 attingat?
1687 4310 1877 4375 Porro,

290 4405 337 4460 si
372 4405 639 4475 quispiam
673 4407 787 4477 regi
832 4406 1180 4460 vehementer
1231 4402 1475 4459 infensus
1502 4442 1517 4469 ,
1565 4417 1672 4457 non
1725 4400 1883 4455 aliter

291 4496 475 4551 redire
519 4498 571 4549 in
602 4497 832 4566 gratiam
859 4496 1061 4566 possit,
1095 4494 1198 4549 nisi
1231 4502 1451 4555 centum
1477 4494 1688 4565 argenti
1718 4492 1884 4548 libras

1981 1940 2119 1995 intra
2151 1951 2335 1995 nostra
2367 1938 2704 2007 diffunderet,
2737 1943 3047 1998 necessario
3073 1958 3131 1997 se
3161 1944 3339 1999 omnis
3382 1955 3569 2001 nostra

1980 2032 2268 2087 delectatio
2299 2032 2353 2087 in
2376 2032 2546 2088 Deum
2569 2048 2829 2104 suspensa
2853 2034 3206 2089 transferret:
3236 2044 3291 2090 et
3335 2036 3445 2091 illic
3471 2052 3568 2091 no-

1978 2133 2091 2180 ster
2114 2126 2252 2196 ignis
2275 2126 2529 2181 exsiliens
2552 2127 2773 2194 viveret,
2801 2126 2927 2197 quia
2950 2127 3091 2181 intra
3115 2142 3214 2181 nos
3238 2126 3569 2186 diffundendi

1980 2230 2039 2271 se
2067 2218 2298 2285 spatium
2327 2232 2436 2272 non
2467 2216 2711 2273 haberet.
2742 2216 2989 2273 Prudens
3035 2218 3236 2273 etenim
3267 2219 3371 2283 vir,
3416 2229 3472 2275 ct
3501 2220 3569 2274 ad

1980 2307 2170 2361 salutis
2214 2322 2324 2361 sure
2365 2309 2667 2363 custodiam
2716 2310 3066 2365 vehementer
3109 2310 3367 2375 intentus,
3424 2320 3569 2365 tanta

1980 2398 2341 2467 reprimendis
2378 2399 2521 2453 vitiis
2565 2399 2925 2455 sollicitudine
2953 2414 3169 2471 semper
3216 2400 3478 2471 invigilat,
3511 2412 3571 2459 ut

1979 2487 2234 2556 perfectze
2266 2488 2700 2544 mortiﬁcationis
2740 2488 2956 2560 cingulo
2984 2487 3199 2546 lumbos
3240 2506 3370 2547 suos
3401 2501 3456 2547 et
3486 2509 3571 2547 re-

1979 2594 2096 2645 nes,
2128 2588 2370 2635 ventrem
2402 2595 2508 2634 una
2563 2596 2688 2635 cum
2736 2582 3000 2638 lateribus
3052 2583 3289 2653 undique
3332 2584 3569 2640 circurn-

1980 2669 2231 2739 stringat.
2269 2668 2423 2737 Quod
2450 2669 2709 2725 nimirum
2743 2680 2872 2725 tunc
2907 2670 2986 2737 ﬁt,
3016 2687 3138 2726 cum
3170 2672 3419 2742 pruriens
3449 2672 3571 2744 gula

1981 2762 2329 2831 reprimitur;
2362 2776 2485 2815 cum
2514 2761 2696 2833 lingua
2724 2778 2929 2833 procax
2961 2764 3063 2819 sub
3090 2764 3310 2820 silentio
3340 2765 3566 2820 cohibe-

1981 2861 2097 2918 tur;
2130 2853 2424 2911 cumauris
2452 2867 2483 2907 a
2506 2853 2934 2910 detractionibus
2965 2855 3267 2922 clauditur;
3295 2872 3417 2910 cum
3442 2870 3571 2910 oeu-

1979 2944 2065 2998 lus
2093 2953 2377 3015 aspectare
2401 2960 2521 3016 qua:
2545 2954 2671 2999 sunt
2700 2945 2914 3012 illicita,
2947 2946 3297 3014 prohibetur;
3333 2962 3454 3001 cum
3488 2963 3573 3001 re-

1978 3034 2186 3090 tinetur
2212 3050 2427 3099 manus,
2454 3050 2523 3089 ne
2549 3035 2840 3091 crcduliter
2867 3035 3048 3101 feriat,
3080 3052 3178 3106 pes
3203 3052 3272 3091 ne
3297 3038 3569 3108 vagabuzt-

1979 3124 2079 3179 dus
2106 3125 2343 3179 inaniter
2372 3132 2592 3196 pergat;
2623 3140 2747 3179 cum
2778 3124 3054 3179 resistitur
3102 3124 3273 3191 cordi,
3325 3141 3392 3180 ne
3442 3142 3568 3195 prc-

1897 3216 1943 3278 C
1974 3215 2150 3286 speris
2176 3216 2370 3271 aliena:
2408 3214 2686 3271 felicitatis
2712 3217 2969 3280 invideat,
3000 3230 3070 3271 ne
3099 3215 3243 3285 quod
3275 3231 3430 3272 suum
3462 3230 3568 3271 non

1982 3317 2088 3374 est,
2123 3322 2222 3378 per
2251 3307 2539 3362 avaritiam
2569 3308 2943 3377 concupiscat,
2977 3322 3044 3362 ne
3068 3321 3127 3361 se
3148 3308 3218 3363 ab
3246 3322 3433 3362 amore
3460 3306 3568 3361 fra-

1983 3407 2141 3456 terno
2174 3415 2275 3469 per
2305 3399 2647 3454 iracundiam
2677 3398 2905 3464 dividat,
2938 3413 3007 3453 ne
3036 3413 3093 3452 se
3135 3413 3301 3467 super
3342 3406 3568 3453 creteros

1983 3500 2303 3561 arroganter
2328 3490 2570 3555 extollat,
2600 3504 2671 3545 ne
2697 3488 2938 3544 titillanti
2961 3490 3191 3545 luxuriae
3234 3504 3302 3545 ex
3332 3490 3569 3545 delecta-

1983 3580 2129 3636 tione
2156 3581 2479 3646 consentiat,
2509 3594 2577 3635 ne
2602 3594 2660 3635 se
2688 3580 2772 3637 vel
2823 3580 2877 3635 in
2924 3594 3217 3634 maerorem
3247 3580 3573 3635 immodera-

1983 3670 2090 3725 tius
2135 3672 2422 3740 deprimat,
2477 3671 2562 3726 vel
2610 3671 2799 3727 laititia
2862 3670 3266 3726 lenocinantem
3315 3671 3570 3727 resolvat.

1982 3761 2121 3829 Quia
2152 3763 2317 3833 igitur
2341 3763 2576 3817 humana
2609 3778 2763 3819 meus
2788 3763 3005 3834 penitus
3030 3777 3226 3818 vacare
3270 3777 3377 3817 non
3407 3761 3569 3827 valet,

1982 3864 2044 3910 ut
2070 3855 2360 3926 cujuslibet
2390 3856 2468 3910 rei
2496 3870 2556 3911 se
2605 3870 2792 3912 amore
2836 3871 2945 3911 non
2999 3864 3251 3926 occupet,
3299 3870 3421 3911 cum
3470 3855 3574 3911 hoc

1983 3946 2245 4001 virtutum
2278 3962 2433 4001 muro
2455 3947 2694 4016 undique
2721 3946 3194 4012 circumcluditur;
3219 3946 3309 4015 qui
3339 3961 3398 3999 se
3424 3945 3571 4000 citca

1988 4053 2047 4095 se
2075 4055 2419 4109 nequaquam
2444 4040 2673 4095 dilatare
2697 4040 3052 4109 permittitur,
3082 4054 3245 4108 supra
3270 4052 3330 4092 se
3354 4052 3575 4092 necesse

1982 4139 2067 4186 est
2094 4130 2354 4199 rapiatur.

2596 4217 2825 4275 CAPUT
2863 4219 2950 4273 ill.

1987 4310 2140 4377 Quod
2171 4326 2376 4364 necesse
2404 4311 2469 4363 sit
2498 4319 2691 4363 terram
2725 4311 2890 4363 nostri
2921 4310 3093 4362 cordis
3141 4308 3399 4375 excolere,
3437 4310 3482 4363 si
3508 4309 3571 4364 de

2226 4385 2403 4450 ampla
2445 4379 2684 4434 voluntas
2712 4382 3035 4450 possessione
3070 4381 3313 4453 gaudere.

2059 4492 2172 4547 Hoc
2201 4493 2381 4562 itaque
2409 4492 2570 4546 modo
2593 4506 2713 4546 cum
2744 4506 2897 4546 mens
2922 4502 3105 4547 nostra
3138 4493 3190 4547 iu
3223 4508 3321 4548 suo
3346 4496 3574 4565 coepeth

284 4559 630 4658 appenderit:
654 4596 834 4644 certus
853 4559 977 4658 quia
1002 4559 1125 4656 post
1148 4585 1381 4641 solutum
1403 4559 1705 4640 exaciionis
1725 4584 1884 4654 regia:
1914 4559 1963 4619 θ
1989 4592 2213 4638 auctore
2241 4559 2552 4652 quiescere,
2585 4590 2641 4636 et
2669 4596 2736 4636 ex
2769 4580 2857 4636 illa
2884 4582 2997 4651 jam
3028 4583 3330 4639 dulcedinis
3372 4559 3575 4639 inlitum

291 4679 556 4745 debitum,
586 4694 693 4734 non
723 4679 894 4733 solum
940 4678 1193 4748 gratiam,
1222 4676 1317 4731 sed
1348 4684 1402 4730 et
1446 4692 1655 4746 magna:
1698 4673 1881 4743 cujus-

291 4771 418 4825 dam
447 4768 721 4841 dignitatis
744 4770 848 4824 erit
884 4768 1082 4822 infulas
1107 4774 1461 4837 accepturus;
1502 4765 1747 4836 nunquid
1776 4779 1884 4820 non

282 4861 478 4916 fatuus
505 4861 610 4915 erit
653 4861 698 4915 si
738 4859 1029 4929 nonaginta
1061 4873 1255 4913 novem
1288 4856 1474 4921 libras,
1504 4871 1625 4925 qua:
1655 4856 1885 4924 publicis

289 4952 500 5007 aerariis
518 4952 677 5006 illatre
695 4952 809 5021 jam
827 4948 1059 5013 fuerant,
1076 4950 1257 5018 perire
1274 4947 1500 5018 patitur,
1525 4948 1630 5003 nisi
1648 4946 1760 5001 sola
1779 4960 1886 5001 una

289 5042 462 5115 286
485 5058 602 5112 qua:
614 5043 683 5098 de
702 5039 913 5095 ratione
931 5048 1282 5105 remanserat,
1305 5038 1674 5108 persolvatur?
1694 5037 1883 5092 Nonne

727 5129 995 5160 mnl‘:ﬂl‘ln
1029 5130 1078 5160 :l'
1122 5129 1263 5160 nllnl‘

289 5134 485 5160 ...ΛΠ-ιη
514 5144 590 5160 Α...
640 5140 694 5160 ..ο
727 5129 995 5160 Μηλίου-η
1029 5130 1078 5160 LI
1122 5129 1263 5160 nun.‘
1298 5136 1458 5160 “aulai
1492 5130 1652 5160 nlnnn
1702 5129 1879 5160 cnlutna

1986 4674 2251 4729 suavitate
2277 4682 2496 4742 gustare
2522 4690 2537 4725 :
2574 4688 2695 4725 mox
2728 4671 2988 4743 quidquid
3015 4675 3209 4729 divinae
3235 4672 3336 4743 legi
3364 4673 3575 4741 judicat

1986 4780 2107 4820 esse
2142 4765 2497 4827 contrarium,
2531 4763 2765 4831 respuit;
2799 4763 3061 4833 quidquid
3085 4781 3114 4817 a
3147 4779 3395 4832 supernae
3417 4764 3571 4833 justi.

1988 4855 2076 4911 tiae
2112 4853 2299 4923 regula
2331 4854 2625 4923 discrepat,
2655 4854 3014 4910 abborrescit.
3059 4855 3198 4911 Hinc
3242 4856 3401 4924 plane
3447 4871 3576 4910 vera

1987 4944 2342 5001 mortiﬁcatio
2371 4944 2534 5014 287
2565 4942 2842 5007 nascitur;
2876 4943 3009 4998 hinc
3038 4944 3119 5006 ﬁt,
3169 4951 3228 4997 ut
3285 4945 3448 4999 homo
3477 4944 3582 5000 Rc-

1989 5032 2285 5105 demptoris
2310 5035 2395 5089 sui
2434 5033 2678 5101 bajulans
2712 5044 2951 5098 crucem,
2984 5032 3184 5087 mundo
3231 5043 3476 5089 mortuus
3502 5037 3585 5088 vi-

1986 5125 2177 5160 Anulum

2229 5124 2413 5160 “anno
2445 5124 2548 5160 ἷιιιιι
2598 5137 2701 5160 nnn
2744 5121 3048 5160 (nlullan-Iun
3095 5122 3286 5160 adlltlnl
3342 5122 3555 5160 ἶηηηίῖἶε
