4110 5364
464 174 467 177 “
553 196 663 254 295

1018 197 1075 252 S.
1109 198 1310 253 PETRI
1352 199 1632 255 DAMIANI
1670 198 1819 257 OPP.
1854 199 2088 259 TOMUS
2126 200 2258 258 SEU
2296 200 2475 257 PARS
2515 200 2598 257 ΙΙΙ.
2633 200 3085 259 -—OPUSCULA
3128 201 3357 259 VAl'tlA.

3717 205 3824 261 296

628 310 726 366 llic
757 310 938 379 itaque
969 309 1052 362 vir
1076 320 1364 379 postquam
1415 311 1577 365 urbes
1623 310 1858 364 hostium
1902 310 2131 374 subruit,
2165 322 2213 379 Α
2239 309 2490 364 sulcaret.
2521 308 2654 364 Nam
2695 309 3004 380 ubicunque
3049 311 3282 371 duriora,
3314 310 3397 366 vel
3427 310 3824 379 quantumlibet

556 413 839 475 postquam
872 415 1057 469 regum
1087 401 1140 456 in
1164 400 1414 470 spelunca
1442 400 1720 455 latentium
1751 400 1884 455 colla
1909 399 2139 454 calcavit

554 505 610 549 et
669 494 933 563 perdidit;
984 503 1269 564 postquam
1332 494 1630 558 maritima,
1693 494 2017 564 campestria
2071 508 2139 549 ac

556 593 813 641 montana
854 599 1019 656 regna
1053 586 1340 650 subvertit,
1372 586 1500 654 quid
1523 587 1636 656 jam
1685 594 1875 651 restat,
1926 586 2029 640 nisi
2079 595 2139 640 ut

555 675 994 746 repromissionis
1019 684 1217 730 terram
1241 690 1363 730 cum
1393 676 1781 745 triumphatore
1801 674 1963 730 Josue
1991 685 2139 729 tran-

553 768 718 836 quilla
768 783 900 838 pace
940 768 1250 838 possideat?
1280 767 1517 837 alioquin
1549 768 1676 836 quid
1725 768 1962 836 prodest,
1994 768 2139 837 quod

553 861 866 914 deserentes
883 859 1197 929 .Egyptum,
1221 859 1391 913 diviso
1415 860 1548 913 mari
1573 858 1754 912 Rubro
1771 859 2137 923 transivimus,

555 953 604 1008 si
631 953 683 1007 in
712 953 927 1006 deserto
953 966 1096 1005 nunc
1120 966 1217 1022 per
1245 952 1605 1022 quadraginta
1655 966 1920 1005 annorum
1966 951 2138 1020 spatia

553 1050 919 1105 coarctamur,
944 1051 999 1096 et
1029 1056 1127 1095 nec
1155 1041 1220 1095 ad
1247 1040 1382 1095 ollas
1412 1041 1663 1094 carnium
1688 1041 1866 1096 redire
1883 1039 1995 1108 jam
2021 1055 2141 1110 pos-

554 1147 766 1195 sumus,
799 1144 898 1185 nec
948 1140 1149 1185 terram
1200 1130 1343 1185 lacte
1373 1131 1637 1201 melleque
1668 1142 1976 1186 manantem
2018 1132 2141 1200 jure

552 1223 916 1293 possessionis
948 1222 1251 1276 intramus?
1278 1221 1604 1289 Dormimus,
1635 1225 1932 1289 stertimus,
1957 1231 2012 1279 et
2039 1223 2142 1278 sub

553 1314 780 1384 ignavia:
813 1323 1029 1383 torpore
1059 1329 1385 1368 marccmus.

624 1406 817 1460 Merito
847 1405 1028 1474 itaque
1069 1406 1224 1460 nobis
1256 1406 1323 1461 ad
1358 1405 1709 1475 opprobrium
1749 1405 1965 1471 dicitur,
1998 1405 2142 1475 quod

553 1509 759 1572 septem
808 1500 1052 1555 tribubus
1118 1499 1347 1554 necdum
1401 1500 1770 1568 possessiones
1822 1499 2143 1554 habentibus

551 1594 695 1648 idem
725 1593 887 1648 Josne
912 1593 1113 1647 dixisse
1139 1593 1456 1662 perhibetur
1482 1610 1495 1645 :
1531 1609 1551 1642 ι
1596 1591 1910 1662 Usquequo,
1942 1590 2140 1660 inquit,

2238 400 2429 455 altiora
2475 410 2741 471 praecepta
2772 401 3136 470 conslticimns
3159 441 3172 462 ,
3207 401 3332 456 illuc
3360 410 3602 455 aratrum
3650 403 3825 457 nostri

2238 494 2454 548 sudoris
2485 495 2779 548 immittere
2805 535 2821 559 ,
2849 496 2996 548 velut
3022 496 3074 547 in
3101 504 3423 563 prarrnptmn
3453 503 3712 556 montem,
3741 492 3826 548 vel

2238 586 2291 640 in
2325 587 2506 641 vivum
2560 586 2793 657 lapidem
2844 586 3211 640 formidamus.
3258 584 3513 639 Volumus
3557 584 3827 654 siquidem

2237 678 2585 733 annumerari
2613 679 2755 733 inter
2766 694 2967 733 cuneos
2989 679 3241 742 militum,
3257 678 3348 732 scd
3364 679 3591 748 insignia
3606 693 3714 732 non
3729 693 3827 732 cu-

2240 784 2425 824 ramus
2456 770 2653 824 habere
2678 772 2957 824 virtutum.
2989 771 3070 825 Ad
3098 771 3280 826 oculos
3298 770 3516 840 quidem
3545 770 3825 825 hominum

2238 862 2620 930 praetendimus
2647 861 2944 916 honestatis
2970 862 3286 932 imaginem,
3328 860 3421 914 sed
3451 861 3503 914 in
3536 869 3826 929 conspectu

2238 949 2433 1004 occulti
2450 950 2655 1005 Judicis
2678 951 2877 1007 habere
2903 951 3542 1020 negligitnusveritatem.
3572 948 3826 1003 Nonnnlii

2239 1054 2471 1108 namque
2501 1039 2667 1110 (quod
2709 1041 2826 1096 sine
2868 1040 3069 1109 gemitu
3122 1040 3305 1095 dicere
3355 1040 3590 1110 nequeo)
3631 1039 3711 1094 sic
3758 1039 3827 1092 ad

2240 1148 2392 1188 nova:
2418 1134 2691 1203 religionis
2715 1142 2993 1189 transeunt
3018 1134 3261 1189 ordinem
3281 1174 3294 1198 ,
3317 1142 3373 1187 ut
3399 1145 3577 1188 tamen
3603 1139 3831 1202 praeter-

2239 1225 2330 1280 ita:
2351 1226 2472 1279 vita:
2499 1239 2773 1293 nunquam
2808 1224 3058 1279 deserant
3097 1232 3416 1278 vetustatem
3451 1238 3466 1276 :
3494 1222 3550 1276 hi
3572 1221 3828 1275 nimirum

2239 1318 2553 1374 Gabaonitae
2597 1326 2744 1381 sunt,
2785 1332 2892 1371 non
2925 1315 3202 1371 lsraelitaz.
3240 1315 3435 1370 Notum
3480 1314 3679 1383 quippe
3719 1322 3827 1377 est,

2240 1408 2384 1479 quod
2429 1407 2742 1463 Gabaonita:
2773 1407 2964 1461 mortis
3004 1407 3200 1461 timore
3230 1404 3527 1475 perterriti,
3556 1404 3623 1456 ad
3650 1402 3827 1455 Israe-

2241 1498 2446 1551 lilicum
2478 1496 2733 1567 pupulum
2773 1511 2894 1550 cum
2926 1495 3119 1550 fraude
3146 1503 3203 1549 et
3222 1495 3516 1548 calliditate
3539 1500 3827 1555 venerunt,

2243 1589 2317 1644 ita
2344 1599 2401 1643 ut
2426 1604 2485 1643 se
2510 1587 2779 1644 veteribus
2801 1587 3135 1643 vestimentis
3159 1588 3464 1647 induerent,
3481 1599 3649 1654 panes
3662 1584 3828 1637 etiam

551 1685 810 1739 marcetis
860 1684 1096 1754 ignavia,
1131 1694 1186 1739 et
1232 1699 1338 1737 non
1388 1683 1608 1738 intratis
1645 1684 1709 1737 ad
1761 1683 2137 1753 possidendam
2171 1684 2212 1743 Β
2243 1682 2437 1746 siccos,
2462 1692 2644 1747 utres,
2678 1695 2885 1746 saccos,
2913 1679 3313 1743 calceamenta,
3346 1687 3508 1746 atque
3536 1676 3716 1731 omnia
3755 1675 3832 1729 si-

550 1787 775 1840 terram,
804 1789 966 1845 quam
1002 1774 1259 1830 Dominus
1286 1774 1425 1829 Deus
1458 1784 1673 1844 patrum
1704 1783 2010 1828 vestrorum
2041 1773 2139 1828 de-

550 1865 629 1919 dit
658 1865 809 1921 vobis
849 1864 1034 1934 (Iosue
1066 1865 1243 1933 xvtn).
1275 1884 1295 1917 ι
1350 1864 1558 1919 Stultus
1587 1865 1819 1934 denique
1850 1864 2003 1919 miles
2033 1874 2138 1929 est,

549 1955 640 2024 qui
674 1954 869 2023 satagit
916 1954 1150 2017 vincere,
1198 1953 1242 2008 si
1276 1968 1384 2008 non
1414 1955 1685 2009 studuerit
1709 1965 1836 2008 ante
1860 1969 2134 2025 pugnare;

548 2044 712 2099 nimis
735 2043 999 2097 delicatus
1017 2051 1120 2109 est,
1144 2043 1188 2097 si
1212 2053 1337 2098 ante
1359 2044 1548 2097 nititur
1563 2044 1811 2098 obtinere
1834 2044 2137 2108 victoriam,

549 2146 713 2204 quam
740 2135 1051 2204 egrediatur
1081 2135 1149 2187 ad
1179 2149 1436 2204 pugnam.
1468 2134 1759 2188 Frustatur
1807 2134 2065 2203 agricola,
2094 2135 2139 2189 si

548 2233 840 2294 antequam
870 2224 1155 2279 desudavit
1181 2239 1385 2288 serere,
1441 2224 1659 2278 ambiat
1692 2224 1980 2288 triturare;
2014 2239 2137 2277 eum

548 2324 781 2380 conStct,
813 2315 944 2384 quia
967 2314 1219 2384 quisquis
1252 2315 1526 2369 desiderat
1562 2313 1831 2369 frumenta
1863 2314 2135 2384 colligere,

547 2406 703 2475 prius
732 2420 952 2460 necesse
974 2406 1046 2459 sit
1075 2404 1301 2459 frutices
1327 2404 1489 2459 simul
1512 2419 1637 2459 cum
1670 2405 1926 2473 vepribus
1946 2406 2139 2460 exstir-

549 2513 699 2569 pare.
733 2498 798 2552 Et
831 2511 1021 2553 revera
1053 2497 1233 2551 divina
1263 2512 1396 2553 voce
1420 2497 1697 2568 peccaturi
1745 2498 1952 2552 homini
2000 2499 2138 2553 dici-

549 2596 675 2640 tur:
711 2604 729 2637 ι
769 2585 937 2640 Terra
966 2597 1055 2640 tua
1086 2586 1272 2655 spinas
1301 2593 1356 2641 et
1386 2586 1612 2641 tribulos
1636 2587 1957 2658 germiuahit
1982 2587 2135 2659 (Gen.

550 2675 669 2742 tn);
702 2692 721 2726 ι
757 2684 818 2729 ιιι
840 2684 1019 2729 autem
1045 2685 1188 2730 terra
1219 2676 1318 2730 ista
1343 2675 1523 2731 valeat
1548 2692 1667 2731 esse
1695 2675 1847 2731 ferax
1870 2688 2135 2747 segetum,

548 2767 761 2836 patiens
795 2767 866 2821 sit
891 2774 1019 2820 ante
1048 2766 1310 2837 ligonum,
1340 2775 1396 2822 et
1425 2782 1738 2833 vomerum;
1777 2778 2043 2837 quatenus
2066 2770 2139 2823 dio

552 2858 728 2913 versis
755 2855 1163 2923 afﬂictionibus,
1191 2857 1554 2929 perfecturun
1605 2859 1935 2928 poenitentia:
1969 2859 2137 2914 disci-

550 2950 714 3021 plinis
743 2949 977 3015 exculta,
1018 2949 1166 3004 velut
1193 2949 1423 3006 uberum
1454 2962 1720 3022 proventu
1772 2950 2013 3022 frugum,
2059 2952 2138 3007 sic

548 3040 841 3097 adornetur
868 3039 1109 3096 omnium
1136 3039 1468 3096 fecunditate
1490 3042 1773 3097 virtutum.

620 3132 700 3185 Ad
726 3133 868 3187 hanc
892 3132 1137 3202 profecto
1165 3133 1559 3204 agriculturam
1606 3133 1783 3203 typice
1833 3132 2138 3203 impellebat

549 3222 713 3278 Josue
742 3222 882 3278 filios
909 3221 1129 3293 Ioseph,
1153 3239 1277 3279 cum
1300 3225 1382 3280 eis
1408 3226 1473 3280 de
1493 3240 1672 3295 parvae
1703 3226 1868 3280 sortis
1896 3225 2139 3280 funiculo

551 3315 1035 3385 eonqucrentibus,
1066 3316 1313 3370 diceret:
1349 3335 1367 3368 ι
1403 3316 1461 3371 Si
1490 3317 1739 3387 populus,
1770 3318 1965 3387 inquit,
2001 3317 2140 3371 mul-

550 3415 642 3460 tus
669 3419 750 3470 es,
782 3405 1015 3461 ascende
1046 3406 1099 3459 in
1130 3405 1348 3475 silvam,
1388 3416 1444 3464 et
1479 3408 1698 3464 suceitle
1730 3409 1827 3465 tibi
1878 3410 2052 3477 spatia
2084 3410 2139 3465 in

554 3509 701 3552 terra
735 3497 1026 3565 Pherezmi,
1056 3508 1108 3554 et
1136 3499 1427 3570 Raphaim,
1459 3502 1588 3571 quia
1624 3511 1854 3573 angusta
1904 3512 1989 3560 est
2036 3503 2137 3559 tibi

552 3590 826 3659 possessio
873 3590 1074 3645 montis
1116 3590 1374 3661 Ephraim
1406 3591 1592 3663 (Iosue
1622 3594 1776 3664 χιιι).
1815 3613 1834 3647 ι
1873 3593 2031 3661 Nam,
2082 3603 2140 3651 ut

552 3694 670 3733 rem
695 3680 762 3733 ad
791 3680 845 3735 id
876 3681 1021 3752 quod
1048 3682 1270 3753 propius
1297 3681 1533 3753 adjacet,
1563 3699 1673 3739 non
1705 3685 2003 3756 incongrue
2050 3701 2139 3742 re-

553 3767 748 3835 feram,
776 3770 831 3824 in
864 3782 1090 3840 angusta
1141 3787 1201 3826 se
1246 3773 1448 3829 montis
1497 3773 1752 3845 Ephraim
1800 3777 2141 3845 possessione

552 3860 816 3925 cohibuit,
840 3862 931 3931 qui
959 3862 1072 3917 sola
1103 3862 1165 3917 Β.
1188 3862 1463 3922 Benedicti
1494 3864 1679 3935 regula
1703 3874 1995 3923 contentus
2019 3881 2141 3924 esse

555 3952 822 4008 decrevit.
848 3949 952 4009 Sed
996 3956 1146 4021 audi,
1182 3956 1454 4026 quomodo
1484 3966 1537 4012 te
1582 3959 1651 4013 ad
1698 3969 1936 4015 montem
1980 3959 2143 4015 Iosue

554 4062 730 4103 novus
763 4048 1022 4121 impellat,
1064 4059 1120 4104 et
1169 4049 1236 4105 ad
1274 4049 1468 4106 latiora
1517 4053 1921 4122 possessionum
1969 4054 2141 4123 spatia

554 4138 815 4195 festinare
851 4142 1169 4211 prtecipiat:
1202 4160 1221 4194 ι
1275 4141 1561 4213 Regulam,
1606 4141 1801 4213 inquit,
1849 4145 1992 4200 hanc
2048 4144 2143 4201 de-

555 4231 893 4299 scripsimus,
925 4241 985 4285 nt
1005 4233 1144 4287 hanc
1171 4232 1526 4288 observantes
1555 4233 1915 4303 aliquatenus,
1941 4234 2023 4290 vel
2045 4235 2142 4290 ho-

556 4328 822 4374 nestatem
854 4335 1091 4386 morum,
1113 4320 1197 4376 vel
1225 4321 1438 4376 initium
1466 4323 1898 4378 conversationis
1926 4338 2025 4379 nos
2046 4324 2139 4380 de-

2244 1775 2353 1828 mul
2387 1774 2684 1828 inveterata
2714 1780 2996 1843 portarent
3025 1790 3038 1825 :
3073 1771 3268 1842 quibus
3289 1769 3515 1833 scilicet,
3543 1777 3831 1838 postquam

2244 1864 2530 1933 impetrato
2574 1851 2775 1919 findere
2805 1863 2913 1916 vita
2958 1863 3205 1926 donatur,
3234 1869 3628 1930 consequenter
3664 1858 3831 1913 etiam

2243 1955 2393 2010 fraus
2434 1955 2706 2025 patefacta
2737 1955 3085 2023 cognoscitur
3119 1970 3134 2007 :
3163 1968 3298 2021 quos
3341 1951 3504 2007 Josue
3548 1960 3831 2020 comperto

2243 2045 2366 2099 dolo
2393 2047 2493 2098 sub
2539 2046 2920 2099 tnaledictione
2965 2044 3242 2097 damnavit
3274 2052 3347 2108 ,et
3396 2056 3549 2112 aquae
3588 2049 3829 2111 gestato-

2244 2150 2354 2198 res,
2405 2134 2783 2205 lignorumque
2821 2148 3054 2190 Caesares
3093 2142 3354 2204 perpetuo
3380 2132 3505 2202 jure
3545 2131 3833 2188 constituit

2242 2224 2381 2295 (los.
2417 2224 2515 2294 Ix).
3846 2226 3849 2233 ·

2311 2318 2410 2384 Qui
2442 2327 2566 2372 sunt
2604 2326 2785 2373 autem
2813 2318 3144 2381 Gabaonitze,
3177 2318 3268 2389 qui
3295 2317 3359 2373 ad
3384 2316 3660 2372 lsraelitas
3690 2330 3833 2369 mor-

2241 2409 2309 2463 tis
2338 2408 2626 2464 formidine
2655 2418 2957 2474 transeunt,
2987 2410 3093 2465 nisi
3132 2409 3168 2464 ii
3198 2410 3291 2479 qui
3332 2408 3399 2463 ad
3444 2406 3725 2462 servitutis
3750 2406 3832 2459 di-

2238 2498 2377 2553 vinae
2403 2499 2649 2553 militiam
2680 2515 2787 2554 non
2824 2500 3176 2569 perfectionis
3222 2515 3410 2555 amore
3435 2540 3449 2564 ,
3480 2498 3574 2554 sed
3621 2507 3829 2552 treme-

2240 2587 2368 2643 facii
2396 2590 2660 2645 scelerum
2703 2608 2921 2646 suorum
2951 2592 3287 2647 humanitate
3329 2590 3687 2662 confugiunt?
3721 2590 3829 2643 Sed

2239 2693 2425 2732 eorum
2466 2678 2708 2733 nonnulli
2741 2688 2909 2745 veste,
2941 2697 3050 2735 non
3083 2688 3263 2735 mente
3292 2680 3504 2744 mutati,
3530 2679 3704 2735 siccos
3732 2692 3831 2747 pa-

2239 2780 2335 2820 nes
2365 2767 2431 2821 ad
2461 2783 2613 2821 esum
2644 2777 2883 2837 portant,
2908 2772 3034 2839 quia
3075 2785 3263 2840 azyma
3302 2770 3477 2825 adhuc
3499 2769 3832 2839 sinceritatis

2238 2866 2295 2912 et
2326 2860 2569 2916 veritatis
2617 2862 2870 2931 ignorant
2903 2861 2987 2933 (ll
3019 2861 3137 2917 Cor.
3174 2861 3248 2932 v).
3302 2861 3542 2917 \‘ctustis
3588 2860 3831 2915 vestibus

2239 2960 2617 3022 conteguntur,
2645 2955 2769 3022 quia
2798 2955 2853 3009 in
2885 2956 3056 3010 veteri
3081 2956 3258 3011 adhuc
3286 2956 3503 3010 homine
3523 2954 3829 3017 constituti,

2164 3030 2210 3092 C
2241 3054 2438 3095 novum
2474 3042 2697 3098 induere
2727 3045 2995 3109 nesciunt,
3028 3045 3119 3114 qui
3150 3046 3444 3099 secundum
3475 3044 3643 3098 Deum
3671 3057 3827 3097 creao

2242 3136 2330 3183 tus
2358 3132 2521 3186 estin
2557 3132 2769 3203 justitia
2806 3142 2861 3189 et
2890 3137 3176 3189 sanctitate
3215 3135 3460 3190 veritatis
3482 3134 3696 3206 (Ephes.
3732 3147 3829 3206 IV).

2240 3217 2524 3277 Postremo
2555 3224 2736 3279 omnia
2774 3225 3024 3279 videntur
3066 3225 3367 3280 inveterata
3392 3265 3408 3291 ,
3439 3242 3560 3295 quae
3592 3234 3829 3297 gestant,

2241 3309 2368 3381 quia
2393 3311 2447 3365 in
2468 3313 2754 3382 prieteritac
2772 3314 2893 3368 vita:
2919 3313 3065 3368 vitiis
3088 3324 3463 3383 perseverant,
3493 3331 3600 3371 non
3628 3315 3835 3371 obtem-

2240 3411 2494 3471 perantes
2515 3402 2848 3472 praecipienti
2869 3401 3124 3472 Apostolo
3148 3422 3161 3456 :
3187 3423 3205 3455 ι
3229 3403 3611 3470 Renovamini,
3632 3405 3831 3476 inquit,

2241 3490 2436 3560 spiritu
2468 3493 2665 3547 mentis
2701 3503 2893 3546 vestrae
2920 3492 3131 3563 (ibid.);
3160 3513 3179 3545 ι
3208 3510 3309 3549 nec
3338 3495 3427 3549 illa
3454 3497 3535 3551 eis
3562 3498 3833 3553 sententia

2239 3585 2533 3654 congruit,
2564 3599 2668 3653 qua
2693 3576 2935 3639 dicitur:
2966 3602 2987 3635 ι
3023 3585 3211 3641 Vetera
3258 3595 3543 3644 transeunt
3570 3630 3585 3653 ,
3615 3598 3673 3644 et
3705 3603 3834 3646 ecce

2240 3673 2382 3729 facta
2431 3683 2561 3729 sunt
2585 3674 2764 3729 omnia
2795 3688 2933 3728 nova
2976 3673 3060 3746 (11
3101 3672 3225 3731 Cor.
3256 3678 3318 3748 ι).
3355 3697 3374 3730 ι
3406 3679 3490 3734 Ad
3538 3682 3833 3737 novitatem

2239 3767 2439 3837 quippe
2460 3766 2905 3837 superficietcnus
2928 3766 3228 3835 venientes,
3253 3785 3311 3825 re
3336 3769 3451 3840 ipsa
3481 3771 3534 3826 in
3563 3780 3833 3829 vetustate

2240 3856 2569 3927 persistunt;
2607 3856 2733 3927 quia
2763 3858 3198 3914 emendationem
3252 3870 3311 3915 et
3353 3877 3548 3918 novam
3604 3878 3834 3919 conver-

2241 3950 2507 4005 sationem
2532 3949 2586 4005 in
2613 3950 2727 4007 suis
2755 3951 2996 4008 moribus
3029 3968 3139 4007 non
3179 3954 3493 4009 ostendunt.
3539 3954 3700 4010 Tales
3735 3956 3834 4010 ita-

2242 4056 2349 4111 que
2373 4042 2750 4099 maledictione
2773 4043 3100 4113 plectuntur,
3126 4059 3228 4100 nec
3246 4044 3314 4099 ad
3342 4046 3678 4102 sortiendam
3706 4061 3829 4102 cum

2240 4130 2503 4188 lsraelitis
2532 4132 2905 4189 haereditatem
2936 4132 3277 4204 aliquatenus
3305 4136 3682 4192 admittuntur.
3714 4136 3831 4192 Non

2241 4225 2388 4280 enim
2431 4240 2497 4282 ex
2537 4225 2749 4281 illorum
2780 4240 3008 4281 numero
3036 4233 3201 4292 sunt,
3229 4228 3425 4299 quibus
3450 4229 3647 4285 dicitur
3673 4246 3687 4283 :
3718 4247 3738 4282 ι
3774 4229 3831 4284 In

2241 4313 2347 4369 hoc
2382 4314 2558 4369 vocati
2584 4315 2738 4380 estis,
2762 4322 2839 4371 ,ιιι
2864 4314 3299 4371 benedictionem
3322 4317 3637 4373 haereditate
3659 4318 3831 4387 νοεδὶ-

558 4419 922 4465 monstremus
974 4377 1196 4466 habere.
1232 4431 1251 4464 ι
1300 4411 1443 4468 Ecce
1493 4427 1650 4469 mons
1693 4377 2137 4483 Ephraimmb'e‘d

2246 4403 2435 4459 deatis.
2477 4419 2496 4454 ι
2525 4401 2679 4472 Aqua
2715 4377 2896 4458 autem
2937 4405 3169 4474 insipida
3218 4415 3303 4462 est
3327 4445 3342 4470 ,
3389 4415 3445 4461 et
3483 4407 3625 4477 ligna
3660 4377 3828 4461 'dura.

559 4500 815 4570 quoniam
842 4507 1131 4570 angustam
1156 4501 1246 4556 hic
1271 4503 1667 4571 possessionem
1691 4518 1814 4559 esse
1835 4505 2139 4575 perpendit,

560 4607 687 4646 mox
716 4591 781 4645 ad
809 4590 1024 4657 altiora,
1056 4591 1217 4646 simul
1246 4602 1302 4648 et
1327 4592 1519 4649 latiora
1568 4596 1892 4651 transmittit
1920 4614 1933 4650 :
1973 4616 1991 4648 ι
2026 4596 2142 4653 ϐω-

558 4692 739 4736 ternm
768 4682 860 4751 qui
890 4681 1172 4750 festinant,
1215 4684 1410 4754 inquit,
1440 4687 1507 4740 ad
1554 4685 1963 4757 perfectionem,
2013 4696 2141 4743 sunt

560 4770 821 4823 doctrinae
843 4778 1175 4835 sanctorum,
1206 4771 1321 4826 sive
1341 4771 1654 4827 collationes
1680 4782 1737 4828 et
1763 4775 2010 4830 instituta
2038 4773 2135 4827 Pa-

564 4869 727 4918 trum.
749 4868 837 4912 tet
861 4867 1059 4914 cratera
1086 4877 1098 4912 :
1125 4875 1246 4931 qua:
1272 4862 1528 4931 quoniam
1555 4863 1707 4919 vobis
1728 4866 2007 4921 notissima
2039 4879 2138 4919 no-

560 4949 765 5014 vimus,
796 4949 883 5004 hic
910 4964 1186 5018 apponere
1211 4951 1539 5021 superfluum
1567 4953 1897 5023 iudicamus.

1054 5039 1223 5111 288
1256 5036 1484 5099 CAPUT
1520 5044 1609 5099 IV.

664 5125 744 5179 De
768 5127 849 5179 his
871 5128 960 5196 qui
988 5124 1399 5184 Gabaonitarum
1426 5134 1702 5186 imitantur
1721 5132 2034 5203 exemplum.

634 5216 763 5279 Sed,
790 5230 825 5270 o
853 5217 1079 5283 utinam,
1106 5221 1231 5290 quia
1255 5223 1417 5292 tepidi
1440 5234 1604 5295 atque
1621 5224 1917 5292 degeneres
1940 5236 2144 5291 nequa-

561 5322 724 5364 quam
740 5306 806 5359 ad
817 5305 1009 5364 altiora
1022 5313 1413 5364 contendimus-
1440 5317 1601 5364 huius
1620 5315 1811 5364 saltem
1825 5314 1978 5364 nat-vi
1994 5328 2146 5364 mon-

2245 4494 2414 4562 Ligna
2441 4506 2572 4563 ergo
2597 4494 2805 4549 ca'dere
2823 4535 2837 4559 ,
2865 4504 2923 4550 et
2949 4510 3116 4565 aquas
3141 4509 3360 4553 vectare
3382 4495 3670 4565 iubentur;
3703 4514 3776 4569 qu
3801 4515 3832 4552 a

2245 4593 2437 4657 gustus
2476 4585 2852 4654 intelligentia:
2879 4588 3181 4657 spiritualis
3225 4589 3434 4659 ignari,
3477 4589 3628 4643 duris
3670 4599 3832 4659 atque

2245 4676 2644 4733 insensibilibus
2656 4677 2938 4733 exterioris
2961 4674 3207 4733 exercitii
3222 4679 3454 4750 negotiis
3473 4689 3828 4750 occupantur.

2248 4766 2339 4822 Sic
2373 4767 2537 4837 igitur
2580 4768 2816 4835 aliquam
2844 4768 3061 4838 quidem
3091 4770 3145 4824 in
3182 4770 3547 4826 exteriozibns
3579 4771 3831 4825 videntur

2248 4858 2534 4913 utilitatem
2560 4858 2817 4915 Ecclesia:
2841 4861 3126 4917 serviendo
3145 4861 3429 4917 conferre:
3456 4862 3547 4917 sed
3564 4862 3691 4931 quia
3713 4875 3830 4916 ser-

2247 4949 2425 5004 viliter
2450 4949 2661 5017 vivunt,
2691 4949 3059 5009 hazreditatctn
3087 4954 3232 5009 inter
3253 4952 3526 5009 lsraelitas
3550 4959 3827 5022 nequeunt

2245 5039 2543 5110 possidere.

2772 5133 2939 5205 239
2975 5133 3202 5189 cum
3240 5132 3304 5189 v.

2247 5219 2328 5275 De
2348 5222 2414 5276 iis
2440 5222 2530 5292 qui
2560 5238 2741 5293 eorum
2772 5194 2953 5277 Eia}:
3002 5224 3254 5292 ﬁguram,
3287 5224 3378 5293 qui
3416 5224 3487 5277 ad
3516 5194 3830 5278 maledicatu-

2606 5292 2733 5348 dunt
2761 5294 3029 5348 constituti
3054 5305 3172 5349 sunt
3200 5295 3255 5347 in
3287 5292 3480 5347 ﬂebat.
