4106 6320
283 283 384 339 297

1176 281 1418 341 OPUSC.
1458 283 1592 339 Xlll.
1626 314 1688 324 —
1715 283 1803 338 DE
1843 281 2320 343 PERFECTIONE
2354 286 2658 348 MONACH.

3452 297 3559 354 298

285 395 557 454 tremendi
600 395 802 464 judicis
852 395 1170 459 intentatur,
1211 397 1278 450 de
1327 404 1592 451 servttule
1617 397 1682 449 ad
1711 394 1876 448 librr-
1910 400 1954 456 Λ
1987 394 2235 452 abducat.
2280 398 2633 456 Vindicemus
2687 411 2947 458 virtutum
2993 406 3160 461 armis
3187 407 3560 468 haereditatem

284 498 452 543 tatem
501 487 747 550 veniunt,
779 494 834 541 et
863 487 928 541 ad
959 485 1292 554 capessenda
1342 501 1465 541 cum
1511 487 1726 540 cteteris
1751 484 1874 553 jura

281 581 645 638 haeret-literis;
677 579 1040 650 possessionis
1086 588 1402 648 assurgunt.
1460 579 1700 647 Quorum
1732 578 1878 633 sciti-

280 684 368 730 cet
395 683 581 744 typum
616 673 790 729 tribus
834 671 936 726 illm
983 680 1297 736 tenuerunt,
1330 687 1449 740 qua:
1479 683 1536 726 et
1565 673 1715 741 prius
1742 685 1878 740 prte-

279 767 520 836 cipieute
542 764 744 836 Moyse,
773 763 967 818 deinde
1011 763 1174 819 Josue
1205 774 1564 835 exsequente,
1595 767 1660 819 ad
1706 764 1876 818 male-

279 856 572 911 dicendum
602 863 728 910 sunt
758 855 1089 909 constitutae.
1111 855 1202 909 Sic
1229 857 1374 910 enim
1401 855 1686 928 Scriptura
1715 864 1876 911 testa-
1922 888 1924 890 -

280 955 419 1000 tur:
477 964 495 996 ι
534 945 724 1000 Omnis
775 945 1036 1015 populus,
1088 953 1143 1000 et
1193 962 1383 1002 omnes
1431 949 1667 1018 majores
1722 957 1876 1009 natu,

283 1038 564 1107 ducesque
614 1053 679 1091 ac
702 1037 916 1106 judices
941 1038 1158 1093 stabant
1187 1053 1252 1093 ex
1297 1050 1524 1108 utraque
1552 1048 1706 1110 parte
1737 1056 1877 1094 arca:

281 1131 338 1184 in
371 1141 668 1202 conspectu
695 1133 1039 1187 sacerdotum
1073 1133 1162 1202 qui
1187 1135 1477 1204 portabant
1497 1151 1676 1190 arcam
1709 1135 1878 1190 foede-

281 1223 360 1277 ris
389 1223 627 1288 Domini,
646 1231 703 1276 nt
730 1224 962 1289 advena,
987 1225 1059 1278 ita
1091 1233 1146 1278 et
1177 1225 1460 1297 indigena:
1488 1227 1662 1280 media
1686 1242 1873 1282 eorum

282 1315 580 1385 parsjuxta
614 1324 854 1370 montem
886 1316 1222 1384 Garizim,et
1249 1318 1422 1372 media
1448 1317 1605 1386 juxta
1636 1329 1872 1374 montem

284 1397 475 1460 llébal.
507 1408 678 1463 Porro
701 1408 734 1462 ii
763 1409 853 1478 qui
877 1409 1095 1463 stabant
1115 1396 1268 1479 juxta
1295 1409 1553 1476 Garizim,
1589 1411 1873 1467 benedice—

283 1500 416 1553 bant
446 1498 682 1554 factores
715 1499 879 1570 legis;
911 1518 1002 1572 qut
1027 1517 1156 1555 vero
1179 1501 1334 1572 juxta
1356 1501 1549 1568 llebal,
1583 1504 1875 1559 maledice-

280 1591 417 1647 bant
448 1603 880 1664 transgressores
911 1594 1044 1665 legis
1076 1594 1253 1666 (Deut.
1291 1612 1469 1659 xxvu;
1515 1597 1630 1650 Jos.
1664 1597 1805 1666 vtu).
1850 1616 1867 1646 ι

281 1683 426 1749 Quid
453 1685 598 1738 enim
630 1685 916 1757 designant
948 1687 1056 1750 isti,
1096 1689 1185 1757 qui
1216 1690 1608 1744 benedictionis
1639 1689 1872 1760 fungun-

285 1783 375 1826 tur
396 1771 595 1839 ofﬁcio,
623 1775 725 1830 nisi
754 1792 849 1832 eos
879 1779 1067 1847 procul
1097 1779 1282 1846 dubio,
1327 1781 1418 1850 qui
1447 1796 1553 1834 non
1588 1795 1872 1850 poenarum

283 1873 458 1928 metu,
491 1866 583 1920 sed
611 1881 706 1935 spe
725 1867 1029 1923 cmlestium
1052 1871 1422 1938 prmmiorum,
1446 1883 1500 1926 ct
1524 1873 1874 1942 perfectionis

282 1967 492 2020 amore,
512 1957 578 2010 ad
601 1957 821 2011 servitia
849 1958 1026 2013 divina
1055 1960 1390 2032 confugiunt,
1408 1961 1680 2033 etjugiter
1702 1965 1870 2018 Deum

283 2055 492 2101 sanctae
545 2049 975 2104 conversationis
1020 2051 1272 2122 operibus
1329 2053 1692 2108 benedicunt‘?
1732 2054 1872 2121 Quid

283 2145 466 2192 autem
497 2138 597 2204 illi,
644 2140 736 2210 qui
795 2141 861 2195 ad
914 2141 1342 2198 maledicendum
1397 2144 1557 2215 positi
1589 2155 1736 2210 sunt,
1771 2147 1873 2201 ηἰή

280 2244 380 2284 eos
408 2231 499 2300 qui
533 2247 640 2285 non
688 2247 874 2287 amore
906 2232 1258 2302 perfectionis
1285 2245 1539 2301 aestuant,
1576 2253 1682 2292 non
1727 2239 1872 2293 desi-

283 2321 438 2376 derio
485 2321 669 2392 gloriae
713 2323 952 2379 caelestis
986 2325 1266 2390 anhelant,
1309 2327 1401 2380 sed
1435 2328 1501 2382 ad
1531 2329 1634 2383 hoc
1664 2337 1872 2384 tantum

279 2429 406 2484 qum
436 2415 490 2468 in
539 2414 656 2482 lege
704 2425 968 2487 przccepta
1019 2429 1167 2484 sunt,
1217 2427 1456 2486 servant,
1510 2431 1569 2477 ut
1615 2421 1876 2492 geheume

281 2521 479 2574 ptrnas
507 2507 776 2561 evadant?

354 2596 440 2650 Ad
471 2596 902 2654 maledicendum
936 2601 1122 2672 itaque
1173 2603 1323 2659 missi
1351 2618 1495 2670 sunt,
1528 2615 1587 2660 ut
1614 2605 1740 2661 dum
1762 2624 1879 2662 ma-

279 2688 548 2758 ledicunt,
583 2691 682 2762 ipsi
709 2692 774 2746 ad
822 2695 1209 2751 conscientiam
1259 2699 1508 2767 redeant,
1565 2708 1618 2754 et
1646 2714 1878 2770 perpen-

280 2783 476 2840 dentes
498 2801 686 2854 pmnas
717 2787 768 2841 in
798 2786 1095 2858 Seripturis
1120 2793 1496 2859 peccatoribus
1521 2793 1872 2858 constitutas,

282 2891 312 2928 a
339 2878 701 2945 perversitate
749 2881 1005 2949 peccandi
1044 2896 1103 2936 se
1133 2883 1218 2937 vel
1266 2885 1458 2940 timore
1505 2899 1874 2956 compescant.

285 2965 428 3021 llinc
459 2976 542 3021 est
571 2966 729 3036 plane
756 2969 901 3039 quod
951 2970 1054 3025 illa:
1107 2972 1280 3026 tribus
1303 2989 1422 3043 quae
1463 2975 1529 3028 ad
1557 2975 1879 3031 benedicen-

283 3059 415 3112 dum
438 3059 748 3114 constitutae
774 3072 921 3126 sunt,
947 3062 1244 3120 nobiliores
1294 3077 1443 3132 sunt,
1491 3067 1583 3121 filii
1630 3068 1877 3124 videlicet

1983 494 2247 553 nostram,
2299 497 2359 543 ut
2410 494 2770 558 possessionis
2798 504 2998 550 nostra:
3031 499 3292 554 terminos
3326 503 3561 558 assidua:

1980 579 2206 636 cultura:
2253 584 2542 642 sudoribus
2590 587 2900 642 dilatemus.
2945 589 3015 644 At
3065 590 3317 648 fortassis
3348 594 3563 652 desides

1980 676 2180 743 quique
2207 676 2588 748 reSpondeant,
2617 681 2760 749 quod
2808 680 2944 736 filios
2974 680 3173 753 Ioseph
3209 694 3337 741 tunc
3363 686 3564 743 dixisse

1982 766 2263 836 Scriptura
2295 780 2683 826 commemorat
2709 789 2722 826 :
2752 792 2772 823 ‹
2804 771 2919 826 Non
2946 775 3264 842 poterimus,
3287 775 3561 846 inquiunt.

1981 854 2048 909 ad
2078 865 2333 912 montana
2355 861 2740 926 conscendere,
2765 877 2888 918 cum
2918 863 3112 920 ferreis
3135 867 3386 925 curribus
3409 878 3563 926 utan-
3629 874 3641 909 ί

1982 955 2071 1000 tur
2128 947 2450 1020 Chananzei,
2505 953 2598 1022 qui
2659 953 2905 1009 habitant
2965 957 3019 1011 in
3076 965 3221 1013 terra
3271 964 3563 1031 campestri

1982 1037 2116 1107 (Jos.
2152 1039 2306 1111 xvn).
2345 1060 2364 1093 ι
2400 1042 2520 1096 Alta
2569 1045 2787 1114 quidem
2836 1056 3046 1115 petunt,
3089 1051 3184 1104 sed
3227 1065 3343 1118 eos,
3386 1054 3481 1122 qui
3509 1055 3564 1110 in

1978 1127 2105 1184 imis
2130 1130 2398 1196 habitant,
2425 1133 2852 1202 pertimescunt;
2875 1137 3002 1206 quia
3021 1137 3087 1192 ad
3115 1154 3296 1195 arcem
3318 1141 3567 1199 nituntur

1978 1215 2239 1277 festinare
2265 1222 2550 1288 virtutum,
2581 1225 2676 1280 sed
2701 1227 3002 1303 carnalium
3042 1229 3294 1286 vitiorum
3320 1231 3568 1289 difﬁdunt

1978 1325 2237 1381 superare
2261 1329 2419 1384 posse
2447 1315 2786 1382 conflictum;
2817 1320 3012 1388 quibus
3043 1329 3222 1377 tamen
3256 1323 3568 1394 ignobiliter

1980 1406 2320 1474 requiescere
2339 1424 2444 1462 non
2471 1411 2810 1476 conceditur,
2839 1415 2932 1467 sed
2966 1413 3112 1468 illico
3159 1416 3520 1485 respondetur
3547 1432 3564 1471 :

1983 1514 2002 1546 ‹
2043 1495 2278 1566 Populus
2307 1499 2510 1554 multus
2537 1516 2615 1565 es,
2641 1509 2694 1555 et
2717 1518 2926 1572 magna:
2955 1504 3307 1572 fortitudinis,
3337 1523 3446 1563 non
3470 1509 3572 1570 ha-.

1981 1590 2132 1644 bebis
2183 1602 2386 1646 sortem
2443 1609 2626 1657 unam,
2685 1595 2778 1649 sed
2811 1596 3066 1651 transibis
3097 1598 3164 1651 ad
3214 1607 3476 1664 montem,
3513 1610 3571 1657 et

1979 1683 2225 1738 succialcs
2261 1684 2376 1748 tibi,
2411 1693 2573 1753 atque
2597 1687 2854 1757 purgabis
2878 1687 2944 1740 ad
2977 1688 3330 1743 habitandum
3367 1693 3568 1763 spatia,

1909 1757 1950 1814 Β
1980 1779 2031 1822 et
2060 1771 2262 1839 poteris
2293 1771 2434 1826 ultra
2459 1775 2756 1843 procedere
2784 1775 2921 1845 (los.
2952 1774 3095 1847 xm).
3128 1796 3148 1829 ι
3176 1777 3289 1848 lmo
3317 1787 3378 1834 ut
3395 1757 3570 1837 auda;

1978 1860 2116 1914 ciam
2148 1861 2352 1916 timidis
2377 1865 2637 1932 praebeat,
2657 1865 2770 1934 ipse
2794 1866 2934 1921 Deus
2960 1867 3304 1937 omnipotens
3324 1869 3526 1926 clamat
3550 1889 3564 1925 :

1984 1965 2000 1999 ι
2032 1948 2146 2019 Ego
2175 1966 2317 2016 sum,
2351 1952 2546 2021 inquit,
2579 1954 2669 2023 qui
2721 1954 2912 2010 delebo
2935 1970 3030 2010 eos
3076 1970 3107 2010 a
3149 1957 3290 2014 facie
3315 1959 3504 2015 Israel.
3541 1980 3562 2013 ι

1978 2039 2044 2092 Ει
2085 2039 2250 2096 Josue
2296 2043 2534 2098 caelestis
2582 2045 2791 2099 militiae
2841 2047 3130 2101 bellatores
3186 2049 3457 2115 hortatur,
3493 2065 3560 2105 ac

1978 2131 2191 2191 facilem
2221 2134 2288 2189 de
2317 2135 2562 2192 hostibus
2613 2137 2896 2193 victoriam
2941 2139 3228 2209 pollicetur
3260 2157 3274 2194 :
3313 2159 3332 2192 ‹
3367 2141 3568 2207 Nolite,

1978 2224 2176 2295 inquit,
2203 2227 2417 2294 timere,
2451 2243 2552 2283 nec
2574 2231 2814 2298 paveatis
2841 2248 2854 2282 :
2881 2230 3285 2296 confortamini,
3317 2241 3374 2288 et
3393 2241 3570 2288 estote

1980 2315 2222 2381 robusti;
2274 2307 2552 2388 disperdet
2605 2320 2749 2374 enim
2805 2321 3066 2377 Dominus
3109 2331 3338 2380 cunctos
3384 2325 3569 2380 hostes

1978 2415 2207 2472 vestros,
2233 2404 2520 2463 adversum
2550 2425 2688 2480 quos
2709 2410 2982 2466 dimicatis
3010 2409 3148 2479 (los.
3181 2414 3260 2480 χ).
3299 2432 3315 2464 ι

2584 2521 2812 2577 CAPUT
2872 2523 2956 2579 Vl.

1976 2605 2054 2662 De
2077 2609 2157 2662 his
2181 2611 2269 2680 qui
2295 2611 2419 2664 dum
2440 2612 2803 2681 perfectionem
2829 2614 2880 2666 in
2904 2615 3017 2669 sola
3035 2617 3364 2670 conversione
3381 2621 3571 2672 constt?

2122 2689 2296 2744 tuunt,
2325 2686 2586 2736 conversis
2612 2686 2970 2752 pmnitentiam
2996 2702 3098 2738 non
3129 2688 3424 2756 imponunt.

2047 2769 2338 2835 Praeterea,
2364 2771 2728 2835 dilectissimi,
2781 2784 2838 2827 ut
2870 2775 3022 2829 vobis
3055 2784 3312 2846 tanquam
3345 2778 3570 2848 compli-

1981 2861 2155 2927 cibus,
2183 2872 2237 2918 et
2265 2865 2612 2920 unanimihus
2641 2867 2692 2920 in
2725 2865 2944 2921 Christo
2977 2867 3322 2924 familiariter
3352 2869 3564 2939 loquar,

1980 2958 2271 3025 quamdam
2307 2959 2356 3012 in
2389 2959 2660 3029 plerisque
2690 2962 3042 3016 monasteriis
3083 2964 3254 3017 tencri
3283 2974 3576 3019 consuetu-

1979 3049 2159 3105 dinem
2208 3054 2478 3117 novimus,
2527 3070 2690 3124 quam
2722 3064 2782 3109 ut
2825 3072 2920 3110 vos
2969 3056 3253 3121 abdicctis,
3289 3059 3574 3112 humiliter

282 3164 551 3214 uxorum;
591 3165 710 3219 quae
765 3163 944 3207 autem
976 3155 1042 3209 ad
1093 3155 1542 3224 maledicendum,
1590 3158 1873 3229 ignobiles,
1904 3135 1950 3199 C
1985 3144 2294 3200 suademus.
2329 3146 2580 3202 Nonnulli
2634 3163 2866 3217 namque
2906 3159 3144 3204 rectores
3192 3150 3419 3205 fratrum
3451 3152 3575 3222 plus

285 3249 479 3309 utpula
536 3241 879 3308 ancillarum,
932 3245 984 3299 id
1030 3254 1131 3310 est,
1189 3246 1304 3302 Gad
1357 3258 1409 3302 et
1457 3249 1615 3315 Aser,
1665 3249 1778 3303 Dan
1828 3259 1882 3305 ct

285 3329 622 3401 Nephtalim,
650 3334 790 3387 inter
819 3349 957 3404 quos
1000 3346 1116 3392 erat
1159 3337 1374 3406 Ruben,
1402 3340 1493 3410 qui
1517 3340 1884 3396 maculaverat

289 3430 470 3475 torum
504 3423 698 3492 patris,
724 3434 777 3478 ct
808 3425 1048 3482 Zabulon
1073 3426 1182 3482 l.i:e
1207 3429 1449 3484 ultimus.

360 3513 668 3569 Notandum
690 3527 896 3584 autem,
919 3520 1043 3589 quia
1067 3537 1258 3576 omnes
1280 3522 1498 3576 stetisse
1523 3525 1666 3577 circa
1695 3540 1876 3578 arcam

288 3604 513 3662 fmdcris
545 3609 878 3674 referuntur,
908 3610 1031 3679 quia
1068 3625 1258 3666 omnes
1315 3621 1421 3666 tam
1455 3612 1664 3667 nobiles
1716 3630 1880 3684 quam

289 3697 588 3768 ignobiles,
618 3715 682 3755 ac
706 3715 804 3769 per
846 3701 946 3755 hoc
978 3701 1092 3756 sive
1142 3701 1325 3771 tepidi,
1353 3701 1466 3755 sive
1499 3703 1550 3755 in
1582 3703 1670 3756 Dei
1699 3719 1882 3757 amore

285 3791 591 3857 ferventes,
626 3809 654 3846 a
683 3803 866 3847 sancta
912 3792 1151 3848 Ecclesia
1188 3808 1292 3846 non
1327 3793 1602 3847 recedunt.
1636 3793 1747 3846 lloc
1782 3810 1874 3847 au-

291 3892 403 3936 tem
427 3899 456 3936 a
482 3883 662 3955 Moyse
678 3885 891 3954 quidem
918 3894 1272 3954 przeceptum,
1293 3884 1385 3938 sed
1410 3883 1569 3954 longe
1585 3894 1700 3952 post
1719 3883 1881 3938 .lnsue

289 3984 380 4029 est
419 3976 770 4031 exsecutione
813 3976 1162 4046 completum.
1217 3976 1354 4042 Quid
1387 3993 1484 4045 per
1527 3977 1744 4048 Moysen
1779 3979 1878 4032 nisi

291 4067 414 4133 lex;
439 4069 566 4138 quid
591 4085 686 4139 per
705 4069 869 4124 .losue
901 4070 1000 4124 nisi
1057 4069 1410 4139 Evangelium
1456 4069 1753 4138 figuratur?
1783 4070 1884 4124 Bc-

293 4159 658 4214 nedictioncm
708 4176 837 4232 ergo
879 4161 1042 4230 justis
1070 4159 1324 4225 debitam,
1351 4169 1405 4214 et
1449 4159 1880 4214 maledictionem

283 4252 674 4320 peccatoribus
731 4252 1102 4324 irrogandum,
1163 4267 1268 4306 non
1316 4251 1491 4305 solum
1539 4250 1622 4304 lex
1670 4260 1880 4304 vetusta

295 4344 646 4412 przedixerat,
678 4346 772 4400 sed
803 4344 1129 4415 evangelica:
1179 4343 1434 4399 novitatis
1483 4342 1655 4414 gratia
1709 4341 1881 4396 mani-

295 4435 483 4492 festat.
509 4437 614 4493 Sed
637 4454 947 4508 quanquam
974 4438 1060 4494 isti
1089 4437 1196 4493 sint
1218 4437 1448 4502 nobiles,
1467 4437 1692 4504 ideoque
1718 4428 1884 4491 bene-

296 4529 552 4604 dictionis
601 4531 878 4601 potiantur
926 4529 1103 4586 oﬂicio
1134 4545 1150 4584 :
1185 4529 1536 4599 ignobiliores
1589 4528 1664 4583 illi
1693 4542 1756 4583 ac
1787 4543 1885 4598 per

295 4620 696 4676 maledictionis
726 4622 1070 4676 formidinem
1119 4630 1464 4687 terreantur;
1525 4621 1651 4690 quia
1705 4628 1884 4673 tamen

297 4711 561 4766 adversus
588 4712 773 4767 hostes
797 4712 1129 4766 unanimiter
1151 4711 1430 4775 dimicant,
1459 4711 1586 4778 quia
1610 4709 1884 4763 communi

297 4801 500 4859 laboris
547 4804 803 4860 instantia
833 4804 1156 4876 promissam
1203 4813 1404 4856 terram
1458 4800 1561 4855 sibi
1610 4800 1887 4854 vindicare

296 4897 590 4960 desudant,
615 4913 804 4951 omnes
827 4897 988 4951 simul
1011 4897 1372 4951 admittuntur
1399 4896 1465 4950 ad
1493 4903 1760 4956 sortes,et
1779 4909 1885 4946 non

296 4987 516 5042 diverso
557 4985 679 5055 jure
727 4988 862 5041 fiunt
909 4986 1126 5041 sibimet
1151 4987 1383 5040 invicem
1425 4981 1885 5039 coltwt-edtes.‘Ve-

297 5088 608 5134 rumtamen
663 5079 818 5134 valde
864 5079 1067 5134 clarius
1124 5086 1226 5141 est,
1284 5085 1342 5131 ut
1397 5076 1670 5130 ferventes
1726 5084 1888 5143 atque

302 5171 514 5224 robusti
591 5171 852 5225 nobilium
928 5169 1269 5224 inveniamur
1348 5168 1516 5222 titulis
1592 5167 1886 5237 insigniri,

244 5309 250 5314 .
300 5259 468 5331 290
491 5277 654 5330 quam
688 5261 874 5316 molles
916 5262 968 5315 in
998 5261 1180 5331 aliquo
1212 5260 1468 5331 degeneri
1502 5258 1890 5328 compellamur

301 5358 644 5428 ignobilitate
673 5359 874 5412 notari.

375 5450 669 5520 Fugiatnus
697 5466 827 5522 ergo
856 5451 1041 5514 llehai,
1082 5461 1492 5505 contemnamus
1523 5449 1689 5503 multo
1722 5449 1892 5519 magis

301 5553 360 5598 et
385 5543 743 5607 Gabaonitas,
767 5553 826 5596 ut
854 5558 1030 5612 neque
1061 5542 1423 5597 exterioribus
1451 5541 1754 5610 implicatos
1779 5557 1892 5594 scr-

303 5636 429 5690 vilis
481 5650 580 5690 nos
629 5635 872 5689 Conditio
918 5634 1202 5702 deprimat,
1265 5647 1441 5702 neque
1471 5631 1585 5685 solo
1635 5632 1892 5701 gehennae

306 5728 502 5781 timore
516 5728 845 5784 constrictos
867 5727 1007 5781 inter
1019 5723 1290 5796 ignobiles
1315 5723 1683 5780 filiosdesidite
1707 5731 1894 5793 torpor

752 5822 1021 5880 Parnm.
1072 5831 1310 5891 CXLV.

1987 3236 2286 3293 tribuentes
2316 3241 2628 3296 monasticae
2683 3240 2878 3312 regulae
2927 3256 3089 3310 quam
3138 3242 3416 3312 expediat,
3447 3243 3573 3314 qui-

1985 3327 2218 3383 buslibet
2246 3345 2274 3383 a
2298 3331 2497 3386 saeculo
2530 3332 2893 3393 venientibus,
2914 3333 3077 3386 etiam
3104 3331 3148 3385 si
3177 3333 3573 3404 graviterlapsi

1987 3428 2132 3482 sunt,
2155 3420 2315 3474 aliam
2339 3422 2712 3491 pmnitentiam
2748 3438 2849 3476 non
2889 3423 3195 3490 imponunt,
3228 3422 3329 3476 nisi
3357 3431 3569 3478 tantum

1987 3523 2328 3564 communem
2353 3515 2666 3566 monasterii
2697 3513 2944 3567 ordinem
2969 3527 3190 3567 scrvare
3213 3515 3530 3584 prtecipiunt
3559 3534 3571 3544 -

1987 3603 2130 3670 quod
2185 3604 2429 3672 profecto
2484 3622 2644 3676 quam
2711 3607 2781 3660 sit
2857 3607 3352 3671 inconsideratum,
3407 3622 3570 3677 quam

1987 3692 2366 3759 inhumanum,
2410 3710 2571 3764 quam
2625 3698 2841 3765 penitus
2895 3699 3273 3762 indiscretum,
3324 3699 3574 3767 quisquis

1987 3785 2152 3854 sapit,
2181 3787 2450 3857 intelligit.
2487 3786 2549 3841 lli
2579 3788 2837 3841 nimirum
2863 3791 3140 3843 auditores
3171 3805 3299 3843 suos
3324 3789 3374 3853 in
3401 3788 3578 3843 Heba-

1987 3876 2204 3930 litarum
2261 3878 2598 3948 ignobilitate
2648 3881 3009 3945 constituunt,
3066 3882 3192 3933 dum
3241 3880 3576 3950 paenitentia:

1988 3966 2256 4022 fervorem
2313 3969 2528 4033 tollunt,
2579 3971 2704 4024 dum
2771 3989 2875 4027 non
2917 3980 3034 4040 post
3065 3971 3301 4026 solutum
3335 3971 3575 4026 debitum

1986 4074 2170 4113 amore
2194 4060 2545 4128 perfectionis
2570 4062 2634 4116 ad
2669 4063 2775 4118 alta
2800 4065 3198 4129 conscendere;
3249 4064 3341 4119 sed
3385 4079 3576 4134 ptena-

1988 4167 2103 4205 rum
2133 4167 2344 4222 semper
2369 4164 2576 4208 terrore
2607 4158 2953 4218 constrictos,
2991 4165 3045 4211 et
3089 4157 3342 4210 cautione
3373 4156 3578 4210 fenoris

1983 4243 2250 4314 obligatos
2282 4245 2480 4300 docent
2509 4246 2608 4300 sub
2647 4246 2932 4313 degeneris
2965 4247 3193 4315 ignavia:
3223 4255 3439 4316 torpore
3462 4246 3579 4299 lan-

1985 4349 2182 4404 guere;
2205 4344 2266 4388 ut
2291 4350 2397 4388 non
2428 4350 2552 4390 cum
2577 4336 2661 4390 his
2685 4337 2774 4405 qui
2792 4333 2949 4403 juxta
2965 4335 3206 4389 Garizim
3224 4344 3368 4400 sunt,
3386 4349 3579 4390 secure

1990 4428 2276 4482 Dominum
2309 4429 2653 4493 benedicant,
2708 4429 2802 4484 sed
2848 4429 2994 4484 circa
3047 4427 3215 4484 llebal
3245 4427 3424 4499 potius
3452 4442 3577 4482 cum

1990 4519 2310 4574 ancillarum
2336 4519 2459 4575 filiis
2490 4520 2927 4576 maledictionum
2945 4520 3128 4591 jacula
3160 4520 3573 4591 pertimescant.

1989 4612 2091 4680 Qui
2124 4614 2239 4668 haJc
2269 4614 2413 4668 enim
2439 4613 2574 4683 agit,
2599 4612 2727 4682 quid
2767 4613 2931 4667 distet
2975 4613 3117 4666 inter
3167 4612 3357 4666 decem
3410 4607 3580 4664 millia

1992 4687 2196 4758 talenta
2221 4715 2275 4758 et
2300 4714 2516 4759 centum
2542 4704 2816 4768 denarios,
2853 4718 2958 4756 non
2987 4701 3236 4756 attendit.
3264 4701 3397 4754 Nam
3423 4699 3468 4755 si
3492 4700 3583 4768 jus

1990 4795 2331 4850 discretionis
2363 4796 2665 4864 inspicitur,
2699 4794 3070 4864 unusquisque
3100 4806 3206 4861 quo
3254 4789 3427 4859 magis
3459 4805 3589 4860 gra—

1991 4895 2148 4939 vatur
2177 4884 2417 4948 oli‘cnsis,
2451 4903 2516 4940 eo
2561 4884 2751 4952 majori
2782 4885 3090 4956 gravandus
3121 4893 3202 4936 est
3224 4881 3465 4951 pondere
3497 4895 3588 4934 sa-

1992 4979 2328 5035 tisfactionis.
2378 4980 2612 5034 Facilius
2662 4980 2858 5048 quippe
2911 4976 3120 5030 debitor
3177 4973 3429 5036 solvitur,
3500 4975 3589 5041 qui

1993 5082 2267 5126 mutuatus
2288 5081 2372 5126 cst
2400 5072 2634 5134 unciam,
2663 5086 2822 5139 quam
2847 5069 2936 5123 ille
2961 5067 3051 5136 qui
3084 5065 3276 5120 libram
3299 5080 3435 5131 ;nec
3462 5064 3590 5136 pari

1993 5164 2149 5234 291
2181 5163 2554 5218 emendatione
2585 5160 2896 5231 plectendus
2945 5163 3029 5214 est
3056 5159 3148 5227 qui
3177 5171 3335 5212 ovem
3382 5155 3589 5225 rapuit.

1991 5271 2045 5315 ct
2074 5260 2161 5314 ille
2190 5259 2280 5330 qui
2310 5258 2521 5312 bovem.

2067 5350 2200 5404 Nam
2233 5351 2275 5404 si
2309 5351 2596 5420 diligenter
2626 5347 2974 5413 attendimus,
3021 5346 3165 5416 ipsos
3212 5359 3426 5414 quoque
3451 5354 3582 5410 apo-

1995 5443 2162 5498 stolos
2204 5441 2502 5510 disciplina:
2553 5449 2751 5494 nostrm
2800 5438 3109 5508 principes,
3174 5443 3230 5491 et
3287 5433 3580 5490 Christiani

1995 5536 2262 5606 dogmatis
2317 5534 2504 5596 duces,
2545 5530 2695 5599 juxta
2728 5531 2925 5599 prioris
2967 5531 3090 5584 vita:
3126 5527 3310 5599 culpas
3340 5526 3581 5581 laborum

1998 5626 2458 5682 invenimusintcr
2482 5639 2539 5677 se
2559 5623 2792 5678 invicem
2818 5622 3073 5677 habuisse
3088 5620 3421 5677 distantiam.
3445 5615 3579 5670 Nam

1997 5717 2196 5773 Paulus
2252 5717 2374 5786 quia
2422 5731 2480 5771 se
2506 5715 2557 5770 in
2586 5729 2716 5798 nece
2746 5713 3004 5784 Stephani
3033 5712 3267 5768 crudelis
3297 5703 3578 5762 admiscuit

3177 5805 3250 5862 10
