4110 5364
574 176 678 232 299

1030 172 1085 228 S.
1118 164 1321 229 PETRI
1356 172 1636 229 DAMIANI
1669 171 1818 230 OPP.
1846 170 2083 231 TOMUS
2122 176 2252 233 SEU
2292 174 2468 233 PARS
2504 178 2589 233 lll.
2616 208 2686 220 —-
2713 177 3075 237 OPUSCULA
3113 178 3343 234 VARIA.

3705 183 3814 238 30¢

577 292 712 362 (:lct.
743 301 882 359 vni),
910 287 1061 358 plura
1099 303 1257 355 quam
1311 293 1517 355 οωωη,
1547 293 1858 359 passionum
1878 291 2139 362 supplicia
2171 308 2219 364 Α
2244 294 2551 348 necessario
2573 299 2849 359 conlitere,
2875 295 2998 366 quia
3030 305 3252 351 sanctus
3283 298 3362 350 vir
3393 296 3496 352 non
3530 297 3647 369 sola
3693 312 3817 371 qua:
3852 298 3855 299 ⁷

564 382 853 445 toleravit;
899 380 1091 434 Petrus
1134 388 1322 433 autem
1372 381 1683 449 nuptiarum
1736 382 1923 437 sordes
1980 382 2148 437 abluit
2247 384 2464 452 scripsit
2494 385 2783 439 observare
2804 400 2901 439 nos
2939 385 3120 450 voluit,
3167 394 3223 440 et
3268 387 3394 440 dum
3422 402 3520 441 sua
3548 390 3814 453 condidit,

574 488 765 529 cruore
814 469 1054 539 martyrii
1083 467 1166 537 (II
1221 468 1344 522 Cor.
1378 468 1645 541 1|)lVide
1687 471 1885 525 scholia
1937 472 2005 525 ad
2036 471 2145 525 eal~

573 571 679 624 rem
704 562 991 635 opusculi];
1014 571 1068 615 at
1094 560 1352 627 Joannes,
1384 562 1509 631 quia
1540 562 1690 632 virgo
1715 562 1931 633 cligitur
1959 563 2141 634 (Joan.

571 660 704 729 ut),
735 655 945 711 caeteris
973 653 1222 708 omnibus
1251 653 1371 723 plus
1417 662 1661 719 amatur;
1713 663 1767 709 et
1805 654 2058 723 quoniam
2090 656 2142 709 in

558 750 758 822 puerili
780 758 944 804 aetate
965 747 1163 802 mundo
1182 747 1491 803 subtractus
1515 748 1753 817 graviter
1774 763 1879 801 non
1896 747 2140 817 deliquit,

571 859 676 899 non
697 854 887 911 poenas
915 837 1156 909 martyrii
1185 837 1436 907 patiendo
1466 836 1514 908 (Ι
1542 835 1678 903 Cor.
1701 838 1812 908 xv),
1844 837 1936 891 sed
1964 838 2141 893 suavi-

568 946 651 992 ter
702 944 758 989 et
806 932 991 1002 quiete
1046 930 1200 1000 quasi
1249 929 1565 984 dormiendo
1606 928 1878 999 migravit.
1928 930 2138 984 Etcum

550 1026 887 1098 praedicator
914 1022 1002 1077 ille
1029 1021 1277 1093 egregius
1304 1019 1452 1075 dicat
1479 1039 1493 1073 :
1526 1039 1545 1072 ι
1598 1020 1710 1090 Ego
1739 1035 1856 1074 sum
1886 1021 2139 1076 minimus

565 1116 951 1188 apostolorum,
977 1112 1067 1182 qui
1096 1126 1201 1165 non
1225 1125 1343 1165 sum
1374 1110 1569 1180 dignus
1594 1108 1789 1164 vocari
1841 1109 2134 1177 apostolus,

552 1208 820 1280 quoniam
846 1211 1162 1277 persecutus
1184 1201 1621 1258 sum-Ecclesiam
1647 1201 1738 1255 Dei
1756 1199 1807 1272 (1
1824 1199 1953 1255 Cor.
1976 1202 2085 1272 ix);
2113 1218 2131 1252 ι

563 1312 685 1354 cum
736 1311 933 1367 corpus
968 1309 1123 1349 suum
1175 1291 1431 1362 castiget,
1485 1290 1841 1360 servitutique
1886 1291 2132 1361 subjiciat

550 1389 615 1462 .(I
634 1387 768 1444 'Cor.
804 1389 910 1457 tv);
942 1402 1063 1441 cum
1092 1388 1234 1454 quod
1261 1384 1381 1439 aliis
1409 1383 1525 1454 ipse
1569 1382 1836 1446 concedit,
1871 1381 1936 1437 de
1959 1383 2135 1437 Evan-

560 1481 702 1553 gelio
727 1479 861 1534 nihil
889 1477 1137 1546 accipiat,
1161 1476 1256 1530 sed
1279 1477 1346 1531 de
1394 1489 1650 1529 manuum
1682 1489 1901 1528 suarum
1931 1472 2130 1527 labori-

557 1575 659 1628 bus
686 1572 858 1634 vivat;
905 1584 1026 1623 cum
1058 1568 1145 1622 ille
1185 1567 1304 1637 plus
1331 1566 1580 1622 omnibus
1610 1565 1832 1631 laboret,
1867 1576 1922 1619 et
1952 1574 2130 1620 tamen

2245 472 2418 526 edicta
2466 471 2683 526 Patrum
2726 473 3142 543 praecedentium
3193 489 3300 528 non
3334 477 3588 531 caSsavit.
3614 477 3719 533 Sed
3747 495 3817 534 ne

2245 578 2331 618 me
2351 565 2474 632 quis
2501 565 2819 621 temeritatis
2868 565 3128 631 incessat,
3179 576 3434 637 tanquam
3466 569 3557 638 qui
3599 584 3820 627 sacrum

2243 655 2487 709 ordinem
2519 654 2830 724 derogando
2852 654 3162 725 dijudieem,
3190 663 3352 726 atque
3380 658 3692 726 dcpretiem,
3718 675 3821 716 nos

2243 756 2442 800 sancta:
2483 744 2804 815 professioni
2831 757 3038 801 tantum
3072 747 3383 813 tribuimus,
3415 758 3475 802 ut
3515 758 3571 805 et
3613 765 3819 807 secun—

2242 833 2500 888 dieerium
2522 834 2802 903 apostolici
2825 835 3052 900 ordinis,
3071 844 3124 891 et
3143 837 3436 891 secundum
3466 838 3818 893 nihilominus

2240 922 2506 978 fateamur
2541 939 2661 979 esse
2710 924 3053 995 baptismum.
3105 924 3209 980 Sed
3250 926 3371 981 dico
3414 927 3557 995 quod
3610 929 3814 984 dictum

2238 1024 2338 1081 est,
2369 1030 2491 1069 eum
2535 1017 2788 1087 princeps
2838 1017 3207 1086 apostolorum
3238 1018 3557 1087 quibusdam
3588 1019 3653 1073 ad
3685 1036 3819 1076 cor;-

2237 1105 2540 1159 vetsionem
2583 1105 2769 1159 venire
2810 1106 3110 1163 volentibus
3141 1108 3287 1162 dicat
3318 1126 3330 1161 :
3362 1127 3381 1159 ε
3430 1108 3812 1165 Paenitentiam

2236 1195 2377 1266 agite
2400 1210 2415 1248 :
2438 1204 2493 1249 et
2517 1194 2818 1264 baptizetur
2843 1197 3212 1266 unusquisque
3234 1207 3473 1254 vestrum
3490 1198 3628 1270 (Aet.
3661 1200 3758 1269 tt);
3786 1186 3827 1253 ι’

2234 1301 2338 1355 qua
2372 1285 2534 1356 igitur
2560 1292 2739 1345 mente
2785 1300 3009 1341 securus
3036 1294 3141 1352 est,
3174 1287 3265 1356 qui
3298 1296 3598 1345 transactas
3625 1288 3817 1360 culpas

2234 1371 2364 1427 ﬂere
2392 1372 2635 1443 negligit,
2658 1375 2875 1443 quando
2922 1375 3035 1445 ipse
3063 1390 3308 1431 summus
3336 1385 3524 1447 pastor
3550 1378 3810 1445 Ecclesia:

2232 1465 2361 1525 huic
2383 1466 2549 1521 etiam
2593 1474 2937 1523 sacramento
2982 1468 3282 1523 addendam
3315 1482 3528 1539 pmnam
3552 1472 3810 1539 credidit,

2232 1554 2373 1624 quod
2418 1555 2791 1626 principaliter
2844 1562 3068 1627 peccata
3109 1557 3379 1627 dimittit?
3431 1568 3619 1615 sancta
3646 1559 3811 1615 nimi-

688 1624 745 1717 βξ
767 1624 1242 1731 εοῇιρνθὴεηάίεξθ
1280 1657 1532 1714 formidet
1555 1657 1775 1729 (Philip.
1804 1624 1918 1728 ut):
1953 1657 1995 1712 si
2021 1656 2127 1722 ille,
2164 1661 2206 1721 Β
2235 1664 2352 1702 rum
2387 1624 2568 1716 regula
2596 1624 2700 1705 illis
2718 1657 2805 1705 est
2829 1624 2930 1705 sub
2957 1624 3466 1707 latitandiscretionis
3487 1663 3605 1707 arte
3628 1653 3813 1723 dispo-

550 1754 799 1823 inquam,
848 1753 988 1806 inter
1034 1759 1143 1806 tam
1192 1748 1475 1821 magnifica
1503 1750 1763 1804 virtutum
1810 1764 1972 1818 Opera
2019 1765 2127 1803 non

552 1843 781 1898 conlidit
808 1841 983 1896 adhuc
1012 1841 1066 1895 in
1099 1839 1397 1911 apostolatu
1419 1880 1435 1906 ,
1487 1839 1617 1909 quid
1665 1855 1764 1895 nos
1807 1840 2046 1895 infelices
2073 1850 2130 1895 et

556 1933 739 1988 miseri
772 1940 975 1986 tantum
998 1930 1373 2002 praesumimus
1393 1930 1460 1984 de
1480 1938 1678 1984 nostra:
1698 1929 1918 1984 desidia:
1942 1944 2129 1984 mona-

554 2024 754 2077 citato?
778 2023 1035 2093 Quisquis
1066 2036 1198 2077 sane
1225 2021 1294 2075 ad
1344 2019 1615 2090 religionis
1671 2017 1829 2088 hujus
1880 2021 2124 2075 ordinem

552 2110 812 2184 confugit,
844 2111 1003 2166 ﬁnem
1030 2109 1185 2166 malis
1205 2109 1452 2179 imponit.

623 2198 730 2255 Sed
759 2200 889 2269 quid
915 2199 1135 2269 prodest
1162 2213 1191 2252 a
1238 2206 1577 2267 peccatorum
1602 2199 1999 2269 perpetrationc
2026 2199 2121 2253 de-

552 2291 764 2358 sistere,
792 2290 897 2346 nisi
926 2299 981 2346 et
1006 2291 1120 2345 haec
1166 2290 1278 2358 ipsa
1325 2304 1445 2359 quae
1490 2299 1796 2361 perpetrata
1828 2297 1970 2353 sunt,
2006 2297 2123 2343 stu-

551 2383 676 2438 deat
698 2384 818 2453 quis
842 2383 1100 2438 districtze
1122 2381 1449 2451 pmnitentize
1492 2382 1865 2438 satisfactione
1907 2383 2124 2437 delere?

555 2473 661 2529 Sed
691 2475 817 2545 quia
849 2473 979 2528 mihi
1005 2474 1235 2528 fortasse
1262 2488 1369 2527 non
1400 2472 1657 2538 creditur,
1696 2473 1823 2542 quid
1844 2490 1911 2528 ex
1943 2473 2047 2529 hoc
2067 2475 2125 2549 in~

549 2562 813 2619 Pastorali
840 2562 975 2617 libro
1002 2561 1281 2632 perhibeat
1305 2560 1498 2616 beatus
1533 2576 1667 2631 papa
1699 2562 2009 2633 Gregorius,
2043 2564 2125 2617 in-

549 2652 819 2722 quiratur,
846 2651 938 2706 ubi
967 2654 1079 2705 ait:
1119 2670 1136 2702 «
1168 2650 1550 2707 Admonendos
1598 2666 1718 2707 esse
1763 2652 1855 2721 qui
1899 2662 2120 2723 peccata

547 2744 821 2808 deserunt,
847 2757 947 2798 nec
973 2753 1151 2798 tamen
1174 2742 1447 2813 plangunt,
1474 2739 1664 2810 nejam
1692 2743 1960 2800 relaxatas
1980 2746 2123 2801 testi-

546 2842 697 2889 ment
745 2833 952 2903 culpas,
984 2849 1120 2903 quas
1170 2833 1276 2888 etsi
1325 2833 1534 2904 agendo
1578 2849 1681 2889 non
1737 2835 2118 2905 multiplicant,

545 2926 706 2984 nullis
752 2938 928 2983 tamen
958 2925 1172 2995 ﬂetibus
1209 2925 1490 2980 mandant.
1528 2945 1546 2979 ι
1577 2927 1707 2994 Quae
1733 2927 1980 2984 videlicet
2009 2938 2119 2984 tam

2230 1743 2350 1806 sita,
2383 1742 2486 1797 illis
2515 1743 2817 1810 specialiter
2857 1745 2956 1799 sub
3011 1753 3173 1798 tanta
3229 1744 3613 1800 moderationis
3645 1745 3813 1801 libra-

2228 1834 2372 1888 mine
2408 1842 2725 1903 temperata,
2774 1834 2867 1903 qui
2925 1843 3221 1905 spontaneo
3272 1835 3560 1903 desiderio,
3601 1845 3657 1890 et
3685 1851 3810 1906 per-

2229 1923 2479 1980 fectionis
2501 1940 2686 1981 amore
2707 1926 2878 1996 gratis
2900 1925 3153 1981 saeculum
3170 1925 3446 1992 deserunt,
3462 1943 3567 1982 non
3590 1936 3809 1998 propter

2225 2030 2337 2079 eos,
2366 2017 2458 2088 qui
2508 2018 2772 2073 scelerum
2822 2018 3156 2074 immanitate
3193 2020 3462 2087 deterriti,
3492 2019 3677 2093 fugere
3706 2037 3808 2079 ne—

2224 2107 2462 2162 cessario
2491 2105 2903 2178 compelluntur.
2935 2107 3047 2173 llis,
3094 2108 3334 2179 inquam,
3367 2110 3460 2181 qui
3484 2125 3669 2166 amore
3711 2125 3807 2167 ve-

2224 2198 2383 2252 niunt
2432 2198 2775 2264 obcdientiae,
2820 2212 2927 2253 non
2978 2199 3063 2254 his
3118 2200 3209 2269 qui
3272 2202 3560 2256 trahuntur
3611 2201 3810 2256 timore

2224 2289 2481 2358 gehennae
2500 2307 2513 2341 :
2539 2288 2971 2344 desiderantibus
2990 2289 3198 2344 scilicet
3212 2305 3413 2361 augere
3436 2290 3682 2361 gratiam,
3700 2304 3807 2346 nec

2222 2378 2647 2449 praecaventibus
2677 2379 2848 2434 vitare
2872 2380 3188 2434 vindictam.
3243 2378 3399 2447 Quod
3457 2380 3511 2434 in
3536 2376 3805 2450 ipsolihri

2222 2470 2495 2539 principio
2559 2469 2843 2525 manifeste
2901 2470 3190 2541 colligitur,
3248 2470 3294 2526 si
3357 2470 3426 2524 ad
3480 2484 3642 2541 quem
3702 2481 3804 2523 sua

2223 2561 2388 2635 verba
2445 2560 2679 2631 Spiritus
2732 2569 2952 2618 sanctus
3010 2562 3229 2632 dirigat,
3296 2562 3568 2617 subtiliter
3619 2569 3803 2621 atten-

2223 2652 2401 2709 datur.

2294 2743 2555 2814 Spiritum
2609 2753 2855 2800 sanctum
2894 2744 3049 2799 dico.
3110 2744 3295 2816 Neque
3332 2743 3478 2799 enim
3534 2743 3619 2797 vir
3671 2757 3801 2799 sane

2222 2844 2382 2900 ctus,
2438 2846 2704 2908 tantaeque
2749 2837 2925 2893 cultor
2977 2837 3298 2893 humilitatis
3354 2835 3603 2905 protinus
3648 2843 3709 2889 ut
3747 2833 3805 2890 in

2220 2927 2383 2983 verba
2419 2937 2808 2998 prorumperet,
2844 2928 3137 2998 magisterii
3168 2926 3503 2992 cathedram,
3531 2933 3588 2980 et
3607 2925 3805 2995 praeci-

534 3018 723 3090 plena,
781 3026 889 3074 tam
938 3018 1173 3073 evidenti
1225 3016 1333 3074 illic
1379 3026 1505 3075 sunt
1536 3021 1747 3076 ratione
1793 3020 2191 3093 digesta,ntC
2223 3034 2326 3089 pue
2378 3019 2450 3088 pii
2496 3021 2664 3089 patris
2714 3020 2814 3073 sibi
2869 3019 3220 3089 privilegium
3270 3024 3578 3087 usurparet,
3617 3016 3805 3072 dicens

543 3109 789 3181 quisquis
817 3109 1102 3179 diligenter
1123 3109 1212 3164 illa
1230 3110 1550 3181 perlegerit,
1577 3126 1644 3166 ex
1674 3112 1776 3167 hac
1822 3128 1882 3168 re
1915 3114 1981 3169 de
2000 3128 2115 3169 eae-

546 3210 662 3256 tero
690 3198 935 3253 dubitare
961 3216 1066 3254 non
1092 3202 1288 3271 possit;
1323 3216 1422 3255 nos
1453 3211 1630 3256 autem
1675 3203 1761 3257 hic
1802 3205 2116 3272 apponcnda

546 3305 651 3344 non
682 3290 950 3354 ducimus,
981 3291 1105 3359 quia
1134 3291 1463 3358 prolixitatis
1488 3291 1763 3347 fastidiqu
1795 3294 2117 3349 devitamus.

545 3379 613 3434 Et
637 3393 823 3435 revera
843 3379 1114 3449 quomodo
1137 3379 1205 3433 de
1236 3388 1416 3436 reatus
1436 3381 1516 3435 sui
1542 3368 1874 3437 relaxatione
1896 3397 2119 3440 securus

540 3480 647 3535 est,
677 3470 765 3539 qui
797 3470 863 3523 ad
895 3469 1069 3523 locum
1099 3469 1429 3539 pmnitenlite
1459 3472 1702 3537 veniens,
1734 3473 2115 3542 pmnitentiam

544 3574 650 3614 non
678 3561 967 3616 observat?
1470 3608 1473 3611 .
1684 3612 1687 3615 .

610 3649 679 3703 At
707 3649 954 3707 fortassis
979 3649 1253 3719 objicitur,
1278 3653 1402 3720 quia
1432 3662 1630 3723 praeter
1680 3654 1733 3709 id
1783 3656 1928 3725 quod
1966 3670 2118 3711 com-

540 3755 703 3796 mune
723 3749 828 3805 est,
850 3741 1083 3810 speciale
1112 3742 1365 3812 cuiquam
1399 3744 1637 3799 venienti
1665 3744 1952 3801 deiszeculo
1973 3745 2116 3818 jeju-

538 3829 689 3884 nium
715 3831 769 3885 in
802 3830 983 3901 regula
1013 3847 1117 3886 non
1141 3831 1379 3900 jubetur.
1416 3834 1498 3890 Ad
1530 3836 1672 3904 quod
1700 3837 1864 3892 facile
1892 3854 2119 3909 respon-

540 3920 923 3990 demuszqnia
974 3921 1035 3974 Β.
1090 3920 1414 3978 Benedictus
1466 3939 1564 3979 sua
1607 3927 1824 3994 quidem
1845 3938 2113 3999 praecepta

538 4010 818 4065 monachis
846 4010 1030 4075 edidit,
1063 4011 1154 4066 sed
1171 4011 1477 4082 judieaules
1520 4014 1587 4069 de
1624 4016 2000 4084 peccatoribus
2027 4034 2117 4073 sa-

538 4113 662 4155 cros
702 4111 937 4155 canones
994 4114 1101 4155 non
1144 4101 1432 4170 destruxit,
1460 4105 1570 4160 imo
1616 4108 1798 4162 omnia
1849 4110 2112 4166 catholica

535 4190 734 4260 scripta
780 4189 1018 4246 ﬁrmavit
1059 4210 1071 4245 :
1114 4193 1391 4250 conversis
1448 4195 1611 4266 plane
1648 4197 1799 4253 dedit
1842 4210 2111 4272 praecepta

534 4282 783 4348 vivendi;
809 4283 1185 4351 peccatoribus
1211 4295 1391 4342 autem
1410 4290 1784 4358 paenitentiam
1814 4308 1920 4348 non
1941 4293 2111 4349 dona-

533 4371 633 4436 vit,
666 4372 902 4443 alioquin
936 4390 1281 4431 murmurare
1318 4389 1567 4446 possunt,
1594 4390 1651 4434 et
1680 4381 1829 4450 jusle
1851 4385 2109 4451 conqueri
2138 4365 2188 4422 Β

536 4467 646 4512 tam
676 4459 712 4513 ii
757 4460 933 4529 quiin
981 4461 1172 4531 puerili
1215 4472 1395 4529 auate,
1441 4482 1603 4534 quam
1646 4469 1739 4537 qui
1779 4485 1808 4522 a
1858 4472 2110 4540 gravibus

535 4549 790 4606 custoditi
845 4552 914 4631 ad
957 4553 1424 4608 conversationem
1481 4556 1724 4624 veniunt,
1774 4558 1819 4612 si
1860 4560 2109 4615 eumdem

536 4643 747 4699 vivendi
777 4643 996 4699 modum
1026 4651 1213 4699 tenere
1240 4659 1362 4698 cum
1411 4643 1496 4700 bis
1525 4646 1618 4716 qui
1649 4647 1965 4703 criminibus
1989 4664 2107 4720 gra-

531 4735 644 4791 vati
671 4721 815 4801 suut,
849 4734 1263 4806 compelluntur.
1294 4735 1426 4790 Nam
1452 4737 1497 4792 si
1526 4737 1683 4792 aliter
1701 4737 1951 4808 jejunare
1973 4757 2108 4795 nun-

532 4843 698 4899 quam
715 4829 994 4894 debemus,
1023 4842 1125 4882 nec
1166 4827 1328 4881 aliam
1375 4843 1536 4898 agere
1578 4830 1977 4899 paenitentiam,
2006 4830 2110 4886 nisi

530 4936 652 4991 quae
689 4921 743 4976 in
787 4921 974 4976 eadem
1024 4920 1206 4991 regula
1251 4927 1437 4975 sancta
1487 4921 1835 4991 praecipitur,
1888 4938 1993 4977 cur
2034 4923 2106 4976 ibi

524 5012 734 5082 jussum
761 5018 843 5066 est
868 5010 948 5081 (S.
981 5009 1107 5066 Ben.
1146 5008 1296 5082 Reg.,
1325 5027 1444 5081 cap.
1490 5010 1582 5079 55)
1626 5029 1637 5064 :
1683 5032 1701 5064 ι
1742 5011 1820 5085 _Ut
1839 5011 2106 5081 jejunium

529 5121 560 5158 a
590 5104 769 5174 priore
796 5102 1083 5171 frangatur
1107 5111 1329 5173 propter
1355 5103 1617 5174 ltOSpites,
1659 5103 1761 5159 nisi
1803 5105 2106 5174 praecipuus

523 5194 715 5267 jejunii
744 5193 858 5248 dies
885 5193 989 5248 sit?
1024 5211 1042 5244 ι

598 5285 714 5354 Age
741 5296 907 5345 nunc,
953 5280 1091 5351 lege,
1119 5297 1394 5351 percurre,
1446 5286 1661 5341 revolve
1705 5284 1852 5348 folia,
1877 5285 2106 5341 solerter

2222 3110 2302 3184 (S.
2329 3112 2528 3167 Besso.
2556 3110 2705 3182 Reg.,
2738 3128 2857 3182 cap.
2888 3114 2972 3181 l):
3003 3130 3022 3163 ι
3046 3112 3325 3177 Ausculta,
3351 3126 3384 3166 o
3414 3110 3510 3177 fili,
3535 3118 3805 3182 praecepta

2222 3202 2485 3273 magistri,
2521 3212 2574 3258 et
2600 3202 2797 3257 inclina
2832 3218 3017 3257 aurem
3047 3203 3227 3259 cordis
3262 3201 3363 3266 tui,
3392 3209 3448 3255 et
3475 3199 3803 3256 admonitio-

2221 3307 2343 3347 nem
2384 3293 2462 3362 pii
2508 3294 2681 3363 patris
2725 3293 2955 3348 libenter
3001 3295 3242 3365 excipe.»
3297 3291 3402 3347 Sed
3452 3292 3541 3346 ille
3578 3306 3802 3347 servum

2210 3392 2375 3437 suum
2403 3383 2632 3451 propriae
2663 3383 2808 3436 vocis
2841 3398 3103 3452 organum
3146 3381 3298 3448 fecit,
3338 3383 3430 3452 qui
3462 3380 3710 3436 similiter
3737 3380 3798 3435 in

2219 3473 2336 3542 ipso
2364 3472 2604 3527 vaticinii
2636 3473 2946 3542 incipientis
2967 3473 3188 3527 exordio
3218 3472 3456 3528 clamare
3474 3487 3576 3543 per
3600 3472 3798 3528 Isaiam

2217 3562 2429 3630 coepit:
2505 3579 2523 3611 ι
2561 3561 2764 3625 Filios,
2824 3562 3039 3630 inquit,
3102 3561 3376 3628 enutrivi,
3446 3570 3502 3617 et
3561 3561 3797 3618 exaltari

2218 3652 2353 3725 (Ita.
2389 3654 2483 3722 1).»
3047 3639 3049 3642 ⁴

2287 3747 2577 3803 Videamus
2603 3760 2731 3817 ergo
2757 3760 2877 3800 cum
2906 3745 3143 3801 scribere
3166 3745 3379 3816 incipit,
3404 3746 3601 3816 quibus
3627 3745 3791 3801 verba

2216 3838 2419 3909 dirigit,
2456 3838 2523 3893 ad
2549 3838 2693 3906 quod
2724 3836 3000 3891 hominum
3041 3852 3213 3908 genus
3255 3852 3473 3893 omnem
3503 3839 3609 3892 vim
3640 3852 3793 3893 secu-

2217 3940 2348 3985 tura:
2375 3930 2691 3986 elocutionis
2727 3930 2953 3984 intendit
2978 3946 2992 3990 ;
3020 3931 3097 3983 ait
3119 3930 3263 3985 enim
3287 3929 3371 3999 ,(S.
3402 3929 3601 3984 Besso.
3635 3927 3792 3999 Reg.,

2215 4037 2332 4091 cap.
2363 4020 2453 4090 l):
2498 4038 2519 4072 ι
2550 4021 2631 4075 Ad
2682 4028 2734 4074 te
2781 4034 2909 4090 ergo
2938 4035 3081 4075 nunc
3116 4034 3268 4074 meus
3296 4034 3474 4074 sermo
3521 4016 3789 4087 dirigitur,

2215 4111 2457 4180 quisquis
2478 4110 2865 4165 abrenuntiatis
2882 4109 3119 4179 propriis
3146 4107 3527 4178 voluptatibus,
3563 4104 3793 4160 Domino

2212 4200 2427 4255 Christo
2448 4216 2575 4255 vero
2597 4200 2707 4270 rcgi
2753 4198 3102 4263 militaturus,
3144 4198 3459 4253 obedientize
3494 4195 3791 4251 fortissima

2213 4301 2376 4361 atque
2410 4290 2668 4360 praeclara
2713 4304 2861 4342 arma
2909 4288 3193 4343 assumis.»
3237 4286 3506 4355 Quantum
3551 4301 3683 4357 ergo
3719 4299 3790 4339 ex

2213 4381 2384 4435 sancti
2443 4378 2544 4433 viri
2593 4380 2771 4434 verbis
2822 4379 3073 4450 colligere
3130 4395 3451 4451 possumus,
3503 4377 3677 4448 magis
3719 4374 3787 4429 ad

2212 4470 2522 4526 discendam
2550 4469 2935 4535 obedientiam,
2981 4486 3143 4541 quam
3174 4472 3240 4525 ad
3285 4467 3640 4541 peragendam
3672 4474 3791 4536 pce-

2213 4561 2492 4616 nitentiam
2515 4560 2711 4631 regulae
2738 4559 2899 4630 hujus
2930 4560 3113 4615 schola
3144 4559 3480 4628 cognoscitur
3508 4556 3785 4619 instituta;

2211 4667 2319 4707 non
2359 4662 2415 4706 ut
2452 4651 2565 4706 sive
2603 4662 2935 4720 peccatores,
2987 4651 3099 4706 sive
3140 4651 3317 4721 jnstos
3369 4648 3659 4711 excludat,
3697 4644 3783 4701 vel

2210 4758 2374 4796 unum
2424 4757 2591 4812 genus
2643 4742 2917 4796 hominum
2960 4750 3206 4810 respuat;
3249 4740 3341 4795 sed
3388 4739 3514 4809 quia
3568 4746 3782 4792 omnem

2216 4832 2329 4891 vim
2353 4842 2409 4887 et
2446 4832 2800 4885 intentionem
2846 4831 2912 4885 ad
2959 4831 3227 4885 edocenda
3282 4824 3601 4884 obedientiaa
3647 4838 3786 4894 prae.

2216 4932 2368 4993 cepta
2398 4921 2709 4976 constituat.

2284 5014 2479 5069 Verum
2520 5013 2647 5066 dum
2686 5012 2799 5065 bzec
2826 5011 3133 5075 scribimus,
3174 5027 3278 5065 non
3318 5010 3633 5079 ignoramus
3681 5017 3780 5057 nos

2210 5104 2472 5174 quosdam
2505 5102 2701 5157 fratres
2728 5099 3016 5164 olTendere,
3050 5117 3143 5155 eos
3192 5100 3456 5163 videlicet,
3496 5096 3589 5166 qui
3637 5091 3781 5147 arbi-

2211 5205 2422 5250 trantur
2470 5205 2525 5250 et
2583 5194 2969 5250 absolutionem
3027 5194 3349 5257 criminum,
3407 5201 3462 5246 et
3516 5188 3780 5243 virtutum

2209 5285 2503 5341 clausulam
2545 5287 2597 5341 in
2628 5286 2740 5339 sola
2774 5282 3035 5339 duntaxat
3077 5284 3430 5337 conversione
3483 5288 3774 5342 constare;
