4110 5364
249 333 348 390 301

1077 321 1318 378 OPUSC.
1350 321 1479 376 Xlll.
1515 349 1580 358 —
1612 317 1698 373 DE
1735 311 2214 369 PERFECTIONE
2251 309 2553 366 MONACII.

3401 311 3510 368 302

249 464 437 514 camus
463 444 517 517 (1
539 440 665 499 Cor.
691 447 808 513 vn).
836 442 943 497 Cur
970 452 1147 497 autem
1173 445 1283 498 haec
1312 443 1473 497 tantis
1492 443 1822 511 protraliam,
1861 442 1901 497 Α
1930 450 2026 490 nes
2047 447 2166 490 esse
2189 435 2328 489 sicut
2356 436 2656 502 tneipsum;
2703 433 2794 487 sed
2825 433 3191 502 unusquisque
3219 435 3503 503 proprium

249 541 375 612 quia
403 555 508 594 non
536 537 769 592 alienum
803 535 1034 599 videtur,
1071 550 1354 605 exponam.
1387 534 1612 602 Quidam
1641 549 1827 603 nempe

251 631 419 688 frater
443 630 633 700 adlnos
662 632 726 684 de
754 629 1080 683 monasterio
1111 628 1421 698 venit,quid
1447 629 1498 681 in
1529 627 1703 681 laicali
1722 627 1826 679 vita

249 721 582 778 commiserit
607 719 767 789 293
798 717 1076 773 confessus
1097 726 1204 773 est.
1230 718 1400 771 Porro
1436 717 1729 771 debebatur
1754 715 1826 768 illi

249 811 620 882 septuaginta,
677 810 721 864 si
755 817 901 863 recte
955 818 1136 872 teneo,
1191 823 1459 862 annorum
1491 806 1826 875 pmnitentia,

251 904 390 959 sicut
425 903 586 956 nobis
612 917 679 956 ex
712 916 994 958 sacrorum
1025 916 1289 955 canonum
1315 901 1584 955 sententia
1613 899 1826 953 videba-

253 1003 359 1046 tur.
407 992 539 1045 Erat
572 1001 753 1045 autem
787 991 897 1046 fere
929 992 1040 1061 jam
1075 991 1352 1061 septennis
1398 991 1449 1044 in
1492 991 1675 1045 habitu
1703 989 1826 1043 reli-

253 1085 462 1158 gionis;
507 1101 740 1155 cumque
769 1101 1132 1156 quiereremus
1161 1101 1257 1154 pro
1285 1085 1367 1139 his
1399 1085 1636 1153 peccatis
1660 1098 1831 1153 quan-

255 1185 364 1230 tum
389 1175 503 1243 jam
537 1175 868 1244 paenitentia:
896 1175 1221 1244 peregisset,
1254 1174 1528 1243 respondit
1564 1191 1574 1225 :
1605 1174 1830 1226 Domino

254 1265 471 1334 quidem
499 1263 680 1318 abbati
711 1279 767 1318 se
794 1273 985 1318 cuncta
1026 1263 1193 1318 fuisse
1221 1263 1550 1326 confessum,
1585 1263 1675 1317 sed
1708 1277 1830 1316 eum

251 1366 449 1428 praeter
473 1371 818 1411 communem
843 1355 1156 1410 monasterii
1187 1356 1606 1418 observantiam,
1629 1354 1828 1408 nullam

254 1451 353 1505 sibi
402 1451 778 1520 paenitentiam
830 1448 1115 1513 indidisse;
1166 1449 1292 1518 quia
1322 1447 1600 1518 perhibuit
1657 1447 1828 1501 solam

256 1541 663 1597 conversionem
729 1556 828 1610 pro
886 1541 1130 1595 omnium
1189 1549 1536 1610 peccatorum
1613 1554 1831 1602 suorum

254 1630 588 1686 absolutione
613 1629 770 1700 plene
804 1631 1072 1684 suﬂicere.
1103 1629 1242 1696 Quid
1263 1628 1474 1683 dicam?
1501 1628 1714 1692 Fateor,
1748 1643 1834 1680 rcs

255 1720 386 1775 mihi
411 1721 568 1775 valde
608 1719 914 1790 displicuit;
969 1720 1210 1789 despexi,
1237 1719 1444 1782 horrui,
1484 1727 1537 1772 et
1561 1718 1832 1772 hominem

1929 525 2125 579 donum
2158 523 2319 578 habet
2357 537 2424 575 ex
2478 521 2607 586 Deo,
2641 521 2777 578 alius
2809 523 3029 594 quidem
3055 523 3154 588 sic,
3201 522 3342 578 alius
3372 539 3504 580 vero

1929 617 2008 671 sic
2037 616 2248 684 (Ibid.).
2286 635 2303 669 ι

1997 707 2160 779 29ῇ,
2219 707 2375 761 Aliud
2419 707 2600 777 itaque
2649 706 2861 762 volebat
2907 706 3213 776 Apostolus,
3252 715 3308 761 et
3359 707 3504 762 aliud

1929 799 2298 867 permittebat.
2339 799 2564 853 Volebat
2595 796 2856 867 siquidem
2885 811 3074 852 omnes
3110 798 3356 852 homines
3386 813 3509 853 esse

1929 891 2068 944 sicut
2111 891 2483 958 semetipsum,
2540 891 2643 945 hoc
2704 898 2812 954 est,
2873 887 3240 959 conjttgalibus
3278 891 3510 962 negotiis

1931 981 2133 1034 alienos
2164 999 2175 1032 :
2211 981 2302 1034 scd
2333 981 2456 1049 quia
2490 981 2542 1034 id
2580 981 2830 1034 omnibus
2859 979 3184 1048 persuadere
3219 996 3326 1035 non
3358 990 3513 1051 pote-

1932 1078 2031 1132 rat,
2059 1071 2375 1125 necessitatc
2403 1079 2637 1134 coactus,
2662 1070 2877 1138 nuptias
2903 1070 3283 1140 permittebat;
3317 1070 3509 1126 melius

1930 1177 2049 1215 esse
2075 1159 2349 1230 judicans,
2392 1169 2450 1214 ut
2487 1160 2798 1230 nuptiarum
2831 1159 2993 1224 lecto,
3026 1160 3173 1214 velut
3200 1159 3398 1214 inﬁrmi
3425 1158 3509 1228 ja-

1931 1260 2138 1317 cerent,
2188 1267 2347 1322 quam
2381 1262 2439 1305 ut
2484 1251 2538 1304 in
2570 1251 2793 1304 luxuriae
2819 1250 3132 1321 voraginem
3171 1249 3507 1312 decidentes,

1931 1344 2169 1398 cervices
2199 1342 2565 1412 ell‘ringerent.
2593 1341 2698 1396 Sed
2744 1342 2932 1396 beatus
2973 1341 3062 1412 qui
3092 1341 3244 1396 audit
3273 1342 3508 1412 Aposto-

1935 1437 2042 1490 lum
2077 1435 2218 1507 quod
2266 1435 2376 1487 vult
2430 1435 2852 1504 przecipientem,
2904 1449 3010 1488 non
3060 1434 3203 1503 quod
3257 1448 3366 1488 non
3399 1432 3514 1488 vult

1934 1528 2318 1597 ignoscentem.
2354 1525 2443 1579 Sic
2467 1526 2646 1594 itaque
2679 1534 2869 1579 auctor
2898 1534 3097 1579 sanctae
3122 1524 3316 1595 regulae
3344 1524 3513 1580 libra-

1937 1629 1988 1673 to
2039 1618 2380 1673 discretionis
2428 1617 2700 1676 examine,
2738 1616 2840 1669 alia
2873 1631 2937 1670 ex
2969 1617 3294 1670 auctoritate
3325 1616 3514 1686 princi-

1936 1712 2034 1780 pit,
2069 1712 2171 1765 alia
2199 1719 2420 1780 propter
2447 1709 2867 1764 imbecillitatem
2895 1707 3161 1777 fragilium
3192 1707 3514 1762 necessitate

255 1811 535 1878 deceptum
585 1824 704 1866 esse
731 1809 956 1863 clamavi
991 1823 1004 1861 :
1039 1809 1289 1862 nimirum
1339 1808 1427 1876 qui
1462 1807 1830 1877 pcenitentiaut
1866 1793 1903 1849 Β
1935 1799 2219 1870 permittit.
2256 1798 2387 1852 Nam
2416 1814 2539 1852 cum
2571 1799 2701 1853 dicit
2731 1798 2808 1867 (S.
2841 1796 3042 1850 BENED.
3096 1795 3252 1866 Κεφ,
3289 1812 3338 1850 c.
3369 1795 3460 1866 48)
3495 1816 3508 1848 :

255 1902 484 1955 necdum
529 1901 757 1957 haberet
809 1901 1097 1971 inceptam,
1127 1917 1288 1970 quam
1331 1901 1561 1955 diversis
1591 1900 1832 1954 amictin-

255 2008 382 2046 num
423 1993 598 2048 modis
623 1993 735 2063 jam
765 1993 964 2047 habere
992 1993 1228 2062 potuerit
1257 2000 1706 2047 consummatam.

854 2081 1080 2136 CAPUT
1120 2081 1228 2136 Vll.

259 2174 414 2240 Quod
434 2175 619 2228 melius
646 2185 717 2227 est
740 2189 891 2240 agere
916 2174 1053 2243 quod
1091 2190 1154 2226 ex.
1181 2174 1488 2225 auctoritate
1514 2175 1831 2241 prn'cipitur,

489 2261 644 2313 quam
673 2245 810 2313 quod
843 2244 1248 2296 misericorditer
1274 2243 1593 2310 indulgetur.

329 2351 493 2411 Vobis
540 2365 745 2421 autem,
801 2355 1128 2422 charissimi,
1182 2364 1233 2410 et
1279 2355 1391 2411 bace
1433 2365 1486 2409 et
1532 2355 1636 2409 alia
1671 2355 1831 2409 multa

258 2446 598 2515 displiceant,
636 2462 755 2516 quae
807 2446 1014 2515 decepti
1077 2446 1340 2510 homines,
1392 2445 1516 2498 dum
1574 2461 1632 2500 se
1688 2456 1834 2500 recte

259 2554 418 2608 agere
471 2538 819 2600 arbitrantur,
881 2537 1132 2608 ignorant
1191 2554 1204 2589 :
1257 2545 1440 2604 atque,
1493 2544 1552 2590 ut
1603 2535 1654 2590 in
1692 2537 1830 2600 aliis,

257 2645 376 2700 qure
401 2645 506 2683 non
535 2629 738 2700 agenda
762 2635 908 2695 sunt,
944 2627 1112 2682 libera
1135 2629 1353 2698 possitis
1371 2629 1690 2684 auctoritate
1715 2645 1834 2684 cor-

257 2719 455 2786 rigere,
512 2718 613 2787 ipsi
665 2720 876 2774 cautius
931 2714 1202 2774 evitantes
1263 2719 1619 2775 abominanda
1683 2737 1835 2776 mon-

255 2819 442 2863 strate.
497 2809 568 2864 Ut
593 2818 771 2866 autem
827 2810 896 2864 ad
929 2809 1056 2864 illud
1106 2810 1350 2875 redeam,
1411 2823 1597 2866 sancta
1648 2812 1833 2882 regula

257 2900 409 2971 quasi
441 2900 616 2969 ampla
639 2899 904 2970 quzedam,
929 2914 1098 2970 capax
1130 2909 1184 2954 et
1212 2901 1448 2969 spatiosa
1472 2900 1664 2956 domus
1694 2901 1832 2955 facta

255 3002 338 3046 est
363 2996 431 3048 ad
455 2995 635 3049 omnia
657 3010 855 3066 genera
881 2995 1160 3050 hominum
1185 2995 1464 3065 capienda,
1480 3011 1676 3064 pueros
1691 2997 1835 3050 vide-

254 3083 381 3140 licet
403 3094 460 3140 ct
484 3102 660 3154 senes,
702 3086 868 3142 fortes
896 3095 950 3141 et
980 3087 1205 3152 debiles,
1230 3088 1534 3151 deliciosos,
1563 3087 1833 3141 multimo-

254 3176 320 3229 da
352 3192 564 3232 morum
598 3178 959 3249 intequalitate
981 3180 1241 3234 diversos.
1271 3177 1387 3234 Non
1417 3193 1546 3249 ergo
1577 3178 1833 3232 debemus

253 3282 396 3321 vana
441 3270 804 3341 nosmetipsos
852 3271 1143 3328 securitate
1171 3271 1464 3342 decipere,
1489 3286 1588 3325 nec
1618 3287 1832 3326 omnem

253 3357 600 3415 clementiam
657 3364 855 3433 regula:
906 3365 1105 3420 nostris
1163 3364 1317 3432 quasi
1373 3363 1600 3418 licenter
1646 3364 1835 3416 usibus

257 3459 536 3516 arrogare.
564 3449 715 3506 Licet
735 3453 883 3507 enim
926 3453 1010 3506 via
1051 3452 1262 3522 publica
1291 3453 1500 3507 cunctis
1528 3452 1836 3506 itinerauti-

257 3538 360 3593 bus
385 3547 591 3608 pateat,
625 3541 948 3597 indiscretus
988 3541 1077 3596 ille
1105 3541 1279 3594 viator
1314 3550 1395 3594 est
1439 3541 1527 3609 qni
1556 3549 1719 3595 totam
1747 3557 1835 3594 oc-

258 3639 464 3697 cupare
491 3628 806 3686 divaricatis
832 3626 1106 3701 gressibus
1157 3639 1344 3685 lentat.
1379 3630 1720 3702 Singulorum
1757 3641 1819 3685 to

259 3725 349 3772 tus
379 3725 463 3772 est
493 3717 632 3785 fons,
681 3719 775 3790 qui
823 3721 875 3774 in
909 3721 1086 3775 medio
1127 3720 1376 3791 proﬂuit;
1424 3720 1514 3774 sed
1547 3721 1838 3775 insolenter

262 3806 374 3877 agit
437 3807 529 3877 qui
575 3817 748 3864 totum
804 3809 1077 3864 vindicare
1127 3810 1361 3880 propriis
1409 3809 1594 3863 usibus
1643 3826 1838 3864 concu-

260 3896 443 3966 piscit.
468 3899 542 3952 Ita
565 3900 823 3954 nimirum
871 3909 926 3954 et
970 3901 1038 3955 de
1067 3903 1380 3958 remissione
1409 3911 1607 3956 sanctae
1645 3902 1839 3971 regula:

263 3986 514 4052 dicimus,
545 3997 598 4043 et
627 3988 931 4053 hortamur,
961 3999 1018 4042 ut
1049 3991 1418 4059 unusquisque
1445 3988 1629 4051 frater,
1659 3990 1749 4057 qui
1775 3991 1839 4044 de

263 4091 361 4130 sua
405 4087 490 4134 est
521 4081 695 4136 salute
716 4080 1003 4144 sollicitus,
1047 4079 1112 4136 ad
1157 4081 1534 4152 possibilitatis
1563 4097 1673 4135 sua:
1704 4097 1838 4135 con-

263 4167 548 4224 scientiam
615 4172 848 4239 redeat,
899 4182 954 4228 et
1001 4173 1066 4228 de
1117 4173 1435 4227 remissione
1486 4173 1682 4243 regula!
1733 4189 1838 4226 non

264 4265 373 4312 tam
409 4261 552 4329 quod
601 4261 745 4326 licet,
797 4279 961 4333 quam
989 4263 1128 4333 quod
1161 4263 1462 4318 necessitas
1493 4263 1745 4333 postulat,
1786 4262 1837 4315 in

263 4349 514 4418 proprios
549 4368 679 4408 usus
730 4363 992 4408 assumat.
1029 4353 1186 4408 Aliud
1219 4353 1416 4422 quippe
1453 4352 1595 4422 quod
1635 4367 1701 4406 ex
1739 4365 1838 4404 au-

263 4439 514 4493 ctoritate
554 4443 886 4513 praecipitur,
937 4443 1080 4497 aliud
1125 4443 1267 4511 quod
1297 4441 1721 4496 misericorditer
1757 4440 1838 4495 in-

263 4526 535 4598 dulgetur.
573 4532 681 4588 Sed
723 4535 865 4604 quod
926 4534 1258 4604 prmcipitur,
1305 4548 1411 4588 non
1465 4534 1580 4588 sine
1615 4542 1839 4603 peccato

263 4617 592 4686 negligitur;
637 4625 779 4692 quod
813 4631 992 4678 autem
1035 4621 1299 4677 indultum
1337 4633 1442 4688 est,
1466 4624 1666 4678 bonum
1695 4623 1838 4678 estsi

263 4707 578 4777 dimittitur,
609 4731 714 4769 non
760 4715 960 4768 malum
991 4722 1091 4778 est,
1126 4715 1168 4770 si
1202 4712 1522 4784 completur.
1562 4714 1667 4768 Sed
1695 4715 1739 4768 si
1764 4715 1841 4782 ip-

264 4797 382 4852 sius
432 4804 623 4869 regul:e
671 4806 835 4859 verba
866 4807 1148 4876 diligenter
1200 4806 1541 4875 inspicimus,
1581 4806 1723 4873 quod
1757 4807 1839 4860 di-

263 4900 394 4942 cere
418 4889 682 4957 volumus,
730 4895 941 4950 facilius
969 4897 1349 4965 approbamns.
1383 4895 1518 4950 Nam
1549 4911 1674 4951 cum
1711 4895 1843 4950 dicit

263 4976 464 5032 alicubi
495 4982 572 5051 (S.
603 4987 805 5040 Besso.
840 4985 992 5055 Κεφ,
1020 5002 1066 5040 c.
1100 4986 1188 5056 Μ)
1224 5003 1236 5039 :
1273 5003 1291 5035 ι
1345 4987 1684 5041 lnlirmorum
1709 5004 1840 5042 con-

265 5066 658 5130 descendentes
702 5074 1074 5138 imbecillitati,
1138 5075 1410 5130 credimus
1468 5077 1666 5130 minam
1730 5076 1840 5129 vini

265 5156 491 5225 singulis
518 5165 765 5220 sumcere
790 5178 888 5232 per
909 5166 1021 5220 dies
1045 5181 1058 5229 ;
1089 5167 1286 5234 quibus
1309 5176 1486 5220 autem
1510 5166 1675 5219 donat
1701 5165 1843 5219 Deus

268 5247 605 5310 tolerantiam
683 5254 1042 5318 abstinentiae,
1099 5256 1370 5325 propriam
1431 5271 1488 5310 se
1563 5256 1844 5309 habituros

267 5340 555 5364 mn-AAJ-___
659 5346 790 5364 -⁶---ι
911 5345 950 5364 n
995 5344 1042 5364 'I
1109 5347 1140 5364 1³
1203 5347 1215 5364 I
1273 5347 1322 5364 -Ι-
1407 5347 1417 5359 ⁸
1473 5361 1486 5364 -
1538 5345 1814 5364 ---..--ιε-

1945 1905 1962 1938 ι
2014 1885 2166 1941 Licet
2206 1885 2443 1954 legamus
2488 1886 2668 1939 vinum
2720 1885 3104 1938 monachorum
3156 1884 3377 1939 omnino
3406 1900 3510 1940 non

1935 1991 2082 2040 esse;
2126 1995 2143 2027 ι
2179 1985 2228 2030 et
2255 1976 2380 2030 alibi
2412 1975 2546 2046 (cap.
2578 1975 2667 2044 49)
2697 1993 2708 2027 :
2748 1996 2764 2024 ι
2787 1974 2938 2029 Licet
2963 1973 3108 2029 omni
3139 1986 3379 2045 tempore
3405 1975 3512 2031 vita

1936 2066 2184 2120 monachi
2228 2065 2664 2136 Quadragesimze
2709 2063 2902 2119 debeat
2929 2065 3362 2121 observationem
3418 2065 3510 2120 hac

1935 2160 2084 2222 bere,
2115 2169 2292 2213 tamen
2315 2159 2438 2228 quia
2469 2173 2762 2228 paucorum
2789 2168 2872 2212 est
2899 2157 3000 2212 ista
3031 2158 3222 2223 virtus,
3253 2176 3271 2209 ι
3297 2166 3350 2214 et
3372 2157 3512 2213 mul-

1938 2260 1989 2303 ta
2015 2249 2244 2314 similia;
2277 2250 2403 2318 quid
2435 2257 2516 2302 est
2567 2247 2711 2302 aliud
2751 2263 2911 2317 quam
2938 2250 2985 2303 si
3032 2249 3177 2304 dicat
3211 2265 3224 2303 :
3260 2249 3366 2303 alta
3396 2249 3518 2318 qui-

1937 2337 2059 2392 dem
2092 2339 2340 2402 ostendo,
2377 2339 2469 2392 sed
2501 2338 2792 2406 poplitibus
2821 2338 3022 2393 teneris
3045 2341 3222 2392 adhuc
3252 2353 3345 2393 vos
3369 2337 3520 2392 clau-

1937 2428 2118 2483 dicare
2166 2429 2528 2500 conspiciens,
2560 2444 2654 2498 pcr
2678 2429 2834 2498 plana
2871 2429 3116 2494 deduco;
3150 2430 3193 2483 si
3221 2430 3304 2484 cui
3336 2439 3517 2484 autem

1935 2521 2305 2588 possibilitatis
2343 2521 2490 2591 vigor
2519 2522 2851 2587 accesserit,
2890 2522 3103 2576 deserat
3157 2524 3260 2576 ima
3289 2539 3406 2590 quae
3434 2523 3519 2577 in—

1936 2615 2078 2667 vitus
2112 2612 2378 2684 indulgeo,
2419 2624 2599 2669 teneat
2640 2615 2745 2669 alta
2771 2632 2891 2686 qua:
2915 2618 3070 2670 voln?
3114 2616 3374 2671 Nimirum
3407 2631 3518 2670 me-

1936 2701 2036 2760 lius
2060 2715 2141 2760 est
2167 2708 2382 2775 quidem
2412 2707 2610 2762 salvari
2642 2709 2879 2762 animam
2910 2709 2961 2764 in
2996 2708 3187 2780 Segor,
3216 2725 3379 2779 quam
3403 2709 3520 2763 sul-

1936 2796 2140 2864 phureo
2171 2798 2222 2851 in
2253 2797 2502 2854 Sodomis
2543 2800 2666 2870 igne
2704 2801 2975 2855 consumi.
3013 2799 3200 2855 Melius
3237 2809 3322 2854 est
3371 2800 3516 2854 enim

1935 2891 2135 2944 nubere
2170 2907 2330 2961 quam
2388 2892 2467 2945 uri
2503 2891 2550 2964 (Ι
2583 2890 2706 2949 Cor.
2740 2893 2857 2963 vn).
2887 2893 2994 2948 Sed
3031 2907 3194 2962 quam
3227 2892 3519 2961 gloriosius

1935 2980 2104 3032 estad
2137 2990 2388 3034 montana
2419 2983 2805 3048 conscendere,
2854 2998 3014 3053 quam
3045 2983 3096 3037 in
3137 2982 3373 3052 parvula:
3423 2982 3518 3036 Se-

1937 3086 2034 3140 gor
2060 3071 2289 3125 obscura
2325 3072 2661 3142 ignobilitate
2685 3072 2894 3141 jacere.

1863 3150 1905 3208 Ο
2006 3163 2074 3218 Et
2123 3172 2180 3218 ut
2236 3165 2301 3219 ad
2339 3165 2390 3219 id
2439 3165 2582 3235 quod
2631 3176 2872 3222 nostrum
2921 3175 3004 3222 est
3033 3167 3270 3231 redeam,
3319 3166 3512 3222 melius

1937 3267 2084 3311 certe
2143 3266 2225 3311 est
2282 3259 2332 3310 in
2389 3258 2620 3327 spiritali
2684 3259 2874 3313 ordine
2931 3259 3012 3313 vel
3073 3259 3315 3328 segniter
3366 3259 3515 3312 vive-

1941 3365 2017 3414 re,
2051 3365 2213 3418 quam
2257 3349 2498 3404 funditus
2537 3349 2589 3403 in
2620 3350 2891 3404 mundana
2939 3350 3355 3405 conversatione
3397 3363 3520 3417 per-

1939 3447 2035 3498 ire.
2073 3445 2178 3499 Sed
2215 3460 2378 3512 quam
2423 3444 2722 3515 elegantius
2760 3454 2841 3499 est
2870 3445 3052 3499 omnia
3102 3445 3360 3498 vitiorum
3390 3458 3523 3514 por-

1941 3546 2084 3590 t‘nta
2136 3538 2455 3592 festinanter
2512 3537 2740 3602 elidere,
2793 3547 2849 3592 et
2889 3539 2958 3592 ad
3001 3538 3260 3591 virtutum
3302 3537 3516 3592 culmen

1939 3630 2184 3683 aestuanti
2216 3628 2486 3683 desiderio
2511 3628 2791 3693 festinare,
2835 3645 2998 3698 quam
3033 3630 3130 3684 sub
3160 3641 3402 3700 tempore
3431 3631 3522 3686 de-

1941 3721 2091 3776 sidiae
2136 3723 2185 3775 in
2219 3721 2330 3776 sola
2377 3722 2611 3790 suscepti
2657 3721 2863 3776 ordinis
2919 3723 3214 3777 securitate
3263 3723 3518 3776 dormire.

1941 3814 2017 3867 Ac
2063 3813 2104 3866 si
2155 3814 2524 3882 promnlgator
2570 3822 2770 3868 sanetae
2811 3812 3009 3882 regula:
3040 3813 3151 3867 suis
3185 3813 3524 3868 auditoribus

1943 3901 2088 3955 dicat
2145 3921 2156 3953 :
2217 3901 2590 3970 Suscipientes
2625 3903 2843 3972 quidem
2881 3903 3024 3973 quod
3085 3901 3352 3973 indulgeo,
3413 3919 3518 3958 non

1943 3991 2196 4059 peccatis,
2247 3991 2337 4044 sed
2371 4008 2476 4044 non
2503 3994 2894 4063 suscipientes,
2927 3994 3228 4047 mercedem
3265 3993 3474 4046 habetis
3508 4011 3519 4044 :

1943 4080 2176 4133 admissa
2210 4080 2472 4148 siquidem
2515 4081 2889 4137 misericordia
2938 4097 3045 4135 non
3077 4082 3356 4136 incurritis
3402 4096 3520 4150 pte-

1947 4184 2089 4228 uatu,
2125 4170 2215 4222 scd
2244 4178 2466 4240 propter
2498 4170 2665 4224 Deum
2690 4172 2911 4226 dimissa
2944 4172 3252 4239 pertingitis
3276 4173 3340 4224 ad
3368 4185 3524 4227 caro-

1945 4276 2067 4313 nam
2095 4279 2107 4313 :
2139 4271 2192 4316 et
2214 4263 2326 4316 haec
2359 4263 2576 4329 quidem
2607 4262 2830 4330 speciali
2861 4262 3089 4316 crimine
3107 4276 3214 4315 non
3243 4262 3519 4331 depressi;

1945 4350 2182 4420 alioquin
2231 4351 2476 4420 quisquis
2519 4366 2577 4406 se
2635 4350 2882 4407 meminit
2921 4350 3104 4404 illicita
3157 4361 3522 4420 perpetrasse,

1944 4457 2100 4497 versa
2151 4457 2294 4496 nunc
2331 4441 2444 4494 vice
2496 4441 2654 4496 debet
2707 4456 2736 4494 a
2791 4439 2953 4495 licitis
2999 4441 3315 4496 abstinere:
3350 4451 3401 4496 et
3432 4442 3525 4511 qui

1947 4530 2216 4585 commisit
2256 4529 2486 4599 superbe
2523 4529 2817 4602 prohibita,
2856 4531 3015 4585 debet
3063 4547 3208 4585 nunc
3247 4531 3525 4586 humiliter

1948 4624 2204 4677 abdicare
2250 4637 2531 4678 concessa.
2584 4621 2835 4694 Plerique
2881 4623 3024 4676 enim
3071 4623 3308 4678 molliter
3353 4625 3526 4677 suavi-

1951 4727 2140 4785 terque
2186 4716 2432 4770 viventes
2476 4715 2518 4770 si
2569 4716 2860 4783 aliquando
2908 4716 3227 4778 suadentur,
3257 4725 3315 4768 ut
3362 4731 3530 4782 quau-

1953 4805 2196 4859 tnmlibet
2223 4804 2305 4859 vel
2339 4820 2525 4873 parum
2575 4803 2766 4857 saltem
2811 4804 3064 4858 arctioris
3116 4805 3217 4855 viae
3265 4801 3535 4866 arripiant

1952 4893 2278 4958 institutum,
2313 4908 2436 4946 mox
2468 4889 2808 4961 ratiocinium
2840 4890 2942 4944 sibi
2974 4886 3311 4944 defensionis
3341 4888 3534 4938 obtem

1951 4984 2106 5048 dunt,
2141 4983 2264 5037 dum
2315 4982 2583 5053 quispiam
2624 4994 2810 5032 eorum
2849 4981 2930 5033 sic
2971 4981 3044 5034 ait
3080 4999 3092 5032 :
3131 4977 3300 5040 Vivo,
3345 4976 3537 5045 inquit,

1953 5084 2008 5126 ut
2038 5073 2250 5141 iubeor,
2306 5073 2432 5126 dum
2485 5073 2645 5126 rebus
2689 5071 2965 5124 concessis
3003 5080 3158 5134 utor,
3224 5065 3361 5134 legis
3411 5081 3542 5120 meae

1953 5167 2202 5219 mandata
2252 5177 2514 5218 conservo
2545 5179 2558 5212 :
2588 5158 2780 5213 deinde
2838 5167 2902 5211 ut
2957 5170 3212 5231 tanquam
3244 5159 3422 5213 victor
3476 5157 3544 5208 de

1953 5254 2216 5322 Superiori
2246 5251 2571 5307 contendere
2602 5247 2870 5313 videatur,
2913 5249 2967 5304 in
2999 5251 3280 5307 audaciam
3309 5247 3540 5320 prosilit.

2564 5333 2744 5364 =.‘..’:::!:‘.
2799 5337 2865 5364 3!;
2900 5339 2954 5364 Ξ-ξ

1955 5343 2033 5364 ιι--
2057 5361 2066 5364 ,
2089 5343 2208 5364 __._!.l
2264 5343 2508 5364 2....-;Ζ.ςεςη
