4106 6320
568 377 665 437 $03

1024 368 1086 432 ε’.
1110 367 1321 432 Ferat
1354 342 1644 431 mutaui
1671 342 1824 432 ore.
1853 373 2090 432 TOMUS
2120 375 2250 432 seu
2292 374 2469 431 rans
2507 374 2596 431 ιιι.
2626 403 2694 420 -
2726 341 3098 443 consonet
3139 373 3364 430 VARIA.

3731 372 3840 431 504

568 494 751 557 mittit,
780 489 884 544 alia
931 486 1226 544 secundum
1276 470 1562 555 imperium
1617 483 1839 555 praecipi
1888 501 1995 540 non
2058 488 2224 554 ςο-Ἀ
2254 486 2504 541 νίιιιειὶ.θι
2540 497 2598 541 ιιι
2624 501 2720 555 per
2751 486 2972 541 verbum
3022 486 3166 556 quod
3191 489 3360 551 audit,
3404 486 3630 541 scandat
3660 486 3730 542 ad
3760 487 3843 542 vi-

638 587 723 644 ovi
734 596 771 640 t.

638 605 771 644 ovit.

569 605 738 733 lg“Hic
781 678 964 746 itaque
997 675 1048 729 in
1074 676 1290 729 deserto
1322 674 1616 728 moriturus
1656 680 1757 732 est,
1788 671 1914 743 quia
1944 671 2070 726 dum
2096 670 2149 724 in

486 766 504 777 “
568 769 748 827 carnis
775 763 889 824 sua:
908 752 1275 835 voluptatibus
1305 760 1615 835 ignobiliter
1638 762 1867 827 habitat,
1902 762 1970 816 ad
2010 761 2155 816 ohti¢

567 861 797 916 oendam
827 858 907 915 sui
926 856 1067 925 juris
1098 866 1298 912 terram
1325 872 1422 925 per
1450 854 1696 909 laborum
1718 853 2018 909 certamina
2044 868 2149 907 non

567 951 829 1015 desudat;
887 950 1001 1004 sive
1047 964 1173 1003 cum
1228 946 1514 1003 Rubcnitls
1563 955 1618 1001 et
1662 944 1963 1000 Galaaditis
2001 955 2153 999 ante-

568 1060 729 1115 quam
760 1041 1057 1098 Jordanem
1105 1049 1366 1103 transeat,
1412 1039 1615 1109 (igitur,
1667 1047 1831 1109 atque
1869 1037 1990 1093 ideo
2043 1048 2152 1092 ter-

568 1150 682 1190 ram
708 1133 865 1189 lactis
894 1143 950 1188 et
980 1132 1155 1188 mellis
1180 1131 1342 1203 295
1374 1129 1651 1201 possidere
1676 1138 1795 1201 post
1817 1129 2149 1196 triumphum

568 1242 693 1281 cum
746 1224 869 1281 aliis
914 1224 1165 1280 tribubus
1197 1239 1301 1277 non
1344 1230 1605 1287 meretur,
1660 1220 1977 1275 intentionis
2042 1232 2153 1273 suae

570 1315 863 1371 terminum
890 1314 1072 1385 posuit
1101 1331 1114 1367 :
1154 1321 1209 1367 et
1239 1312 1366 1381 quia
1400 1311 1577 1365 adhuc
1608 1310 1661 1364 in
1693 1308 2039 1380 expeditione
2063 1322 2156 1377 po-

569 1409 726 1473 situs,
773 1408 886 1479 jam
917 1408 1063 1463 domi
1096 1423 1155 1463 sc
1203 1406 1450 1461 habitare
1489 1404 1682 1469 credit,
1724 1403 1789 1459 ad
1820 1402 2155 1458 htereditatis

568 1514 679 1555 suae
720 1499 1046 1563 funiculum,
1092 1498 1184 1553 ubi
1250 1514 1377 1553 vera
1422 1506 1502 1553 est
1560 1498 1808 1567 requies,
1863 1507 1916 1552 et
1964 1509 2153 1551 secura

568 1592 961 1664 tranquillitas,
1013 1609 1118 1647 non
1143 1592 1391 1663 attingit.

1164 1699 1391 1756 CAPUT
1432 1698 1539 1753 Vlll

567 1792 644 1848 De
668 1795 769 1848 vita
820 1793 990 1848 activa
1025 1802 1073 1846 et
1123 1790 1541 1915 conligunt/(allium
1581 1791 1673 1844 sub
1716 1790 1890 1860 ﬁgura
1943 1788 2053 1844 Litt:
2104 1798 2151 1843 et

1280 1878 1340 1915 ac
1360 1877 1407 1914 te
1432 1876 1497 1914 ts.

1280 1876 1497 1915 acuens.

637 1955 827 2012 Omnis
854 1955 1087 2025 denique
1117 1961 1301 2009 nostra
1329 1953 1636 2018 conversio,
1675 1962 1731 2007 et
1753 1951 2153 2007 abrenuntiatio

567 2047 750 2107 surculi
781 2048 849 2102 ad
877 2045 950 2101 nil
982 2044 1150 2112 aliud,
1184 2044 1287 2098 nisi
1317 2044 1382 2098 ad
1410 2044 1652 2113 requiem
1681 2043 1882 2109 tendit;
1915 2043 2009 2097 scd
2041 2043 2155 2097 haec

567 2140 783 2211 requies
827 2139 907 2194 sic
949 2135 1272 2206 acquiritur,
1302 2134 1346 2188 si
1393 2135 1545 2205 prius
1585 2135 1748 2189 homo
1778 2133 2007 2189 diversis
2034 2148 2157 2188 cer-

570 2232 836 2285 taminum
866 2228 1144 2283 laboribus
1175 2234 1484 2288 exercetur,
1516 2233 1597 2289 ut,
1636 2231 1882 2279 cessante
1912 2232 2151 2293 postmo-

570 2322 699 2377 dum
749 2320 896 2375 omni
947 2317 1415 2387 perturbationum
1467 2316 1721 2387 strepitu,
1776 2329 1875 2384 per
1921 2315 2154 2385 gratiam

569 2410 1043 2483 contemplationis
1073 2408 1439 2464 transferatur
1468 2408 1685 2462 animus
1706 2407 1771 2461 ad
1795 2405 2155 2478 indagandam

569 2504 808 2573 speciem
832 2500 1109 2556 veritatis.
1144 2498 1249 2553 Sed
1279 2494 1402 2553 cum
1446 2498 1515 2552 ad
1542 2497 1685 2552 hanc
1726 2497 1991 2567 requiem,
2017 2497 2159 2552 sicut

568 2595 774 2651 dictum
796 2602 897 2655 est,
926 2607 1031 2646 non
1075 2591 1178 2645 nisi
1210 2605 1306 2659 per
1351 2588 1567 2645 labores
1593 2597 1649 2643 et
1694 2589 1995 2643 certamina
2028 2604 2154 2659 per-

568 2686 806 2749 venitur,
864 2682 1136 2754 quomodo
1185 2681 1307 2752 quis
1355 2680 1421 2733 ad
1469 2680 1710 2749 requiem
1763 2679 2031 2749 pervenit,
2064 2679 2158 2749 qui

570 2777 802 2833 necdum
836 2775 903 2829 ad
932 2773 1231 2829 certamina
1266 2772 1401 2842 ipsa,
1441 2786 1562 2842 qure
1593 2771 1647 2825 in
1676 2772 1854 2827 medio
1878 2779 2007 2826 sunt
2035 2786 2160 2826 con-

571 2869 781 2934 stituta,
813 2866 1128 2923 descendit?
1169 2865 1288 2934 Quo
1337 2864 1481 2920 enim
1514 2871 1674 2934 pacto
1704 2864 1825 2935 quis
1857 2864 2034 2919 valeat
2064 2878 2160 2918 au-

574 2958 680 3013 iam
723 2958 928 3028 ingredi
967 2957 1195 3026 regiam,
1230 2955 1273 3011 si
1317 2970 1461 3020 eam,
1508 2970 1629 3024 quae
1671 2971 1782 3025 prae
1824 2956 2031 3010 foribus
2054 2964 2157 3021 est,

572 3052 809 3108 nondum
834 3050 1085 3105 transivit
1120 3049 1381 3104 arenam?
1417 3047 1520 3116 Qui
1551 3048 1910 3120 propaginare
1938 3064 2044 3103 non
2073 3048 2158 3103 di-

573 3144 724 3211 dicit,
768 3144 859 3213 qui
902 3142 1183 3212 palmitum
1213 3148 1491 3196 sarmenta
1537 3154 1644 3194 non
1689 3140 1881 3206 secuit,
1915 3139 2006 3210 qui
2056 3138 2163 3211 gle-
2202 3206 2207 3209 _

2256 580 2489 635 dentium
2522 578 2846 648 principium
2873 578 3015 648 quod
3044 579 3311 648 quaesivit.

2327 669 2431 725 Sed
2456 685 2677 725 necesse
2706 679 2877 725 estut
2917 671 3064 725 hunc
3104 670 3444 725 diversorum
3478 672 3843 729 certaminum

2254 759 2411 816 labor
2438 770 2714 825 exerceat,
2747 769 3037 831 antequam
3087 763 3154 816 ad
3199 760 3398 830 quietis
3430 763 3630 816 intima:
3659 764 3844 817 suavi-

2255 864 2440 919 tatem,
2465 869 2627 923 quam
2678 854 3030 924 concupiscit,
3082 855 3338 925 attingat.
3368 853 3525 908 Prius
3578 854 3849 910 servitute

2254 949 2592 1020 deprimitur,
2620 959 2679 1002 ut
2703 949 2825 1020 jure
2873 947 3215 1020 postmodum
3243 949 3309 1002 ad
3335 948 3587 1018 perfecta:
3621 948 3847 1005 liberta-

2256 1041 2323 1093 tis
2354 1038 2538 1094 titulos
2565 1038 2913 1109 provehatur.
2949 1037 3167 1107 Septem
3201 1053 3329 1093 vero
3354 1038 3512 1091 annis
3543 1038 3646 1092 sub
3690 1037 3845 1094 deal-

2253 1128 2489 1185 bationis
2544 1129 2719 1200 gratia
2778 1130 2967 1194 servit,
3030 1145 3151 1184 cum
3220 1138 3423 1199 septem
3476 1145 3539 1184 ea
3588 1146 3711 1200 qua:
3774 1130 3847 1184 ad

2252 1221 2483 1292 proximi
2565 1220 2905 1275 dilectionem
2982 1219 3148 1292 296
3214 1222 3509 1291 pertinent,
3586 1220 3845 1292 Decalogi

2255 1312 2508 1367 mandata
2559 1311 2796 1365 custodit
2838 1327 2852 1362 :
2904 1310 3150 1365 videlicet
3177 1319 3235 1365 ut
3280 1312 3455 1380 primo
3487 1311 3683 1365 timore
3712 1327 3851 1366 con-

2255 1402 2496 1463 strictus,
2523 1410 2686 1472 atque
2712 1401 2833 1456 ideo
2850 1402 3129 1455 servitutis
3151 1402 3280 1472 jugo
3303 1402 3615 1472 depressus,
3644 1401 3844 1457 saltem

2255 1508 2284 1547 a
2310 1501 2532 1548 vetusta:
2579 1491 2713 1562 legis
2744 1492 2964 1561 incipiat
2985 1491 3243 1546 institutis
3272 1489 3471 1562 (Exod.
3498 1495 3615 1561 xx),
3660 1500 3724 1547 ut
3754 1492 3846 1546 ni-

2244 1582 2457 1636 mirum
2509 1591 2768 1651 parentes
2813 1583 3063 1647 honoret,
3107 1591 3165 1636 ut
3211 1598 3318 1638 non
3362 1582 3684 1649 mtechetur,
3734 1598 3846 1639 non

2254 1671 2487 1737 occidat,
2534 1687 2639 1726 non
2668 1671 2899 1736 furetur,
2933 1686 3037 1726 non
3076 1670 3271 1727 falsum
3316 1672 3682 1728 testimonium
3712 1687 3850 1743 pro-

2258 1768 2416 1830 ferat,
2466 1784 2572 1823 non
2606 1783 2830 1823 uxorem
2860 1767 3107 1832 alterius,
3142 1783 3247 1822 non
3280 1784 3390 1823 rem
3433 1768 3668 1838 proximi
3708 1782 3845 1821 con-

2192 1855 2234 1914 Β
2261 1859 2521 1928 cupiscat.
2564 1856 2769 1923 Quibus
2817 1856 2920 1910 rite
2948 1858 3200 1920 servatis,
3253 1873 3357 1910 non
3391 1873 3534 1920 mox,
3571 1864 3631 1911 ut
3655 1870 3852 1926 spera-

2257 1952 2372 2023 bat,
2396 1952 2461 2005 ad
2489 1950 2963 2018 contemplationis
2986 1950 3381 2004 oblectamenta
3413 1947 3752 2019 perducitur,
3785 1955 3851 2000 ut

2256 2043 2406 2097 velut
2439 2051 2751 2112 exspectata
2800 2041 2888 2095 diu
2920 2041 3118 2097 Rachel
3158 2040 3559 2111 pulchritudine
3590 2039 3846 2109 perfrua-

2257 2143 2378 2199 tur;
2419 2136 2512 2190 sed
2543 2134 2636 2188 Lia
2667 2135 2769 2189 sibi
2812 2151 2908 2204 per
2933 2143 3145 2187 noctem
3174 2133 3453 2202 inopinata
3492 2133 3844 2204 supponitur,

2255 2228 2382 2297 quia
2423 2227 2564 2281 inter
2595 2226 2844 2280 humanze
2871 2223 3034 2293 hujus
3075 2224 3395 2295 ignorantia:
3429 2224 3681 2278 tenebras
3711 2222 3849 2277 tole-

2257 2317 2432 2371 rantia
2481 2316 2580 2371 sibi
2629 2314 2831 2369 laboris
2890 2314 3206 2383 injungitur.
3246 2312 3326 2366 Ex
3355 2326 3463 2382 qua
3497 2320 3678 2367 tamen
3725 2310 3848 2380 jam

2257 2421 2599 2461 numerosam
2625 2404 2862 2459 sobolem
2898 2403 3145 2472 suscipit,
3171 2403 3299 2472 quia
3332 2403 3526 2457 uberes
3546 2401 3851 2474 Spiritualis

2258 2498 2393 2553 lucri
2426 2514 2523 2568 per
2555 2498 2698 2551 hunc
2725 2497 2967 2550 laborem
3008 2496 3217 2550 fructus
3246 2496 3501 2567 acquirit.

2328 2588 2478 2642 lianc
2524 2588 2705 2656 itaque
2749 2586 2960 2652 tolerat,
2990 2586 3140 2640 utad
3180 2585 3321 2639 illam
3352 2585 3679 2655 quandoque
3721 2599 3852 2655 per-

2259 2682 2457 2741 veniat,
2490 2694 2648 2749 quam
2680 2686 3092 2749 perseveranter
3120 2687 3287 2731 amat.
3337 2676 3609 2733 Suadetur
3635 2691 3767 2749 ergo
3789 2684 3853 2730 ut

2259 2769 2393 2824 alios
2449 2779 2654 2839 septem
2686 2783 2856 2823 annos
2906 2769 3111 2823 servire
3140 2768 3385 2832 desudet,
3414 2768 3540 2841 quia
3600 2768 3853 2839 profecto

2260 2873 2479 2915 necesse
2514 2866 2597 2913 est
2631 2866 2690 2911 ut
2728 2859 2903 2912 adhuc
2934 2858 3037 2911 alia
3091 2867 3295 2928 septem
3330 2867 3600 2930 praecepta
3626 2873 3855 2914 conser-

2259 2958 2368 3015 vet,
2401 2951 2493 3004 sed
2516 2949 2630 3019 jam
2662 2949 2939 3018 aliquanto
2969 2950 3211 3013 liberior,
3238 2965 3343 3004 non
3366 2949 3558 3021 legalia
3592 2958 3853 3020 tanquam

2261 3056 2469 3108 servus,
2502 3042 2596 3097 sed
2641 3042 2951 3113 evangeliea
2978 3043 3120 3097 sicut
3160 3058 3365 3113 gener:
3402 3043 3654 3098 videlicet
3691 3052 3751 3098 ut
3780 3044 3854 3098 sit

2264 3149 2469 3204 pauper
2515 3136 2726 3206 Spiritu,
2758 3136 2827 3189 sit
2879 3135 3044 3202 mitis,
3074 3136 3276 3208 lugeat,
3312 3138 3538 3203 esuriat,
3593 3138 3856 3208 sitiatque

574 3242 672 3296 bas
695 3238 923 3295 sarculis
946 3250 1221 3308 nunquam
1262 3234 1445 3306 fregit,
1479 3234 1571 3305 qui
1609 3232 1919 3290 vomeribus
1946 3231 2161 3288 novalia
2189 3229 2233 3293 C
2258 3225 2525 3294 justitiam
2579 3224 2795 3295 (Matth-
2830 3228 2918 3297 V);
2980 3229 3050 3282 sit
3089 3229 3421 3295 misericors,
3454 3231 3715 3284 nnmdum
3754 3244 3855 3285 cor

574 3346 684 3386 non
732 3328 982 3393 suleavit,
1033 3326 1307 3398 quomodo
1345 3325 1591 3382 excussis
1645 3324 1812 3394 paleis
1861 3324 1916 3378 in
1966 3324 2162 3379 horreo

576 3425 846 3477 frumenta
890 3420 1205 3483 tecoudcrc,
1238 3427 1330 3471 aut
1355 3418 1531 3488 plenis
1571 3424 1750 3471 musto
1776 3413 2055 3470 canalibus
2077 3412 2162 3469 vi-

576 3516 728 3570 naria
758 3514 955 3585 poterit
986 3510 1276 3566 amovere?

646 3606 819 3660 Porro
869 3619 974 3657 non
1015 3604 1307 3657 obscurum
1358 3599 1608 3669 estquod
1649 3599 1831 3653 Laban
1864 3598 1997 3652 duas
2028 3595 2165 3651 ﬁlias

577 3697 787 3763 habuit,
831 3712 1061 3766 quarum
1103 3694 1376 3764 juniorem
1403 3694 1569 3748 .lacoh
1601 3693 1654 3746 in
1682 3692 1992 3763 conjugium
2032 3706 2164 3746 con-

579 3787 803 3856 cupivit,
862 3786 929 3839 ad
980 3784 1135 3855 cujus
1175 3793 1354 3838 tamen
1409 3783 1688 3852 amplexus
1727 3781 2012 3852 pervenire
2058 3795 2164 3835 non

578 3881 772 3949 potuit,
806 3879 977 3933 donec
1006 3878 1265 3948 majorem
1303 3875 1547 3946 ignarus,
1593 3884 1757 3946 atque
1806 3874 1927 3929 ideo
1965 3874 2167 3929 invitus

581 3972 813 4040 accepit.
847 3969 951 4024 Sed
996 3969 1123 4039 quia
1180 3983 1292 4023 rem
1325 3967 1629 4023 scientibus
1652 3966 1867 4036 loquor,
1896 3980 2002 4019 non
2034 3965 2164 4019 mihi

583 4064 769 4118 multis
793 4063 1180 4117 elaborandum
1208 4069 1290 4115 est
1320 4061 1525 4116 verbis.
1566 4059 1748 4114 Laban
1796 4060 1992 4129 quippe
2021 4058 2167 4112 deal-

582 4156 723 4207 batio
774 4154 1183 4223 interpretatur.
1228 4150 1361 4218 Quis
1396 4160 1574 4205 autem
1602 4149 1669 4205 ad
1697 4148 1864 4204 Deum
1896 4151 2167 4206 converti-

583 4256 693 4309 tur,
746 4244 848 4299 nisi
882 4252 940 4298 ut
994 4242 1237 4313 deposita
1266 4249 1609 4313 peccatorum
1636 4240 1920 4309 nigredine
1962 4255 2058 4310 per
2088 4257 2169 4296 re-

581 4336 857 4393 missionis
886 4335 1116 4407 gratiam
1171 4333 1492 4391 dealbetur?
1531 4330 1685 4388 Sicut
1735 4332 1851 4402 ipse
1887 4330 2169 4403 pollicetur

580 4429 768 4483 dicens
820 4444 835 4481 :
876 4446 894 4479 ι
928 4426 987 4482 Si
1014 4424 1212 4481 fuerint
1239 4434 1460 4496 peccata
1493 4431 1674 4478 vestra
1702 4423 1860 4493 quasi
1901 4423 2168 4479 vermicu-

579 4520 684 4583 lus,
717 4526 975 4587 tanquam
1002 4517 1094 4571 nix
1119 4516 1510 4572 dealbabuntur
1535 4514 1670 4586 (Isa.
1704 4514 1767 4587 ι).
1800 4533 1818 4567 ι
1854 4514 2008 4582 Quod
2038 4514 2165 4570 felix

2264 3320 2484 3385 habeat,
2520 3321 2589 3374 sit
2619 3331 2891 3390 postremo
2925 3323 3205 3392 paciﬁcus.
3243 3323 3533 3379 Enimvero
3562 3322 3725 3378 vellet
3756 3324 3857 3379 ho-

2264 3427 2353 3467 mo
2384 3412 2428 3467 si
2457 3413 2568 3467 lieri
2613 3422 2813 3482 posset,
2849 3413 3022 3469 nullas
3047 3415 3265 3485 quidem
3296 3415 3544 3470 laborum
3578 3415 3861 3472 molestias

2265 3505 2492 3576 agendo,
2526 3505 2606 3559 vel
2638 3506 2891 3575 patiendo
2919 3506 3179 3577 perferre,
3226 3509 3322 3564 sed
3350 3511 3597 3580 protinus
3631 3510 3685 3563 in
3719 3509 3860 3580 ipsis

2266 3596 2347 3649 sui
2380 3596 2615 3651 tirocinii
2668 3598 2989 3653 rudimentis
3013 3598 3078 3652 ad
3111 3599 3350 3670 pulchra:
3373 3600 3859 3671 contemplationis

2266 3687 2489 3744 delicias
2534 3690 2853 3758 pervenire;
2891 3700 3263 3747 verumtamen
3315 3692 3418 3747 hoc
3468 3708 3573 3749 non
3621 3693 3861 3747 interra

2267 3781 2612 3836 morientium
2656 3782 2733 3847 lit,
2790 3782 2882 3837 sed
2923 3782 2975 3835 in
3011 3791 3156 3838 terra
3215 3784 3543 3850 viventium;
3597 3784 3743 3854 quod
3782 3784 3860 3838 si-

2268 3872 2527 3943 gnificare
2560 3873 2768 3927 videtur
2789 3873 2917 3926 illttd
2968 3876 3109 3942 quod
3141 3890 3169 3928 a
3199 3873 3366 3930 Iacob
3395 3876 3593 3931 dicitur
3624 3892 3637 3930 :
3677 3892 3698 3926 ι
3732 3872 3862 3932 Non

2268 3973 2370 4028 est,
2407 3964 2578 4033 inquit
2630 3964 2834 4029 Laban,
2886 3965 3084 4020 inloco
3110 3975 3296 4022 nostro
3335 3966 3766 4033 consuetudinis,
3795 3974 3863 4021 ut

2269 4055 2506 4109 minores
2539 4065 2665 4109 ante
2696 4054 2971 4111 tradamus
2989 4057 3055 4111 ad
3083 4057 3296 4127 nuptias
3324 4056 3478 4128 (Gen.
3504 4058 3677 4125 xxix).
3706 4076 3724 4109 ι
3745 4055 3862 4113 Nec

2269 4146 2501 4203 absurde
2553 4149 2724 4218 major
2753 4148 3076 4218 appellatur,
3104 4166 3224 4219 quae
3270 4150 3415 4220 prior
3460 4160 3543 4207 est
3591 4160 3857 4218 tempore.

2270 4238 2425 4295 Prior
2456 4249 2539 4294 est
2593 4242 2736 4295 enim
2790 4241 2845 4294 in
2904 4240 3141 4296 hominis
3189 4243 3494 4298 eruditione
3528 4245 3680 4300 labor
3725 4244 3859 4300 boni

2269 4334 2468 4403 operis,
2497 4350 2657 4403 quam
2686 4334 2902 4405 requies
2941 4335 3439 4405 contemplationis.
3482 4335 3723 4406 Expletis
3754 4335 3863 4390 ita-

2271 4439 2375 4494 que
2402 4425 2606 4479 duabus
2637 4425 3085 4491 hebdomadibus,
3113 4426 3283 4481 altera
3322 4425 3574 4481 videlicet
3597 4425 3733 4495 legis
3760 4438 3860 4479 an-

2273 4518 2455 4589 liqua},
2480 4518 2645 4572 altera
2672 4519 2999 4591 evangelicae
3021 4521 3228 4589 gratiae,
3262 4536 3384 4575 mox
3424 4520 3492 4575 ad
3522 4520 3612 4575 diu
3635 4517 3857 4575 deside-

582 4607 675 4664 ille
693 4584 948 4680 peccator
992 4606 1322 4678 postulabat,
1346 4622 1468 4661 cum
1494 4584 1701 4661 diceret
1726 4584 1745 4660 ξ
1778 4622 1799 4656 ‹
1847 4604 2166 4674 Mundabor,
2197 4584 2248 4644 D
2274 4584 2407 4664 ratae
2444 4584 2706 4665 Rachelis
2750 4584 3064 4680 pervenitur
3116 4611 3425 4681 amplexus;
3454 4611 3580 4681 quia
3609 4608 3861 4681 quisquis

583 4701 791 4757 lavabis
834 4715 940 4765 me,
968 4707 1025 4754 et
1050 4714 1212 4770 super
1262 4699 1440 4754 nivem
1478 4696 1966 4770 dealbabor(Psal.
2017 4698 2094 4764 ι).
2143 4717 2162 4751 ι

583 4793 679 4847 Lia
729 4792 1122 4861 interpretatur
1167 4786 1457 4853 laborans;
1510 4786 1734 4854 Rachel,
1789 4788 2021 4854 verbum,
2054 4789 2170 4845 sive

584 4887 751 4940 risum
794 4882 1129 4954 principium.
1173 4879 1281 4935 Sed
1313 4880 1357 4935 si
1398 4878 1734 4950 Scripturam
1771 4879 2061 4953 diligenter
2091 4890 2173 4936 at-

588 4976 878 5039 tendimus,
903 4989 1005 5029 nec
1025 4986 1133 5028 uno
1155 4970 1371 5041 quidem
1392 4968 1477 5025 die
1500 4970 1733 5026 servisse
1758 4970 1925 5027 Jacob
1950 4980 2171 5042 propter

586 5066 697 5119 Lia:
732 5064 1059 5120 desiderium
1090 5060 1414 5133 reperimus,
1450 5060 1543 5115 sed
1570 5075 1667 5130 per
1687 5067 1828 5116 totas
1852 5060 1972 5116 illas
2000 5076 2168 5116 anno-

587 5171 708 5210 rum
739 5154 1109 5210 bebdomadas
1154 5168 1256 5224 pro
1304 5151 1417 5207 sola
1471 5150 1676 5207 Rachel
1714 5151 1963 5205 servituti
1994 5149 2175 5219 subja-

587 5246 731 5311 cuit;
786 5246 1008 5317 insuper
1049 5254 1106 5301 et
1134 5246 1305 5317 ipsam
1336 5243 1486 5298 Liam
1532 5241 1599 5297 ad
1639 5241 1781 5299 illius
1812 5244 2063 5298 intuitum
2094 5253 2172 5299 to-

587 5337 805 5392 leravit.
828 5335 961 5405 Quis
989 5336 1133 5390 enim
1177 5336 1246 5390 ad
1284 5335 1455 5390 Deum
1500 5334 1703 5390 idcirco
1731 5336 2081 5401 convertitur,
2113 5342 2174 5389 ut

589 5428 806 5483 labores
836 5436 892 5481 et
935 5441 1223 5491 mrumnas,
1264 5441 1328 5480 ac
1358 5427 1711 5481 tentationum
1740 5427 2038 5482 certamina
2078 5441 2173 5497 pa-

592 5518 799 5574 tiatur?
833 5518 1019 5574 Omnis
1080 5518 1222 5572 enim
1277 5520 1445 5575 Deum
1479 5520 1767 5587 quaerentis
1794 5518 2022 5573 intentio
2073 5522 2176 5575 hoc

593 5620 796 5682 sperat,
832 5611 898 5667 ad
926 5610 1029 5666 hoc
1083 5620 1315 5681 spectat,
1366 5620 1426 5665 ut
1456 5612 1521 5666 ad
1560 5613 1799 5683 requiem
1854 5612 2179 5682 quandoque

600 5704 919 5775 perveniat;
979 5712 1034 5760 et
1086 5704 1141 5760 in
1191 5718 1413 5759 summae
1462 5704 1932 5776 contemplationis
1959 5705 2180 5774 gaudio,

599 5794 747 5854 velut
794 5795 847 5849 in
900 5794 1140 5867 pulchra:
1188 5794 1387 5851 Rachel
1437 5796 1774 5866 amplexibus
1828 5796 2176 5868 requiescat;

2274 4699 2583 4771 pertingere
2611 4699 2680 4756 ad
2713 4700 2909 4756 divinae
2952 4700 3425 4772 contemplationis
3461 4699 3863 4759 oblectamenta

2275 4791 2570 4858 desiderat,
2596 4792 2750 4861 prius
2773 4806 2996 4848 necesse
3017 4800 3104 4848 est
3129 4802 3185 4849 ut
3214 4792 3498 4863 utriusque
3523 4790 3861 4847 Testameuti

2275 4900 2533 4956 peragere
2552 4887 2807 4943 mandata
2832 4889 3148 4944 contendat.

2874 4978 3104 5035 CAPUT
3142 4979 3234 5034 IX.

2769 5066 2849 5124 De
2875 5067 3076 5139 Zelpha
3120 5080 3168 5124 et
3198 5069 3354 5124 Bala.

2343 5154 2450 5213 Sed
2482 5157 2609 5226 quia
2636 5158 2843 5215 electus
2871 5161 3103 5231 quisque
3144 5159 3500 5231 perfectionis
3530 5171 3643 5214 sua:
3684 5154 3861 5210 limite

2270 5261 2377 5302 non
2424 5256 2733 5312 contentus,
2782 5249 2921 5305 ﬁlios
2954 5250 3116 5304 etiam
3160 5252 3267 5304 Deo
3324 5249 3546 5320 gignere
3587 5244 3862 5316 spirituali

2271 5335 2603 5395 fecunditate
2653 5340 2942 5404 desiderat,
2996 5351 3285 5410 postquam
3345 5338 3629 5411 conjugale
3680 5337 3862 5392 {cadus

2275 5427 2442 5483 Jacob
2479 5445 2601 5485 eum
2628 5429 2837 5486 duabus
2864 5432 3148 5488 sororibus
3180 5433 3321 5497 iniit,
3355 5432 3423 5486 ad
3451 5428 3863 5501 propagandum

2278 5520 2547 5576 uberioris
2560 5535 2780 5592 germen
2797 5522 3015 5588 sobolis,
3032 5522 3260 5578 ancillas
3276 5536 3492 5591 quoque
3506 5520 3573 5575 ad
3588 5531 3856 5591 generan-

2280 5610 2331 5668 di
2370 5626 2527 5666 usum
2557 5612 2835 5683 suscipere
2862 5629 2970 5669 non
2999 5614 3199 5684 refugit
3239 5611 3394 5682 (Gen.
3430 5614 3580 5680 ιιι-χ),
3609 5620 3776 5680 atque
3804 5616 3866 5661 ut

2282 5706 2468 5761 omnia
2505 5707 2878 5777 spiritualibus
2911 5709 3279 5781 intelligantur
3314 5706 3620 5764 redundare
3662 5708 3868 5771 myste-

2284 5796 2402 5864 riis,
2429 5795 2545 5867 ipsa
2585 5811 2799 5867 quoque
2846 5798 3164 5855 ancillarum
3217 5797 3433 5855 nomina
3477 5796 3576 5851 sub
3620 5787 3868 5864 mysticis
