4106 6320
275 371 378 429 505

1094 371 1337 433 ΟΡΕΒΩ.
1372 373 1507 430 Xlll.
1542 405 1608 414 --—
1635 373 1722 428 DE
1758 370 2229 430 ινΕιιιἚεΤιοΝΕ
2267 376 2571 436 MONACH.

3444 379 3548 434 306

279 499 406 547 sunt
452 490 736 546 enuntiata
792 489 1001 562 ﬁguris.
1063 490 1200 547 Nam
1275 491 1402 546 Bala
1474 488 1861 559 interpretatur
1890 494 1933 547 Α
1965 491 2176 556 plativze
2207 500 2331 546 vitae
2353 495 2627 562 perferant
2655 489 2911 558 fructum,
2939 489 3031 546 sed
3057 490 3123 547 ad
3155 491 3259 546 hoc
3284 493 3465 561 potius
3489 505 3549 548 nt

279 584 590 638 inveterata.
658 581 803 637 Sane
851 584 980 653 quia
1027 583 1362 639 intellectum
1413 580 1708 652 spiritualis
1739 579 1866 633 sub-

278 675 496 730 stantiae
533 673 694 729 nudis
731 674 908 730 verbis
946 675 1183 728 humana
1235 675 1417 745 lingua
1456 672 1643 742 nequit
1688 670 1864 739 expri-

278 785 452 836 mere,
496 772 823 840 quandoque
875 769 1119 826 doctrina
1172 769 1449 839 sapientize
1477 783 1572 837 per
1604 765 1865 836 quasdam

278 876 576 932 corporeas
622 859 1008 916 similitudines
1090 860 1398 916 audientem
1453 859 1644 913 nititur
1700 856 1868 910 infor-

277 971 453 1012 mare.
512 956 590 1011 De
628 954 810 1010 veteri.
852 962 1035 1010 autem
1085 955 1198 1010 vita
1227 995 1242 1020 ,
1299 962 1356 1009 et
1413 951 1722 1008 carnalibus
1746 963 1866 1005 sen-

277 1048 432 1102 sibus
482 1047 684 1113 dedita,
731 1061 1008 1117 corporeae
1035 1047 1347 1118 cogitantur
1391 1045 1658 1116 imagines
1692 1061 1704 1098 :
1735 1057 1867 1113 qua-

277 1153 410 1194 rum
447 1137 699 1194 videlicet
749 1137 820 1193 ad
871 1138 1172 1194 docendum
1204 1152 1336 1194 usus
1394 1135 1710 1199 assumitur,
1743 1149 1866 1188 cum

278 1228 485 1300 aliquid
571 1244 635 1284 ex
704 1227 1241 1300 incomprehensibili
1319 1237 1374 1282 et
1441 1222 1867 1280 incommutabili

277 1320 522 1375 essentia
591 1319 893 1376 divinitatis
955 1321 1193 1376 auditur.
1261 1319 1466 1374 Rachel
1513 1319 1695 1386 itaque
1748 1332 1865 1370 ma-

279 1411 382 1466 luit
410 1411 573 1482 297
599 1421 872 1482 utcunque
904 1412 1043 1468 ﬁlios
1063 1428 1130 1469 ex
1158 1413 1354 1467 ancilla
1385 1412 1678 1481 suscipere,
1705 1424 1866 1479 quam

279 1503 508 1557 omnino
531 1503 736 1558 sterilis
763 1518 1116 1573 permanere;
1141 1503 1265 1573 quia
1297 1501 1540 1557 doctrina
1566 1499 1865 1570 sapientim,

279 1595 401 1649 sive
443 1595 622 1666 gratia
674 1595 1182 1664 contemplationis,
1209 1610 1306 1664 per
1332 1594 1660 1649 exteriorum
1695 1592 1868 1646 scien~

286 1684 444 1750 tiam,
478 1684 564 1738 vel
593 1669 890 1738 visibilium
918 1699 1096 1739 rerum
1127 1684 1350 1747 formas,
1381 1682 1717 1737 auditoribus
1745 1680 1865 1734 inti-

289 1786 402 1830 mat
451 1775 714 1846 quidquid
759 1777 824 1830 de
864 1775 1224 1832 invisibilibus
1269 1777 1410 1830 intra
1449 1789 1646 1828 arcana
1674 1771 1868 1826 mentis

1969 583 2170 651 proprii
2207 583 2440 648 arbitrii,
2485 597 2702 652 sumque
2743 582 3036 638 voluntatis
3080 582 3335 652 expleant
3384 599 3548 654 appe-

1968 673 2146 728 litum.

2042 765 2102 820 Hi
2153 777 2281 822 sunt
2316 767 2572 844 denique,
2605 769 2695 837 qui
2730 768 2798 823 ad
2825 767 3076 837 quailibet
3117 768 3419 838 peragenda
3458 784 3552 823 rte-

1969 858 2113 927 gotia
2155 859 2262 914 huc
2302 859 2428 915 illuc
2455 861 2634 916 votiva
2656 859 2858 931 iugiter
2884 860 3168 930 vagatione
3197 862 3500 915 discurrunt
3529 877 3546 922 ;

1967 955 2023 1002 et
2060 948 2187 1003 dum
2225 950 2513 1019 quiescere
2555 952 2829 1018 nesciunt,
2861 951 3036 1007 videri
3068 949 3212 1005 velut
3239 951 3550 1006 obedientes

1969 1039 2196 1094 volunt:
2229 1042 2415 1113 sicque
2461 1044 2706 1098 morbum
2748 1044 2865 1100 vitii
2905 1058 3014 1114 quo
3057 1043 3326 1110 laborant,
3364 1059 3550 1115 super—

1969 1131 2130 1188 ducto
2151 1133 2420 1190 velamine
2451 1135 2666 1190 virtutis
2689 1135 3033 1192 obumbrant.
3063 1135 3128 1190 lli
3154 1135 3408 1190 nimirum
3440 1149 3550 1192 non

1969 1226 2171 1282 idcirco
2197 1228 2471 1284 laboribus
2497 1237 2823 1295 atteruntur,
2869 1238 2928 1284 ut
2969 1230 3247 1295 obediant,
3291 1227 3384 1284 sed
3431 1229 3550 1283 ideo

1969 1319 2082 1372 suis
2106 1321 2410 1388 praepositis
2436 1322 2656 1376 obedire
2692 1321 3010 1384 deliberant,
3047 1331 3104 1375 ut
3134 1321 3406 1376 laborandi
3439 1336 3551 1374 ma~

1972 1409 2165 1463 teriam
2197 1427 2300 1465 non
2329 1414 2602 1478 amittant,
2651 1414 2822 1468 otimn
2868 1413 3120 1468 videlicet
3170 1414 3422 1479 tolerant,
3469 1413 3550 1467 la-

1971 1503 2101 1557 bore
2147 1503 2429 1570 fruuntur;
2476 1505 2601 1574 quia
2637 1506 2993 1575 vagationcm,
3035 1508 3292 1576 quietem,
3327 1505 3551 1560 molam-

1971 1611 2075 1665 que
2126 1598 2463 1667 negotiorum
2513 1599 2762 1663 volvere,
2824 1617 3044 1654 suavem
3105 1603 3365 1670 deputant
3405 1599 3551 1654 volu-

1971 1697 2196 1756 ptatem.
2264 1689 2403 1743 Sum
2471 1691 2612 1744 enim
2680 1693 2927 1761 quaedam
2993 1691 3188 1745 animae
3244 1690 3552 1760 paralyticm

1973 1779 2138 1849 298
2159 1796 2279 1849 quae
2309 1795 2365 1834 sc
2380 1782 2614 1850 gaudent
2646 1781 2850 1836 crebris
2873 1781 3299 1836 discursionibus
3325 1781 3548 1850 agitare.

282 1867 561 1933 occultat;
620 1876 676 1922 et
728 1868 807 1922 sic
853 1867 1250 1937 quodammodo
1299 1883 1394 1936 per
1439 1866 1690 1920 ancillam
1731 1863 1868 1917 ﬁlios
1899 1864 1943 1924 Β
1973 1870 2226 1939 Quisquis
2281 1870 2424 1925 enim
2473 1887 2748 1940 corporeae
2794 1872 3060 1942 paralysis
3111 1872 3367 1942 languore
3423 1887 3550 1924 eon-

282 1960 504 2030 accipit,
554 1959 681 2012 dum
725 1974 820 2026 per
857 1973 998 2024 eam,
1048 1974 1167 2026 quae
1199 1958 1298 2012 sub
1332 1973 1390 2011 se
1421 1967 1526 2021 est,
1557 1955 1863 2018 scientiam,

283 2051 592 2123 spirituales
627 2051 739 2104 Deo
769 2049 908 2104 ﬁlios
946 2049 1118 2118 parit;
1155 2047 1353 2117 Zelpha
1391 2062 1520 2101 vero
1550 2047 1870 2115 interpreta-

285 2156 373 2198 tur
401 2161 459 2198 οδ
487 2143 662 2197 litans.

352 2235 481 2291 Haec
508 2236 674 2306 igitur
696 2234 890 2290 ancilla
939 2233 1060 2288 illos
1098 2233 1313 2304 ﬁgurat,
1341 2248 1568 2301 quorum
1598 2233 1651 2286 in
1675 2229 1870 2301 pradi-

223 2397 230 2402 δ
283 2327 500 2381 eatione
528 2325 854 2394 evangelica:
876 2324 1000 2379 ﬁdei
1021 2339 1082 2379 os
1104 2324 1322 2393 quidem
1348 2324 1482 2385 hiat,
1519 2324 1614 2378 sed
1636 2337 1732 2377 cor
1761 2336 1866 2375 non

283 2419 418 2474 hiat.
472 2417 550 2472 De
595 2418 793 2487 quibus
841 2417 1091 2473 videlicet
1135 2415 1396 2485 scriptum
1427 2423 1597 2470 estzt
1632 2413 1871 2484 Populus

278 2511 372 2566 hic
386 2510 544 2566 labiis
568 2525 655 2564 me
670 2511 924 2575 honorat,
941 2523 1036 2564 cor
1057 2517 1237 2563 autem
1259 2523 1443 2563 eorum
1467 2509 1624 2578 longe
1641 2517 1723 2562 est
1739 2521 1870 2561 ame

275 2602 501 2676 (Matth.
529 2602 642 2672 ιν).
666 2621 682 2651 ι
713 2601 778 2654 Ει
804 2601 868 2655 de
891 2601 1087 2670 quibus
1120 2600 1412 2668 Apostolus
1438 2618 1449 2652 :
1483 2619 1500 2650 ι
1547 2599 1646 2665 Qui
1671 2599 1869 2668 prtedi-

275 2710 397 2761 ωε,
445 2693 639 2764 inquit,
665 2709 771 2746 non
797 2693 1108 2756 furandum,
1142 2691 1344 2747 furaris
1384 2690 1562 2762 (Rom.
1599 2690 1682 2761 ιι).
1712 2712 1730 2744 ι
1769 2691 1873 2744 Ve-

274 2793 594 2839 rumtamen
619 2799 685 2839 ex
717 2783 820 2838 bac
854 2781 1054 2837 ancilla
1090 2781 1337 2837 haeredes
1375 2781 1588 2835 futuros
1625 2781 1744 2834 aliis
1775 2780 1867 2833 Lia

278 2876 430 2932 ﬁlios
475 2875 706 2946 accipit;
749 2875 874 2943 quia
917 2889 1058 2943 szepe
1085 2887 1184 2942 per
1212 2873 1344 2927 tales
1370 2872 1532 2926 etiam
1559 2873 1872 2940 prredicato-

279 2983 377 3023 res
404 2968 578 3022 activa
610 2967 718 3020 vita
747 2965 945 3021 multos
976 2965 1125 3036 regni
1154 2964 1291 3019 ﬁlios
1321 2964 1616 3033 adoptavit.
1657 2964 1732 3017 De
1757 2964 1873 3032 qni-

278 3063 388 3117 bus
424 3059 640 3116 Veritas
666 3077 678 3112 :
718 3077 736 3111 t
765 3058 894 3124 Quae
923 3057 1134 3124 dicunt,
1168 3058 1362 3127 inquit,
1405 3056 1565 3110 facite
1591 3074 1604 3121 ;
1639 3071 1758 3125 qua:
1783 3071 1874 3109 an-

283 3162 400 3207 tem
452 3151 676 3217 faciunt,
722 3150 904 3205 facere
928 3149 1096 3204 nolite
1119 3147 1334 3220 (Matth.
1364 3148 1547 3216 XXIII).
1581 3168 1599 3199 ι
1640 3147 1702 3200 Et
1728 3146 1871 3216 Apo-

1971 1961 2274 2031 sttingitur,
2304 1977 2446 2030 stupe
2481 1963 2850 2016 ministrorum
2898 1963 3184 2016 vexatione
3225 1962 3548 2022 concutitur,

1970 2061 2024 2106 et
2070 2055 2148 2108 sic
2182 2054 2568 2124 agitationibus
2593 2053 2881 2108 refovetur.
2927 2052 2990 2107 lli
3030 2062 3195 2116 certe,
3247 2052 3553 2119 spirituales

1974 2146 2222 2201 videlicet
2272 2145 2576 2216 paralytiei,
2619 2147 2701 2200 vel
2733 2147 2862 2201 solis
2905 2145 3116 2200 ancillis
3165 2145 3375 2200 dicendi
3430 2155 3552 2198 sunt

1970 2251 2091 2292 esse
2115 2237 2412 2306 conjuncti,
2453 2245 2615 2307 atque
2654 2235 2776 2292 ideo
2801 2252 2986 2290 eorum
3034 2234 3128 2289 ﬁlii
3161 2233 3463 2288 nullatenus
3488 2233 3552 2285 ad

1972 2331 2306 2387 hacrcditatis
2334 2333 2678 2400 capessendae
2699 2331 2821 2400 jura
2854 2331 3175 2400 perveniunt
3200 2344 3213 2392 ;
3240 2327 3323 2382 vel
3352 2327 3393 2382 si
3418 2326 3550 2380 libeo

1973 2439 2061 2476 ras
2113 2423 2313 2476 habere
2343 2437 2402 2476 se
2429 2431 2638 2491 putant,
2673 2437 2777 2476 non
2835 2420 3078 2482 ancillas,
3115 2428 3171 2472 ut
3202 2420 3272 2472 ita
3301 2418 3553 2481 dixerim,

1973 2521 2192 2583 propter
2221 2511 2360 2565 ﬁlias
2391 2510 2596 2574 Laban,
2625 2511 2718 2565 sed
2747 2525 3006 2579 perverso
3035 2509 3224 2563 ordine
3269 2507 3404 2562 ﬁlias
3428 2507 3556 2561 sibi-

1973 2613 2083 2657 met
2139 2602 2408 2656 l'aaderare
2434 2601 2619 2655 volunt
2650 2610 2871 2670 propter
2895 2599 3116 2654 ancillas
3147 2616 3161 2664 ;
3189 2599 3313 2668 quia
3348 2613 3454 2652 non
3488 2598 3554 2649 ad

1973 2696 2074 2750 hoc
2105 2694 2369 2768 laborant,
2415 2703 2474 2747 ut
2521 2693 2792 2756 obediant,
2827 2692 2920 2746 sed
2961 2692 3026 2745 ad
3071 2692 3172 2746 hoc
3207 2689 3384 2760 potius
3424 2689 3556 2742 obe-

1972 2785 2141 2845 diunt,
2171 2793 2230 2837 ut
2252 2783 2516 2837 laborent.
2540 2781 2649 2837 Nec
2683 2795 2834 2836 more
2865 2781 3052 2844 Jacob,
3091 2781 3157 2834 ad
3191 2779 3446 2843 activam,
3471 2776 3559 2832 vel

1973 2875 2446 2946 contemplativam
2481 2875 2646 2929 vitam
2679 2875 2883 2928 fruetus
2922 2887 3143 2927 suorum
3175 2885 3394 2941 operum
3421 2866 3559 2922 refe-

1976 2977 2099 3019 runt
2129 2983 2143 3031 ;
2171 2966 2264 3020 sed
2287 2966 2399 3019 sive
2427 2967 2492 3020 de
2535 2965 2706 3020 activa
2740 2965 2870 3034 quid
2895 2965 2947 3018 in
3002 2979 3096 3018 sua
3130 2961 3443 3033 operatione
3467 2960 3560 3012 de-

1974 3065 2295 3120 monstrent,
2341 3056 2453 3110 sive
2521 3055 2587 3109 de
2637 3055 3054 3125 contemplativa
3123 3052 3323 3120 aliquid
3381 3051 3558 3105 verbis

1973 3145 2275 3208 enuntient,
2309 3161 2412 3198 non
2455 3144 2506 3198 in
2539 3144 2624 3198 his
2665 3143 2963 3214 spiritualis
3017 3141 3264 3196 utilitatis
3300 3147 3558 3208 expetunt

283 3242 499 3298 stolus:
539 3259 556 3292 ι
587 3240 734 3304 Sive,
766 3239 964 3309 inquit,
1008 3237 1464 3302 oecasione,.sive
1492 3236 1741 3290 Christus
1777 3251 1870 3289 ve-
1901 3237 1944 3299 Ο
1979 3232 2230 3296 fructum,
2262 3233 2354 3286 sed
2389 3232 2620 3302 propria:
2651 3231 3024 3285 tantummodo
3070 3229 3363 3285 voluntatis
3391 3243 3558 3281 auen-

285 3335 453 3389 ritate
474 3333 848 3396 annuntietur,
877 3340 931 3386 et
960 3330 1014 3385 in
1045 3331 1148 3386 hoc
1173 3329 1404 3400 gaudeo,
1434 3328 1527 3383 sed
1554 3338 1607 3382 et
1634 3327 1874 3398 gaudebo

288 3423 555 3497 (Philipp.
582 3424 646 3492 ι).
678 3443 695 3475 ι

363 3517 468 3572 Sed
493 3517 605 3587 iam
630 3516 883 3580 sullieiat,
917 3513 1060 3585 quod
1088 3528 1258 3569 sacra:
1281 3513 1606 3567 mentionem
1639 3512 1876 3566 historia:

288 3609 573 3676 hucusque
607 3606 992 3676 protraximus,
1031 3604 1123 3675 qui
1161 3605 1401 3660 seriatim
1443 3603 1754 3672 Scripturas
1778 3618 1873 3657 ex-

286 3715 494 3768 ponere
546 3699 882 3768 pr0positum
932 3712 1039 3752 non
1092 3697 1374 3751 habemus.
1423 3695 1536 3750 Hoc
1578 3705 1788 3750 tantum
1820 3696 1875 3749 in

287 3794 378 3848 bis
427 3791 883 3848 considerandum
933 3803 1053 3844 esse
1100 3787 1516 3858 perpendimus,
1561 3786 1687 3856 quia
1738 3785 1878 3840 sicut

286 3880 458 3938 Iacob
501 3882 758 3938 Rachelis
806 3880 972 3935 solius
1021 3880 1218 3934 intuitu
1258 3893 1449 3934 omnes
1478 3878 1595 3932 illas
1622 3875 1878 3931 mulieres

294 3973 526 4043 accepit,
556 3988 623 4027 ex
653 3971 848 4041 quibus
899 3969 1039 4024 ﬁlius
1086 3969 1297 4038 genuit,
1354 3968 1432 4022 sic
1481 3967 1727 4036 quisquis
1777 3966 1878 4020 sub

294 4063 656 4118 dealbationis
687 4063 861 4132 gratia
890 4062 1236 4125 constitutus,
1272 4058 1603 4113 fructiﬁcare
1632 4057 1743 4112 Deo
1769 4057 1878 4126 spi-

295 4152 477 4207 rituali
499 4152 826 4208 fecunditate
846 4151 1136 4215 desiderat,
1163 4165 1382 4204 necesse
1405 4159 1490 4204 est
1510 4149 1572 4204 ‘ut
1599 4164 1694 4218 per
1717 4162 1880 4204 omne

294 4247 441 4316 quod
503 4247 653 4318 agit,
719 4245 786 4299 ad
841 4243 1315 4314 contemplationis
1375 4257 1589 4313 semper
1651 4241 1878 4312 gratiam

296 4336 506 4392 tendat.

919 4425 1146 4480 CAPUT
1187 4427 1254 4480 X.

291 4519 373 4574 De
419 4520 500 4573 his
547 4519 638 4589 qui
680 4518 1042 4598 rogationibus
1087 4517 1284 4598 dediti,
1328 4519 1568 4586 ignorant
1607 4515 1880 4585 spirituale

923 4604 1243 4658 conjugtum.

366 4705 475 4761 Sed
499 4703 630 4773 quid
658 4703 727 4758 ad
755 4703 872 4758 haec
899 4702 1149 4770 dicimus,
1183 4717 1307 4757 cum
1335 4701 1616 4756 videamus
1638 4701 1690 4754 in
1722 4700 1882 4755 domo

293 4795 482 4851 Laban
533 4792 822 4850 nonnullos
859 4793 959 4848 sub
1005 4792 1138 4846 tanti
1187 4792 1418 4860 torporis
1459 4801 1624 4859 atque
1663 4789 1881 4843 desidia:

293 4885 626 4957 negligentia
667 4885 873 4948 vivere,
904 4890 965 4937 ut
994 4896 1169 4953 neque
1200 4881 1452 4937 Raehelis
1485 4881 1726 4934 ambiant
1764 4879 1882 4949 pul-

293 4978 685 5043 chritudinem,
734 4990 912 5046 neque
959 4975 1125 5030 etiam
1175 4975 1316 5030 circa
1362 4972 1470 5027 Liae
1506 4990 1564 5028 se
1592 4972 1881 5026 videantur

292 5083 556 5124 exercere
599 5067 885 5123 laborem?
922 5063 988 5121 Hi
1015 5063 1260 5136 profecto
1295 5074 1442 5130 sunt,
1484 5064 1574 5133 qui
1606 5064 1659 5118 in
1689 5078 1878 5116 mona-

296 5159 482 5214 steriis
498 5158 804 5224 constituti,
834 5171 1009 5228 neque
1036 5171 1134 5228 per
1162 5158 1512 5212 remotiorem
1542 5156 1731 5218 vitam,
1767 5153 1880 5207 sive

297 5268 397 5322 per
446 5253 678 5308 assidua:
724 5252 988 5308 orationis
1031 5250 1347 5306 instantiam
1390 5250 1456 5303 ad
1496 5249 1722 5319 gratiam
1753 5263 1882 5300 con-

300 5346 672 5416 templationis
718 5345 1008 5408 anhelant,
1064 5358 1240 5412 neque
1285 5342 1384 5396 sub
1423 5341 1750 5411 ieiuniorum
1802 5353 1882 5401 se,

297 5438 752 5508 diversorumque
778 5437 1024 5493 laborum
1051 5436 1394 5491 districtione
1438 5434 1729 5500 castigant.
1774 5429 1880 5482 Hu-

289 5527 531 5595 iusmodi
579 5528 741 5599 plane
783 5529 870 5583 vel
915 5527 1182 5599 coniugiis
1223 5526 1444 5580 omnino
1469 5522 1648 5587 liberi,
1679 5521 1759 5575 vel
1794 5536 1886 5574 an-

299 5620 550 5676 cillarum
603 5622 977 5679 tantummodo
1027 5621 1398 5691 complexibus
1443 5626 1568 5673 sunt
1619 5615 1882 5680 contenti,

303 5711 425 5778 quia
473 5711 560 5766 vel
613 5712 803 5768 inertis
831 5712 1058 5785 ignaviae
1085 5713 1368 5784 potiuntur
1395 5711 1542 5775 otiis,
1568 5707 1651 5763 vel
1682 5708 1726 5761 si
1759 5706 1884 5777 quid

305 5813 489 5874 agunt,
526 5820 633 5862 non
659 5806 725 5862 ad
753 5805 854 5862 hoc
896 5807 1144 5870 tendunt,
1191 5815 1251 5860 ut
1291 5805 1477 5860 activa:
1520 5802 1602 5857 vel
1645 5810 1900 5856 contem-.

1976 3331 2175 3390 pantttr
2198 3321 2506 3375 arbitrium.

2589 3411 2820 3468 CAPUT
2863 3409 2950 3463 XI.

2063 3501 2138 3555 De
2166 3503 2435 3556 monachis
2469 3503 2557 3573 qui
2580 3503 2980 3573 grammaticam
3006 3503 3203 3554 discere
3226 3501 3469 3570 gestiunt.

2049 3593 2115 3648 Ut
2149 3602 2327 3647 autem
2359 3608 2481 3648 cum
2533 3593 2813 3648 stomacho
2839 3591 3048 3661 loquar,
3079 3606 3146 3646 ex
3195 3590 3420 3644 istorum
3462 3603 3561 3641 nu-

1977 3707 2127 3745 mero
2164 3699 2289 3743 sunt
2345 3690 2403 3754 ii,
2450 3689 2540 3758 qui
2584 3689 3061 3758 grammaticorum
3104 3685 3293 3754 vulgus
3337 3685 3559 3745 adeunt,

1977 3783 2089 3850 qui,
2132 3781 2336 3835 relictis
2367 3779 2741 3848 spiritualibus
2781 3780 2996 3843 studiis,
3031 3778 3312 3832 addiscere
3338 3784 3561 3830 terrenae
3629 3811 3637 3818 ι

1977 3875 2111 3928 artis
2128 3873 2355 3942 ineptias
2377 3872 2794 3941 concupiscunt:
2819 3869 3269 3941 parvipendentcs
3292 3867 3558 3936 siquidem

1979 3967 2216 4037 regulam
2241 3965 2539 4029 Benedicti,
2593 3963 2790 4034 regulis
2833 3964 3068 4034 gaudent
3117 3976 3313 4014 vacare
3341 3958 3559 4014 Donati.

1980 4060 2042 4114 lli
2068 4075 2229 4129 porro
2277 4059 2613 4114 fastidientes
2662 4056 3047 4112 ecclesiastica:
3097 4053 3390 4122 disciplina:
3411 4051 3560 4121 peri-

1983 4151 2134 4216 tiam,
2184 4159 2238 4204 et
2273 4149 2623 4205 saecularibus
2664 4147 2860 4201 studiis
2909 4145 3199 4206 inhiantes,
3254 4141 3382 4211 quid
3419 4138 3564 4193 aliud

1980 4255 2140 4312 quam
2164 4240 2217 4293 in
2252 4239 2371 4294 ﬁdei
2397 4237 2634 4292 thalamo
2683 4235 2964 4304 coniugem
2999 4233 3302 4300 relinquere
3331 4244 3560 4291 eaStam,

1980 4341 2034 4387 et
2056 4331 2122 4385 ad
2154 4331 2398 4385 scenicas
2447 4327 2701 4382 videntur
2728 4324 3058 4379 descendere
3093 4319 3448 4390 prostitutas?
3471 4317 3560 4382 Et,

1984 4429 2040 4476 ut
2070 4421 2140 4475 ita
2189 4420 2378 4484 fatear,
2425 4415 2772 4470 meretricum
2817 4412 3098 4467 lenociniis
3126 4408 3378 4465 Oblectati
3437 4409 3563 4462 dant

1985 4511 2264 4582 repudium
2299 4508 2501 4571 liberis,
2535 4517 2610 4572 ut,
2637 4505 2834 4560 violato
2859 4503 3083 4572 nuptiali
3107 4502 3332 4565 findere,
3357 4499 3566 4554 socien-

1904 4586 1958 4645 Β
1989 4616 2075 4660 tur
2101 4603 2329 4658 ancillis.
2359 4603 2627 4656 Deserunt
2663 4613 2861 4654 uxores
2896 4597 3102 4662 Laban,
3136 4594 3383 4650 videlicet
3406 4592 3561 4657 ﬁlias,

1986 4708 2042 4756 et
2080 4697 2147 4751 ad
2183 4697 2466 4766 lupanares
2516 4698 2800 4747 transeunt
2838 4690 3206 4754 concubinas;
3266 4696 3325 4740 ut
3373 4684 3566 4738 merito

1985 4804 2108 4844 cum
2137 4786 2264 4840 Bala
2295 4793 2528 4848 veteres,
2559 4793 2758 4838 etcum
2788 4781 2988 4850 Zelpha
3015 4777 3320 4846 vaniloquia
3344 4775 3566 4828 videan-

1989 4888 2076 4932 tur
2103 4876 2412 4932 urbanitate
2434 4875 2669 4930 dieaces.
2713 4873 2817 4928 Sed
2850 4870 3101 4926 fortassis
3127 4866 3406 4935 objiciunt,
3439 4864 3565 4934 quia

1986 4969 2051 5024 ad
2083 4969 2184 5024 hoc
2209 4967 2540 5023 exteriorum
2583 4966 2781 5020 artium
2829 4962 2985 5033 nugis
3034 4959 3306 5023 insudant,
3335 4967 3391 5011 ut.
3421 4957 3567 5010 locu-

1987 5062 2183 5133 pletius
2205 5063 2270 5116 ad
2300 5060 2477 5115 studia
2506 5059 2687 5113 divina
2717 5057 3019 5126 proﬁciant.
3066 5053 3232 5108 Jaeob
3258 5063 3405 5131 certe
3434 5052 3576 5120 peti-~

1987 5152 2222 5208 tionibus
2271 5167 2523 5214 uxorum,
2585 5147 3007 5203 concubinarum
3070 5144 3316 5200 toleravit
3368 5142 3568 5212 ample-

1989 5259 2114 5296 xum
2143 5260 2155 5294 :
2188 5241 2426 5310 alioquin
2459 5240 2549 5309 qui
2590 5253 2656 5294 ex
2687 5237 2765 5291 eis
2793 5235 2902 5290 nati
2929 5242 3076 5298 sunt,
3105 5233 3414 5287 nullatenus
3446 5247 3568 5286 cum

1987 5337 2199 5392 caeteris
2231 5338 2296 5390 ad
2324 5333 2652 5389 hmreditatis
2675 5331 2798 5399 iura
2843 5338 3250 5392 concurrerent,
3281 5329 3325 5381 si
3363 5326 3569 5381 adulte-

1987 5430 2119 5484 rium
2166 5427 2532 5498 conceptionis
2596 5423 2831 5478 infamiae
2881 5422 3240 5492 subiacerent.
3313 5420 3569 5485 Oureruut

1988 5536 2137 5590 ergo,
2168 5529 2222 5573 et
2249 5517 2629 5572 auctoritatem
2682 5515 2902 5570 Patrum
2945 5514 3214 5569 subtiliter
3260 5511 3566 5566 consulunt.

2060 5612 2212 5676 Quod
2237 5612 2280 5664 si
2308 5611 2390 5664 bis
2420 5610 2633 5664 artibus
2663 5622 2880 5676 operam
2911 5607 3039 5660 dare
3067 5604 3391 5660 monachum
3417 5617 3569 5656 sacra

1991 5702 2271 5771 Scriptura
2311 5699 2592 5768 permittit,
2629 5699 2841 5753 dicatur
2860 5697 2972 5766 iam
3026 5696 3149 5763 quia
3177 5708 3313 5746 uxor
3340 5691 3451 5744 viro
3477 5704 3567 5740 an-

1990 5795 2169 5848 cillam
2203 5793 2255 5858 in
2289 5807 2444 5847 usum
2477 5790 2678 5847 sobolis
2704 5789 2883 5843 tradit.
2919 5787 2981 5838 At
3023 5785 3068 5838 si
3097 5783 3410 5854 Gregorius,
3442 5779 3566 5833 llic-
