4110 5364
525 348 635 412 307

996 355 1054 413 S.
1086 356 1289 414 PETRI
1330 355 1613 416 DAMIANI
1641 357 1792 417 OPP.
1821 355 2060 416 TOMUS
2099 357 2230 415 SEU
2273 358 2450 416 PARS
2486 359 2572 416 III.
2606 356 2666 402 ὲ-
2690 360 3053 419 OPUSCULA
3092 363 3323 420 VARIA.

3664 367 3770 425 308

520 484 800 540 ronymus,
831 467 1030 539 aliique
1055 470 1304 527 doctores
1333 477 1505 528 sancti
1530 474 1642 529 haac
1671 472 1911 527 funditus
1932 473 2092 526 abne-
2116 474 2169 535 Α
2194 488 2252 527 se
2301 489 2529 529 censura
2580 484 2936 546 constringat,
2995 482 3063 533 ab
3115 492 3367 535 exteriori
3435 496 3492 536 se
3555 482 3772 554 negotio

518 567 681 629 gant;
710 558 957 613 noverint
985 558 1098 625 isti,
1136 559 1261 629 quia
1304 561 1610 617 adulterino
1634 562 1882 632 pelhcum
1912 575 2096 616 amore

518 649 753 718 decepti,
791 648 937 703 velut
981 657 1174 705 contra
1223 650 1503 722 coniugale
1549 650 1724 706 fmdus
1744 651 1864 707 sine
1895 649 2097 705 findere

517 737 873 808 pertinaciter
909 749 1170 810 pugnant.
1210 740 1347 796 Nam
1398 756 1504 797 non
1542 740 1716 797 solum
1742 742 2094 812 prohibemur

514 838 640 909 post
658 838 942 899 acceptum
969 845 1184 887 sacrum
1210 832 1457 889 ordinem
1483 833 1638 890 vanis
1668 832 1971 902 huiusmodi
1994 834 2095 889 do-

468 971 472 974 c
518 920 713 976 ctrinis
732 922 1015 977 intendere
1038 939 1054 990 ;
1078 923 1172 979 sed
1201 939 1266 979 ex
1298 924 1366 981 iis
1411 938 1626 995 quoque
1655 938 1775 995 quae
1809 932 1935 979 ante
1956 923 2097 978 didi-

517 1012 712 1078 cimus,
740 1090 741 1093 η
775 1012 1057 1083 superﬂua,
1090 1029 1319 1085 quaeque
1363 1015 1708 1087 praecipimur
1748 1014 2093 1071 detruncare.

519 1100 675 1159 Unde
720 1119 819 1176 per
861 1104 1079 1176 Moysen
1114 1105 1235 1176 lege
1286 1106 1620 1173 decernitur,
1677 1114 1736 1162 ut
1786 1105 1998 1162 mulieri
2039 1105 2097 1161 in

516 1196 661 1252 bello
681 1206 873 1266 captaa,
894 1198 1022 1252 etin
1049 1196 1353 1268 coniugium
1377 1198 1600 1254 victoris
1624 1197 1835 1265 electae,
1855 1197 2098 1269 corporis

516 1286 862 1357 superﬂuitas
889 1288 1275 1345 abscindatur:
1311 1308 1330 1342 ι
1351 1288 1480 1356 Quae
1508 1289 1680 1353 radet,
1712 1288 1903 1358 inquit,
1934 1303 2097 1343 exesa-

517 1378 677 1443 riem,
704 1385 760 1434 et
784 1378 1139 1434 circumcidet
1184 1394 1415 1451 ungues,
1459 1387 1517 1436 et
1543 1380 1774 1449 deponet
1814 1388 2017 1434 vestem
2041 1377 2097 1433 in

518 1485 626 1540 qua
655 1479 813 1540 capta
841 1479 946 1537 est,
976 1472 1279 1541 sedensque
1305 1471 1360 1526 in
1386 1471 1545 1527 domo
1574 1479 1663 1526 tua
1707 1470 1857 1527 ﬂebit
1885 1480 2094 1542 patrem

518 1568 573 1614 et
601 1568 830 1614 matrem
872 1575 981 1616 uno
1010 1575 1234 1628 mense;
1263 1569 1319 1616 et
1362 1570 1547 1631 postea
1573 1561 1802 1617 intrabis
1830 1561 1896 1615 ad
1927 1560 2093 1627 illam,

520 1651 687 1724 299
733 1653 1076 1725 dormiesqne
1142 1668 1265 1709 cum
1313 1652 1435 1719 illa,
1506 1662 1562 1709 et
1621 1652 1726 1709 erit
1800 1667 1936 1707 uxor
2002 1660 2096 1708 tua

519 1741 697 1809 (Deut.
738 1742 875 1813 ut).
924 1761 946 1795 ι
1009 1742 1220 1798 Mulieri
1269 1743 1467 1813 quippe
1506 1742 1786 1797 caesariem
1834 1742 2093 1809 radimus,

2197 564 2499 630 subtrahat,
2529 577 2591 618 os
2611 579 2765 618 suum
2804 566 2872 619 ab
2920 566 3094 622 otiosa
3127 568 3557 626 cmifabulatiOne
3584 580 3769 627 custo-

2196 654 2330 717 diat,
2359 653 2555 707 mentis
2577 667 2688 707 suae
2734 653 3015 709 latibulum
3045 665 3214 725 petat,
3266 659 3353 713 ubi
3388 660 3455 715 ad
3485 661 3772 717 videndam

2193 742 2468 797 Creatoris
2491 742 2574 797 sui
2610 741 2806 798 faciem
2830 745 2957 800 totis
3000 746 3205 803 nisibus
3231 748 3570 806 inardescat:
3601 752 3667 807 ad
3693 752 3775 806 la-

2194 845 2409 902 crymas
2450 830 2688 896 anhelet,
2726 834 2995 903 lacrymas
3058 850 3089 890 a
3120 837 3230 893 Deo
3279 839 3609 908 quotidianis
3646 856 3774 912 pre—

2194 923 2348 979 cibus
2380 921 2606 993 ﬂagitet.
2650 923 3036 996 Lacrymarum
3080 930 3276 999 quippe
3318 930 3506 988 mador
3531 935 3771 990 animam

2192 1012 2340 1068 omni
2370 1012 2491 1069 labe
2513 1012 2791 1083 puriﬂcat,
2818 1025 2874 1071 et
2922 1017 2991 1072 ad
3020 1018 3340 1088 proferenda
3372 1022 3629 1080 virtutum
3650 1040 3774 1097 ger—

2196 1105 2341 1159 mina
2386 1105 2557 1161 nostri
2609 1106 2791 1162 cordis
2839 1121 2966 1163 arva
3021 1109 3292 1166 fecundat.
3340 1110 3495 1183 Saepe
3539 1130 3774 1187 namque

2194 1195 2519 1253 miserabilis
2563 1197 2743 1252 anima
2778 1198 2926 1254 velut
2970 1200 3072 1255 sub
3113 1202 3345 1271 pruinaIi
3374 1204 3544 1275 glacie
3566 1221 3777 1274 comas;

2195 1294 2253 1339 et
2280 1283 2530 1341 foliorum
2568 1298 2884 1345 ornamenta
2912 1291 3154 1362 deponit,
3176 1302 3233 1349 et
3265 1297 3553 1353 recedente
3574 1299 3775 1370 gratia,

2194 1376 2313 1448 ipsa
2337 1378 2555 1436 sibimet
2582 1380 2865 1448 derelicta,
2894 1392 3005 1439 tota
3052 1395 3296 1442 remanet
3331 1388 3503 1453 arida,
3522 1398 3589 1445 et
3615 1392 3776 1461 quasi

2197 1469 2560 1525 decidentium
2580 1470 2771 1527 ﬂorum
2799 1473 3015 1530 videtur
3042 1475 3237 1533 decore
3262 1478 3483 1533 nudata.
3512 1478 3620 1536 Sed
3649 1496 3775 1536 mox

2198 1568 2258 1615 ut
2289 1559 2547 1632 lacryma:
2569 1577 2637 1616 ex
2660 1579 2883 1620 munere
2927 1565 3106 1621 intimi
3129 1568 3450 1637 inspectoris
3473 1571 3777 1642 eruperint,

2198 1652 2442 1721 protinus
2465 1652 2576 1707 haec
2595 1653 2786 1708 eadem
2812 1654 2991 1710 anima
3015 1656 3312 1725 revirescit,
3342 1662 3574 1730 torporis
3597 1661 3777 1733 ignavi

2194 1740 2397 1811 frigore
2408 1741 2571 1813 300
2585 1743 2831 1813 solvitur,
2854 1743 2911 1802 et
2934 1754 3185 1818 tanquam
3209 1749 3373 1805 arbor
3386 1766 3578 1819 verna,
3589 1751 3779 1808 Austri

517 1848 644 1890 cum
672 1834 920 1890 rationali
949 1835 1246 1906 disciplinae
1292 1850 1485 1891 sensus
1524 1833 1824 1905 superﬂuos
1851 1843 2095 1906 amputa-
2127 1853 2168 1911 Β
2196 1832 2383 1889 fomite
2412 1826 2767 1904 recalescens,
2802 1837 3042 1895 redivivo
3091 1840 3353 1897 virtutum
3375 1857 3617 1915 suarum
3643 1841 3782 1900 ﬂore

519 1939 642 1980 mus
673 1942 689 1992 ;
717 1942 927 1999 ungues
954 1928 1118 1983 etiam
1144 1926 1602 1992 circumcidimns,
1627 1940 1748 1981 cum
1771 1924 1840 1979 ab
1862 1940 1925 1981 ea
1954 1940 2097 1980 mor-

518 2023 611 2073 tua
641 2031 868 2088 qumque
909 2017 1349 2089 superstitionum
1396 2032 1559 2087 opera
1599 2016 1937 2071 desecamus.
1969 2015 2098 2082 Quae

519 2109 684 2164 etiam
709 2119 912 2165 vestem
958 2111 1251 2180 deponere,
1306 2110 1491 2179 inqua
1519 2119 1603 2164 est
1629 2115 1808 2179 capta,
1848 2107 2097 2178 praccipi-

521 2210 651 2263 tur,
709 2208 767 2254 ut
822 2200 1202 2270 superductam
1262 2198 1563 2253 fabularum
1620 2205 1674 2252 et
1735 2194 2099 2267 quorumlibet

519 2293 900 2364 figmentorum
935 2301 1096 2348 exuat
1151 2291 1513 2361 superficiem,
1560 2306 1625 2345 ac
1667 2289 1893 2346 solidam
1957 2303 2099 2344 verae

520 2384 747 2439 rationis
775 2385 1028 2441 exhibeat
1055 2384 1358 2440 veritatem.
1406 2380 1425 2391 ““

592 2473 809 2531 Patrem
845 2489 975 2531 vero
1024 2482 1081 2530 et
1118 2484 1345 2530 matrem
1378 2472 1560 2541 deﬂet,
1612 2474 1739 2544 quia
1793 2473 2099 2529 liberalium

519 2575 777 2622 auctores
806 2568 1003 2621 artium
1048 2580 1203 2622 mens
1251 2575 1434 2623 nostra
1468 2576 1715 2622 mortuos
1764 2566 2012 2636 deputat,
2040 2574 2098 2622 et

519 2672 618 2713 eos
655 2658 711 2713 in
739 2671 925 2713 errore
965 2656 1191 2725 periisse
1244 2655 1619 2728 compatiendo
1665 2656 1926 2727 deplorat.
1959 2656 2099 2712 Con-

519 2751 751 2808 suetudo
778 2758 957 2805 autem
1008 2747 1336 2803 feminarum
1373 2755 1479 2815 est,
1514 2762 1611 2818 per
1661 2761 2097 2818 unumquemque

520 2857 764 2900 mensem
803 2842 887 2898 sui
910 2839 1187 2912 sanguinis
1228 2837 1490 2896 eﬂ‘usione
1517 2839 1770 2911 purgari:
1799 2847 1918 2909 post
1946 2854 2101 2893 men-

521 2948 637 2990 sem
664 2934 846 3004 itaque
870 2932 939 2987 ad
972 2933 1113 2987 hanc
1166 2930 1449 2986 mulierem
1500 2931 1703 2987 intrare
1732 2930 2093 3001 prmcipimur,

2197 1926 2448 1981 vestitur.

2268 2017 2548 2090 Lacrymm
2585 2036 2747 2091 porro
2784 2039 2905 2094 quae
2935 2040 2966 2081 a
3004 2026 3118 2083 Deo
3146 2036 3289 2094 sunt,
3323 2028 3520 2087 divina:
3551 2033 3781 2087 exaudi-

2200 2110 2364 2167 tionis
2413 2112 2648 2168 tribunal
2697 2115 3025 2173 ﬂducialiter
3074 2119 3294 2188 adeunt,
3339 2130 3396 2177 et
3418 2123 3783 2195 impetrantes

2196 2213 2393 2273 praesto
2421 2206 2563 2275 quod
2593 2217 2803 2277 petunt,
2827 2209 2894 2265 de
2914 2222 3263 2279 peccatorum
3292 2223 3600 2270 nostrorum
3627 2225 3777 2272 certa

2198 2294 2516 2350 remissione
2566 2298 2864 2355 confidunt.
2909 2299 3191 2373 Lacrymae
3230 2305 3431 2359 suntin
3458 2304 3779 2361 ftederanda

2198 2384 2341 2440 inter
2380 2386 2548 2442 Deum
2588 2396 2645 2442 et
2676 2389 2922 2446 homines
2948 2407 3085 2461 pace
3113 2404 3443 2465 sequestres,
3475 2406 3530 2451 et
3556 2411 3783 2452 veraces

2197 2486 2323 2532 sunt
2352 2485 2515 2549 atque
2537 2480 2864 2536 doctissimas
2893 2482 2946 2536 in
2975 2484 3217 2554 qualibet
3249 2486 3500 2542 humanm
3523 2487 3783 2558 iguomm

2200 2570 2287 2625 tia:
2323 2571 2601 2627 dubietate
2643 2574 2937 2644 magistrae.
2983 2574 3120 2631 Nam
3170 2578 3483 2634 dubitantes
3503 2594 3568 2634 ex
3593 2579 3785 2651 aliquo

2198 2669 2376 2714 utrum
2401 2660 2513 2716 Deo
2540 2661 2773 2731 placeat,
2810 2677 2999 2731 necne,
3030 2682 3303 2738 nunquam
3334 2668 3527 2725 melius
3551 2671 3777 2725 certitu-

2197 2750 2375 2806 dinem
2423 2752 2688 2821 capimus,
2734 2769 2896 2825 quam
2938 2769 3062 2810 cum
3107 2758 3375 2813 veraciter
3410 2757 3778 2829 lacrymantes

2194 2855 2435 2896 oramus.
2466 2841 2618 2897 Tunc
2645 2843 2788 2897 enim
2820 2844 3081 2914 quidquid
3107 2846 3381 2917 agendum
3407 2860 3560 2900 mens
3588 2853 3776 2901 nostra

2197 2932 2519 2997 decreverit,
2556 2948 2719 3004 super
2743 2935 2846 2990 hoc
2883 2950 3072 2991 rursus
3106 2936 3382 3008 ambigere
3410 2936 3776 2992 necessarium

454 3078 459 3083 .
523 3033 772 3081 utartem
813 3022 1094 3092 cujuslibet
1143 3022 1439 3094 disciplinas
1462 3023 1609 3080 omni
1648 3024 2097 3093 superstitionum
2190 3024 2301 3095 iam
2348 3041 2454 3081 non
2496 3026 2619 3082 erit.
2650 3025 2925 3098 Lacrymae
2953 3042 3119 3098 porro
3142 3028 3355 3084 diluunt
3379 3044 3539 3083 omne
3570 3027 3779 3096 spurci-

521 3116 773 3188 contagio
799 3115 1129 3183 defaecatam,
1162 3115 1307 3172 velut
1342 3116 1394 3170 in
1421 3116 1729 3187 coniugium
1757 3115 2091 3182 sortiamur;

2200 3116 2395 3171 tiarum
2426 3117 2478 3171 in
2505 3117 2790 3173 meretrice
2810 3118 3119 3188 contagium
3144 3116 3296 3187 (Luc.
3321 3118 3441 3186 vn),
3471 3127 3523 3173 et
3546 3118 3783 3171 immun-

520 3216 793 3278 quatenus
836 3207 952 3276 iam
1015 3206 1310 3263 Israelitica
1368 3205 1533 3268 facta,
1592 3214 1990 3275 consequenter
2037 3204 2092 3259 in
2122 3219 2164 3277 ε
2197 3206 2278 3261 dis
2324 3206 2573 3261 manibus
2615 3206 2858 3263 tribuunt
2901 3206 3117 3287 (Matth.
3147 3207 3340 3278 xxvn),
3376 3216 3435 3262 ut
3470 3224 3577 3263 non
3602 3206 3784 3263 solum

520 3298 781 3354 Israelitae
820 3299 1127 3370 coniugium
1183 3308 1442 3364 transeat,
1497 3306 1554 3352 et
1633 3297 1769 3351 bene
1812 3294 2096 3351 fecundam

522 3390 881 3462 Spiritualium
913 3405 1135 3460 operum
1167 3388 1407 3445 sobolem
1444 3389 1649 3444 reddat.
1687 3387 1751 3443 Et
1775 3387 1890 3441 Inec
1917 3385 2098 3440 omnia

522 3482 629 3538 illis
658 3481 845 3552 procul
872 3481 1033 3537 dubio
1057 3490 1380 3551 congruunt,
1416 3480 1507 3551 qui
1539 3480 1590 3535 in
1637 3477 1879 3534 swculari
1909 3477 2098 3531 militia

520 3575 825 3632 liberalium
853 3575 1152 3632 studiorum
1185 3573 1390 3628 artibus
1434 3573 1807 3627 instruuntur:
1844 3577 2099 3625 caeterum

523 3668 723 3738 quibus
743 3683 847 3722 non
878 3667 1006 3723 licet
1031 3666 1197 3721 etiam
1223 3681 1347 3721 cum
1379 3664 1681 3736 hospitibus
1704 3663 1849 3733 loqui
1879 3661 1964 3732 (S.
1992 3660 2098 3716 Bs.

522 3771 649 3811 san.
682 3755 842 3826 Κεφ,
865 3771 916 3811 c.
953 3755 1066 3821 55),
1100 3756 1151 3810 in
1189 3755 1383 3825 quibus
1414 3753 1663 3809 videlicet
1705 3752 1819 3822 ipse
1849 3751 2102 3807 Christus

525 3847 843 3915 alloquitur,
874 3856 928 3904 et
972 3847 1263 3917 suscipitur
1298 3863 1313 3903 :
1351 3845 1441 3916 qui
1479 3860 1586 3901 non
1624 3844 1726 3899 nisi
1766 3842 1833 3898 ad
1864 3842 2100 3897 interro-

526 3941 801 4012 gationem
833 3955 896 3995 os
928 3941 1139 4010 aperire
1162 3939 1441 4004 debemus,
1464 3946 1664 3992 etcum
1713 3934 2006 4000 reiicimur,
2032 3946 2096 3985 ex

529 4028 645 4097 ipsa
673 4026 839 4081 etiam
875 4041 1031 4082 sacra
1060 4025 1289 4081 lcctione
1328 4022 1613 4080 consulere
1660 4038 1765 4075 non
1798 4020 2096 4085 audemus;

525 4118 799 4188 quomodo
824 4117 983 4173 liccat
1010 4114 1296 4174 tbeatralia
1323 4113 1797 4185 grammaticorum
1821 4108 2101 4182 gymnasia

427 4214 434 4225 ‘
524 4207 820 4266 insolenter
845 4210 1166 4281 irrumpere,
1192 4218 1247 4263 et
1268 4207 1427 4276 velut
1456 4206 1597 4262 inter
1623 4202 1941 4259 nundinales
1964 4212 2102 4258 stre-

523 4300 669 4369 pitus
709 4316 844 4356 vana
886 4317 1007 4357 cum
1054 4300 1402 4357 sazcularibus
1440 4299 1607 4355 verba
1634 4296 1930 4353 conferre?
1975 4294 2103 4351 Haec

524 4401 703 4446 autem
733 4396 993 4449 adversus
1022 4391 1317 4447 monachos
1342 4389 1499 4460 nugis
1541 4389 1871 4445 exteriorum
1898 4386 2100 4440 artium

524 4483 827 4553 implicatos
855 4484 1108 4547 diximus,
1128 4493 1185 4537 ut
1208 4498 1393 4539 eorum
1423 4484 1635 4537 vanitas
1674 4495 1836 4549 quam
1862 4480 2098 4549 procula

527 4574 671 4630 linea
691 4574 1029 4629 rectitudinis
1058 4574 1348 4638 exorbitet,
1371 4583 1818 4629 monstraremus.

1115 4661 1360 4717 CAPUT
1380 4661 1492 4716 XII.

982 4753 1060 4808 De
1082 4752 1238 4807 laude
1260 4751 1635 4823 lacrymarum.

597 4847 750 4903 L'ltro
783 4848 946 4902 etiam
963 4847 1199 4917 expedit,
1230 4854 1287 4900 ut
1316 4846 1622 4916 quicunque
1650 4843 1818 4901 frater
1843 4842 2097 4899 saeculum

524 4938 767 5010 perfecto
793 4939 954 4995 corde
988 4937 1249 5003 deseruit,
1303 4951 1368 4993 ea
1409 4936 1524 5007 ipsa
1550 4950 1670 5006 quae
1712 4934 1812 4992 sibi
1831 4934 1941 5003 iam
1971 4942 2098 4989 nota

523 5037 669 5094 sunt,
690 5028 734 5083 si
773 5030 934 5084 noxia
961 5029 1261 5100 probantur
1282 5042 1421 5096 esse,
1458 5026 1717 5092 dediscat,
1747 5038 1801 5080 et
1842 5023 2095 5079 oblivioni

2200 3295 2419 3365 pedum,
2444 3295 2536 3350 sed
2562 3306 2619 3351 et
2648 3294 2914 3353 Dominici
2934 3296 3129 3367 capitis
3154 3304 3467 3352 mereantur
3490 3303 3775 3351 attactum.

2199 3388 2476 3460 Lacrymaa
2505 3389 2771 3454 tribuunt,
2812 3397 2874 3443 ut
2920 3396 3147 3458 negator
3176 3386 3453 3457 apostolus
3483 3402 3589 3441 non
3616 3387 3786 3441 modo

2200 3495 2303 3533 non
2334 3488 2522 3549 pereat
2550 3480 2773 3535 omnino
2801 3486 2924 3549 post
2947 3477 3155 3550 lapsum
3177 3518 3193 3545 ,
3232 3478 3326 3533 sed
3356 3477 3498 3534 ultro
3525 3479 3691 3535 etiam
3717 3487 3785 3531 ut‘

2200 3586 2364 3641 super
2418 3583 2645 3627 caeteros
2703 3571 2942 3627 caelestis
2975 3568 3158 3627 curiae
3203 3579 3484 3627 senatores
3533 3572 3780 3627 obtineat

2199 3662 2583 3731 principatum.
2635 3662 2917 3733 Lacryma:
2957 3660 3323 3726 contulerunt,
3368 3672 3427 3716 ut
3454 3660 3626 3716 David
3652 3670 3783 3733 post

2200 3752 2450 3808 adulterii
2479 3753 2640 3808 simul
2666 3762 2722 3808 ct
2755 3752 3030 3809 homicidii
3067 3750 3153 3823 (II
3183 3751 3311 3822 Reg.
3342 3764 3440 3822 xu)
3464 3751 3776 3821 profundis—

2201 3842 2395 3897 simum
2444 3842 2760 3898 barathrum
2789 3857 2896 3898 non
2919 3842 3080 3897 modo
3120 3855 3343 3911 regnum
3374 3855 3496 3895 cum
3523 3841 3635 3896 vita
3665 3854 3781 3895 non

2200 3933 2471 4002 perderet,
2498 3933 2592 3988 sed
2622 3933 2763 3988 ultro
2803 3933 2968 3987 etiam
2998 3930 3411 4002 promissionem
3454 3932 3682 3987 haeredis
3705 3946 3774 3986 ex

2201 4039 2260 4079 se
2301 4025 2568 4081 nascituri
2598 4040 2719 4081 cum
2744 4023 3055 4094 iuramento
3086 4031 3390 4091 susceptam
3423 4022 3785 4078 immobiliter

2201 4116 2487 4181 obtineret,
2515 4116 2604 4186 qui
2635 4126 2691 4171 et
2720 4115 2872 4187 regni
2901 4114 2983 4169 sui
3013 4113 3227 4177 solium,
3260 4120 3315 4167 et
3336 4112 3577 4167 omnium
3608 4126 3772 4181 regna

2202 4220 2471 4267 terrarum
2526 4216 2786 4280 perpetuo
2829 4206 3147 4277 possideret.
3194 4203 3474 4275 Lacrymis
3515 4211 3602 4259 est
3637 4219 3783 4258 con-

2203 4316 2442 4365 cessum,
2483 4310 2542 4354 ut
2571 4299 2834 4353 morituro
2882 4311 3007 4351 mox
3061 4294 3307 4349 Ezechiae
3352 4293 3458 4349 tria
3507 4307 3777 4349 annorum

2202 4394 2371 4448 lustra
2397 4392 2464 4446 ad
2489 4390 2652 4444 vitam
2680 4390 2823 4445 Deus
2843 4387 3183 4456 omnipotens
3203 4384 3445 4451 adderet,
3476 4392 3533 4439 et
3556 4384 3780 4453 insuper

2203 4498 2262 4538 se
2287 4490 2343 4536 et
2389 4479 2579 4534 urbem
2613 4476 2948 4532 Hierusalem
2973 4475 3040 4530 de
3066 4474 3211 4546 regis
3234 4473 3576 4544 Assyriorum
3606 4472 3783 4526 mani—

2128 4561 2180 4622 D
2204 4575 2306 4630 bus
2330 4571 2585 4625 liberaret
2616 4568 2721 4640 (IV
2751 4567 2878 4637 Reg.
2917 4566 3032 4638 xx).
3073 4564 3353 4634 Lacrymis
3391 4571 3542 4620 certe
3592 4562 3775 4617 divina

2200 4664 2377 4734 pietas
2419 4658 2668 4724 contulit,
2700 4666 2761 4712 ut
2792 4656 2982 4713 Saram
3020 4654 3276 4726 Raguelis
3321 4652 3489 4708 filiam
3534 4652 3603 4707 de
3651 4652 3775 4706 vin-

2200 4752 2322 4809 culo
2349 4752 2522 4822 turpis
2558 4747 2869 4818 improperii
2904 4746 3204 4802 clementer
3243 4743 3566 4809 absolveret,
3610 4751 3668 4797 et
3707 4743 3783 4796 ad

2198 4843 2344 4914 digni
2378 4842 2481 4896 viri
2528 4838 2795 4894 thalamos
2845 4835 3069 4906 nuptiali
3120 4850 3214 4904 per
3270 4832 3520 4904 angelum
3570 4831 3778 4887 foedere

2201 4933 2501 4988 destinaret
2529 4929 2679 5000 (Tob.
2713 4927 2831 4998 vn).
2864 4925 3146 4996 Lacrymis
3195 4923 3504 4996 impetravit
3551 4921 3777 4981 Esther,

2203 5032 2260 5077 ut
2288 5020 2642 5077 lsraeliticum
2673 5017 2925 5089 populum
2954 5017 3096 5072 Deus
3124 5016 3189 5071 de
3218 5012 3494 5075 communi
3525 5010 3773 5081 periculo
