4110 5364
293 376 400 433 309

1132 372 1374 431 OPUSC.
1416 369 1548 426 XIII.
1578 402 1646 412 ——
1671 371 1757 426 DE
1797 366 2270 426 PEBFECTIONE
2311 371 2612 428 MONACII.

3447 371 3552 427 5H)

297 477 772 546 tionis-accessum
804 506 818 546 :
850 506 1083 561 moxque
1105 490 1358 546 deserens
1393 487 1708 560 gentilitatis
1735 503 1881 543 erro-
1913 492 1955 549 Λ
1990 488 2144 543 tutati
2179 483 2308 545 sunt
2331 505 2477 555 enm,
2511 491 2582 543 ita
2613 499 2668 544 ιιι
2701 497 2948 545 omnibus
2977 492 3190 562 ignotus
3215 501 3356 546 esset
3381 492 3562 548 locus-

298 599 435 652 rem,
490 584 557 639 ad
600 584 926 639 Christianae
981 583 1406 654 regenerationis
1457 583 1746 637 translatus
1797 591 1878 637 est

305 676 646 730 novitatem?
674 674 810 742 Quid
855 674 1158 729 Susannam
1212 689 1504 728 memorem
1537 673 1696 744 (Dan.
1731 673 1875 741 xm),

298 783 421 836 quin
465 783 588 821 mox
639 776 696 820 ιιι
739 769 804 820 ad
841 767 1199 837 lacrymarttm
1233 767 1588 835 patrocinium
1618 767 1876 837 conl'ug’t,

299 859 544 929 protinus
582 859 652 913 de
691 860 940 912 manibus
981 859 1048 911 ad
1089 866 1317 912 mortem
1349 873 1407 911 se
1432 857 1756 910 trahentium
1790 873 1878 908 ra-

291 949 466 1020 pitur,
518 950 570 1002 itt
619 950 874 1004 falsorum
915 960 1076 1019 caput
1111 949 1326 1003 testium
1363 947 1722 1002 damnationis
1758 965 1880 1002 sen-

302 1040 471 1096 tentia
526 1041 780 1103 vertitur,
829 1052 882 1095 et
933 1042 1010 1095 sic
1059 1056 1155 1111 per
1195 1040 1441 1108 spiritum
1469 1038 1700 1108 junieris
1728 1037 1879 1107 pueri

301 1133 520 1204 sanguis
562 1134 812 1188 innoxius
855 1133 1153 1187 liberatur?
1193 1131 1364 1185 Porro
1401 1139 1581 1185 autem
1611 1131 1653 1184 si
1685 1137 1879 1185 Cuncta

302 1223 666 1295 laerymarum
708 1241 1026 1295 percurrere
1077 1226 1215 1280 dona
1263 1224 1502 1288 voluero,
1556 1225 1702 1292 prius
1747 1224 1881 1280 forte

301 1314 418 1368 dies
462 1313 747 1369 claudetur
797 1333 958 1384 quam
1007 1315 1373 1386 exemplorum
1407 1317 1557 1384 copia
1592 1315 1879 1368 subtraha-

303 1415 411 1458 tur.
465 1402 592 1458 Hzec
640 1414 767 1458 sunt
817 1407 984 1468 enim,
1036 1421 1156 1476 qua:
1191 1414 1243 1460 et
1272 1406 1507 1458 animam
1537 1415 1880 1474 p‘ccatornm

302 1493 421 1549 labe
443 1495 752 1563 puriﬁcant,
779 1506 829 1550 et
851 1512 946 1552 cor
968 1513 1158 1567 vagum
1188 1499 1240 1552 in
1265 1498 1508 1551 oratione
1533 1497 1874 1551 conﬁrmant.

303 1583 427 1638 Ilatc
450 1593 596 1651 sunt,
619 1602 738 1655 quae
768 1588 834 1641 de
863 1603 1093 1641 moerere
1120 1589 1333 1657 parittnt
1363 1588 1650 1658 gaudium;
1681 1596 1732 1640 et
1755 1586 1881 1639 dum

300 1690 400 1744 per
442 1675 628 1731 oculos
668 1678 847 1730 carnis
892 1688 1198 1746 erumpunt,
1237 1679 1303 1732 ad
1335 1693 1480 1746 spem
1513 1693 1607 1731 nos
1639 1694 1736 1747 sup
1761 1694 1883 1731 'rna‘,

301 1767 649 1822 beatitudinis
667 1769 898 1839 erigunt.
920 1771 1032 1824 Non
1047 1771 1188 1824 enim
1205 1782 1428 1838 possunt
1449 1773 1498 1823 in
1517 1788 1607 1824 sua
1629 1773 1883 1839 pctlt’one

1981 581 2112 634 Cum
2145 581 2512 650 prwterissent
2548 590 2726 635 autem
2759 581 2906 635 multi
2941 583 3084 647 anni,
3120 581 3316 651 placuit
3347 583 3455 638 Deo
3497 593 3556 638 ut

1982 673 2289 727 mitteretur
2340 672 2626 727 Nehemias
2673 687 2702 726 a
2760 688 2884 743 rege
2937 673 3222 728 Persidis:
3281 675 3369 729 hic
3408 674 3555 729 misit

1982 773 2229 833 nepotem
2258 764 2598 818 sacerdotum
2631 763 2841 818 illorum
2870 780 2882 826 ;
2909 765 2997 832 qni
3039 764 3450 830 absconderant,
3485 764 3552 818 ad

1983 855 2363 922 requirendum
2391 854 2587 924 ignem,
2619 864 2674 907 et
2705 854 2837 906 sicut
2870 864 3223 907 uarravernnt
3247 855 3425 919 nobis,
3450 870 3555 910 non

1983 948 2300 1000 invenerunt
2323 946 2521 1016 ignem,
2544 945 2635 1000 sed
2660 961 2854 1014 aquam
2879 961 3111 998 crassam
3138 943 3220 1013 (II
3247 945 3419 998 Much.
3448 947 3509 1012 ι).
3533 964 3553 997 ι

1981 1035 2035 1090 In
2085 1036 2281 1104 quibus
2319 1035 2569 1090 omnibus
2607 1034 2788 1089 verbis
2826 1035 2954 1088 illttd
3006 1051 3168 1088 unum
3207 1036 3557 1106 spiritualiter

1982 1128 2368 1182 attendendum
2400 1135 2483 1181 est
2514 1145 2525 1179 :
2556 1127 2700 1196 quod
2735 1127 2786 1180 in
2815 1125 2923 1181 alto
2952 1135 3005 1181 et
3036 1127 3180 1181 sicco
3210 1125 3365 1179 vallis
3399 1133 3558 1194 puteo

1981 1221 2130 1292 prius
2183 1219 2318 1290 ignis
2371 1219 2742 1282 absconditur,
2784 1228 2837 1273 et
2868 1217 3206 1287 postmodum
3249 1232 3354 1269 non
3399 1216 3556 1285 ignis,

1982 1317 2075 1371 sed
2120 1330 2257 1384 aqua
2305 1327 2489 1368 crassa
2532 1327 2561 1365 a
2615 1311 3017 1381 requirentibus
3075 1307 3362 1362 invenitur.
3413 1306 3560 1360 Mens

1983 1409 2177 1478 quippe
2233 1407 2443 1460 sincera
2511 1412 2673 1473 atque
2736 1401 2976 1472 pet'l'ecta
3044 1401 3206 1454 Deum
3265 1398 3562 1453 intentione

1984 1501 2274 1570 quatrentis
2314 1515 2418 1553 non
2461 1499 2754 1566 incongrue
2786 1511 2878 1564 per
2905 1502 3122 1564 puteum
3169 1491 3324 1546 vallis
3371 1491 3561 1552 altum,

1985 1600 2036 1643 et
2065 1591 2264 1643 siccum
2296 1588 2610 1656 designatur
2638 1600 2650 1638 :
2685 1600 2802 1653 quae
2833 1584 3084 1637 nimirum
3113 1591 3168 1635 et
3194 1596 3220 1634 a
3249 1580 3425 1634 ﬂuidis
3452 1579 3562 1633 illc-

1984 1679 2267 1732 ccbrarnm
2297 1675 2591 1729 carnalium
2637 1672 2998 1742 voluptatibus
3039 1671 3208 1732 arida,
3243 1677 3298 1723 et
3337 1679 3563 1723 terrente

1986 1767 2434 1838 concupiscentize
2481 1765 2766 1818 ruderibus
2811 1763 2916 1817 alte
2961 1761 3192 1824 defossa,
3229 1769 3284 1814 ct
3324 1760 3375 1812 in
3424 1775 3563 1812 verze

301 1861 594 1923 contemni,
628 1876 747 1929 qua:
779 1873 833 1915 et
868 1879 1090 1932 magnas
1127 1879 1284 1917 voces
1317 1864 1514 1917 habent
1560 1865 1612 1916 in
1662 1864 1884 1917 auribus
1916 1863 1956 1921 B
1986 1860 2306 1914 humilitatis
2340 1868 2423 1912 est
2454 1857 2692 1912 convalle
2731 1856 2968 1908 l'ntnlata.
3004 1853 3139 1907 Iluie
3189 1853 3368 1921 itaque
3403 1859 3564 1920 puteo

299 1949 578 2006 Creatoris
599 1969 612 2006 :
633 1968 768 2021 quas
797 1955 1045 2022 prol‘eeto-
1063 1970 1223 2009 voces
1248 1955 1332 2008 ille
1351 1955 1414 2007 ad
1443 1955 1608 2008 Deum
1631 1954 1881 2023 frequen-

303 2054 384 2095 ter
397 2043 677 2108 emiserat,
695 2044 967 2114 etquidad
990 2046 1342 2100 obtinendum
1357 2055 1596 2115 possent,
1615 2047 1883 2100 subtiliter

299 2132 455 2202 301
502 2144 759 2199 noverat,
818 2136 907 2205 qui
959 2136 1214 2191 dicebat:
1266 2154 1282 2186 ι
1321 2136 1524 2189 Exaudi
1577 2137 1878 2188 orationem

301 2241 500 2291 meam,
545 2225 793 2290 Domine,
836 2237 890 2280 et
928 2227 1365 2296 deprecationem
1410 2241 1614 2286 meam;
1661 2227 1882 2279 auribus

301 2314 518 2383 percipe
555 2314 820 2385 Iacrymas
855 2331 1004 2371 meas
1038 2315 1210 2385 (I‘sal.
1243 2317 1492 2384 xxxviii).
1530 2335 1547 2366 ι
1598 2316 1698 2382 Qui
1736 2316 1879 2370 enim

301 2419 408 2458 non
438 2405 613 2459 oculis
637 2407 862 2470 attendi,
897 2407 990 2460 sed
1019 2406 1240 2460 auribus
1268 2407 1468 2474 percipi
1498 2406 1764 2475 lacrymas
1793 2420 1883 2474 po-

301 2495 500 2562 stulat,
544 2513 704 2552 voces
748 2499 923 2552 inesse
975 2499 1226 2569 lacrymis
1273 2498 1560 2552 manifeste
1615 2497 1876 2565 designat.

298 2585 582 2659 Lacryma:
618 2604 808 2657 nempe
843 2605 966 2643 cum
999 2590 1050 2642 in
1090 2599 1380 2659 conspectu
1411 2590 1481 2659 pii
1520 2589 1719 2657 judicis
1746 2605 1880 2657 snp-

300 2677 526 2748 plicant,
560 2680 691 2732 nihil
729 2680 998 2744 lues-itaut,
1040 2680 1132 2734 sed
1174 2680 1254 2733 sic
1296 2680 1721 2734 miscricordiam
1760 2689 1880 2733 tan-

300 2783 466 2836 quam
528 2784 640 2823 rem
685 2769 980 2837 quamlibet
1021 2769 1224 2838 proprii
1267 2769 1404 2837 juris
1451 2770 1668 2824 sibimet
1711 2770 1884 2822 vindi-

300 2869 452 2923 cant,
498 2870 552 2913 ct
595 2861 912 2931 impetrasse
957 2875 1015 2916 se
1053 2860 1197 2932 quod
1242 2861 1510 2930 petierant
1550 2860 1883 2916 conﬁdenter

301 2955 596 3010 exsultant.

370 3048 416 3103 Ο
443 3048 694 3119 lacryma:
715 3049 919 3102 deliciae
950 3049 1278 3118 spirituales,
1309 3063 1472 3117 super
1505 3049 1608 3102 mel
1635 3047 1882 3102 videlicet

301 3147 356 3190 et
382 3136 779 3206 favum,atque
808 3140 953 3192 omni
985 3147 1206 3193 nectare
1237 3139 1537 3193 dulciores!
1568 3154 1686 3207 qme
1731 3153 1878 3191 men-

1985 1949 2236 2004 sacrilicii
2281 1949 2421 2017 ignis
2464 1947 2796 2007 immittitur,
2844 1961 2965 1997 cum
2999 1945 3052 1996 itt
3091 1943 3245 1997 electi
3278 1940 3564 2010 cujuslibet

1985 2049 2164 2095 mente
2212 2040 2377 2094 divini
2425 2037 2628 2091 amoris
2667 2036 2880 2089 ﬂamma
2922 2035 3239 2102 concipitur,
3287 2042 3448 2100 atque
3498 2033 3564 2084 ad

1984 2131 2209 2187 caeleste
2242 2130 2566 2185 desiderium
2597 2128 2716 2196 pius
2745 2128 2957 2179 animus
2987 2125 3146 2194 302
3178 2123 3542 2176 inﬂammatur

1985 2222 2088 2278 Sed
2116 2224 2202 2277 hic
2228 2223 2366 2292 ignis
2399 2222 2448 2274 itt
2479 2235 2674 2288 aquam
2706 2217 2953 2277 vertitur,
2985 2215 3108 2285 quia
3138 2230 3202 2268 ex
3235 2228 3372 2283 aqua
3397 2211 3563 2266 divini

1983 2313 2184 2368 amoris
2215 2313 2576 2382 lacrymarum
2606 2307 2946 2377 compunctio
2973 2313 3278 2377 generatur.

2055 2407 2121 2460 Et
2146 2407 2468 2466 notandum,
2496 2403 2634 2472 quod
2674 2418 2777 2455 non
2815 2416 2947 2470 pura
2985 2402 3240 2454 duntaxa'
3272 2411 3407 2466 aqua
3429 2439 3441 2460 ,
3471 2396 3565 2450 sed

1983 2515 2165 2554 crassa
2195 2513 2329 2567 aqua
2360 2504 2611 2549 narratur
2641 2494 2750 2548 illic
2781 2493 2944 2547 fuisse
2991 2501 3223 2562 reperta.
3251 2490 3387 2557 Quid
3419 2488 3566 2543 enim

1983 2603 2166 2644 crassa
2193 2597 2273 2640 est
2307 2602 2467 2656 aqua,
2505 2584 2605 2637 nisi
2653 2584 3015 2652 laerymarum
3061 2579 3404 2650 compunctio
3430 2619 3444 2642 ,
3485 2577 3567 2629 di-

1983 2682 2121 2736 vina:
2148 2681 2330 2750 procul
2367 2679 2530 2732 dubio
2559 2678 2746 2747 gratim
2775 2677 3100 2747 pinguedine
3136 2673 3421 2745 saginata?
3449 2671 3564 2736 Qua

1983 2771 2235 2826 videlicet
2278 2769 2598 2839 pinguedine
2645 2767 2882 2837 saginari
2944 2766 3212 2835 Propheta
3262 2763 3564 2824 :eslttabat,

1983 2879 2105 2918 eum
2138 2863 2341 2916 diceret
2370 2878 2382 2912 :
2420 2879 2438 2910 ι
2475 2858 2626 2914 Sicut
2656 2858 2812 2925 adipe
2853 2865 2908 2910 et
2937 2855 3260 2926 pinguedine
3296 2851 3569 2922 repleatur

1985 2956 2163 3009 anima
2217 2969 2334 3008 mea
2373 2951 2542 3024 (Psal.
2584 2951 2734 3020 Lm).
2775 2971 2792 3002 ›
2826 2950 2890 3002 Ει
2927 2963 3025 3018 per
3057 2948 3217 3000 alium
3248 2945 3568 3016 prophetam

1985 3047 2099 3100 hate
2129 3045 2312 3098 cadent
2342 3043 2674 3113 promittitur
2697 3041 3001 3095 crassitudo
3029 3080 3043 3103 ,
3076 3053 3199 3091 cum
3233 3038 3309 3090 ait
3347 3054 3359 3088 :
3402 3054 3420 3086 ι
3461 3034 3564 3088 Dc-

1985 3135 2270 3189 lectabitur
2299 3133 2351 3186 in
2383 3131 2745 3195 crassitudine
2790 3130 2968 3182 anima
3009 3137 3183 3181 vestra
3213 3125 3368 3194 (1δαὶ.
3394 3128 3502 3194 Lv).
3543 3143 3560 3173 ι

304 3241 384 3284 tes
411 3231 478 3283 ad
513 3231 674 3284 Deum
701 3231 1166 3301 crectasjucunda
1193 3231 1400 3300 saporis
1422 3233 1594 3284 intimi
1618 3232 1880 3284 suavitate
1909 3209 1952 3267 (ἶ
1986 3228 2121 3282 IIinc
2151 3229 2342 3280 iterum
2372 3224 2569 3279 dicitur
2601 3242 2612 3275 :
2653 3241 2670 3272 ι
2711 3222 2913 3275 Memor
2943 3219 3008 3274 sit
3032 3258 3047 3283 ,
3081 3219 3275 3287 inquit,
3308 3216 3568 3268 Dominus

303 3320 550 3384 reﬁcitis,
596 3333 650 3374 et
695 3322 844 3375 arida
895 3337 959 3375 ac
1002 3320 1330 3376 tabescentia
1368 3322 1531 3374 corda
1571 3323 1762 3375 haustu
1795 3336 1885 3374 su-

305 3425 487 3476 pernae
510 3411 694 3480 gratia:
719 3410 1026 3465 medullitus
1053 3410 1312 3481 irrigatis.
1340 3411 1701 3465 Terrenarum
1733 3427 1886 3464 nant-

302 3517 405 3568 qne
440 3499 637 3569 daptnu
669 3516 892 3571 sapores
921 3510 1082 3570 atque
1113 3501 1422 3556 dulcedines
1451 3501 1736 3570 superﬁcie
1769 3501 1885 3569 qui-

303 3593 422 3645 dem
459 3591 620 3660 palati
672 3603 953 3663 gustantes
982 3593 1276 3658 oblectant,
1303 3594 1512 3647 viscera
1533 3601 1710 3646 autem
1742 3591 1881 3645 inte-

304 3683 447 3738 riora
488 3699 596 3738 non
639 3695 958 3753 penetrant;
989 3701 1150 3755 sapor
1182 3701 1308 3739 vero
1337 3685 1530 3739 divinae
1558 3684 1888 3753 contempla-

304 3775 468 3829 tionis
496 3776 676 3830 omnia
725 3777 986 3830 interiora
1027 3786 1233 3832 nostrat
1282 3778 1471 3847 replet,
1514 3785 1747 3845 vegetat,
1789 3777 1885 3829 ob-

303 3865 506 3919 dnlcat.
553 3865 940 3938 Lacrymantes
983 3869 1230 3936 equidem
1282 3869 1420 3922 oculi
1463 3869 1734 3922 diabolum
1778 3877 1888 3921 ter-

303 3965 456 4023 rent,
515 3959 706 4017 etsic
766 3959 1131 4028 lacrymarum
1191 3963 1588 4029 erumpentium
1656 3971 1884 4029 expavet

305 4049 588 4119 impetum,
621 4067 684 4106 ac
727 4052 769 4105 si
803 4051 1092 4121 procellosi
1125 4051 1292 4104 nimbi
1323 4054 1658 4121 grandinem,
1689 4052 1770 4105 vel
1805 4051 1885 4105 fu-

302 4141 539 4193 rentium
595 4143 828 4210 mutique
877 4149 1164 4197 ventorum
1217 4142 1438 4212 eﬂugiat
1491 4153 1880 4212 tempestatem.

304 4227 439 4282 Nam
473 4230 613 4284 sicut
641 4233 876 4300 spumosi
917 4233 1173 4287 torrentis
1199 4233 1448 4288 cumulus
1475 4234 1883 4301 superveniens,

303 4322 522 4376 cunctis
572 4312 780 4378 alveum
831 4324 1084 4378 sordibus
1124 4335 1342 4396 purgat;
1395 4325 1472 4379 sic
1523 4325 1883 4396 lacrymarum

304 4411 686 4480 proﬂuentium
727 4431 920 4470 cursus
963 4431 1028 4470 ex
1071 4425 1253 4470 mente
1297 4417 1475 4472 ﬂentis
1513 4428 1567 4472 ct
1610 4417 1886 4473 diabolicae

303 4505 558 4558 versutia}
601 4507 842 4571 semina,
895 4515 949 4560 el.
1002 4522 1191 4561 omnes
1249 4509 1578 4562 sordentium
1633 4509 1884 4562 vitiorum

304 4603 489 4666 pestes
509 4595 769 4651 eliminat.

895 4686 1120 4744 CAPUT
1159 4689 1291 4742 XIII.

309 4775 464 4840 Quod
506 4792 571 4830 ea:
601 4793 776 4830 amore
809 4776 906 4830 Dei
949 4781 1276 4847 compunctio
1314 4782 1563 4842 nascitur,
1597 4791 1643 4833 et
1677 4797 1882 4833 rursum

512 4863 577 4900 ex
605 4848 1000 4917 compunctione
1028 4850 1235 4904 divinus
1266 4866 1416 4902 amor
1443 4861 1682 4919 augetur.

377 4955 484 5012 Sed
509 4957 624 5013 haec
646 4974 787 5030 aqua
815 4974 882 5013 ex
907 4961 1029 5030 igne
1053 4960 1288 5030 proﬂuit,
1320 4971 1376 5015 ut
1399 4963 1642 5032 quisquis
1668 4963 1886 5018 afﬂuere

309 5046 495 5101 imbris
536 5049 891 5105 inundatione
925 5050 1214 5113 desiderat,
1253 5052 1419 5106 divini
1469 5054 1669 5107 amoris
1710 5055 1884 5122 ignem

1985 3322 2163 3377 omnis
2192 3318 2441 3373 sacrificii
2464 3318 2562 3384 tui,
2591 3325 2645 3371 et
2671 3315 3042 3370 holocaustum
3078 3321 3224 3368 tuum
3255 3310 3448 3380 pingue
3475 3307 3568 3360 ﬁat

1987 3414 2158 3487 (Psal.
2189 3413 2322 3482 tux).
2359 3433 2377 3464 )

2056 3504 2162 3558 Nec
2176 3503 2604 3573 prmtereundttm
2617 3501 2790 3572 "quod
2806 3497 3347 3554 abseondenteshune
3363 3493 3566 3564 ignem,

1987 3595 2249 3649 contutati
2283 3595 2495 3662 quidem
2530 3593 2716 3657 fuisse,
2742 3608 2847 3645 non
2882 3599 3060 3645 autem
3094 3589 3332 3642 funditus
3361 3584 3568 3640 exstin-

1987 3689 2131 3742 xisse
2163 3687 2472 3742 referuntur
2500 3703 2514 3751 ;
2540 3687 2663 3755 quia
2691 3686 2940 3738 nimii-nm
2976 3683 3114 3753 ignis
3146 3680 3314 3734 divini
3339 3677 3566 3741 amoris,

1987 3795 2146 3848 quem
2184 3780 2235 3832 in
2279 3795 2370 3833 ara
2410 3779 2577 3832 nostri
2611 3778 2791 3832 cordis
2823 3776 3204 3837 accendimus,
3237 3783 3293 3825 ιιι
3333 3785 3401 3825 ex
3447 3785 3570 3822 aro-

1986 3871 2222 3924 matibus
2246 3871 2507 3924 bonorum
2531 3883 2751 3937 operum
2775 3882 2938 3921 suave
2965 3867 3071 3918 Deo
3095 3863 3418 3918 sacriﬁcium
3439 3857 3572 3915 olle-

1988 3977 2172 4016 ramus
2205 3963 2255 4014 in
2292 3961 2405 4028 ipso
2439 3971 2635 4014 nostrae
2670 3958 3040 4012 conversionis
3073 3955 3246 4018 initio,
3276 3954 3419 4006 intus
3450 3949 3571 4021 qui:

1987 4055 2107 4108 dem
2139 4056 2295 4108 debet
2335 4054 2546 4108 occulte
2579 4046 2792 4122 semper
2819 4052 3046 4114 ardere,
3079 4067 3182 4103 non
3217 4057 3393 4100 autem
3427 4043 3570 4098 foras

1988 4161 2045 4200 se
2072 4161 2166 4214 per
2190 4161 2340 4199 vanae
2385 4144 2568 4214 gloria:
2601 4143 2845 4196 ﬂammas
2888 4146 3214 4209 expandere.
3245 4139 3571 4191 Contutatur

1988 4252 2118 4306 ergo
2149 4236 2340 4306 sopitis
2369 4234 2617 4298 ﬂammis,
2654 4249 2759 4286 non
2785 4239 2963 4284 autem
2990 4230 3038 4282 vi
3070 4229 3310 4298 privatur
3336 4223 3564 4285 ardoris,

1988 4338 2047 4382 ut
2075 4343 2178 4382 non
2211 4341 2433 4398 prorsus
2463 4327 2716 4388 intereat,
2758 4322 2849 4376 sed
2875 4335 2993 4374 sese
3018 4317 3361 4389 postmodum
3401 4314 3568 4368 mira-

1988 4420 2167 4475 biliter
2202 4419 2339 4489 ignis
2379 4419 2428 4470 in
2459 4431 2652 4487 aquam
2679 4421 2872 4469 vertat.
2904 4412 3027 4466 Ilgec
3053 4425 3211 4481 porro
3235 4423 3394 4477 aqua,
3420 4421 3565 4461 com-

1991 4510 2210 4580 punctio
2256 4509 2511 4563 videlicet
2556 4507 2959 4578 lacrymarum,
3021 4520 3123 4557 tton
3173 4501 3344 4556 solum
3395 4513 3492 4553 nos
3541 4513 3571 4549 a

1991 4610 2332 4672 peccatorum
2367 4599 2689 4667 contagione
2732 4597 3008 4668 puriﬁcal,
3042 4597 3136 4651 sed
3167 4593 3350 4658 etiam,
3385 4599 3440 4645 ut
3467 4589 3575 4658 pla-

1991 4701 2147 4748 ecant
2203 4693 2315 4762 ipsa
2365 4691 2474 4745 Deo
2523 4692 2660 4746 bona
2711 4699 2935 4754 nostra,
2983 4685 3351 4744 commendat.
3403 4681 3576 4736 Omne

1991 4799 2224 4854 namque
2260 4785 2525 4837 bonorum
2568 4796 2790 4850 Operum
2821 4779 3148 4834 sacriﬁcium
3189 4777 3240 4829 in
3279 4776 3577 4838 conspectu

1992 4875 2209 4945 superni
2240 4871 2440 4939 jndicis
2467 4871 2690 4924 suavius
2717 4867 2961 4920 redditur
2985 4907 3000 4931 ,
3031 4867 3076 4921 si
3104 4860 3353 4919 contrita:
3381 4854 3583 4911 mentis

1992 4962 2250 5036 lacrymis
2288 4969 2628 5032 aspergatur.
2669 4955 2825 5012 Unde
2866 4954 2978 5008 illic
3027 4963 3147 5024 apte
3194 4945 3584 5036 subiungitur:

1997 5074 2017 5107 ί
2160 5053 2459 5113 sacriﬁcia,
2509 5051 2713 5120 inquit,
2743 5061 2863 5115 qua:
2891 5046 3145 5115 imposita
3188 5051 3345 5096 erant
3373 5079 3386 5101 ,
3425 5032 3598 5106 jussit
