4110 5364
510 347 606 404 5H

975 346 1031 402 S.
1059 346 1261 400 PETRI
1300 345 1584 403 DAMIANI
1623 348 1776 406 OPP.
1802 349 2038 406 TOMUS
2077 348 2208 406 SEU
2249 346 2426 404 PARS
2464 348 2552 403 Ill.
2581 380 2651 389 ——
2689 348 3052 406 OPUSCULA
3089 351 3317 407 VARIA.

3677 361 3784 418 312

510 462 800 518 serenitate
829 460 1118 528 perfundit.
1153 461 1491 534 Quapropter
1509 464 1620 519 illic
1647 481 1770 520 cum
1802 466 2086 537 praemitti-
2117 472 2164 525 A
2195 480 2380 519 vinum
2410 475 2592 518 autem
2618 480 2842 520 OllllllllO
2869 466 3076 522 dimisrt
3095 507 3111 532 ,
3139 468 3262 522 cibo
3291 484 3506 540 quoque
3534 488 3593 530 se
3613 480 3786 530 couti-

512 565 635 608 tur:
673 572 692 605 ι
730 552 863 618 Quia
896 551 1059 620 jussit
1104 554 1352 619 haurire,
1383 564 1439 610 et
1465 554 1658 613 afferre
1687 559 1810 624 sibi,
1840 568 1896 614 et
1923 560 2090 614 sacri-

511 644 632 697 ticia‘
658 658 776 711 quae
818 643 1069 712 imposita
1100 651 1288 709 erant,
1326 645 1487 714 jussit
1523 648 1776 702 sacerdos
1805 647 2092 703 Nebemias

509 735 720 804 aspergi
753 749 894 805 aqua
925 735 1037 804 ipsa
1059 776 1071 799 ,
1102 743 1156 789 et
1193 733 1335 807 ligna
1363 751 1487 805 quae
1514 747 1670 792 erant
1711 741 2019 809 supposita;
2067 760 2085 792 ι

509 824 756 894 protinus
796 825 1036 878 historia:
1062 825 1231 879 series
1267 825 1499 880 addidit:
1541 845 1560 878 ι
1599 827 1712 882 IIoe
1742 830 1942 883 factum
1986 837 2091 893 est,

509 922 564 969 et
595 923 807 986 tempus
836 915 1038 980 adfuit,
1080 924 1136 971 et
1179 917 1258 970 sol
1306 917 1548 984 refulsit,
1583 920 1671 989 qui
1705 920 1858 990 prius
1883 929 2000 973 erat
2039 920 2092 974 in

509 1007 696 1063 nubilo
731 1027 742 1062 :
775 1017 829 1062 et
853 1025 1114 1064 accensus
1143 1017 1225 1064 est
1255 1009 1394 1080 ignis
1421 1027 1647 1082 magnus
1667 1051 1681 1077 ,
1721 1011 1795 1066 ita
1821 1020 1880 1065 ut
1909 1026 2096 1066 onmes

509 1099 846 1154 mirarentur
872 1099 1084 1169 (Ibid.).
1117 1120 1133 1150 ι
1304 1159 1306 1161 ὶ

578 1192 898 1247 Audivimus
927 1204 1084 1258 ante,
1133 1195 1257 1262 quia
1290 1210 1426 1263 aqua
1472 1210 1570 1263 pro
1601 1195 1720 1264 igne
1751 1206 1960 1265 reperta
1980 1207 2094 1260 est,

513 1300 660 1339 nunc
690 1301 719 1338 e
744 1285 1028 1340 contrario
1051 1285 1400 1355 dicitur,quia
1432 1301 1529 1356 per
1553 1289 1919 1358 aspersionem
1946 1304 2098 1359 aquae

511 1373 653 1444 ignis
681 1391 907 1445 magnus
935 1391 1196 1430 accensus
1217 1386 1318 1432 est.
1346 1377 1486 1448 Ergo
1512 1387 1565 1432 et
1589 1395 1652 1433 ex
1680 1379 1801 1450 igne
1829 1396 1968 1450 aqua
2003 1397 2098 1434 na-

514 1465 704 1531 scitur,
728 1476 780 1521 ct
797 1483 861 1520 ex
885 1484 1020 1536 aqua
1039 1469 1174 1538 ignis
1195 1469 1425 1523 invicem
1443 1480 1775 1539 procreatur.
1801 1471 1936 1538 Quia
1954 1473 2100 1528 vide-

512 1553 640 1608 licet
667 1567 717 1609 e:
733 1571 796 1609 ex
818 1557 940 1626 igne
955 1557 1120 1610 divini
1134 1559 1334 1611 amoris
1348 1560 1520 1628 gratia
1543 1562 1972 1630 compunctionis
1992 1562 2100 1615 ori-

511 1655 622 1710 tur,
647 1654 703 1700 et
727 1662 914 1700 rursus
937 1662 1001 1701 ex
1017 1649 1432 1716 compuuctionc
1465 1648 1822 1720 lacryuzarum
1847 1651 2100 1705 desiderii

512 1736 755 1792 ccclesiis
780 1739 943 1792 ardor
973 1750 1219 1809 augetur.
1242 1741 1487 1794 Alterum
1511 1743 1776 1812 siquidem
1809 1745 2003 1813 pendet
2035 1759 2101 1799 ex

2194 555 2536 622 nentissimo,
2561 572 2622 612 ac
2648 558 2960 628 permodico
2986 561 3354 627 sustentabat;
3396 577 3588 620 somno
3615 567 3786 623 etiam

2195 656 2564 703 summotenus
2594 646 2924 716 indulgebat.
2952 649 3163 704 Interea
3212 652 3538 722 suggerebat
3566 655 3642 710 illi
3670 655 3788 711 dia-

2194 735 2382 801 bolus,
2417 747 2476 792 ut
2526 738 2838 794 remotioris
2876 740 3046 794 eremi
3077 754 3351 797 secessum
3397 752 3642 812 peteret,
3694 747 3786 801 ubi

2198 826 2448 883 videlicet
2494 827 2579 884 vel
2625 843 2752 884 raro
2773 871 2788 896 ,
2840 829 2926 885 vel
2959 847 3234 900 nunquam
3268 833 3542 889 hominem
3565 835 3678 906 jam
3706 837 3788 891 vi-

2197 918 2349 974 deret
2382 938 2394 973 :
2429 935 2662 990 cumque
2705 921 2806 978 sibi
2849 922 3212 980 conclusionis
3257 924 3466 993 copiam
3512 928 3790 997 przebere-

2197 1024 2350 1074 mus,
2384 1010 2563 1066 aiebat
2593 1026 2653 1067 se
2697 1012 2944 1067 concludi
2991 1015 3208 1085 quidem
3258 1015 3565 1074 nullatenus
3609 1019 3789 1086 velle,

2198 1096 2359 1152 talem
2383 1108 2561 1153 autem
2584 1100 2890 1156 desiderare
2916 1101 3110 1168 locum,
3142 1103 3230 1158 ubi
3253 1104 3378 1159 dum
3412 1105 3790 1175 ingrederetur

2199 1197 2254 1242 et
2280 1189 2648 1260 egrederetur,
2684 1189 2871 1256 libere,
2905 1201 2959 1246 et
2991 1193 3270 1247 solitarius
3315 1210 3343 1248 a
3379 1195 3592 1250 nemine
3638 1197 3789 1252 vide-

2202 1289 2372 1335 retur.
2414 1281 2762 1337 Obsistebant
2804 1293 2984 1339 autem
3033 1285 3159 1340 buie
3207 1285 3557 1342 obstinationi
3601 1304 3812 1343 omnes-

2201 1374 2531 1427 tmauimiter
2558 1373 2775 1439 fratres,
2811 1383 2866 1429 et
2895 1377 3144 1430 technam
3189 1377 3348 1440 hanc,
3382 1378 3790 1450 versutiamque

2203 1465 2399 1520 diaboli
2444 1466 2796 1536 probabiliter
2821 1469 3156 1524 asserebant.
3206 1470 3274 1524 At
3319 1471 3407 1525 ille
3451 1473 3701 1541 pervicax
3736 1482 3790 1527 et

2203 1557 2527 1621 obstinatus,
2561 1560 2686 1613 dum
2716 1559 2972 1631 Iacrymis
2997 1562 3420 1618 exuberantibus
3460 1563 3618 1618 Iidem
3651 1580 3790 1634 prmo

2204 1647 2314 1711 bet,
2349 1648 2402 1700 in
2447 1658 2568 1702 voto
2599 1663 2727 1713 suo,
2760 1650 2901 1718 quod
2944 1649 3182 1719 maligno
3218 1652 3414 1721 Spiritu
3465 1665 3792 1723 suggerente

2208 1748 2528 1807 conceperat
2549 1784 2561 1804 ,
2590 1739 2961 1795 irrevocabilis
2993 1749 3292 1810 permanet.
3321 1741 3456 1796 Puto
3484 1744 3626 1812 quod
3653 1745 3792 1798 auti-

512 1828 685 1884 altero
717 1841 771 1885 et
803 1830 1018 1886 sibimet
1047 1843 1333 1902 utrumque
1358 1835 1588 1892 invicem
1618 1847 1867 1908 praestat,
1900 1839 2022 1894 dum
2050 1849 2100 1895 et

2207 1847 2344 1901 quus
2370 1832 2538 1886 ho~tis
2563 1841 2741 1902 aptum
2768 1833 3101 1902 deccptionis
3127 1849 3239 1889 sua:
3268 1846 3458 1890 nactus
3482 1837 3796 1904 articulum,

509 1937 578 1976 ex
615 1937 801 1978 amore
844 1922 938 1978 Dei
973 1924 1332 1994 lacryn‘iarum
1374 1930 1720 1997 compunctio
1751 1930 2001 2000 profluit,
2044 1941 2099 1986 et

509 2031 700 2070 rursus
729 2031 824 2085 per
845 2016 1110 2086 lacrymas
1135 2017 1198 2070 ad
1223 2034 1461 2073 amorem
1495 2021 1588 2075 Dei
1612 2036 1764 2075 mens
1789 2031 1970 2077 nostra
1994 2022 2100 2077 fer-

511 2107 730 2162 ventius
755 2108 1069 2162 inardescit.
1100 2109 1157 2162 In
1186 2125 1287 2178 qua
1329 2119 1508 2165 autem
1543 2122 1724 2168 mente
1757 2113 1914 2184 hujus
1940 2113 2101 2169 alter-

514 2196 705 2250 nitatis
722 2197 1001 2267 reciproca
1017 2200 1251 2254 varietas
1273 2202 1469 2272 agitur,
1494 2203 1561 2258 ab
1581 2204 2101 2274 oumiproculdubio

512 2295 702 2341 reatus
747 2288 828 2343 sui
857 2289 1109 2358 squalore
1138 2301 1418 2362 purgatur.
1451 2293 1602 2350 Unde
1635 2296 1745 2351 illic
1776 2313 1882 2352 non
1913 2297 2100 2354 incon-

511 2394 646 2448 grue
667 2389 939 2451 postremo
961 2382 1329 2454 subjungitur:
1363 2405 1382 2437 ι
1411 2387 1715 2459 Appellavit
1735 2401 1916 2446 autem
1937 2391 2098 2462 303

511 2469 800 2528 Nebcmias
821 2473 964 2528 hunc
988 2475 1162 2530 locum
1191 2475 1469 2547 Nephthar
1492 2521 1506 2544 ,
1533 2483 1675 2551 quod
1712 2483 2103 2553 interpretatur

511 2563 835 2632 puriﬁcatio.
876 2584 894 2617 ι
946 2566 1120 2623 Locus
1169 2567 1352 2638 itaque
1395 2580 1578 2626 noster
1619 2572 1718 2627 ubi
1767 2574 2100 2630 sacrificium

513 2659 738 2715 offertur
765 2679 778 2715 :
812 2663 900 2716 ubi
932 2679 1086 2732 aquae
1115 2672 1169 2718 et
1204 2664 1370 2735 ignis,
1401 2675 1460 2719 ut
1487 2667 1688 2721 dictum
1719 2677 1836 2732 est,
1859 2668 2100 2723 varietas

512 2751 845 2819 alternatur,
871 2752 1044 2810 ﬁdelis
1069 2765 1151 2811 cst
1195 2756 1395 2812 anima.
1441 2756 1570 2824 Quae
1598 2759 1842 2827 profecto
1888 2774 1992 2814 non
2021 2759 2100 2813 in-

513 2860 752 2916 congrue
781 2846 1089 2915 puriﬁcatio
1115 2849 1342 2914 dicitur;
1378 2851 1504 2919 quia
1529 2852 1655 2905 dum
1705 2867 1848 2906 nunc
1877 2851 2099 2921 superni

515 2938 719 2993 amoris
757 2939 879 3008 igne
927 2940 1249 3010 decoquitur
1274 2983 1288 3007 ,
1329 2958 1473 2998 nunc
1517 2943 1741 2998 contriti
1782 2943 1963 2997 cordis
2009 2941 2106 2997 ﬁe-

514 3027 660 3084 tibus
705 3031 1034 3097 mundatur,
1084 3033 1232 3088 velut
1292 3034 1514 3089 secundi
1564 3035 1820 3104 baptismi
1878 3033 2098 3090 ﬁuentis

516 3119 775 3174 abluitur.

587 3209 696 3265 llas
725 3221 902 3268 autem
949 3215 1358 3270 successionum
1405 3215 1786 3270 alteruantium
1829 3215 2096 3270 vicissitu-

513 3301 688 3366 dines,
718 3315 770 3359 et
802 3307 1159 3361 mutationum
1192 3308 1555 3377 spiritualium
1604 3308 1897 3361 varietates
1933 3307 2103 3362 Isaias

514 3391 785 3460 profunde
815 3397 1160 3466 inspexerat,
1193 3415 1314 3453 eum
1360 3399 1610 3452 dicebat:
1667 3417 1684 3449 ‹
1733 3397 1987 3462 Orictur,
2023 3399 2101 3452 iu-

515 3482 654 3550 quit,
689 3483 741 3538 in
774 3488 1013 3543 tenebris
1043 3488 1131 3541 lux
1161 3498 1269 3552 tua,
1303 3497 1356 3543 et
1385 3485 1620 3544 tenebric
1651 3501 1752 3542 tua:
1785 3497 1944 3543 erunt
1965 3490 2106 3544 sicut

516 3573 800 3642 meridies;
836 3587 889 3632 et
938 3581 1178 3648 requiem
1230 3578 1379 3633 dabit
1411 3578 1506 3633 tibi
1557 3578 1817 3632 Dominus
1855 3593 2103 3647 semper,

517 3672 572 3717 et
599 3664 844 3735 implebit
882 3669 1261 3738 splendoribus
1290 3669 1526 3722 animam
1567 3676 1734 3731 tuam,
1765 3677 1818 3721 ct
1859 3683 1982 3722 ossa
2015 3677 2104 3722 tua

520 3755 775 3812 liberabit
806 3757 962 3829 (Isai.
992 3758 1168 3828 xviii).
1214 3779 1232 3810 >
1265 3758 1404 3812 Ecce
1429 3757 1567 3827 ignis
1597 3758 1648 3811 in
1678 3767 1839 3826 puteo
1867 3759 2105 3814 abscon-

520 3848 686 3906 ditus.
730 3848 837 3905 Sed
875 3850 998 3905 audi
1047 3851 1315 3926 quomodo
1366 3849 1503 3918 ignis
1551 3849 1638 3904 hic
1673 3858 2021 3903 convertatur
2050 3850 2102 3903 in

518 3955 750 4011 aquam;
781 3957 904 3996 nam
929 3943 1176 4012 protinus
1197 3939 1412 3995 subdit:
1447 3959 1464 3990 ι
1501 3939 1565 3992 Et
1592 3941 1701 3994 eris
1726 3941 1880 4008 quasi
1915 3941 2106 3994 hortus

517 4029 854 4103 irriguus,’et
878 4033 1018 4087 sicut
1050 4031 1171 4086 fons
1206 4045 1488 4098 aquarum,
1524 4028 1678 4098 cujus
1709 4045 1814 4083 non
1854 4029 2107 4085 deficient

522 4137 676 4190 aquae
697 4121 908 4194 (1ὺιά.).
923 4140 940 4173 ›
961 4120 1265 4184 Postremo,
1291 4129 1349 4174 ut
1377 4120 1615 4185 noveris,
1640 4120 1766 4189 quia
1788 4121 1902 4175 haec
1921 4104 2107 4174 rursus

519 4226 659 4280 aqua
686 4212 740 4267 in
768 4211 944 4282 ignem
983 4212 1350 4277 convertitur,
1383 4220 1437 4266 et
1468 4228 1564 4281 per
1593 4212 1959 4284 lacrymarum
1981 4229 2104 4284 gra-

519 4299 654 4352 tiam
717 4301 881 4355 diviui
940 4302 1144 4357 amoris
1197 4301 1362 4356 ardor
1421 4301 1724 4358 ferventius
1789 4303 2104 4368 excitatur,

519 4391 681 4460 paulo
731 4393 956 4451 inferius
986 4397 1228 4452 addidit:
1285 4417 1304 4450 ι
1351 4397 1503 4453 Tunc
1544 4398 1903 4454 delectaberis
1947 4415 2109 4471 super

520 4481 790 4546 Domino,
843 4493 898 4540 ct
937 4486 1213 4540 sustollam
1263 4497 1314 4541 te
1358 4503 1520 4558 super
1559 4487 1898 4543 altitudinem
1951 4496 2108 4544 terra:

521 4567 733 4642 (lbid.).
772 4592 790 4624 ι

1106 4668 1333 4724 CAPUT
1372 4670 1509 4725 XIV.

626 4759 708 4816 De
731 4759 997 4832 Sylvestro
1024 4763 1376 4834 lacrymarum
1406 4764 1745 4818 inundatione
1773 4765 1999 4833 decepto.

597 4855 699 4911 llic
743 4865 923 4912 autem
965 4857 1091 4926 quid
1122 4855 1278 4910 nobis
1315 4856 1593 4921 acciderit,
1631 4857 1844 4911 silentio
1880 4864 2104 4926 printer-

523 4949 757 5004 eundum
783 4963 903 5005 esse
932 4964 1040 5006 non
1070 4949 1333 5003 ducimus.
1374 4948 1507 5003 Nam
1553 4950 1831 5018 hucusque
1860 4950 2104 5003 scriben-

528 5041 666 5095 tibus
691 5041 972 5096 Dominica
1003 5041 1267 5098 festivitas
1311 5042 1653 5112 supervenit,
1678 5041 2106 5110 emcrgentibus-

529 5147 633 5196 quc
684 5134 912 5196 negotiis
962 5151 991 5188 a
1035 5136 1330 5196 scriptione
1379 5136 1582 5188 diutius
1631 5134 1964 5188 exteriorum
2010 5145 2108 5184 nos

2127 3173 2176 3234 Β

2207 1923 2312 1977 hoc
2363 1921 2478 1991 ejus
2523 1923 2696 1978 oculis
2742 1924 3050 1994 ingerebat,
3101 1926 3241 1995 quod
3290 1927 3342 1980 in
3387 1928 3490 1982 hoc
3534 1929 3797 1996 opusculo

2205 2015 2364 2086 paulo
2413 2017 2661 2084 superius
2707 2017 2984 2088 Sylvcster
3035 2018 3148 2088 ipse
3198 2021 3595 2090 conscripserat
3637 2041 3651 2075 :
3701 2022 3795 2077 ubi

2203 2112 2435 2177 dicitur,
2469 2111 2593 2180 quia
2626 2111 2934 2166 dubitantes
2962 2127 3029 2167 ex
3071 2113 3285 2182 aliquo,
3320 2123 3498 2168 utrum
3539 2115 3653 2170 Deo
3680 2115 3796 2185 pla-

2203 2213 2324 2260 ceat
2354 2219 2526 2259 necne
2548 2245 2562 2270 ,
2610 2220 2882 2274 nunquam
2913 2205 3105 2260 melius
3133 2206 3513 2262 certitudinem
3550 2208 3799 2277 capimus

2203 2310 2367 2366 quam
2402 2311 2522 2350 cum
2548 2295 2816 2351 veraciter
2841 2296 3204 2368 lacrymantes
3235 2313 3479 2354 oranms.
3502 2298 3620 2354 Non
3647 2301 3795 2355 enim

2205 2385 2457 2451 attendit,
2489 2387 2630 2456 quod
2663 2387 2787 2443 huic
2829 2389 3092 2444 versiculo
3123 2389 3284 2460 paulo
3305 2401 3430 2445 ante
3454 2391 3798 2461 praemissum

2203 2485 2318 2540 est;
2351 2476 2474 2544 quia
2506 2475 2609 2530 illa:
2641 2477 2901 2531 duntaxat
2942 2477 3221 2548 lacrymze,
3253 2495 3374 2548 qua:
3404 2495 3435 2534 a
3475 2480 3586 2536 Deo
3633 2490 3790 2544 sunt,

2204 2569 2564 2624 esauditionis
2608 2568 2771 2641 304
2802 2569 3036 2626 tribunal
3080 2571 3310 2636 adeunt;
3346 2588 3453 2628 non
3500 2572 3604 2627 illa:
3647 2583 3802 2628 certe

2203 2677 2322 2732 quia
2352 2678 2380 2714 a
2409 2661 2586 2717 callidi
2613 2662 2944 2717 insidiatoris
2979 2662 3266 2733 praestigiis
3291 2671 3680 2733 suggeruntur.

2276 2754 2388 2810 lloe
2417 2756 2580 2810 etiam
2620 2755 2902 2812 oscitando
2934 2756 3215 2825 prmteriit,
3257 2756 3401 2824 quod
3447 2756 3653 2811 dictum
3686 2766 3797 2822 est,

2205 2848 2476 2902 veraciter
2510 2846 2895 2918 laerymantes.
2928 2847 3046 2914 Non
3081 2849 3226 2902 enim
3252 2848 3542 2912 veraciter,
3575 2849 3670 2904 sed
3698 2847 3798 2902 fal-

2207 2937 2400 2992 laciter
2428 2938 2782 3010 Iacrymatur,
2814 2938 2898 2993 cui
2927 2954 3024 3008 per
3047 2939 3360 2994 mendacem
3391 2938 3461 2992 ab
3491 2938 3648 2994 initio
3679 2942 3798 3008 spio

2208 3029 2371 3084 ritum
2410 3030 2576 3086 falsus
2620 3029 2779 3085 ﬁctus
2824 3029 3167 3084 immittitur:
3222 3045 3345 3085 nam
3386 3045 3490 3085 nec
3531 3030 3800 3085 dissimile

2207 3122 2348 3190 quod
2396 3132 2450 3176 et
2492 3120 2684 3176 beatus
2729 3135 2864 3191 papa
2907 3119 3201 3190 Gregorius
3243 3120 3296 3174 in
3345 3121 3457 3175 suis
3503 3120 3802 3176 Moralibus

2207 3214 2417 3284 scribit,
2449 3214 2674 3268 dicens:
2713 3232 2730 3264 ι
2767 3212 2871 3267 Sed
2903 3213 3038 3277 lucc,
3088 3214 3285 3284 inquit,
3331 3213 3481 3279 vitia,
3527 3228 3647 3282 quae
3695 3215 3800 3268 sub

2207 3305 2470 3359 virtutum
2511 3304 2692 3374 specie
2721 3305 2974 3373 antiquus
3000 3305 3171 3360 hostis
3197 3305 3451 3370 occultat,
3487 3303 3641 3358 valde
3671 3304 3800 3358 sub-

2208 3395 2373 3449 tiliter
2422 3411 2616 3449 manus
2661 3395 3093 3462 compunctionis
3145 3394 3438 3450 examinat.
3494 3393 3597 3461 Qui
3647 3392 3799 3448 enim

2206 3486 2474 3539 veraciter
2519 3485 2663 3538 intus
2713 3483 2857 3539 dolet
2899 3499 3020 3554 qua:
3064 3483 3271 3554 agenda
3320 3482 3494 3548 foris,
3537 3497 3658 3551 qua:
3689 3495 3797 3536 non

2209 3576 2414 3646 agenda
2444 3577 2573 3640 sint,
2599 3574 2814 3630 fortiter
2837 3575 3114 3646 praevidet.
3147 3573 3203 3629 Si
3235 3573 3380 3629 enim
3409 3589 3509 3629 nos
3538 3573 3619 3628 vis
3640 3587 3800 3628 com-

2208 3666 2516 3736 punctionis
2566 3666 2618 3719 in
2662 3666 2867 3720 intimis
2913 3665 3099 3729 allicit,
3147 3663 3324 3718 omnis
3362 3679 3486 3718 mox
3537 3663 3802 3733 strepitus

2207 3771 2386 3826 prava:
2416 3757 2778 3826 suggestionis
2810 3755 3151 3811 obmutescit.
3197 3755 3262 3809 Et
3306 3755 3351 3810 si
3393 3770 3491 3810 cor
3529 3754 3799 3809 veraciter

2209 3846 2352 3901 intus
2382 3847 2484 3902 doL
2507 3857 2545 3912 t,
2584 3846 2820 3915 linguam
2854 3856 3042 3902 contra
3071 3860 3169 3900 nos
3213 3844 3340 3899 vitia
3373 3860 3480 3899 non
3519 3845 3740 3899 habent.
3774 3861 3796 3895 ι

2207 3938 2346 3992 Ecce
2384 3938 2470 3992 hic
2505 3938 2821 4007 magniﬁcus
2849 3936 3060 4000 doctor,
3083 3936 3171 3991 cui
3201 3944 3256 3990 et
3286 3934 3556 4003 fatuitatis
3597 3944 3800 3990 nostra:

2209 4031 2505 4086 concordat
2533 4030 2752 4100 ineptia,
2788 4044 2894 4083 non
2923 4029 3018 4093 ait,
3063 4029 3106 4084 si
3137 4043 3233 4083 cor
3261 4027 3406 4083 intus
3431 4027 3596 4092 dolet,
3627 4028 3720 4082 sed
3753 4027 3804 4082 si

2210 4137 2301 4178 cor
2329 4122 2596 4178 veraciter
2621 4123 2765 4176 intus
2795 4119 2959 4176 dolet.
2992 4119 3063 4175 Ut
3092 4128 3342 4188 patenter
3369 4119 3606 4174 insinuet
3633 4118 3798 4172 alium

2211 4228 2330 4269 esse
2354 4213 2617 4278 dolorem,
2652 4227 2760 4283 quo
2803 4227 2954 4266 mens
2983 4211 3243 4265 divinitus
3275 4209 3452 4264 adlata
3482 4208 3802 4279 compuugi-

2212 4315 2333 4371 tur;
2368 4305 2532 4360 alium
2560 4320 2667 4374 quo
2700 4318 2797 4372 per
2829 4301 3165 4356 insidiatoris
3195 4300 3438 4354 fraudem
3465 4300 3624 4368 quasi
3664 4313 3802 4354 eon-

2213 4397 2322 4451 triti
2354 4395 2534 4451 cordis
2563 4395 2830 4465 lacrymas
2857 4391 3142 4457 imitatur;
3169 4391 3308 4446 alias
3345 4403 3467 4445 esse
3508 4389 3799 4460 Iacrymas,

2139 4533 2184 4592 Β
2213 4505 2350 4558 quas
2379 4488 2668 4551 mendacii,
2699 4497 2753 4542 et
2787 4485 2990 4540 erroris
3021 4485 3244 4554 spiritus
3267 4482 3520 4550 simulat;
3549 4483 3684 4538 alias
3710 4497 3803 4535 au-

2220 4590 2226 4592 .
2457 4579 2488 4592 ..
2702 4577 2734 4592 ._
2780 4576 2814 4592 _.
2894 4573 2926 4592 ε,
2973 4575 2984 4587 .
3165 4589 3201 4592 μ
3498 4571 3794 4592 ωηιηω

2215 4590 2347 4645 tem,
2379 4579 2575 4649 quibus
2606 4576 2848 4632 veritatis
2894 4573 3127 4645 Spiritus
3157 4574 3464 4629 animarum
3493 4571 3800 4642 squalorem

2213 4685 2268 4730 et
2301 4673 2597 4744 rubiginem
2621 4680 2832 4741 purgat.

2288 4764 2358 4820 Ut
2403 4764 2567 4834 igitur
2604 4762 2670 4815 ad
2712 4760 2990 4815 relationis
3034 4758 3279 4814 ordinem
3328 4756 3640 4818 redeamus,
3671 4752 3801 4823 quia

2215 4855 2416 4911 dudum
2447 4854 2496 4906 in
2531 4852 2636 4906 alia
2661 4851 2947 4906 solitudine
2975 4850 3218 4903 habitare
3250 4848 3566 4918 permissus,
3597 4854 3801 4899 semet-

2214 4949 2387 5014 ipsum
2425 4943 2744 4996 temerarius
2782 4939 3034 5004 abscidit,
3065 4953 3164 4993 nec
3207 4953 3313 4994 non
3343 4947 3400 4992 et
3451 4937 3518 4991 ad
3545 4935 3650 4990 alia
3680 4933 3796 4987 loca

2212 5038 2562 5110 vagabundus
2588 5035 2789 5090 erravit
2816 5052 2828 5087 :
2866 5035 2953 5087 ille
2985 5035 3249 5088 duntaxat
3273 5031 3510 5087 conlisus
3540 5030 3592 5082 in
3623 5027 3795 5097 lacry-

2214 5129 2334 5190 mis,
2367 5127 2537 5188 aequis
2565 5125 2808 5181 consiliis
2829 5125 3135 5180 nullatenus
3157 5121 3542 5175 acauiescehat
3556 5118 3804 5168 umbem
