4106 6320
334 401 442 458 515

1168 407 1410 466 OPUSC.
1453 413 1587 468 XIII.
1611 443 1683 454 —
1714 414 1800 467 DE
1838 414 2317 480 PERFECTIONE
2357 427 2660 487 MONACII.

3509 443 3618 500 διε

336 521 530 578 nbulas
557 521 625 575 ad
655 533 963 579 mensuram
991 526 1288 596 Stringendi
1316 528 1539 594 codicns,
1569 543 1637 585 ne
1659 530 1765 586 tale
1792 531 1920 600 quid
1950 534 2003 593 Α
2027 547 2273 605 augetur,
2310 541 2417 597 noli
2451 545 2554 599 tuis
2593 549 2820 610 Illel‘llIS,
2854 551 2969 605 sive
3000 554 3192 608 studiis
3215 573 3488 628 arrogare,
3521 564 3612 616 sed

335 613 776 682 suspicaremur,
833 615 1244 672 accuratissime
1298 619 1675 674 detruncavit:
1730 621 1924 678 deinde

335 706 557 762 stimulo
599 708 945 764 conscientiae
986 711 1225 776 territus,
1257 727 1324 768 ne
1369 715 1719 784 compedibus
1747 718 1919 773 vinci-

333 805 507 861 retur,
536 813 649 866 prie
677 797 884 854 foribus
927 798 1134 855 cellulae
1162 811 1336 868 stans,
1378 804 1590 860 cultello
1619 806 1813 862 vulnus
1842 807 1921 862 in-

333 885 519 958 ﬂigere
547 888 630 943 vel
673 889 794 952 sibi,
843 890 928 944 vel
955 890 1098 958 aliis,
1138 893 1183 947 si
1228 894 1349 963 quis
1390 909 1513 950 eum
1559 897 1917 969 contingeret,

334 978 667 1033 minabatur.
702 978 856 1034 Tunc
877 979 1080 1050 liquido
1106 985 1282 1054 patuit
1309 985 1614 1057 hujusmodi
1645 988 1919 1060 lacrymas

333 1081 440 1123 non
469 1068 533 1122 de
560 1068 765 1124 cmlesti
799 1086 925 1127 rore
965 1073 1313 1144 descendere,
1347 1078 1440 1134 sed
1473 1093 1537 1134 ex
1575 1081 1766 1137 tartari
1798 1097 1919 1139 sen-

326 1159 443 1236 tina
491 1159 612 1216 sine
645 1161 806 1216 dubio
850 1166 1138 1221 scaturirc.
1179 1167 1290 1224 Hoc
1321 1181 1524 1238 autem,
1558 1172 1754 1229 fratres
1788 1175 1916 1240 mei,

330 1251 487 1305 vobis
511 1267 735 1308 narrare
757 1257 1087 1324 curavimus,
1120 1275 1228 1315 non
1251 1270 1312 1316 ut
1339 1261 1704 1333 delinquentis
1728 1265 1918 1322 fratris

331 1354 722 1410 exaggeremus
749 1343 1047 1409 infamiam,
1075 1348 1170 1403 sed
1199 1357 1254 1403 ut
1297 1367 1392 1406 vos
1437 1363 1742 1423 suspectam
1774 1371 1917 1411 sem-

329 1441 430 1496 per
473 1429 526 1482 in
561 1431 692 1498 ipsis
720 1432 884 1486 etiam
917 1434 1071 1490 bonis
1101 1439 1367 1495 studentis
1396 1440 1596 1497 habere
1626 1445 1914 1500 cautelam.

933 1526 1161 1584 CAPUT
1204 1530 1314 1584 XV.

400 1609 479 1662 De
507 1610 725 1666 diuersis
752 1616 928 1683 o/ﬁciis
966 1622 1307 1684 monasterii;
1341 1625 1509 1690 primo
1537 1626 1602 1678 de
1637 1626 1840 1681 abbate.

400 1700 556 1758 Libet
584 1704 671 1759 hic
698 1707 908 1763 diversa
942 1713 1256 1766 monasterii
1289 1713 1461 1770 ollicia
1490 1720 1768 1774 succincte
1791 1735 1914 1789 per-

326 1795 627 1866 stringere,
682 1809 737 1853 et
785 1802 912 1869 quid
966 1804 1498 1863 administratoribus
1548 1825 1737 1864 eorum
1791 1811 1914 1881 qui-

2022 627 2302 686 beneficiis
2329 633 2593 690 duntaxat
2638 639 2839 695 divi-nis
2883 644 3114 698 ascribe.
3168 627 3379 703 Revoca
3430 650 3616 722 itaque

2021 729 2144 772 aute
2166 723 2352 777 oculos
2376 734 2636 796 tempora.
2668 733 2884 799 quando
2911 734 3148 802 privatus
3175 755 3317 805 cras,
3334 749 3390 796 et
3412 744 3610 808 recole,

2022 810 2146 878 quia
2185 815 2279 867 tibi
2313 816 2626 874 nullatenus
2657 820 2760 876 ista
2787 838 3172 892 provenerant.

2090 903 2312 960 Constat
2357 923 2488 978 ergo
2527 912 2653 980 quia
2685 928 2792 967 non
2826 915 2945 980 tibi,
2980 919 3073 972 sed
3101 919 3301 977 Christi
3332 925 3620 980 confertur

2019 993 2292 1060 Ecclesiae,
2321 1001 2464 1069 quod
2497 1010 2551 1056 tu
2601 1003 2720 1059 sine
2763 1005 2852 1060 illo
2901 1009 3116 1079 assequi
3144 1015 3456 1081 nequivisti.
3492 1017 3611 1072 Non

2020 1101 2264 1142 mensam
2296 1087 2527 1146 fratrum
2557 1103 2876 1152 mentiturus
2898 1100 3216 1167 exborreas,
3263 1119 3371 1159 non
3399 1115 3448 1160 te
3479 1122 3611 1162 con-

2020 1179 2159 1233 vivia
2198 1181 2409 1250 privata
2443 1184 2755 1242 delectent:
2794 1197 2997 1244 etcum
3034 1192 3230 1261 quibus
3274 1195 3368 1249 tibi
3403 1205 3487 1252 est
3527 1195 3612 1253 al-

2021 1274 2152 1328 taris
2199 1291 2385 1332 mensa
2431 1281 2758 1346 communis,
2804 1296 2909 1337 non
2948 1282 3197 1355 indignos
3243 1287 3475 1358 judices,
3517 1290 3612 1359 qui

2021 1363 2113 1417 tibi
2138 1367 2466 1438 participant
2493 1370 2656 1424 etiam
2686 1371 2739 1426 in
2776 1374 3148 1444 corporalibus
3173 1376 3464 1434 alimentis.
3489 1378 3610 1435 Non

1985 1511 1988 1513 ,
2020 1456 2183 1522 igitur
2209 1459 2572 1528 suspicionem
2603 1463 2815 1531 private
2858 1468 3130 1523 vescentis
3163 1471 3409 1526 absentia
3444 1484 3607 1543 gene-

2021 1555 2122 1609 ret,
2157 1545 2297 1602 unde
2324 1548 2390 1602 ad
2438 1550 2738 1618 perniciem
2770 1558 3261 1626 murmurantium,
3291 1561 3406 1615 sive
3431 1561 3613 1615 detra-

2019 1638 2262 1694 hentium
2305 1652 2392 1696 tua
2424 1659 2640 1714 quoque
2683 1644 2827 1700 fama
2882 1648 3106 1705 laboret.
3138 1650 3248 1706 Nec
3280 1667 3611 1723 magnopere

2018 1744 2175 1784 cures
2204 1747 2366 1800 quam
2391 1735 2692 1801 pretiosum
2738 1737 2810 1792 sit
2845 1739 2988 1807 quod
3032 1740 3283 1796 latrinam
3314 1743 3607 1812 compleat,

2017 1821 2110 1872 sed
2148 1820 2199 1874 id
2236 1822 2415 1890 potius
2443 1826 2586 1880 unde
2629 1825 2870 1881 fraterna
2900 1828 3140 1884 cbaritas
3183 1831 3235 1884 in
3272 1830 3489 1887 Christo
3512 1846 3611 1901 per

324 1885 536 1956 busque
581 1903 799 1944 scrvare
851 1895 1156 1959 conveniat,
1209 1909 1584 1956 summotenus
1635 1903 1910 1972 expedire.
1946 1891 1990 1948 Β
2017 1911 2218 1965 amoris
2249 1913 2420 1966 mutui
2452 1915 2722 1982 glutinum
2754 1916 3039 1971 coalescat.

322 1981 383 2034 In
413 1982 603 2051 primis
637 1985 818 2054 igitur,
855 2002 886 2039 ο
927 1990 1254 2044 venerabilis
1299 1993 1461 2059 abba,
1510 1993 1596 2048 fac
1629 1995 1740 2064 ipse
1771 1997 1911 2064 quod

321 2071 598 2142 praecipis,
620 2089 813 2130 exerce
836 2078 975 2146 quod
997 2080 1276 2147 praedicas,
1304 2081 1463 2151 imple
1485 2085 1626 2153 quod
1654 2087 1906 2152 mandas;

323 2178 432 2217 non
463 2164 574 2218 vita
606 2166 878 2221 discordet
920 2184 947 2221 a
986 2169 1186 2249 lingua,
1220 2189 1326 2228 non
1355 2189 1518 2242 opera
1561 2176 1849 2232 videantur
1879 2193 1908 2232 a

322 2268 575 2310 sermone
645 2257 916 2325 discreta,
979 2277 1079 2318 nec
1145 2264 1289 2319 aliud
1357 2266 1547 2321 doceat
1615 2269 1910 2328 auctoritas

320 2348 693 2416 praesidentis,
761 2351 906 2407 aliud
971 2357 1225 2411 exhibeat
1279 2361 1524 2429 Operatio
1584 2377 1911 2417 conversan-

321 2436 413 2490 tis.
459 2437 604 2493 Raro
644 2452 819 2495 autem
864 2460 1250 2515 progressurus
1288 2452 1565 2520 egredere,
1614 2462 1674 2507 ut
1721 2470 1908 2510 semen

319 2527 494 2594 verbi,
521 2530 680 2601 305
709 2534 850 2602 quod
882 2551 1178 2606 sparseras,
1205 2537 1408 2609 jugiter
1449 2542 1630 2598 valcas
1659 2544 1908 2599 excoleti-

318 2619 390 2674 do
419 2619 619 2692 rigare.
646 2622 762 2678 Non
791 2626 976 2697 itaque
1005 2629 1271 2701 hospitem
1333 2644 1383 2687 te
1431 2639 1744 2692 monasterii
1797 2637 1912 2693 fre-

317 2724 496 2779 quens
537 2713 816 2771 discursus
855 2719 1140 2786 exhibeat,
1173 2723 1265 2778 sed
1308 2725 1663 2782 habitatorem
1705 2731 1904 2799 potius,

318 2817 484 2879 atque
543 2813 899 2871 domesticum
966 2819 1291 2876 diuturnitas
1346 2840 1575 2880 morosae
1623 2830 1906 2895 gravitatis

315 2901 588 2955 ostendat.
613 2901 968 2961 Commendet
1015 2909 1192 2964 inedia
1237 2911 1439 2982 jejunia
1487 2917 1903 2985 praedicantem,

318 3005 422 3046 nec
476 2991 744 3062 loquentis
798 3001 1094 3055 sententias
1152 3005 1487 3062 comedentis
1554 3009 1737 3064 fauces
1807 3011 1908 3064 im-

316 3091 575 3151 pugnent.
609 3085 798 3142 Melius
852 3105 1044 3160 nempe
1099 3095 1446 3151 sobrietatem
1498 3097 1654 3153 docet
1681 3116 1902 3166 manus,

317 3189 442 3228 cum
474 3177 542 3229 ad
566 3194 627 3232 os
653 3180 753 3234 sub
777 3184 1142 3241 moderamine
1172 3188 1404 3254 ducitur,
1425 3206 1586 3258 quam
1617 3193 1660 3247 si
1689 3209 1907 3249 vescen-
1935 3242 1974 3261 η

319 3263 388 3319 tis
433 3266 613 3338 lingua
645 3269 914 3339 loquatur.
947 3273 1116 3330 Porro
1145 3277 1319 3332 vivida
1344 3280 1504 3344 satis,
1543 3291 1595 3336 et
1633 3281 1820 3339 ellicax
1850 3284 1901 3338 in

315 3358 707 3429 discipulorum
756 3367 1026 3422 mentibus
1073 3370 1384 3438 praedicatio
1416 3381 1542 3428 est:
1594 3375 1685 3429 alii
1733 3392 1793 3431 os
1838 3377 1903 3430 ad

316 3464 538 3506 mensas
563 3452 855 3522 impellere,
885 3458 1246 3527 impellentem
1283 3478 1405 3519 vero
1435 3465 1486 3519 in
1525 3467 1700 3537 rigore
1714 3469 1903 3538 jejunii

317 3557 658 3612 permanere.
701 3548 791 3604 Sic
824 3552 1032 3608 intenta
1080 3555 1516 3626 delinquentibus
1557 3562 1811 3628 ferulam,
1847 3577 1906 3622 ut

317 3636 370 3690 in
425 3645 478 3692 te
523 3649 730 3696 motum
761 3643 1056 3700 iracundiae
1104 3647 1204 3703 sub
1248 3651 1416 3720 rigida
1454 3654 1708 3712 cohibens
1739 3657 1902 3712 disci-

317 3727 487 3796 plina.

389 3824 609 3882 lnterim
640 3845 770 3885 vero
803 3831 928 3887 dum
961 3834 1205 3898 minaris,
1237 3836 1362 3890 dum
1394 3839 1692 3893 terroribus
1724 3841 1906 3910 culpa.-

318 3916 478 3971 bilem
519 3921 785 3988 concutis,
816 3924 867 3978 in
913 3926 1254 3996 temetipsum
1299 3928 1484 3982 oculos
1527 3945 1740 3995 revoca,
1795 3947 1907 3985 mo-

317 4007 446 4061 dum
495 4008 744 4067 humanae
799 4013 1113 4084 fragilitatis
1161 4019 1410 4084 attende,
1457 4029 1511 4074 et
1562 4021 1901 4090 temetipsum

316 4099 518 4168 corripi
545 4116 722 4169 posse,
752 4104 798 4159 si
825 4121 1022 4160 censor
1043 4109 1276 4173 adesset,
1307 4109 1577 4163 subtiliter
1600 4112 1862 4165 meditare
1889 4129 1901 4164 :

316 4202 422 4241 nec
470 4190 704 4258 mireris,
737 4196 781 4248 si
835 4197 1110 4266 subjectus
1159 4199 1426 4268 quispiam
1461 4199 1598 4255 forte
1636 4209 1904 4272 transgre-

315 4279 475 4334 diens
496 4292 688 4337 cuncta
715 4283 976 4352 jussionis
1001 4297 1104 4341 tuae
1131 4289 1382 4343 mandata
1403 4307 1504 4344 non
1524 4292 1758 4361 impleat,
1781 4309 1903 4346 cum

319 4377 471 4425 tanta
495 4371 565 4427 sit
594 4376 920 4432 conditionis
943 4378 1192 4433 humanae
1225 4379 1581 4451 fragilitas,ut
1607 4383 1715 4450 ipsa
1740 4384 1902 4437 etiam

315 4465 564 4532 corporis
618 4468 693 4521 tui
748 4473 988 4526 membra
1041 4487 1266 4542 prorsus
1315 4473 1366 4527 in
1413 4475 1664 4530 omnibus
1696 4476 1904 4531 timibet

2085 2003 2199 2058 Noli
2253 2007 2564 2062 monasterii
2623 2009 2765 2063 bona
2825 2011 3132 2080 prodigere,
3188 2024 3287 2064 nec
3326 2010 3604 2080 popularis

2011 2110 2156 2149 aurae
2183 2094 2427 2150 favorem
2468 2098 2748 2168 proprium
2784 2100 2851 2154 de
2901 2101 3175 2154 communi
3206 2100 3340 2155 velis
3368 2101 3606 2156 utilitate

2011 2197 2245 2254 Captare.
2279 2187 2334 2243 Si
2359 2190 2502 2243 enim
2534 2191 2986 2260 credimus,quod
3019 2192 3308 2246 ditantium
3333 2192 3606 2247 Ecclesias

2010 2291 2232 2350 peccata
2268 2282 2567 2348 solvuntur,
2599 2285 2924 2338 credendum
2957 2295 3039 2339 est
3063 2286 3224 2338 etiam
3266 2285 3450 2355 procul
3501 2286 3602 2339 du-

2009 2376 2116 2440 bio,
2144 2376 2269 2444 quia
2292 2377 2616 2442 minuentes,
2639 2386 2694 2432 et
2715 2377 3078 2447 dilapidantcs
3105 2392 3198 2432 eas
3223 2377 3404 2447 gravis
3429 2376 3602 2432 sacri-

2009 2466 2130 2538 legii
2166 2467 2394 2522 vinculis
2437 2468 2818 2534 innectuntur;
2854 2478 2905 2522 et
2932 2469 3056 2522 inde
3083 2477 3211 2524 sunt
3236 2469 3325 2523 isti
3358 2469 3599 2538 peccatis

2007 2560 2250 2624 obnoxii,
2283 2561 2425 2616 unde
2473 2562 2814 2632 reperiuntur
2867 2561 2940 2616 illi
2988 2571 3330 2632 peccatorum
3373 2561 3603 2616 nexibus

2008 2653 2260 2707 absoluti.
2291 2653 2436 2709 Cave
2487 2655 2612 2709 dum
2660 2654 2964 2725 parentium
3022 2653 3243 2724 stiparis
3301 2653 3598 2722 obsequiis,

2007 2742 2170 2814 306
2199 2743 2324 2796 dum
2377 2745 2555 2798 verbis
2603 2745 2994 2799 asscntantium
3042 2745 3283 2799 suaviter
3319 2743 3596 2810 deliniris,

2007 2849 2105 2900 ne,
2137 2834 2279 2903 quod
2311 2834 2482 2900 absit,
2519 2835 2633 2904 ipsa
2674 2836 2728 2890 in
2756 2844 2936 2891 mente
2967 2845 3051 2890 tua
3085 2834 3357 2905 prmlatiu,
3387 2834 3473 2888 vel
3507 2834 3601 2891 im-

2006 2937 2172 2993 pensa
2226 2924 2528 2978 reverentia
2578 2925 2935 2991 lenocinetur,
2983 2935 3036 2980 et
3071 2925 3227 2994 quasi
3278 2925 3471 2995 dignus
3500 2923 3597 2992 sis,

2005 3013 2095 3082 qui
2149 3014 2216 3066 ad
2265 3013 2364 3067 ista
2425 3015 2774 3081 perveneris,
2809 3015 2950 3069 male
2986 3013 3296 3070 denmlcens
3345 3014 3601 3082 cogitatio

2006 3103 2333 3158 blandiatur.
2368 3104 2591 3159 Villicus
2617 3107 2814 3176 quippe
2843 3113 3045 3176 quanto
3079 3105 3132 3159 in
3167 3105 3456 3160 commissa
3485 3105 3597 3158 lar-

2008 3196 2142 3263 giori
2173 3196 2517 3264 possessione
2545 3196 2776 3261 beatior,
2808 3205 2956 3249 tanto
2987 3206 3071 3250 est
3121 3194 3174 3248 in
3203 3193 3472 3250 reddenda
3510 3209 3598 3247 ra-

2011 3289 2154 3342 tione
2189 3288 2468 3353 miserior;
2505 3295 2761 3357 tnntoque
2813 3288 2971 3344 debet
3011 3287 3164 3357 plura
3208 3302 3332 3342 cum
3385 3286 3595 3350 reddit,

2006 3389 2210 3451 quanto
2241 3382 2504 3452 gloriatur
2533 3381 2794 3451 ampliora
2820 3396 2943 3436 cum
2969 3381 3184 3451 accipit.
3208 3379 3376 3435 Plane
3399 3380 3599 3440 timen-

2006 3473 2130 3524 dum
2154 3481 2237 3527 est
2275 3473 2430 3528 valde
2475 3471 2617 3543 quod
2659 3471 2857 3527 dicitur
2879 3471 2959 3542 (S.
2993 3471 3122 3526 BEN.
3151 3471 3366 3541 Regul.,
3397 3486 3444 3525 c.
3481 3471 3517 3524 2
3545 3478 3602 3525 et

2006 3563 2095 3632 (54)
2125 3582 2136 3616 :
2167 3582 2184 3614 ι
2221 3564 2358 3630 Quia
2410 3564 2476 3618 de
2525 3562 2776 3617 omnibus
2810 3561 2913 3616 sibi
2970 3561 3276 3616 commissis
3314 3560 3600 3613 animabus

2009 3655 2272 3708 rationem
2306 3653 2616 3708 redditurus
2639 3663 2722 3708 est
2753 3654 2943 3719 abbas,
2976 3653 3156 3708 addita
3190 3661 3246 3707 et
3269 3666 3378 3706 suae
3404 3649 3598 3704 animae

2009 3750 2234 3802 ratione.
2269 3769 2285 3800 ι
2313 3747 2611 3802 l’ensemus
2639 3747 2823 3817 itaque
2857 3755 3062 3816 quanto
3090 3760 3237 3800 nunc
3260 3743 3508 3812 expedit,
3539 3749 3600 3794 ut

2005 3842 2077 3893 sit
2119 3841 2313 3894 timore
2352 3840 2707 3911 perterritus,
2735 3839 2827 3908 qui
2857 3839 2911 3892 in
2943 3835 3221 3892 tremendo
3251 3837 3501 3891 examine
3532 3831 3598 3886 ad

2005 3933 2086 3985 sui
2119 3933 2510 3986 discussionem
2561 3932 2705 3985 venit
2737 3931 2928 3986 alienis
2956 3932 3066 4002 jam
3113 3929 3415 3984 ratiociniis
3467 3926 3598 3980 fati-

2005 4031 2191 4092 gatus;
2227 4023 2318 4076 sed
2349 4022 2472 4091 quia
2513 4023 2719 4077 doctori
2754 4023 2925 4093 magis
2973 4023 3274 4076 docendum
3300 4029 3402 4084 est,
3431 4031 3595 4088 quam

2005 4113 2343 4176 discendum,
2385 4112 2499 4165 hate
2533 4111 2607 4165 illi
2650 4127 2818 4180 pauca
2865 4110 3168 4176 sulliciant,
3207 4111 3300 4179 qui
3329 4111 3454 4165 dum
3497 4121 3596 4162 sua

2005 4205 2333 4258 constitutus
2362 4205 2434 4259 sit
2460 4204 2668 4266 dicere,
2705 4203 2878 4257 aliena
2907 4204 3047 4256 forte
3084 4202 3290 4256 fastidit
3314 4200 3520 4254 audire.

2593 4293 2820 4347 CAPUT
2859 4293 2994 4347 XVI.

2476 4381 2553 4436 De
2580 4382 2756 4452 priore
2790 4383 3112 4437 monasterii.

2073 4475 2231 4530 Prior
2269 4483 2449 4529 autem
2484 4475 2800 4530 monasterii
2849 4477 2952 4530 hoc
2993 4476 3151 4530 modo
3188 4474 3272 4529 sui
3319 4473 3593 4545 prioratus

313 4553 693 4625 obtemperare
722 4575 824 4613 non
857 4562 1084 4630 possint.
1121 4561 1192 4616 Ut
1233 4572 1412 4617 autem
1443 4564 1586 4630 quod
1634 4565 1895 4631 dicimus,
1927 4593 1977 4653 ι)
2003 4567 2235 4624 otlicium
2260 4567 2472 4622 naviter
2501 4566 2870 4634 administrat,
2897 4567 2942 4623 si
2972 4569 3039 4623 ab
3070 4567 3283 4624 abbatis
3306 4568 3388 4622 sui
3408 4565 3592 4622 volam

312 4646 597 4703 evidenter
630 4650 834 4707 eluceat
866 4693 881 4718 ,
912 4657 1143 4725 praecipe
1170 4655 1340 4710 oculis
1365 4657 1491 4722 tuis,
1516 4665 1575 4710 ut
1603 4658 1682 4712 eis
1713 4659 1898 4713 acedia

314 4751 425 4791 non
471 4739 723 4809 obrepat;
777 4745 957 4810 cordi,
1008 4755 1068 4800 ut
1101 4747 1489 4815 c0gitationum
1522 4749 1898 4815 phantasmata

313 4842 424 4882 non
449 4832 700 4898 amittat;
755 4836 932 4890 indica
965 4837 1288 4907 genitalibus
1319 4839 1632 4908 pudicitiam
1664 4881 1677 4904 ,
1708 4849 1762 4894 ut
1806 4841 1904 4894 ali-

311 4920 533 4987 quando
557 4921 826 4978 incentiva
855 4925 1080 4981 luxuria:
1110 4943 1217 4981 non
1260 4928 1507 4995 titillent;
1537 4929 1675 5001 gulae
1695 4931 1902 4985 sobrie-

312 5015 504 5072 tatem,
534 5021 593 5064 ut
619 5012 871 5069 alimenta
894 5017 1252 5072 esculentiora
1283 5036 1389 5074 non
1422 5025 1659 5091 pruriat;
1693 5031 1901 5091 postre-

313 5113 406 5153 mo
445 5102 542 5156 toti
582 5103 744 5158 simul
779 5107 1034 5175 corpori,
1074 5116 1133 5161 ut
1178 5109 1382 5164 morbis
1420 5111 1752 5165 irruentibus
1791 5128 1896 5167 non

310 5199 580 5262 patescat.
604 5195 811 5252 Etcum
841 5199 1044 5270 liquido
1072 5202 1385 5269 probaveris
1424 5205 1538 5259 haec
1562 5220 1592 5259 a
1619 5206 1899 5275 tetnetipso

309 5282 532 5354 exigere
552 5285 732 5352 ﬁdem,
758 5289 852 5344 sed
877 5291 1092 5360 penitus
1122 5291 1412 5364 impetrare
1438 5310 1542 5349 non
1572 5310 1751 5365 posse,
1770 5296 1897 5365 quid

310 5373 512 5428 mirum
544 5377 588 5431 si
613 5378 664 5431 in
690 5379 795 5447 his,
819 5381 908 5451 qui
943 5397 972 5435 a
1002 5392 1052 5439 te
1086 5386 1333 5454 personis
1352 5394 1406 5439 et
1433 5387 1672 5442 moribus
1695 5389 1900 5457 disjun-

309 5473 383 5527 cti
414 5483 561 5536 sunt,
602 5475 892 5545 perfectam
917 5479 970 5534 in
999 5482 1250 5538 omnibus
1273 5497 1508 5551 nequeas
1535 5484 1896 5540 obedientiam

311 5567 592 5634 reperire?
646 5566 812 5622 Plane
864 5569 908 5624 si
951 5569 1064 5625 haec
1113 5573 1167 5627 in
1220 5581 1272 5628 te
1313 5575 1499 5630 solerti
1551 5576 1898 5632 meditatione

309 5657 646 5725 consideres,
672 5659 924 5716 fraternae
956 5678 1169 5733 quoque
1204 5666 1586 5722 imbecillitatis
1616 5683 1894 5723 excessum

309 5747 694 5812 aequanimiter
719 5747 912 5804 ferres.
944 5751 1000 5805 Si
1031 5753 1158 5821 quid
1188 5754 1325 5811 forte
1354 5758 1663 5826 patrimonii
1693 5759 1897 5816 latioris

315 5840 632 5905 accesserit,
659 5841 701 5895 si
729 5853 1008 5912 suppetere
1040 5848 1191 5915 copia
1226 5851 1488 5920 cernitur,
1513 5853 1554 5906 si
1585 5854 1674 5907 Dei
1707 5856 1896 5910 domus

2004 4670 2112 4716 tate
2164 4675 2270 4714 non
2323 4659 2624 4729 discrepat,
2671 4660 2715 4714 si
2772 4660 3013 4715 omnium
3068 4661 3299 4715 fratrum
3360 4661 3590 4724 animos,

2001 4757 2262 4819 quantum
2292 4749 2346 4802 in
2378 4765 2436 4803 se
2471 4759 2572 4814 est,
2609 4750 2660 4803 in
2690 4750 2934 4819 ejusdem
2965 4750 3179 4805 abbatis
3217 4751 3429 4804 sincera
3458 4747 3594 4803 dile-

2003 4842 2182 4896 ctione
2232 4840 2536 4896 confirmat.
2574 4841 2771 4910 Joseph
2820 4857 3014 4912 nempe
3061 4841 3216 4896 herili
3274 4840 3593 4910 praepositus

2003 4933 2183 4986 domui
2211 4931 2365 5003 (Gen.
2405 4933 2616 5002 xxxrx),
2669 4933 2842 4988 noluit
2877 4934 2944 4986 ad
2976 4932 3222 4986 ultimum
3253 4931 3441 4985 aliena:
3465 4946 3591 4984 con-

1998 5029 2143 5098 jugis
2173 5029 2227 5081 in
2270 5043 2328 5082 se
2357 5027 2683 5082 desiderium
2715 5027 2968 5091 trahere,
3001 5026 3094 5080 sed
3146 5025 3199 5078 in
3247 5039 3431 5080 amore
3484 5023 3590 5079 viri

2003 5119 2205 5189 proprii
2234 5118 2416 5173 docuit
2439 5132 2773 5188 permanere.
2803 5115 3009 5170 Nobilis
3031 5124 3083 5170 et
3102 5115 3189 5169 ille
3215 5130 3406 5170 servus
3429 5113 3592 5169 Abra-

2004 5213 2150 5276 ham,
2197 5221 2259 5265 ut
2314 5225 2538 5265 uxorem
2595 5208 2814 5264 domino
2865 5223 2961 5263 suo
3013 5210 3228 5262 sincera
3266 5205 3370 5261 fide
3409 5206 3592 5276 provi-

2003 5304 2128 5358 deat
2152 5302 2303 5373 (Gen.
2339 5303 2510 5374 xxiv),
2541 5316 2703 5358 omne
2731 5303 2812 5354 vir
2835 5309 3088 5356 strenuus
3112 5301 3368 5369 impensa:
3400 5300 3590 5353 huma-

2002 5396 2189 5450 nitatis
2239 5394 2472 5451 cilicium
2504 5384 2721 5450 calcat:
2754 5393 2956 5448 laboris
2991 5393 3073 5447 sui
3105 5392 3331 5456 scilicet,
3365 5407 3427 5444 ac
3457 5390 3588 5444 tanti

2004 5487 2213 5542 itineris
2259 5487 2616 5550 obliviscitur,
2671 5495 2730 5540 ut
2782 5484 2882 5540 soli
2949 5485 3167 5541 domino
3225 5499 3324 5537 suo
3365 5481 3588 5546 militet,

2002 5579 2263 5650 quidquid
2289 5580 2340 5633 in
2358 5579 2704 5648 expeditione
2726 5579 2932 5647 positus
2963 5586 3236 5646 operatur.
3271 5574 3422 5629 Sicut
3443 5572 3588 5627 enim

2002 5675 2168 5729 abbas
2206 5689 2301 5743 per
2329 5688 2488 5727 omne
2517 5673 2658 5742 quod
2698 5674 2808 5744 agit
2837 5672 2903 5726 ad
2933 5687 3172 5726 amorem
3199 5668 3397 5724 Christi
3429 5665 3586 5719 debet

2004 5767 2140 5822 filios
2167 5781 2495 5837 provocare;
2525 5767 2596 5821 ita
2624 5767 2788 5821 etiam
2811 5767 2960 5834 prior
2987 5781 3052 5819 ne
3082 5780 3217 5834 qua,
3247 5763 3391 5832 quod
3422 5759 3584 5821 absit,

2003 5858 2264 5931 zelotypia
2293 5866 2599 5930 generetur,
2640 5857 2690 5913 in
2723 5856 3011 5912 dilectione
3037 5853 3248 5910 abbatis
3280 5850 3362 5906 sui
3390 5847 3588 5904 fratres
