4106 6320
489 392 597 485 sis

956 425 1013 482 S.
1044 426 1245 481 PETRI
1278 420 1559 479 DAMIANI
1598 418 1750 477 OPP.
1781 416 2019 474 TOSIUS
2058 415 2188 472 SEU
2229 402 2407 469 PARS
2445 414 2527 467 III.
2556 442 2623 452 —-
2653 410 3017 468 OPUSCULA
3059 411 3287 467 VARIA.

3646 398 3761 470 sm

489 540 659 595 stude.
683 549 701 595 t
728 522 1050 592 unanimiter
1079 536 1386 591 confovere.
1414 532 1529 588 Non
1574 532 1756 601 itaque
1800 530 1946 585 circa
1976 529 2065 582 de-
2103 535 2149 592 Α
2176 525 2312 588 veri,
2364 539 2485 577 eum
2524 521 2777 576 videlicet
2823 530 3004 576 castra
3044 522 3111 575 ad
3153 522 3417 577 bellorum
3457 517 3758 580 noscantur

488 626 841 698 linquendum
871 626 1057 695 culpas
1101 642 1160 682 se
1204 627 1460 680 exhibeat
1500 624 1706 685 mitem,
1738 632 1794 677 ut
1819 623 2068 677 abbatem

488 719 653 772 faciat
675 729 933 787 apparere
961 712 1267 780 crdJclem;
1298 715 1392 769 sed
1423 715 1503 768 sic
1535 712 1625 767 illo
1649 714 1876 767 absente
1905 726 2070 781 prava

489 821 715 876 qumque
744 806 1054 876 redarguat,
1082 816 1140 860 ut
1169 805 1214 858 is
1237 802 1577 873 postmodum
1610 800 1822 856 rediens
1850 800 1995 854 velut
2021 800 2072 854 in

491 895 768 965 tranquilli
812 905 1000 965 portus
1046 896 1188 960 sinu,
1239 893 1317 948 sic
1349 893 1401 947 iu
1440 891 1800 963 Spiritualium
1846 888 2075 944 fratrum

483 985 895 1055 jncuudantium
930 986 1115 1040 laetitia
1139 986 1463 1054 requiescat.

564 1075 768 1130 Teneat
794 1074 953 1145 igitur
979 1074 1207 1143 rigidam
1237 1072 1291 1126 in
1316 1071 1692 1126 excedentium
1737 1071 2079 1141 correptione

491 1179 796 1229 censuram,
829 1178 927 1217 nec
948 1164 1184 1232 patiatur
1216 1162 1444 1230 apud‘se
1473 1170 1789 1217 consuetam
1820 1161 2083 1232 regularis

489 1254 751 1327 propositi
783 1262 1056 1323 tepescere
1086 1252 1446 1323 disciplinam.
1480 1252 1571 1306 llle
1614 1253 1685 1308 sit
1715 1252 1781 1307 ad
1812 1251 2080 1321 justitiam

490 1346 715 1417 rigidus,
743 1352 803 1400 ut
824 1345 990 1401 abbas
1009 1343 1178 1399 videri
1204 1343 1377 1398 valeat
1404 1343 1457 1396 in
1482 1342 1896 1398 mansuetudine
1926 1343 2080 1411 pius;

492 1436 584 1490 ille
616 1434 779 1491 instet
813 1436 1051 1504 exigere,
1080 1442 1141 1487 ut
1174 1434 1244 1488 sit
1278 1434 1420 1503 quod
1452 1431 1620 1487 abbas
1657 1442 1880 1501 paterna
1918 1433 2087 1502 possit

492 1528 697 1599 pietate
744 1528 964 1581 donare.
1013 1526 1227 1597 Moyses
1280 1525 1479 1595 quippe
1533 1534 1592 1578 ut
1643 1523 1815 1579 fidelis
1855 1522 2087 1577 famulus

493 1618 650 1675 nudae
689 1616 913 1686 iustitiae
939 1623 1207 1686 praecepta
1237 1615 1493 1680 tradidit;
1536 1613 1786 1671 Christus
1820 1621 1998 1666 autem
2032 1621 2089 1668 ut

493 1723 622 1763 vere
649 1708 771 1778 pius
799 1707 1079 1772 Dominus,
1111 1716 1341 1761 austerre
1375 1706 1508 1776 legis
1531 1706 1786 1759 duritiam
1825 1714 2090 1775 tempera-

492 1800 590 1854 vit.
638 1800 821 1854 Aaron
846 1814 997 1864 vero,
1050 1799 1140 1869 qui
1173 1799 1551 1869 praevaricanti
1596 1798 1794 1868 populo
1840 1812 1898 1853 se
1934 1798 2088 1867 quasi

2172 615 2448 686 pertinere
2486 614 2845 683 procinctum.
2885 613 3033 669 Unde
3066 624 3120 667 et
3165 614 3322 683 paulo
3353 623 3472 684 post
3505 616 3707 672 dicitur
3737 634 3754 671 :

2180 723 2207 756 ι
2236 704 2292 760 Si
2321 703 2561 759 exieritis
2580 704 2647 757 de
2676 711 2817 757 terra
2842 710 3020 757 vestra
3049 711 3235 757 contra
3281 705 3465 759 hostes
3485 705 3586 775 qui
3602 705 3775 761 dimi:

2175 810 2301 856 eant
2356 800 2613 855 adversus
2658 813 2782 865 vos,
2826 797 3087 867 clangetis
3137 797 3470 853 ululantibus
3500 800 3663 866 tubis,
3702 809 3764 857 et

2175 892 2280 948 erit
2309 890 2613 946 recordatio
2640 890 2806 945 vestri
2837 905 3021 944 coram
3053 886 3297 945 Domino
3315 892 3424 947 Deo
3452 903 3636 947 vestro
3654 934 3669 959 ,
3700 901 3766 949 ut

2177 981 2441 1039 eruamini
2469 980 2536 1035 de
2549 980 2798 1034 manibus
2825 978 3171 1035 inimicorum
3184 990 3487 1036 vestrorum
3510 982 3724 1054 (lbid.).
3737 1004 3761 1037 ι

2177 1074 2257 1128 Ad
2288 1086 2521 1143 pugnam
2557 1071 2756 1140 quippe
2779 1071 2932 1139 quasi
2973 1079 3149 1125 castra
3176 1073 3553 1126 contendimus
3571 1114 3587 1138 ,
3613 1088 3773 1139 cum,-

2181 1166 2238 1223 ut
2274 1164 2344 1216 ita
2370 1162 2568 1225 dicam,
2606 1160 2831 1230 psalturi
2853 1201 2867 1225 ,
2907 1161 3004 1215 vcl'
3033 1162 3239 1216 oraturi
3277 1165 3342 1217 ad
3373 1162 3653 1217 ecclesiam
3682 1165 3775 1219 fe-

2181 1254 2465 1308 stinanms.
2496 1251 2608 1305 Illic
2629 1250 2772 1304 enim
2803 1250 3144 1306 tenebrarum
3173 1251 3447 1322 principes
3475 1254 3768 1308 adversum

2183 1360 2282 1400 nos
2326 1343 2569 1398 feralitcr
2593 1343 2875 1409 dimicant,
2915 1352 2974 1396 ut
3002 1360 3099 1414 per
3121 1344 3398 1399 illusiones
3422 1348 3771 1416 phantasma-

2186 1446 2296 1490 tum
2343 1436 2412 1489 ab
2459 1434 2547 1489 bis
2583 1449 2705 1503 qua:
2760 1449 2857 1503 per
2916 1434 3056 1489 labia
3108 1434 3368 1499 deﬂuunt,
3422 1440 3773 1509 vagabunda's

2186 1535 2396 1580 mentes
2427 1532 2702 1578 avertant.
2756 1524 2820 1577 Et
2868 1539 2924 1578 re
2954 1540 3082 1579 vera
3113 1541 3276 1595 quam
3309 1528 3530 1597 pulchra
3560 1529 3770 1584 militia:

2187 1618 2414 1688 species,
2457 1616 2725 1686 praecipue
2756 1618 3226 1683 nocturnisboris,
3257 1636 3376 1673 cum
3398 1619 3596 1676 fratres
3613 1623 3770 1693 quasi

2192 1708 2445 1764 tubarum
2494 1707 2840 1778 clangoribus
2891 1709 3108 1764 excitati
3151 1726 3379 1765 cuneum
3431 1712 3673 1779 faciunt,
3716 1724 3775 1769 et

2196 1806 2452 1868 tanquam
2489 1798 2693 1852 directa
2732 1799 2848 1853 acie
2870 1812 3245 1869 properantes,
3292 1805 3504 1858 attoniti
3537 1805 3604 1858 ad
3644 1821 3781 1875 pro-

493 1890 837 1946 tractabilem
861 1891 1090 1961 praebuit
1119 1931 1133 1954 ,
1165 1907 1287 1946 cum
1318 1905 1384 1945 eo
1411 1891 1566 1945 simul
1599 1891 1663 1946 ad
1693 1890 1984 1961 sacrilegos
2013 1891 2089 1945 ri-
2123 1893 2164 1949 Β
2192 1893 2428 1948 cinctum
2473 1891 2638 1945 divini
2683 1893 3001 1949 certaminis
3049 1895 3391 1949 concorditer
3429 1896 3772 1967 gradiuntur.

494 1989 583 2037 tus
612 1979 750 2036 idola
780 1979 1081 2036 fabricavit.
1116 1979 1266 2035 Sicut
1292 1982 1698 2051 appendebatur
1731 1980 1908 2037 velum
1953 1990 2081 2036 ante

495 2088 676 2130 arcam
705 2071 945 2137 fmderis,
979 2073 1059 2128 sic
1083 2073 1234 2143 prior
1263 2074 1330 2128 ad
1360 2074 1631 2129 exteriora
1659 2088 1885 2143 qumque
1915 2088 2081 2143 nego-

494 2165 572 2225 tia
597 2164 751 2234 quasi
781 2162 1048 2234 quoddam
1093 2165 1163 2217 sit
1193 2171 1404 2234 tegmen
1434 2164 1666 2219 abbatis.
1698 2164 1791 2219 llle
1816 2165 2083 2235 siquidem

494 2253 807 2324 pulveribus
835 2253 901 2307 dc
923 2252 1104 2308 saeculi
1137 2254 1221 2307 via
1252 2254 1601 2323 surgentibus
1637 2269 1851 2323 semper
1872 2253 2089 2323 exposi—

496 2351 586 2403 tus
610 2340 821 2408 obviet;
867 2343 969 2400 iste
1005 2342 1152 2398 velut
1187 2358 1312 2398 arca
1355 2344 1565 2399 Domini
1628 2345 1680 2397 in
1738 2345 1820 2399 sui
1866 2343 2089 2414 fulgoris

500 2434 761 2489 munditia
786 2434 989 2507 iugiter
1018 2443 1351 2505 perseveret.
1386 2434 1477 2489 Ille
1525 2443 1776 2505 tanquam
1821 2435 1998 2489 Aaron
2026 2450 2088 2490 os

501 2524 718 2581 abbatis
760 2524 936 2581 factus
968 2564 984 2591 ,
1043 2525 1296 2594 loquatur
1339 2526 1405 2580 ad
1447 2527 1730 2596 populum;
1787 2528 1888 2583 iste
1950 2528 2089 2583 sicut

501 2618 734 2690 Moyses,
758 2617 812 2675 in
838 2618 923 2673 bis
949 2632 1069 2688 quae
1099 2617 1167 2672 ad
1193 2618 1361 2672 Deum
1392 2618 1684 2687 pertinent,
1720 2619 1917 2674 divinis
1954 2618 2089 2674 allo-

502 2708 647 2783 quiis
695 2706 1026 2778 perfruatur.
1078 2707 1317 2779 Utcrque
1361 2707 1524 2778 igitur
1569 2709 1621 2763 in
1678 2708 1839 2779 307
1883 2709 2091 2764 unitate

502 2801 726 2871 Spiritus
743 2801 1060 2857 alterutrum
1090 2810 1500 2868 concurrentes,
1533 2801 1713 2868 talem,
1755 2802 1799 2856 si
1837 2801 2090 2873 possibile

501 2899 606 2967 est,
639 2891 749 2946 Deo
790 2891 1029 2947 sobolem
1056 2891 1322 2956 nutriant,
1350 2890 1436 2946 cui
1463 2891 1514 2946 in
1545 2889 1634 2959 jus
1659 2890 1897 2949 caelestis
1920 2892 2091 2948 lucre-

503 2981 687 3042 ditatis
712 2983 961 3054 ascripta:
981 2982 1273 3054 posteritas
1293 2982 1438 3037 nulla
1466 2982 1740 3037 succedat.

1072 3072 1301 3128 CAPUT
1341 3071 1501 3127 XVII.

917 3165 994 3220 De
1018 3164 1375 3235 signiﬁcatam
1400 3164 1670 3218 horarum.

2185 1982 2319 2038 Cum
2346 1982 2597 2037 videlicet
2626 1997 2917 2052 puerorum
2944 1983 3023 2037 ala
3049 1985 3328 2055 praecedit.
3356 1985 3616 2053 juvenum
3641 2000 3789 2043 vero'

2188 2087 2443 2147 tanquam
2499 2076 2907 2147 manipulorum.
2963 2086 3140 2132 turma
3204 2079 3585 2149 subsequitur;
3623 2089 3788 2150 post-

2188 2181 2338 2221 rema
2394 2177 2574 2221 autem
2631 2167 2874 2238 legentes
2918 2168 3145 2240 vestigia
3210 2184 3389 2235 senes,
3440 2170 3565 2226 belli
3626 2172 3781 2227 scili-

2188 2267 2276 2312 cet
2335 2257 2543 2321 robur,
2598 2272 2668 2311 ue
2715 2257 2963 2312 subsidat
3018 2259 3250 2329 aliquis,
3320 2275 3401 2315 ne-
3449 2261 3549 2315 vel
3602 2261 3789 2317 hostis

2191 2346 2424 2402 furtivus
2480 2348 2801 2419 immergat,
2855 2351 3022 2405 totius
3073 2352 3347 2407 exercitus
3394 2360 3543 2424 terga
3595 2362 3780 2409 custo-

2189 2440 2363 2496 diunt.

2260 2531 2434 2599 Adde,
2459 2534 2600 2602 quod
2649 2533 2865 2596 laterna
2915 2534 2967 2588 in
3027 2534 3204 2604 prima
3242 2532 3365 2590 belli
3412 2535 3591 2592 fronte
3641 2551 3780 2605 prae-

2191 2621 2399 2689 fertur,
2439 2634 2500 2678 ut
2535 2624 2785 2679 columna
2838 2625 3118 2696 ignisper
3156 2627 3430 2680 desertum
3472 2627 3781 2695 praecedere

2192 2714 2447 2784 populum
2505 2716 2787 2786 aptissima
2844 2715 3197 2772 similitudine
3254 2718 3521 2772 videatur.
3575 2716 3668 2773 Sic
3705 2717 3785 2771 ni-

2193 2808 2387 2862 mirum
2426 2848 2441 2873 ,
2510 2810 2589 2864 sic
2657 2809 2916 2864 centuria:
2966 2808 3171 2865 Christi
3244 2810 3312 2864 ad
3387 2810 3789 2865 comedendum-

2192 2897 2417 2955 cmleste
2466 2913 2693 2963 manna;
2747 2900 2827 2954 sic
2877 2900 2943 2953 ad
2992 2900 3339 2955 obtinendam
3385 2910 3582 2955 terram
3616 2900 3796 2972 308

2193 2986 2334 3043 lacte
2361 2988 2624 3058 mclleque
2647 2999 2954 3045 manantem
2976 3005 3117 3045 verte
3147 2990 3456 3046 Israelitica:
3482 3003 3779 3062 properant

2194 3077 2453 3148 legiones.
2481 3078 2869 3151 Clangentibus
2895 3096 3128 3151 namque
3168 3078 3313 3138 tubis
3342 3082 3410 3137 ad
3456 3085 3791 3139 tabernacu-

2194 3169 2306 3225 lum
2338 3169 2563 3228 ftederis
2590 3182 2901 3243 properant,
2932 3182 2992 3229 ut
3017 3176 3168 3230 verbi
3198 3175 3437 3232 caelestis
3466 3175 3573 3231 illic
3593 3176 3783 3246 epulas

570 3254 788 3311 Noverit
814 3263 993 3310 autem
1019 3253 1354 3324 significatur
1376 3254 1653 3317 horarum,
1679 3254 1805 3324 quia
1828 3254 1956 3309 nulli
1983 3269 2097 3308 ma-
2123 3252 2166 3313 C
2199 3263 2507 3328 comedam,
2533 3271 2588 3317 et
2614 3263 2943 3319 sacriﬁcium
2972 3264 3147 3320 laudis
3171 3264 3303 3333 Deo,
3334 3281 3399 3322 ac
3419 3266 3575 3321 bona:
3594 3265 3792 3321 volun-

502 3347 584 3414 gis
612 3346 665 3400 in
694 3345 1023 3401 monasterio
1054 3353 1137 3399 est
1164 3344 1366 3398 oblivio
1393 3342 1668 3414 fugienda,
1691 3359 1852 3414 quam
1876 3345 1998 3400 sibi.
2029 3344 2087 3400 Si

501 3439 647 3495 enim
688 3437 975 3493 articulum
1021 3452 1177 3492 suum
1218 3436 1507 3506 cujuslibet
1534 3437 1757 3508 synaxis
1794 3437 1950 3502 liora,
2002 3437 2087 3491 vel

501 3540 803 3601 praeventa,
831 3528 916 3585 vel
948 3528 1113 3584 dilata
1144 3543 1249 3583 non
1284 3535 1483 3593 teneat,
1512 3543 1727 3584 onmem
1772 3529 1963 3598 procul
1991 3529 2089 3583 du-

505 3621 592 3675 bio
622 3621 871 3675 horarum
904 3619 1307 3677 succedentium
1323 3620 1564 3675 ordinem
1591 3620 1790 3675 turbat.
1816 3619 1932 3677 Non
1961 3636 2090 3690 ergo

505 3709 701 3763 fabulis
743 3718 917 3779 vacet,
949 3724 1055 3764 non
1103 3709 1259 3778 longa
1300 3724 1422 3762 cum
1462 3710 1644 3778 aliquo
1683 3709 1945 3778 colloquia
1992 3711 2093 3762 mi-

506 3809 676 3870 sceat,
705 3818 809 3857 non
847 3802 1080 3871 denique
1110 3801 1238 3872 quid
1272 3816 1303 3855 a
1325 3800 1672 3856 szccularibus
1699 3809 1890 3870 agatur
1917 3800 2093 3868 inqui-

508 3901 623 3960 rat;
650 3891 741 3946 scd
762 3892 1066 3945 commissa:
1079 3891 1179 3945 sibi
1204 3906 1348 3945 curae
1371 3905 1587 3958 semper
1610 3890 2095 3958 intentus,scmpcr

508 3983 1119 4054 providus,scmperque
1148 3982 1423 4045 sollicitus,
1453 3981 1703 4036 volubilis
1729 3982 1953 4051 sphaerae
1997 3994 2092 4034 nc-

495 4073 815 4133 .cessitatem
840 4073 1122 4142 quiescere
1144 4072 1494 4136 nescientem,
1520 4071 1757 4126 siderum
1789 4072 2092 4137 transitum,

507 4171 562 4219 et
589 4162 855 4219 elabcntis
887 4166 1146 4234 temporis
1186 4164 1477 4219 meditetur
1524 4177 1739 4233 semper
1780 4177 2092 4217 excursum.

508 4257 679 4313 Porro
711 4257 972 4329 psallendi
999 4259 1100 4313 sibi
1119 4258 1290 4335 faciat
1318 4237 1785 4320 consuetudinem,
1819 4257 1862 4311 si
1890 4257 2087 4312 discer-

509 4350 673 4405 nendi
701 4351 864 4405 horas
883 4350 1251 4420 quotidianam
1268 4350 1469 4405 habere
1491 4349 1763 4404 desiderat
1787 4350 2092 4404 notionem:

509 4452 569 4497 ut
598 4442 1031 4512 quandocunque
1080 4441 1209 4496 solis
1251 4440 1489 4504 claritas,
1534 4440 1650 4495 sive
1697 4439 1976 4494 stellarum
2005 4455 2095 4492 va-

461 4550 469 4555 ·
508 4531 676 4589 victas
711 4529 931 4582 nubium
959 4529 1227 4584 densitate
1256 4544 1362 4583 non
1396 4529 1656 4593 cernitur,
1686 4529 1794 4583 illic
1826 4529 1877 4582 in
1918 4544 2091 4597 quan-

457 4644 466 4651 -
510 4623 666 4703 titate
687 4621 1019 4692 psalmodiae,
1044 4636 1205 4691 quam
1237 4621 1491 4686 tenuerit,
1521 4622 1787 4689 quoddam
1817 4620 1915 4674 sibi
1954 4620 2098 4675 velut

514 4719 853 4790 horologium
876 4718 1151 4773 metiatur.
1182 4718 1471 4773 Enimvero
1498 4731 1614 4771 mos
1635 4756 1650 4781 ,
1674 4725 1734 4770 ut
1759 4715 2003 4771 homines
2030 4716 2098 4769 ad

508 4808 812 4874 ecclesiam,
865 4807 990 4863 dum
1030 4806 1313 4879 pulsantur
1350 4805 1706 4861 tintinnabula
1730 4845 1746 4872 ,
1769 4820 2098 4876 congregen—

512 4908 623 4966 tur,
650 4914 715 4955 ex
741 4900 978 4969 antiquae
1006 4897 1140 4968 legis
1170 4897 1401 4968 mystica
1442 4897 1734 4952 traditione
1769 4896 2053 4952 descendit
2078 4936 2093 4960 ,

505 4989 727 5059 jubente
754 4990 983 5044 Domino
1020 4988 1192 5059 Moysi
1221 5002 1236 5043 :
1271 5006 1289 5042 ι
1324 4988 1435 5044 Fac
1473 4988 1590 5053 tibi,
1623 4987 1820 5057 inquit,
1854 4986 1990 5043 duas
2014 4996 2095 5042 tu-

510 5081 608 5140 bas
653 5091 939 5150 argenteas
987 5081 1254 5147 ductiles,
1316 5081 1513 5153 quibus
1561 5095 1861 5137 convocare
1923 5081 2098 5151 possis

512 5170 931 5237 multitudinem,
968 5171 1187 5241 quando
1225 5172 1489 5229 movenda
1532 5179 1659 5227 sunt
1685 5180 1862 5228 castra
1900 5190 1912 5227 :
1947 5188 2098 5227 cum-

513 5277 618 5330 que
648 5262 981 5333 increpueris
1011 5264 1184 5331 tubis,
1235 5265 1659 5337 congregabitur
1710 5266 1777 5319 ad
1821 5273 1872 5321 te
1917 5265 2096 5320 omnis

516 5353 670 5408 turba
701 5354 768 5407 ad
789 5354 986 5409 ostium
1005 5356 1336 5411 tabernaculi
1360 5355 1579 5413 ftederis
1605 5356 1796 5426 (Num.
1816 5355 1895 5428 ι).
1930 5376 1948 5408 υ
1986 5355 2097 5411 Sic-

514 5454 574 5500 ut
619 5445 762 5501 enim
794 5453 925 5500 tunc
981 5445 1274 5503 Israelitica
1296 5446 1447 5518 plebs
1485 5462 1609 5501 cum
1654 5446 1797 5503 tubis
1817 5446 1886 5503 ad
1914 5444 2096 5500 taber-

513 5539 764 5596 naculum
786 5538 1108 5606 conﬂuebat,
1140 5540 1215 5595 ita
1235 5542 1399 5597 etiam
1425 5556 1570 5598 nunc
1598 5540 1838 5597 ﬁdelium
1867 5537 2098 5611 populus

515 5630 580 5684 ad
614 5629 921 5697 ecclesiam,
969 5630 1153 5686 audito
1194 5631 1681 5689 tintinnabulorum
1717 5632 1990 5702 clangore,
2022 5630 2099 5686 fe-

515 5721 699 5777 Stinat.

588 5811 773 5883 Neque
800 5815 901 5871 hoc
924 5814 1216 5887 discrepat,
1233 5814 1376 5886 quod
1398 5814 1470 5869 illi
1497 5813 1752 5869 dicuntur
1777 5820 1954 5869 castra
1983 5827 2096 5866 mo-

2128 4591 2177 4645 Ι)

2198 3351 2325 3406 tatis
2349 3360 2475 3407 vota
2507 3352 2839 3422 persolvant.
2874 3352 3026 3409 Unde
3049 3361 3105 3409 et
3142 3354 3341 3409 ibidem
3386 3370 3490 3409 non
3534 3355 3795 3411 inconve-

2194 3441 2410 3496 nienter
2434 3441 2650 3496 additur
2679 3460 2692 3495 :
2729 3459 2749 3494 ι
2787 3441 2843 3498 Si
2872 3443 3105 3512 quando,
3135 3444 3329 3514 inquit,
3359 3444 3626 3500 habebitis
3655 3461 3792 3515 epue

2194 3530 2304 3586 lum
2338 3532 2405 3586 ad
2434 3532 2548 3587 dies
2579 3531 2745 3588 festos
2772 3542 2826 3588 et
2870 3534 3136 3589 Kalendas
3156 3575 3171 3600 ,
3203 3535 3412 3590 canetis
3440 3549 3605 3605 super
3635 3534 3793 3591 bolo-

2195 3622 2420 3689 caustis,
2449 3631 2501 3677 et
2543 3624 2785 3692 pacificis
2817 3626 3078 3691 victimis;
3117 3635 3176 3680 ut
3202 3626 3312 3682 sint
3337 3626 3493 3683 vobis
3521 3627 3575 3681 in
3608 3642 3788 3682 recor-

2196 3709 2467 3764 dationem
2523 3710 2619 3766 Dei
2678 3713 2843 3770 vestri
2896 3713 3086 3784 (Num.
3132 3712 3211 3783 χ).
3244 3732 3264 3766 ι
3320 3713 3376 3767 1η
3416 3714 3502 3769 bis
3532 3715 3697 3783 igitur
3730 3724 3795 3773 et

2198 3799 2506 3869 hujusmodi
2556 3805 2734 3859 verbis
2779 3804 3117 3873 signiﬁcator
3169 3806 3424 3859 horarum
3488 3806 3789 3874 prudenter

2200 3893 2478 3959 advertat,
2511 3911 2674 3965 quam
2713 3897 2924 3967 vigilem
2944 3937 2957 3963 ,
2988 3912 3259 3967 quamque
3295 3896 3582 3951 sollicitum
3614 3897 3668 3951 in
3694 3912 3791 3952 as-

2199 3986 2407 4056 signato
2437 3987 2538 4041 sibi
2570 3988 2872 4042 ministerio
2901 4004 3020 4044 esse
3050 4003 3265 4059 semper
3283 3997 3550 4059 oporteat,
3575 4003 3644 4043 ne
3675 3997 3789 4043 tan-

2200 4087 2313 4130 tum
2357 4078 2612 4132 videlicet
2664 4094 2800 4148 opus
2845 4094 2943 4150 per
2981 4078 3102 4149 ejus
3144 4080 3407 4136 incuriam
3454 4079 3539 4134 sui
3581 4078 3795 4139 ordinis

2200 4176 2401 4223 statuta
2427 4167 2743 4224 confundat.

2768 4260 2996 4316 CAPUT
3035 4260 3221 4315 XVIII.

2713 4350 2785 4404 De
2828 4368 3020 4406 mensa:
3064 4353 3274 4408 lectore.

2270 4441 2470 4496 Mensa:
2517 4442 2689 4495 lector
2720 4440 2947 4497 sollicita
2993 4442 3428 4496 consideratione
3461 4440 3791 4511 perpendat,

2202 4546 2363 4603 quam
2399 4534 2673 4598 distincte,
2700 4548 2862 4602 quam
2895 4544 3111 4603 aperte,
3140 4549 3304 4603 quam
3331 4533 3561 4603 denique
3593 4530 3792 4587 intelli-

2204 4623 2441 4695 gibiliter
2469 4624 2645 4694 legere
2667 4624 2880 4678 debeat.
2910 4623 3353 4694 Quandoquidem
3378 4639 3498 4679 cum
3534 4620 3793 4678 refectio-

2206 4728 2273 4767 ne
2326 4728 2655 4783 corporum,
2717 4713 2805 4768 ille
2857 4714 3109 4783 pabulum
3174 4713 3392 4769 exhibet
3459 4712 3789 4767 animarum.

2206 4802 2355 4858 Dixit
2392 4803 2720 4873 Apostolus:
2761 4823 2778 4855 ι
2832 4804 2965 4858 Esca
3008 4804 3220 4868 ventri,
3273 4814 3328 4858 et
3380 4811 3568 4857 venter
3611 4801 3791 4868 escis;

2206 4894 2348 4950 Deus
2378 4905 2558 4951 autem
2592 4896 2767 4958 htmc,
2810 4904 2865 4949 et
2899 4896 3044 4949 illam
3098 4897 3341 4955 destruet
3386 4895 3437 4966 (l
3474 4894 3602 4949 Cor.
3630 4893 3726 4964 VI).
3764 4912 3793 4946 ι

2206 4985 2312 5040 Per
2336 4986 2473 5041 alios
2522 4986 2685 5056 igitur
2726 4984 2949 5041 oﬂertur
2977 5001 3099 5041 esca
3130 4986 3471 5055 corporibus,
3506 5000 3628 5054 quae
3664 4999 3795 5043 mox

2207 5077 2261 5135 in
2291 5078 2632 5148 putredinem
2664 5078 2895 5132 vertitur
2925 5095 2938 5131 :
2971 5093 3068 5149 per
3095 5078 3240 5133 hunc
3266 5078 3443 5131 divina
3475 5076 3796 5131 ministram

2205 5179 2295 5226 tur
2319 5171 2555 5241 eloquia,
2585 5186 2705 5240 qua:
2732 5169 2871 5225 coelo
2892 5171 3055 5224 etiam
3082 5178 3334 5238 terraque
3359 5164 3794 5231 transeuntibus,

2204 5276 2310 5316 non
2347 5260 2669 5316 transibunt.
2703 5257 2794 5314 Sic
2816 5274 2944 5329 ergo
2975 5259 3259 5328 legendum
3288 5267 3391 5319 est,
3426 5267 3487 5309 ut
3514 5258 3640 5309 dum
3661 5267 3794 5309 eam

2203 5369 2298 5417 sua
2332 5353 2474 5422 stipe
2510 5352 2782 5416 reficitur,
2819 5351 2997 5405 anima
3030 5364 3247 5423 quoque
3287 5345 3597 5401 «mlestibus
3618 5342 3795 5414 epulis

2204 5444 2501 5514 saginetur.

2271 5534 2505 5606 Legatur
2543 5533 2728 5602 itaque
2790 5549 2896 5589 nou
2953 5531 3172 5596 lectori,
3215 5529 3311 5585 sed
3370 5525 3638 5589 auditori;
3688 5537 3793 5579 nec

2200 5634 2499 5697 aucupetur
2540 5625 2772 5694 propria:
2807 5623 3145 5679 rumusculos
3194 5622 3379 5683 famaz,
3410 5619 3504 5675 sed
3550 5616 3791 5672 aediﬁca-

2199 5720 2329 5775 tioni
2360 5718 2540 5788 potius
2579 5716 2826 5772 consulat
2875 5716 3082 5771 alienae.
3115 5713 3224 5769 Nec
3264 5721 3416 5768 curet
3448 5710 3575 5780 quid
3600 5707 3669 5762 de
3712 5706 3793 5760 le-

2198 5819 2347 5868 ctore
2391 5807 2527 5875 dici,
2580 5804 2673 5862 sed
2726 5805 2855 5875 quid
2909 5806 2974 5861 de
3027 5804 3253 5860 lectione
3309 5800 3479 5873 possit
3536 5794 3785 5867 intelligi.
