4110 5364
331 314 435 370 517

1184 304 1424 362 OPUSC.
1469 307 1600 362 XIII.
1643 337 1708 346 ——
1738 306 1822 360 DE
1862 303 2336 362 PERFECTIONE
2373 307 2681 365 MONACiI.

3487 285 3605 374 ω’

333 421 626 480 Edentibus
662 420 825 473 etiam
872 418 1265 487 suggerendum
1309 427 1422 482 est,
1467 428 1522 473 ut
1560 419 1636 473 sic
1664 418 1909 471 refectio-
1939 421 1982 476 Α
2017 428 2120 480 tur,
2149 417 2194 472 si
2227 418 2455 488 singulis
2478 420 2780 490 quibusque
2807 425 3081 491 membris,
3112 443 3215 484 non
3241 431 3384 500 quod
3407 432 3596 487 volun—

333 531 453 569 nem
499 512 762 568 sobrietas
810 517 1102 577 temperet,
1149 516 1416 578 quatenus
1467 507 1906 564 eommoleutium

330 607 592 676 strepitus
645 604 880 657 faucium
926 610 1136 657 meatus
1165 603 1373 656 aurium
1415 618 1519 657 non
1550 603 1781 656 obturet.
1819 601 1911 656 Sic

330 693 619 752 mediatrix
657 693 798 747 inter
826 706 886 746 os
921 701 974 747 et
1002 707 1241 746 mensam
1277 707 1465 746 manus
1489 692 1691 747 scilicet
1730 692 1913 746 mode-

331 798 450 840 rata
494 786 793 848 discurrat,
829 785 905 839 sic
932 799 991 839 se
1032 782 1133 838 sub
1173 786 1435 855 gravitate
1465 785 1616 840 freno
1652 800 1910 854 suspensa

329 877 610 939 cohibeat,
645 887 703 929 ut
742 875 866 928 dum
902 883 1113 929 terrena
1143 889 1238 944 per
1278 874 1461 929 fauces
1494 891 1615 929 esea
1654 876 1910 941 trahitur,

329 979 670 1033 nequaquam
705 979 733 1016 a
760 963 958 1017 divinis
981 962 1228 1031 jejunare
1258 963 1484 1032 dapibus
1525 964 1772 1020 esuriens
1797 964 1913 1018 ani-

330 1068 416 1107 ma
447 1053 817 1122 compellatur.

917 1141 1144 1197 CAPUT
1184 1141 1326 1196 XIX.

411 1230 624 1296 Quanta
654 1230 981 1285 cellerarium
1013 1242 1246 1300 oporteat
1276 1233 1585 1287 discretione
1615 1233 1829 1303 pollere.

402 1321 725 1376 Cellerarius
748 1331 946 1388 autem,
972 1324 1096 1392 quia
1127 1325 1279 1392 quasi
1308 1333 1462 1393 pater
1481 1326 1806 1378 constitutus
1829 1334 1911 1378 est

331 1422 670 1486 monasterii,
697 1421 855 1476 debet
879 1421 1110 1476 oiiicium
1134 1423 1235 1477 sibi
1260 1424 1605 1478 commissum
1636 1432 1778 1478 tanta
1797 1424 1910 1478 dis-

329 1513 664 1582 pensationis
702 1523 818 1566 arte
851 1528 1142 1583 peragere,
1178 1523 1235 1568 ut
1270 1529 1485 1568 manum
1529 1524 1585 1568 et
1623 1515 1912 1585 aperiendo

329 1606 683 1677 substringat,
709 1613 762 1660 et
801 1607 1110 1677 stringentia
1137 1607 1402 1662 discretus
1436 1607 1680 1676 aperiat;
1717 1617 1908 1676 quate-

331 1714 432 1753 nus
475 1699 530 1752 in
558 1714 624 1754 eo
653 1707 711 1754 et
757 1714 919 1768 parca
963 1700 1033 1753 sit
1073 1699 1328 1766 largitas,
1369 1709 1423 1754 et
1470 1701 1708 1768 parcitas
1737 1699 1905 1771 larga.

2013 521 2095 564 tas
2141 513 2310 566 ambit
2394 513 2486 566 sed
2547 513 2690 580 quod
2747 518 3040 574 necessitas
3091 523 3334 592 expetit,
3399 524 3596 596 imper-

2014 605 2196 658 tiatur.

2604 694 2832 750 CAPUT
2871 696 2991 751 XX.

2485 787 2784 840 Admonitio
2813 805 3115 856 puerormu.

2083 877 2252 932 Porro
2282 886 2484 941 autem,
2516 879 2641 947 quia
2694 887 2862 932 totum
2916 880 3092 934 sancti
3145 880 3306 949 hujus
3351 884 3592 939 emnoliii

2012 983 2232 1040 corpus,
2259 968 2407 1022 velut
2456 969 2701 1023 extensis
2747 969 3068 1039 quibusdam
3120 971 3345 1028 fraterni
3395 975 3596 1032 amoris

2015 1061 2156 1115 ulnis
2186 1060 2604 1130 amplectimur,
2659 1070 2832 1114 ratum
2879 1060 3166 1128 ducimus,
3218 1065 3332 1134 ipsa
3384 1080 3600 1136 quoque

2011 1161 2228 1210 mtatum
2259 1160 2530 1206 momenta
2563 1151 2918 1219 distinguere,
2943 1160 2997 1206 et
3046 1162 3303 1222 tanquam
3354 1169 3590 1225 congru-

2012 1245 2156 1300 entia
2209 1241 2456 1311 quazdam
2507 1242 2934 1297 admonitionum
3006 1242 3320 1298 indumenta
3371 1244 3600 1315 singulis

2012 1336 2318 1404 quibusque
2345 1334 2604 1389 membris
2631 1343 2839 1402 aptare.
2873 1333 2943 1390 Ut
2984 1335 3152 1405 igitur
3178 1336 3246 1391 ab
3294 1335 3599 1406 incipienti-

2012 1429 2112 1482 bus
2138 1429 2416 1482 ordiamur
2446 1445 2460 1482 :
2496 1428 2798 1482 instruendi
2825 1429 2975 1491 estis,
3011 1444 3044 1483 0
3071 1430 3222 1498 pueri
3249 1470 3263 1494 ,
3296 1431 3421 1500 quia
3456 1445 3598 1484 nttnc

2013 1526 2143 1571 tetas
2173 1527 2354 1572 vestra
2383 1532 2537 1572 cerea
2564 1527 2689 1570 est:
2723 1526 2781 1572 et
2823 1518 2964 1572 sicut
3013 1519 3184 1572 teneri
3239 1519 3415 1574 adhuc
3466 1519 3600 1574 estis

2013 1612 2068 1667 in
2106 1612 2403 1683 pusillitate
2428 1611 2815 1678 membrorum,
2833 1611 2908 1666 ita
2933 1612 3096 1666 etiam
3121 1614 3308 1682 utique
3333 1613 3600 1669 ﬂexibiles

2012 1701 2421 1757 diversitatibus
2450 1716 2684 1756 morum.
2715 1700 3103 1770 Quantumque
3151 1716 3182 1755 a
3213 1703 3379 1756 ramis
3418 1703 3599 1756 adhuc

332 1788 685 1860 Summopere
708 1791 905 1861 quippe
933 1779 1231 1844 cavendum
1260 1798 1372 1855 est,
1403 1806 1469 1846 ne
1491 1791 1810 1860 parcitatem
1837 1799 1915 1844 te-
1947 1779 1988 1836 Β
2017 1793 2388 1865 Pythagorica:
2419 1792 2615 1847 litterae
2645 1792 2835 1862 procul
2869 1792 3028 1863 agitis
3055 1832 3069 1856 ,
3120 1800 3272 1846 tanto
3323 1791 3599 1848 faciliores

330 1882 572 1946 nacitas,
609 1881 913 1952 largitatem
966 1880 1156 1936 ell'usio
1209 1883 1518 1936 mentiatur.
1569 1880 1724 1951 Smpe
1767 1881 1910 1936 enim

331 1971 522 2026 vitium
569 1972 789 2026 virtutis
831 1986 889 2026 se
920 1973 1100 2042 specie
1146 1970 1347 2040 palliat,
1398 1980 1708 2040 quantoque
1759 1969 1911 2038 quasi

331 2057 534 2114 bonum
580 2076 700 2115 esse
739 2062 884 2130 quod
921 2061 1119 2114 malum
1167 2070 1252 2115 est
1293 2061 1552 2124 cernitur,
1600 2068 1749 2113 tanto
1778 2058 1913 2112 ditii-

334 2149 490 2206 cilius
532 2151 873 2206 emendatur.
923 2150 1105 2204 Bonus
1159 2160 1335 2203 autem
1383 2150 1792 2204 administrator
1835 2148 1913 2202 sic

335 2241 614 2312 dispensat
674 2243 979 2297 necessaria
1036 2256 1354 2310 corporum,
1410 2250 1468 2294 ut
1536 2240 1694 2295 saluti
1751 2240 1911 2294 etiam

328 2334 580 2387 consulat
639 2332 980 2396 animarum;
1045 2331 1170 2401 quia
1248 2340 1304 2386 et
1365 2333 1638 2401 parcendo
1711 2333 1914 2387 sobrie-

333 2431 502 2480 tatem
543 2424 752 2487 nutrit,
805 2433 860 2477 et
907 2423 1182 2493 largiendo
1242 2423 1684 2476 murmurationis
1724 2422 1912 2476 vitium

332 2531 402 2569 ne
447 2515 677 2580 oriatur,
723 2514 958 2568 obsistit.
1014 2514 1168 2582 Sarpe
1212 2513 1357 2567 enim
1413 2516 1492 2585 (ut
1537 2512 1622 2566 vir
1686 2513 1914 2583 prudeuo

337 2605 582 2660 tissimus
645 2605 762 2675 ait)
815 2603 1137 2658 liberalitate
1193 2603 1493 2658 liberalitas
1538 2603 1703 2674 perit,
1753 2602 1916 2673 309

331 2697 582 2752 videlicet
609 2707 661 2751 ct
689 2711 809 2750 cum
852 2712 936 2750 res
965 2706 1018 2750 et
1062 2713 1164 2750 non
1210 2695 1570 2766 indigentibus
1623 2697 1914 2749 indiscrete

327 2787 696 2858 profunditur,
745 2788 970 2857 ideoque
1013 2789 1140 2858 quid
1179 2803 1309 2842 vere
1357 2788 1724 2857 indigentibus
1778 2787 1910 2839 dan-

332 2880 456 2934 dum
476 2879 566 2944 sit,
604 2879 946 2948 postmodum
987 2894 1092 2933 non
1121 2880 1377 2933 habetur.

400 2970 569 3026 Debet
597 2972 990 3043 itaquegnegari
1024 2971 1352 3053 superﬂuum
1390 2972 1611 3035 nostris,
1645 2981 1701 3025 ut
1727 2986 1910 3039 super—

331 3061 400 3116 sit
430 3062 570 3116 unde
597 3063 837 3117 cbaritas
894 3063 1236 3132 impendatur
1265 3061 1913 3117 'extraneis.'Nehemias

2014 1886 2166 1947 estis,
2195 1885 2279 1940 vel
2305 1885 2358 1938 in
2392 1884 2670 1938 dexteram
2697 1883 2880 1953 dirigi,
2936 1882 3020 1936 vel
3053 1883 3105 1936 in
3147 1882 3381 1938 sinistra:
3430 1883 3601 1953 partis

2013 1975 2273 2045 proclivia
2330 1973 2664 2043 detorqueri.
2717 1973 2820 2028 Sed
2873 1973 2919 2028 si
2976 1974 3117 2030 inter
3170 1989 3364 2029 manus
3440 1973 3590 2046 figuli

2014 2067 2187 2135 plasta
2226 2064 2416 2118 vitium
2445 2063 2688 2117 Iaesionis
2721 2062 2995 2125 incurrit,
3047 2063 3148 2117 nisi
3179 2070 3376 2132 prmsto
3425 2065 3592 2118 corri-

2015 2159 2175 2229 gitur,
2209 2165 2495 2226 postquam
2529 2155 2595 2208 ad
2630 2155 2802 2208 instar
2848 2153 3042 2222 lapidis
3083 2153 3403 2208 obduruerit
3427 2194 3441 2219 ,
3491 2167 3598 2208 non

2017 2247 2282 2302 medetur.
2317 2245 2375 2299 Si
2405 2243 2612 2314 virgula
2667 2257 2732 2297 ex
2775 2242 2948 2312 prima
3003 2242 3183 2297 radice
3225 2257 3600 2305 succreseens,

2016 2340 2067 2393 in
2097 2338 2374 2405 obliquum
2405 2350 2463 2390 se
2509 2333 2750 2404 qualibet
2789 2333 3077 2388 occasione
3123 2341 3480 2404 retorqueat,
3533 2337 3602 2390 ad

2014 2427 2392 2482 rectitudinem
2424 2439 2698 2493 nunquam
2733 2433 2961 2485 remeat,
2985 2424 3028 2478 si
3059 2424 3339 2493 aliquanto
3389 2424 3597 2479 diutius

2017 2520 2068 2573 in
2097 2519 2285 2572 eadem
2332 2516 2651 2584 obliquitate
2698 2514 3081 2582 perdurat;et
3131 2515 3259 2584 quia
3302 2524 3363 2570 ut
3404 2517 3602 2571 hastile

2014 2611 2357 2680 sit,iudigua
2391 2608 2721 2672 decernitur,
2773 2606 3006 2662 flammis
3035 2605 3294 2664 edacibus
3341 2609 3601 2680 pabulum

2015 2701 2324 2770 deputatur.

2085 2795 2284 2849 Cavete
2334 2808 2502 2864 ergo,
2553 2808 2620 2847 ne
2667 2791 2858 2846 vitium
2906 2791 3126 2860 aliquod
3172 2800 3413 2848 vestrum
3469 2808 3596 2848 cum

1927 2895 1932 2898 '
2013 2881 2178 2952 διο
2226 2881 2558 2934 incremento
2606 2879 2846 2946 corporis
2886 2877 3044 2932 simul
3087 2866 3333 2944 adolcat;
3366 2893 3434 2932 ne
3475 2893 3602 2947 pra-

2013 2971 2196 3025 vitatis
2251 2967 2537 3036 cujuslibet
2593 2967 2646 3021 in
2701 2967 2852 3020 vobis
2909 2966 3189 3020 nodositas
3236 2965 3598 3030 obdurescat;

2015 3061 2107 3114 sed
2156 3060 2274 3114 sitis
2322 3071 2448 3112 vasa
2501 3072 2605 3111 non
2665 3057 2718 3110 iu
2774 3057 3156 3110 contumeliam
3199 3096 3214 3122 ,
3267 3057 3362 3111 sed
3408 3056 3460 3109 in
3506 3056 3603 3110 ho-

331 3152 478 3206 enim
507 3159 564 3206 ut
602 3152 880 3206 venientes
912 3167 1152 3221 quosque
1183 3152 1248 3207 de
1294 3153 1546 3219 gentibus
1593 3167 1690 3222 per
1733 3153 1906 3206 cirau-
1939 3141 1983 3200 C
2017 3164 2199 3203 norem
2269 3148 2407 3203 facta
2451 3187 2466 3212 ,
2523 3155 2683 3215 atque
2737 3147 2788 3200 in
2847 3147 3004 3200 domo
3067 3146 3276 3200 Domini
3330 3147 3384 3200 in
3443 3160 3605 3201 omne

329 3239 462 3295 itum
484 3241 537 3294 in
564 3242 866 3296 convictum
891 3243 1120 3311 propriae
1146 3258 1344 3297 mensae
1363 3241 1728 3313 suseipiat(ll
1749 3241 1907 3296 Esdr.

328 3333 408 3400 v),
436 3334 688 3404 gregibus
723 3335 838 3388 suis
864 3350 1088 3404 parcere
1114 3335 1467 3390 inhumanum
1492 3345 1642 3406 putat
1676 3353 1690 3401 ;
1723 3337 1909 3404 sicque

330 3425 442 3480 suis
473 3426 844 3480 necessitatem
873 3426 1156 3495 stipendiis
1186 3436 1454 3496 temperat
1480 3467 1493 3490 ,
1527 3435 1586 3480 ut
1629 3426 1910 3482 cbaritatis

329 3515 560 3570 cilicium
591 3525 646 3571 ct
677 3517 727 3569 in
760 3516 963 3571 alienos
1017 3516 1294 3570 extendat.
1339 3516 1538 3571 Tobias
1587 3532 1709 3570 cum
1763 3525 1909 3571 tanta

331 3603 602 3660 laboraret
631 3605 828 3674 inOpia,
870 3615 929 3659 ut
954 3621 1088 3658 uxor
1116 3605 1234 3675 ejus
1280 3605 1500 3660 textrini
1550 3606 1731 3674 operis
1759 3621 1912 3675 qua:-

329 3705 469 3748 stum
497 3697 760 3750 conducta
797 3697 1093 3763 susciperet
1125 3695 1278 3764 (Τοῦ.
1303 3701 1390 3765 ιι),
1425 3697 1541 3750 hac
1571 3697 1683 3765 ipsa
1722 3737 1736 3760 ,
1784 3712 1904 3766 qua:

328 3783 582 3849 habebat,
615 3786 812 3853 adjecit
839 3801 1002 3853 parva
1034 3786 1296 3848 dividere,
1331 3795 1390 3839 ut
1430 3787 1769 3854 concaptivis
1797 3785 1902 3840 fra-

331 3875 504 3930 tribus
531 3875 902 3943 qualecunque
935 3875 1128 3928 saltem
1172 3875 1420 3928 solatium
1469 3876 1768 3930 exhiberet.
1818 3875 1914 3930 Pe-

329 3967 580 4035 regrinus
609 3967 790 4034 itaque
817 3967 1072 4034 pietatem
1105 3982 1133 4018 a
1162 3981 1220 4020 se
1257 3966 1592 4034 peregrinari
1623 3981 1731 4020 non
1782 3981 1907 4035 per—

331 4057 476 4120 tulit,
516 4065 572 4110 et
616 4055 778 4110 rebus
823 4071 1025 4125 pauper
1070 4055 1490 4125 epulentissimze
1521 4053 1801 4107 cbaritatis
1831 4052 1910 4106 di-

332 4151 495 4204 vitias
527 4164 632 4204 non
663 4147 866 4201 amisit.
910 4146 1117 4214 Abigail
1166 4147 1292 4202 dum
1352 4144 1624 4214 magnifici
1677 4142 1909 4198 convivii

330 4250 538 4312 partem
565 4239 836 4296 subtrahit
866 4238 918 4309 (I
944 4237 1067 4309 Reg.
1104 4239 1275 4306 xxv),
1329 4252 1359 4290 a
1407 4236 1508 4290 viri
1552 4234 1740 4305 jugulo
1792 4233 1907 4304 gla-

335 4334 482 4388 dium
549 4331 712 4388 David
778 4331 830 4384 in
895 4330 1149 4385 ultionem
1213 4327 1550 4384 contumeliae
1605 4325 1910 4382 festinantis

335 4425 780 4494 avertit;sicque
804 4425 917 4478 suis
953 4425 1133 4479 cibum
1193 4423 1333 4478 bene
1383 4421 1560 4474 furata
1616 4419 1904 4488 subripuit,

334 4515 525 4584 quibus
552 4518 739 4585 utique
767 4516 931 4569 vitam
961 4515 1234 4568 extraneis
1264 4512 1616 4567 ministrando
1645 4512 1900 4566 servavit.

333 4610 528 4666 Paulus
554 4612 718 4667 etiam
750 4619 933 4663 monet
956 4624 1052 4678 per
1084 4623 1244 4661 unam
1296 4606 1541 4669 Sabbati,
1589 4606 1732 4674 quod
1790 4605 1903 4674 pla-

331 4702 503 4756 euerit
528 4703 667 4772 apud
697 4714 1131 4768 unumquemque
1160 4700 1369 4768 reponi,
1390 4706 1447 4751 ut
1470 4696 1899 4765 Hierosolymam

329 4792 525 4846 sanctis
555 4790 916 4860 indigentibus
943 4789 1342 4846 Corinthiorum
1372 4797 1554 4856 posset
1602 4787 1773 4858 gratia
1804 4786 1899 4840 de-

328 4881 510 4935 stinari
545 4883 596 4952 (I
619 4882 748 4936 Cor.
777 4881 910 4949 xw).
941 4879 1031 4936 Sic
1054 4880 1234 4948 itaque
1258 4879 1512 4933 debemus
1533 4877 1734 4931 nostris
1761 4891 1913 4948 quot,

323 4970 508 5024 tidiani
538 4975 717 5028 victus
745 4971 1009 5040 stipendia
1035 4971 1364 5036 ministrare,
1391 4979 1447 5024 ut
1471 4953 1912 5032 meminerimus,"

318 5058 478 5112 etiam
508 5065 551 5117 si
582 5062 823 5120 facultas
844 5071 1112 5130 suppetat,
1130 5069 1184 5116 et
1204 5061 1474 5115 extraneis
1504 5061 1554 5114 in
1580 5060 1903 5114 necessitate

313 5162 650 5213 succurrere.
720 5152 805 5205 Sit
851 5164 1030 5209 autem
1081 5151 1334 5206 Ecclesiae
1374 5152 1713 5220 dispensator
1741 5190 1756 5214 ,
1796 5165 1901 5203 non

307 5247 562 5301 ποθριοι·
587 5256 958 5314 personarum
990 5282 1005 5307 ,
1054 5242 1146 5297 sed
1201 5241 1574 5296 consideratur
1620 5240 1903 5294 infirmita-

305 5332 407 5364 ΙΙΙΙΠ
432 5340 443 5352 ⁹
489 5347 600 5364 ..Λ-ι
639 5340 902 5364 nnnlnlnn
937 5336 1123 5364 nnnl:m
1179 5334 1271 5364 θῆαι
1303 5343 1636 5364 bnolnnlnlnn
1664 5330 1902 5364 :nlllnn:l_

2016 3257 2150 3311 Opus
2207 3241 2407 3293 bonum
2480 3247 2692 3307 parata.
2758 3238 2928 3293 Plane
2983 3239 3029 3294 si
3084 3237 3246 3293 vultis
3296 3238 3604 3293 adulterum

2013 3333 2278 3402 probitate
2322 3331 2590 3384 nitescere
2626 3348 2638 3383 :
2679 3339 2754 3394 et,
2802 3330 2943 3398 quod
2976 3329 3094 3384 aliis
3143 3330 3471 3399 impossibile
3499 3338 3606 3398 est,

2011 3425 2218 3493 absque
2279 3422 2480 3476 laboris
2521 3421 2678 3476 ttedio
2727 3421 3018 3476 virtutibus
3059 3421 3363 3488 abundare,
3409 3422 3605 3476 amodo

2011 3518 2322 3572 sobrietatis
2373 3532 2522 3572 arma
2581 3517 2858 3585 corripite,
2909 3525 2964 3570 et
3005 3516 3265 3570 adversus
3312 3523 3606 3570 aestuantes

2011 3610 2194 3664 carnis
2243 3608 2524 3663 illecebras
2576 3608 2704 3662 totis
2761 3609 2962 3662 viribus
3013 3608 3307 3662 decertate.
3378 3606 3436 3660 In
3483 3605 3603 3676 ipso

2003 3700 2116 3770 jam
2169 3701 2399 3754 tirocinii
2444 3700 2612 3753 vestri
2655 3699 2950 3768 primordio
2991 3707 3196 3752 certam
3241 3697 3395 3752 vobis
3439 3696 3604 3750 vieto-

2011 3791 2144 3845 riam
2195 3791 2304 3846 Deo
2346 3806 2443 3859 pro
2487 3791 2639 3845 vobis
2685 3799 2859 3846 stante
2905 3789 3240 3861 promittite,
3291 3798 3347 3843 et
3382 3787 3606 3858 praelato

2012 3885 2190 3938 erucis
2249 3883 2446 3938 vexillo
2499 3891 2774 3938 certamen
2828 3881 3200 3938 infmderabile
3249 3897 3372 3937 cum
3421 3881 3607 3935 adver-

2011 3976 2087 4030 sis
2131 3974 2410 4044 spiritibus
2453 3973 2716 4028 audenter
2764 3973 2914 4026 inite.
2983 3973 3204 4028 Calcate
3254 3972 3602 4042 superbiam,

2011 4065 2254 4120 frenetur
2307 4064 2388 4118 ira
2424 4105 2440 4131 ,
2494 4065 2780 4134 frangatur
2843 4065 3084 4137 invidia,
3154 4072 3334 4118 teneat
3400 4064 3602 4118 silentii

2011 4157 2190 4226 lingua
2223 4171 2530 4220 censuram,
2561 4155 2849 4209 ruminatio
2875 4155 3280 4223 Scripturarum
3319 4153 3454 4222 gulze
3477 4169 3606 4221 pru-

2010 4249 2147 4311 ritus
2193 4245 2530 4315 exstinguat;
2580 4243 2966 4298 detractionem
3014 4252 3072 4296 ut
3112 4242 3290 4310 lingua
3325 4255 3431 4295 non
3481 4255 3606 4308 pro-

2007 4337 2130 4400 fert,
2176 4337 2254 4391 sie
2291 4344 2347 4390 et
2391 4335 2538 4390 auris
2579 4350 2685 4388 non
2727 4333 2995 4389 audiendo
3041 4334 3387 4388 condemnet.
3429 4331 3602 4386 «Cum

2011 4426 2430 4488 detractoribus,
2486 4425 2562 4479 ait
2611 4423 2889 4488 Salomon,
2939 4437 3007 4478 ne
3054 4420 3454 4477 commisceatis
3495 4419 3604 4474 col-

2011 4521 2270 4590 loquium,
2328 4517 2584 4588 quoniam
2639 4522 2860 4584 repente
2913 4515 3092 4570 veniet
3127 4513 3358 4582 perditio
3396 4526 3605 4573 eorum,

2007 4621 2064 4665 et
2107 4609 2317 4664 ruinam
2365 4615 2724 4673 utrorumque
2770 4604 2892 4672 quis
2924 4604 3116 4658 novit?
3158 4599 3340 4672 (Prov.
3389 4601 3603 4668 xxiv.)s

2004 4701 2138 4754 Tant
2186 4697 2434 4753 videlicet
2480 4696 2597 4766 ejus
2651 4693 2742 4762 qui
2795 4693 3051 4759 detrahit,
3115 4705 3279 4760 quam
3336 4688 3478 4745 illius
3517 4688 3606 4755 qui

1999 4805 2188 4846 aurem
2237 4787 2609 4843 accommodat
2649 4782 2952 4838 detrahenti
2982 4803 2994 4837 :
3021 4791 3069 4838 et
3110 4777 3327 4850 quidem
3373 4791 3480 4830 non
3520 4778 3610 4830 de-

1998 4885 2346 4949 trahendum,
2375 4891 2744 4937 verumtamen
2773 4888 3056 4945 peccatum
3087 4872 3274 4932 fratris
3295 4873 3395 4939 illi,
3437 4889 3468 4928 a
3506 4889 3614 4941 quo

2002 4979 2198 5032 debeat
2228 4974 2452 5042 corrigi.
2484 4989 2589 5028 non
2616 4968 2918 5024 celandum.

2083 5065 2237 5131 Quod
2283 5063 2544 5118 nimirum
2590 5067 2742 5114 tanto
2785 5056 3065 5116 interdum
3113 5073 3145 5113 a
3183 5053 3370 5126 pueris
3411 5053 3625 5108 facilius

2010 5151 2442 5221 deprehenditur
2477 5192 2493 5216 ,
2547 5154 2750 5220 quanto
2797 5146 2850 5200 in
2903 5152 2987 5208 eis
3042 5149 3125 5206 vel
3175 5141 3482 5207 noscendi,
3542 5143 3625 5196 vel

2007 5242 2286 5299 deferendi
2339 5243 2582 5312 strepieie
2636 5253 2741 5292 non
2790 5237 3046 5299 habetur.
3089 5233 3380 5296 Accusavit
3426 5231 3623 5302 Jesepb

2010 5338 2207 5364 (“nl-uno
2243 5333 2381 5364 “nlla.
2413 5343 2623 5364 nni-unm
2657 5330 2888 5364 nrinxinn
2924 5338 3163 5364 περιῆκτο-ΑΛ
3194 5327 3325 5364 In."
3377 5325 3586 5364 YYI'IHI‘
3609 5341 3620 5352 ⁸
