  <div class='ocr_page' id='page_1' title='image "/cluster/home/n/w/nwhite01/storage/ocr_20150623/145/hvd.32044015471824/167.png"; bbox 0 0 4106 6320; ppageno 0'>
   <div class='ocr_carea' id='block_1_1' title="bbox 481 421 594 482">
    <p class='ocr_par' dir='ltr' id='par_1_1' title="bbox 481 421 594 482">
     <span class='ocr_line' id='line_1_1' title="bbox 481 421 594 482; baseline 0 0"><span class='ocrx_word' id='word_1_1' title='bbox 481 421 594 482; x_wconf 71' lang='grc'><strong>519</strong></span> 
     </span>
    </p>
   </div>
   <div class='ocr_carea' id='block_1_2' title="bbox 948 401 3326 483">
    <p class='ocr_par' dir='ltr' id='par_1_2' title="bbox 948 401 3326 483">
     <span class='ocr_line' id='line_1_2' title="bbox 948 401 3326 483; baseline -0.005 -9"><span class='ocrx_word' id='word_1_2' title='bbox 948 417 1007 474; x_wconf 82' lang='grc'><strong>8.</strong></span> <span class='ocrx_word' id='word_1_3' title='bbox 1048 414 1254 473; x_wconf 75' lang='lat' dir='ltr'><strong>PETRI</strong></span> <span class='ocrx_word' id='word_1_4' title='bbox 1300 412 1581 470; x_wconf 76' lang='lat' dir='ltr'><strong>DAMIANI</strong></span> <span class='ocrx_word' id='word_1_5' title='bbox 1620 409 1773 469; x_wconf 83' lang='lat' dir='ltr'><strong>OPP.</strong></span> <span class='ocrx_word' id='word_1_6' title='bbox 1814 407 2059 467; x_wconf 80' lang='lat' dir='ltr'><strong>TOMUS-</strong></span> <span class='ocrx_word' id='word_1_7' title='bbox 2089 404 2225 462; x_wconf 90' lang='lat' dir='ltr'><strong>SEU</strong></span> <span class='ocrx_word' id='word_1_8' title='bbox 2262 401 2443 460; x_wconf 77' lang='lat' dir='ltr'><strong>PARS</strong></span> <span class='ocrx_word' id='word_1_9' title='bbox 2480 403 2568 459; x_wconf 84' lang='lat' dir='ltr'><strong>IIl.</strong></span> <span class='ocrx_word' id='word_1_10' title='bbox 2594 434 2665 447; x_wconf 89' lang='lat'><strong>—-</strong></span> <span class='ocrx_word' id='word_1_11' title='bbox 2693 403 3059 483; x_wconf 76' lang='lat' dir='ltr'><strong>OPUSCULA</strong></span> <span class='ocrx_word' id='word_1_12' title='bbox 3098 403 3326 465; x_wconf 78' lang='lat' dir='ltr'><strong>VARIA.</strong></span> 
     </span>
    </p>
   </div>
   <div class='ocr_carea' id='block_1_3' title="bbox 3657 411 3766 470">
    <p class='ocr_par' dir='ltr' id='par_1_3' title="bbox 3657 411 3766 470">
     <span class='ocr_line' id='line_1_3' title="bbox 3657 411 3766 470; baseline 0.018 -2"><span class='ocrx_word' id='word_1_13' title='bbox 3657 411 3766 470; x_wconf 71' lang='lat'><strong>320</strong></span> 
     </span>
    </p>
   </div>
   <div class='ocr_carea' id='block_1_4' title="bbox 487 517 3765 603">
    <p class='ocr_par' dir='ltr' id='par_1_4' title="bbox 487 517 3765 603">
     <span class='ocr_line' id='line_1_4' title="bbox 487 517 3765 603; baseline -0.005 -8"><span class='ocrx_word' id='word_1_14' title='bbox 487 540 641 595; x_wconf 86' lang='lat' dir='ltr'><strong>salon</strong></span> <span class='ocrx_word' id='word_1_15' title='bbox 684 530 1002 603; x_wconf 77' lang='lat' dir='ltr'><strong>quantocius</strong></span> <span class='ocrx_word' id='word_1_16' title='bbox 1058 529 1309 601; x_wconf 81' lang='lat' dir='ltr'><strong>fugeret,</strong></span> <span class='ocrx_word' id='word_1_17' title='bbox 1352 525 1599 581; x_wconf 84' lang='lat' dir='ltr'><strong>nuntium</strong></span> <span class='ocrx_word' id='word_1_18' title='bbox 1649 524 1955 579; x_wconf 88' lang='lat' dir='ltr'><strong>detulerunt</strong></span> <span class='ocrx_word' id='word_1_19' title='bbox 1985 518 2069 589; x_wconf 90' lang='lat' dir='ltr'><strong>(Il</strong></span> <span class='ocrx_word' id='word_1_20' title='bbox 2099 519 2148 579; x_wconf 76' lang='grc' dir='ltr'><strong>Δ</strong></span> <span class='ocrx_word' id='word_1_21' title='bbox 2175 531 2303 587; x_wconf 86' lang='lat' dir='ltr'><strong>gere</strong></span> <span class='ocrx_word' id='word_1_22' title='bbox 2335 519 2528 574; x_wconf 83' lang='lat' dir='ltr'><strong>vulnus</strong></span> <span class='ocrx_word' id='word_1_23' title='bbox 2560 517 2834 574; x_wconf 91' lang='lat' dir='ltr'><strong>anhelant.</strong></span> <span class='ocrx_word' id='word_1_24' title='bbox 2884 518 3023 575; x_wconf 14' lang='lat' dir='ltr'><strong>Nam.</strong></span> <span class='ocrx_word' id='word_1_25' title='bbox 3066 528 3160 575; x_wconf 91' lang='lat' dir='ltr'><strong>aut</strong></span> <span class='ocrx_word' id='word_1_26' title='bbox 3199 520 3492 593; x_wconf 73' lang='lat' dir='ltr'><strong>fugandum</strong></span> <span class='ocrx_word' id='word_1_27' title='bbox 3528 532 3634 591; x_wconf 87' lang='lat' dir='ltr'><strong>est,</strong></span> <span class='ocrx_word' id='word_1_28' title='bbox 3674 538 3765 581; x_wconf 85' lang='lat' dir='ltr'><strong>aut</strong></span> 
     </span>
    </p>
   </div>
   <div class='ocr_carea' id='block_1_5' title="bbox 489 608 3779 701">
    <p class='ocr_par' dir='ltr' id='par_1_5' title="bbox 489 608 3779 701">
     <span class='ocr_line' id='line_1_5' title="bbox 489 608 3779 701; baseline -0.004 -15"><span class='ocrx_word' id='word_1_29' title='bbox 489 631 618 701; x_wconf 73' lang='lat' dir='ltr'><strong>Reg.</strong></span> <span class='ocrx_word' id='word_1_30' title='bbox 668 626 801 698; x_wconf 84' lang='lat' dir='ltr'><strong>xvn)</strong></span> <span class='ocrx_word' id='word_1_31' title='bbox 847 642 861 679; x_wconf 90' lang='lat'><strong>:</strong></span> <span class='ocrx_word' id='word_1_32' title='bbox 914 633 967 680; x_wconf 92' lang='lat' dir='ltr'><strong>et</strong></span> <span class='ocrx_word' id='word_1_33' title='bbox 1035 624 1141 679; x_wconf 88' lang='lat' dir='ltr'><strong>hoc</strong></span> <span class='ocrx_word' id='word_1_34' title='bbox 1195 622 1466 678; x_wconf 81' lang='lat' dir='ltr'><strong>Abiathan</strong></span> <span class='ocrx_word' id='word_1_35' title='bbox 1524 629 1581 677; x_wconf 91' lang='lat' dir='ltr'><strong>et</strong></span> <span class='ocrx_word' id='word_1_36' title='bbox 1634 620 1843 677; x_wconf 87' lang='lat' dir='ltr'><strong>Sadoch</strong></span> <span class='ocrx_word' id='word_1_37' title='bbox 1899 618 2079 675; x_wconf 87' lang='lat' dir='ltr'><strong>fecere</strong></span> <span class='ocrx_word' id='word_1_38' title='bbox 2177 608 2519 678; x_wconf 65' lang='grc' dir='ltr'><strong>ΐυκῖθηιιιιιης</strong></span> <span class='ocrx_word' id='word_1_39' title='bbox 2570 619 2666 665; x_wconf 68' lang='lat' dir='ltr'><strong>aut</strong></span> <span class='ocrx_word' id='word_1_40' title='bbox 2711 619 2860 680; x_wconf 67' lang='lat' dir='ltr'><strong>terga</strong></span> <span class='ocrx_word' id='word_1_41' title='bbox 2909 613 3227 668; x_wconf 87' lang='lat' dir='ltr'><strong>vertendum</strong></span> <span class='ocrx_word' id='word_1_42' title='bbox 3277 623 3378 679; x_wconf 91' lang='lat' dir='ltr'><strong>est,</strong></span> <span class='ocrx_word' id='word_1_43' title='bbox 3431 623 3586 670; x_wconf 82' lang='lat' dir='ltr'><strong>ante</strong></span> <span class='ocrx_word' id='word_1_44' title='bbox 3624 630 3779 673; x_wconf 76' lang='lat' dir='ltr'><strong>cou-</strong></span> 
     </span>
    </p>
   </div>
   <div class='ocr_carea' id='block_1_6' title="bbox 489 708 2076 791">
    <p class='ocr_par' dir='ltr' id='par_1_6' title="bbox 489 708 2076 791">
     <span class='ocr_line' id='line_1_6' title="bbox 489 708 2076 791; baseline -0.006 -19"><span class='ocrx_word' id='word_1_45' title='bbox 489 734 588 791; x_wconf 83' lang='lat' dir='ltr'><strong>per</strong></span> <span class='ocrx_word' id='word_1_46' title='bbox 638 714 795 779; x_wconf 84' lang='lat' dir='ltr'><strong>filios,</strong></span> <span class='ocrx_word' id='word_1_47' title='bbox 848 712 990 784; x_wconf 91' lang='lat' dir='ltr'><strong>quod</strong></span> <span class='ocrx_word' id='word_1_48' title='bbox 1036 711 1219 767; x_wconf 78' lang='lat' dir='ltr'><strong>facere</strong></span> <span class='ocrx_word' id='word_1_49' title='bbox 1264 725 1371 765; x_wconf 91' lang='lat' dir='ltr'><strong>non</strong></span> <span class='ocrx_word' id='word_1_50' title='bbox 1424 719 1674 780; x_wconf 81' lang='lat' dir='ltr'><strong>poterant</strong></span> <span class='ocrx_word' id='word_1_51' title='bbox 1715 724 1812 779; x_wconf 89' lang='lat' dir='ltr'><strong>per</strong></span> <span class='ocrx_word' id='word_1_52' title='bbox 1847 708 2076 776; x_wconf 90' lang='lat' dir='ltr'><strong>seipsos.</strong></span> 
     </span>
    </p>
   </div>
   <div class='ocr_carea' id='block_1_7' title="bbox 2179 701 3768 779">
    <p class='ocr_par' dir='ltr' id='par_1_7' title="bbox 2179 701 3768 779">
     <span class='ocr_line' id='line_1_7' title="bbox 2179 701 3768 779; baseline 0.006 -26"><span class='ocrx_word' id='word_1_53' title='bbox 2179 701 2348 757; x_wconf 91' lang='lat' dir='ltr'><strong>trario</strong></span> <span class='ocrx_word' id='word_1_54' title='bbox 2378 709 2527 773; x_wconf 88' lang='lat' dir='ltr'><strong>terga</strong></span> <span class='ocrx_word' id='word_1_55' title='bbox 2556 701 2875 758; x_wconf 88' lang='lat' dir='ltr'><strong>cedendum.</strong></span> <span class='ocrx_word' id='word_1_56' title='bbox 2928 701 3245 772; x_wconf 82' lang='lat' dir='ltr'><strong>Huiusmodi</strong></span> <span class='ocrx_word' id='word_1_57' title='bbox 3272 706 3423 761; x_wconf 90' lang='lat' dir='ltr'><strong>enim</strong></span> <span class='ocrx_word' id='word_1_58' title='bbox 3449 722 3626 779; x_wconf 85' lang='lat' dir='ltr'><strong>pugna</strong></span> <span class='ocrx_word' id='word_1_59' title='bbox 3657 712 3768 776; x_wconf 83' lang='lat' dir='ltr'><strong>est,</strong></span> 
     </span>
    </p>
   </div>
   <div class='ocr_carea' id='block_1_8' title="bbox 491 791 3773 877">
    <p class='ocr_par' dir='ltr' id='par_1_8' title="bbox 491 791 3773 877">
     <span class='ocr_line' id='line_1_8' title="bbox 491 791 3773 877; baseline -0.003 -14"><span class='ocrx_word' id='word_1_60' title='bbox 491 806 647 877; x_wconf 73' lang='lat' dir='ltr'><strong>Saepe</strong></span> <span class='ocrx_word' id='word_1_61' title='bbox 696 803 959 874; x_wconf 76' lang='lat' dir='ltr'><strong>siquidem</strong></span> <span class='ocrx_word' id='word_1_62' title='bbox 1009 817 1107 872; x_wconf 89' lang='lat' dir='ltr'><strong>per</strong></span> <span class='ocrx_word' id='word_1_63' title='bbox 1139 802 1384 872; x_wconf 72' lang='lat' dir='ltr'><strong>iuniores</strong></span> <span class='ocrx_word' id='word_1_64' title='bbox 1427 800 1583 871; x_wconf 89' lang='lat' dir='ltr'><strong>culpa</strong></span> <span class='ocrx_word' id='word_1_65' title='bbox 1634 800 1921 870; x_wconf 77' lang='lat' dir='ltr'><strong>detegitur,</strong></span> <span class='ocrx_word' id='word_1_66' title='bbox 1961 814 2080 869; x_wconf 82' lang='lat' dir='ltr'><strong>quae</strong></span> <span class='ocrx_word' id='word_1_67' title='bbox 2178 799 2240 846; x_wconf 80' lang='lat' dir='ltr'><strong>ut</strong></span> <span class='ocrx_word' id='word_1_68' title='bbox 2301 791 2610 864; x_wconf 83' lang='lat' dir='ltr'><strong>quieunque</strong></span> <span class='ocrx_word' id='word_1_69' title='bbox 2666 808 2771 849; x_wconf 91' lang='lat' dir='ltr'><strong>non</strong></span> <span class='ocrx_word' id='word_1_70' title='bbox 2836 791 3022 861; x_wconf 87' lang='lat' dir='ltr'><strong>dejicit</strong></span> <span class='ocrx_word' id='word_1_71' title='bbox 3051 834 3068 860; x_wconf 96' lang='lat'><strong>,</strong></span> <span class='ocrx_word' id='word_1_72' title='bbox 3135 795 3251 865; x_wconf 89' lang='lat' dir='ltr'><strong>ipse</strong></span> <span class='ocrx_word' id='word_1_73' title='bbox 3302 796 3586 865; x_wconf 89' lang='lat' dir='ltr'><strong>deiiciatur</strong></span> <span class='ocrx_word' id='word_1_74' title='bbox 3624 840 3640 864; x_wconf 95' lang='lat'><strong>,</strong></span> <span class='ocrx_word' id='word_1_75' title='bbox 3713 807 3773 854; x_wconf 86' lang='lat' dir='ltr'><strong>et</strong></span> 
     </span>
    </p>
   </div>
   <div class='ocr_carea' id='block_1_9' title="bbox 490 888 2081 964">
    <p class='ocr_par' dir='ltr' id='par_1_9' title="bbox 490 888 2081 964">
     <span class='ocr_line' id='line_1_9' title="bbox 490 888 2081 964; baseline -0.006 -12"><span class='ocrx_word' id='word_1_76' title='bbox 490 914 523 952; x_wconf 88' lang='lat' dir='ltr'><strong>a</strong></span> <span class='ocrx_word' id='word_1_77' title='bbox 579 894 876 964; x_wconf 79' lang='lat' dir='ltr'><strong>majoribus</strong></span> <span class='ocrx_word' id='word_1_78' title='bbox 929 892 1222 948; x_wconf 80' lang='lat' dir='ltr'><strong>salubriter</strong></span> <span class='ocrx_word' id='word_1_79' title='bbox 1277 892 1614 947; x_wconf 81' lang='lat' dir='ltr'><strong>emendatur.</strong></span> <span class='ocrx_word' id='word_1_80' title='bbox 1671 888 1844 945; x_wconf 78' lang='lat' dir='ltr'><strong>Nolite</strong></span> <span class='ocrx_word' id='word_1_81' title='bbox 1901 898 2081 945; x_wconf 90' lang='lat' dir='ltr'><strong>autem</strong></span> 
     </span>
    </p>
   </div>
   <div class='ocr_carea' id='block_1_10' title="bbox 482 984 2081 1060">
    <p class='ocr_par' dir='ltr' id='par_1_10' title="bbox 482 984 2081 1060">
     <span class='ocr_line' id='line_1_10' title="bbox 482 984 2081 1060; baseline -0.004 -16"><span class='ocrx_word' id='word_1_82' title='bbox 482 986 600 1058; x_wconf 88' lang='lat' dir='ltr'><strong>iam</strong></span> <span class='ocrx_word' id='word_1_83' title='bbox 645 985 1012 1060; x_wconf 87' lang='lat' dir='ltr'><strong>grandiusculi</strong></span> <span class='ocrx_word' id='word_1_84' title='bbox 1047 984 1397 1056; x_wconf 80' lang='lat' dir='ltr'><strong>de.priorum</strong></span> <span class='ocrx_word' id='word_1_85' title='bbox 1447 994 1750 1040; x_wconf 90' lang='lat' dir='ltr'><strong>vestrorum</strong></span> <span class='ocrx_word' id='word_1_86' title='bbox 1797 997 2081 1053; x_wconf 84' lang='lat' dir='ltr'><strong>perperam</strong></span> 
     </span>
    </p>
   </div>
   <div class='ocr_carea' id='block_1_11' title="bbox 490 1078 2084 1148">
    <p class='ocr_par' dir='ltr' id='par_1_11' title="bbox 490 1078 2084 1148">
     <span class='ocr_line' id='line_1_11' title="bbox 490 1078 2084 1148; baseline -0.001 -15"><span class='ocrx_word' id='word_1_87' title='bbox 490 1078 635 1145; x_wconf 85' lang='lat' dir='ltr'><strong>forte</strong></span> <span class='ocrx_word' id='word_1_88' title='bbox 690 1079 987 1135; x_wconf 83' lang='lat' dir='ltr'><strong>viventium</strong></span> <span class='ocrx_word' id='word_1_89' title='bbox 1049 1079 1257 1136; x_wconf 88' lang='lat' dir='ltr'><strong>meritis</strong></span> <span class='ocrx_word' id='word_1_90' title='bbox 1311 1078 1590 1148; x_wconf 87' lang='lat' dir='ltr'><strong>disputare</strong></span> <span class='ocrx_word' id='word_1_91' title='bbox 1627 1117 1644 1145; x_wconf 96' lang='lat'><strong>,</strong></span> <span class='ocrx_word' id='word_1_92' title='bbox 1698 1085 1756 1134; x_wconf 89' lang='lat' dir='ltr'><strong>et</strong></span> <span class='ocrx_word' id='word_1_93' title='bbox 1817 1091 1925 1133; x_wconf 90' lang='lat' dir='ltr'><strong>non</strong></span> <span class='ocrx_word' id='word_1_94' title='bbox 1975 1091 2084 1148; x_wconf 88' lang='lat' dir='ltr'><strong>qua</strong></span> 
     </span>
    </p>
   </div>
   <div class='ocr_carea' id='block_1_12' title="bbox 490 1169 2086 1243">
    <p class='ocr_par' dir='ltr' id='par_1_12' title="bbox 490 1169 2086 1243">
     <span class='ocr_line' id='line_1_12' title="bbox 490 1169 2086 1243; baseline -0.002 -15"><span class='ocrx_word' id='word_1_95' title='bbox 490 1171 579 1228; x_wconf 85' lang='lat' dir='ltr'><strong>via</strong></span> <span class='ocrx_word' id='word_1_96' title='bbox 636 1169 998 1243; x_wconf 75' lang='lat' dir='ltr'><strong>gradiantur,</strong></span> <span class='ocrx_word' id='word_1_97' title='bbox 1042 1171 1136 1227; x_wconf 90' lang='lat' dir='ltr'><strong>sed</strong></span> <span class='ocrx_word' id='word_1_98' title='bbox 1176 1171 1330 1243; x_wconf 85' lang='lat' dir='ltr'><strong>cujus</strong></span> <span class='ocrx_word' id='word_1_99' title='bbox 1369 1171 1487 1227; x_wconf 83' lang='lat' dir='ltr'><strong>vice</strong></span> <span class='ocrx_word' id='word_1_100' title='bbox 1525 1171 1858 1243; x_wconf 87' lang='lat' dir='ltr'><strong>fungantur,</strong></span> <span class='ocrx_word' id='word_1_101' title='bbox 1907 1178 2086 1227; x_wconf 87' lang='lat' dir='ltr'><strong>atten-</strong></span> 
     </span>
    </p>
   </div>
   <div class='ocr_carea' id='block_1_13' title="bbox 492 1261 2086 1329">
    <p class='ocr_par' dir='ltr' id='par_1_13' title="bbox 492 1261 2086 1329">
     <span class='ocr_line' id='line_1_13' title="bbox 492 1261 2086 1329; baseline 0.001 -13"><span class='ocrx_word' id='word_1_102' title='bbox 492 1261 719 1329; x_wconf 86' lang='lat' dir='ltr'><strong>dentes,</strong></span> <span class='ocrx_word' id='word_1_103' title='bbox 786 1261 891 1318; x_wconf 89' lang='lat' dir='ltr'><strong>illis</strong></span> <span class='ocrx_word' id='word_1_104' title='bbox 942 1262 995 1317; x_wconf 91' lang='lat' dir='ltr'><strong>in</strong></span> <span class='ocrx_word' id='word_1_105' title='bbox 1035 1261 1253 1319; x_wconf 80' lang='lat' dir='ltr'><strong>Christo</strong></span> <span class='ocrx_word' id='word_1_106' title='bbox 1298 1261 1576 1318; x_wconf 85' lang='lat' dir='ltr'><strong>humiliter</strong></span> <span class='ocrx_word' id='word_1_107' title='bbox 1613 1261 1848 1321; x_wconf 89' lang='lat' dir='ltr'><strong>obedite.</strong></span> <span class='ocrx_word' id='word_1_108' title='bbox 1895 1261 2086 1318; x_wconf 78' lang='lat' dir='ltr'><strong>Patres</strong></span> 
     </span>
    </p>
   </div>
   <div class='ocr_carea' id='block_1_14' title="bbox 491 1355 2084 1428">
    <p class='ocr_par' dir='ltr' id='par_1_14' title="bbox 491 1355 2084 1428">
     <span class='ocr_line' id='line_1_14' title="bbox 491 1355 2084 1428; baseline 0 -17"><span class='ocrx_word' id='word_1_109' title='bbox 491 1355 639 1411; x_wconf 90' lang='lat' dir='ltr'><strong>enim</strong></span> <span class='ocrx_word' id='word_1_110' title='bbox 677 1356 858 1412; x_wconf 89' lang='lat' dir='ltr'><strong>carnis</strong></span> <span class='ocrx_word' id='word_1_111' title='bbox 882 1396 898 1422; x_wconf 93' lang='lat'><strong>,</strong></span> <span class='ocrx_word' id='word_1_112' title='bbox 937 1366 998 1412; x_wconf 91' lang='lat' dir='ltr'><strong>ut</strong></span> <span class='ocrx_word' id='word_1_113' title='bbox 1034 1355 1325 1428; x_wconf 79' lang='lat' dir='ltr'><strong>Apostolus</strong></span> <span class='ocrx_word' id='word_1_114' title='bbox 1362 1356 1473 1422; x_wconf 90' lang='lat' dir='ltr'><strong>ait,</strong></span> <span class='ocrx_word' id='word_1_115' title='bbox 1516 1355 1805 1413; x_wconf 79' lang='lat' dir='ltr'><strong>habuimus</strong></span> <span class='ocrx_word' id='word_1_116' title='bbox 1842 1356 2084 1411; x_wconf 85' lang='lat' dir='ltr'><strong>erudito—</strong></span> 
     </span>
    </p>
   </div>
   <div class='ocr_carea' id='block_1_15' title="bbox 491 1446 2087 1519">
    <p class='ocr_par' dir='ltr' id='par_1_15' title="bbox 491 1446 2087 1519">
     <span class='ocr_line' id='line_1_15' title="bbox 491 1446 2087 1519; baseline 0 -18"><span class='ocrx_word' id='word_1_117' title='bbox 491 1460 603 1512; x_wconf 90' lang='lat' dir='ltr'><strong>res,</strong></span> <span class='ocrx_word' id='word_1_118' title='bbox 642 1455 699 1503; x_wconf 91' lang='lat' dir='ltr'><strong>et</strong></span> <span class='ocrx_word' id='word_1_119' title='bbox 734 1446 1119 1504; x_wconf 87' lang='lat' dir='ltr'><strong>reverebamur</strong></span> <span class='ocrx_word' id='word_1_120' title='bbox 1153 1462 1268 1512; x_wconf 89' lang='lat' dir='ltr'><strong>eos,</strong></span> <span class='ocrx_word' id='word_1_121' title='bbox 1308 1456 1512 1518; x_wconf 88' lang='lat' dir='ltr'><strong>quanto</strong></span> <span class='ocrx_word' id='word_1_122' title='bbox 1550 1448 1719 1519; x_wconf 87' lang='lat' dir='ltr'><strong>magis</strong></span> <span class='ocrx_word' id='word_1_123' title='bbox 1755 1448 2087 1518; x_wconf 90' lang='lat' dir='ltr'><strong>obtempera-</strong></span> 
     </span>
    </p>
   </div>
   <div class='ocr_carea' id='block_1_16' title="bbox 491 1536 2086 1609">
    <p class='ocr_par' dir='ltr' id='par_1_16' title="bbox 491 1536 2086 1609">
     <span class='ocr_line' id='line_1_16' title="bbox 491 1536 2086 1609; baseline -0.001 -16"><span class='ocrx_word' id='word_1_124' title='bbox 491 1536 671 1593; x_wconf 87' lang='lat' dir='ltr'><strong>bimus</strong></span> <span class='ocrx_word' id='word_1_125' title='bbox 712 1536 855 1609; x_wconf 91' lang='lat' dir='ltr'><strong>patri</strong></span> <span class='ocrx_word' id='word_1_126' title='bbox 907 1537 1193 1607; x_wconf 88' lang='lat' dir='ltr'><strong>spirituum</strong></span> <span class='ocrx_word' id='word_1_127' title='bbox 1223 1578 1239 1604; x_wconf 95' lang='lat'><strong>,</strong></span> <span class='ocrx_word' id='word_1_128' title='bbox 1282 1546 1338 1593; x_wconf 90' lang='lat' dir='ltr'><strong>et</strong></span> <span class='ocrx_word' id='word_1_129' title='bbox 1383 1537 1671 1593; x_wconf 83' lang='lat' dir='ltr'><strong>vivemus?</strong></span> <span class='ocrx_word' id='word_1_130' title='bbox 1729 1536 1917 1609; x_wconf 84' lang='lat' dir='ltr'><strong>(Hebr.</strong></span> <span class='ocrx_word' id='word_1_131' title='bbox 1964 1537 2086 1609; x_wconf 85' lang='lat' dir='ltr'><strong>xu.)</strong></span> 
     </span>
    </p>
   </div>
   <div class='ocr_carea' id='block_1_17' title="bbox 492 1626 2088 1699">
    <p class='ocr_par' dir='ltr' id='par_1_17' title="bbox 492 1626 2088 1699">
     <span class='ocr_line' id='line_1_17' title="bbox 492 1626 2088 1699; baseline -0.001 -16"><span class='ocrx_word' id='word_1_132' title='bbox 492 1627 714 1683; x_wconf 86' lang='lat' dir='ltr'><strong>Samuel</strong></span> <span class='ocrx_word' id='word_1_133' title='bbox 781 1643 1016 1699; x_wconf 85' lang='lat' dir='ltr'><strong>namque</strong></span> <span class='ocrx_word' id='word_1_134' title='bbox 1072 1628 1297 1684; x_wconf 90' lang='lat' dir='ltr'><strong>edoctus</strong></span> <span class='ocrx_word' id='word_1_135' title='bbox 1353 1635 1435 1692; x_wconf 77' lang='lat' dir='ltr'><strong>est</strong></span> <span class='ocrx_word' id='word_1_136' title='bbox 1490 1629 1558 1683; x_wconf 87' lang='lat' dir='ltr'><strong>ab</strong></span> <span class='ocrx_word' id='word_1_137' title='bbox 1610 1626 1768 1694; x_wconf 86' lang='lat' dir='ltr'><strong>Heli,</strong></span> <span class='ocrx_word' id='word_1_138' title='bbox 1819 1627 1948 1698; x_wconf 86' lang='lat' dir='ltr'><strong>quid</strong></span> <span class='ocrx_word' id='word_1_139' title='bbox 1995 1642 2088 1682; x_wconf 87' lang='lat' dir='ltr'><strong>vo-</strong></span> 
     </span>
    </p>
   </div>
   <div class='ocr_carea' id='block_1_18' title="bbox 491 1717 2086 1790">
    <p class='ocr_par' dir='ltr' id='par_1_18' title="bbox 491 1717 2086 1790">
     <span class='ocr_line' id='line_1_18' title="bbox 491 1717 2086 1790; baseline 0 -15"><span class='ocrx_word' id='word_1_140' title='bbox 491 1719 638 1775; x_wconf 79' lang='lat' dir='ltr'><strong>canti</strong></span> <span class='ocrx_word' id='word_1_141' title='bbox 680 1734 741 1775; x_wconf 94' lang='lat' dir='ltr'><strong>se</strong></span> <span class='ocrx_word' id='word_1_142' title='bbox 783 1719 1011 1774; x_wconf 91' lang='lat' dir='ltr'><strong>Domino</strong></span> <span class='ocrx_word' id='word_1_143' title='bbox 1054 1720 1408 1789; x_wconf 83' lang='lat' dir='ltr'><strong>responderet</strong></span> <span class='ocrx_word' id='word_1_144' title='bbox 1453 1717 1505 1790; x_wconf 88' lang='grc' dir='ltr'><strong>(Ι</strong></span> <span class='ocrx_word' id='word_1_145' title='bbox 1550 1718 1681 1789; x_wconf 82' lang='lat' dir='ltr'><strong>Reg.</strong></span> <span class='ocrx_word' id='word_1_146' title='bbox 1719 1719 1837 1785; x_wconf 88' lang='lat' dir='ltr'><strong>lll);</strong></span> <span class='ocrx_word' id='word_1_147' title='bbox 1881 1727 1936 1773; x_wconf 89' lang='lat' dir='ltr'><strong>et</strong></span> <span class='ocrx_word' id='word_1_148' title='bbox 1973 1718 2086 1784; x_wconf 91' lang='lat' dir='ltr'><strong>ille,</strong></span> 
     </span>
    </p>
   </div>
   <div class='ocr_carea' id='block_1_19' title="bbox 2179 880 3775 958">
    <p class='ocr_par' dir='ltr' id='par_1_19' title="bbox 2179 880 3775 958">
     <span class='ocr_line' id='line_1_19' title="bbox 2179 880 3775 958; baseline 0.005 -24"><span class='ocrx_word' id='word_1_149' title='bbox 2179 880 2271 951; x_wconf 86' lang='lat' dir='ltr'><strong>qui</strong></span> <span class='ocrx_word' id='word_1_150' title='bbox 2317 880 2548 951; x_wconf 76' lang='lat' dir='ltr'><strong>gloriose</strong></span> <span class='ocrx_word' id='word_1_151' title='bbox 2594 896 2702 937; x_wconf 90' lang='lat' dir='ltr'><strong>non</strong></span> <span class='ocrx_word' id='word_1_152' title='bbox 2739 882 2949 946; x_wconf 88' lang='lat' dir='ltr'><strong>vicerit,</strong></span> <span class='ocrx_word' id='word_1_153' title='bbox 3000 884 3232 954; x_wconf 88' lang='lat' dir='ltr'><strong>turpiter</strong></span> <span class='ocrx_word' id='word_1_154' title='bbox 3276 896 3578 958; x_wconf 83' lang='lat' dir='ltr'><strong>superetur.</strong></span> <span class='ocrx_word' id='word_1_155' title='bbox 3636 885 3775 952; x_wconf 43' lang='lat' dir='ltr'><strong>Ubi:</strong></span> 
     </span>
    </p>
   </div>
   <div class='ocr_carea' id='block_1_20' title="bbox 2182 971 3787 1042">
    <p class='ocr_par' dir='ltr' id='par_1_20' title="bbox 2182 971 3787 1042">
     <span class='ocr_line' id='line_1_20' title="bbox 2182 971 3787 1042; baseline 0.005 -17"><span class='ocrx_word' id='word_1_156' title='bbox 2182 984 2290 1042; x_wconf 88' lang='lat' dir='ltr'><strong>que</strong></span> <span class='ocrx_word' id='word_1_157' title='bbox 2335 971 2636 1042; x_wconf 89' lang='lat' dir='ltr'><strong>periculum</strong></span> <span class='ocrx_word' id='word_1_158' title='bbox 2691 981 2778 1029; x_wconf 90' lang='lat' dir='ltr'><strong>est</strong></span> <span class='ocrx_word' id='word_1_159' title='bbox 2806 1012 2822 1039; x_wconf 95' lang='lat'><strong>,</strong></span> <span class='ocrx_word' id='word_1_160' title='bbox 2873 973 3001 1028; x_wconf 90' lang='lat' dir='ltr'><strong>dum</strong></span> <span class='ocrx_word' id='word_1_161' title='bbox 3058 975 3297 1031; x_wconf 88' lang='lat' dir='ltr'><strong>hostium</strong></span> <span class='ocrx_word' id='word_1_162' title='bbox 3348 978 3621 1033; x_wconf 82' lang='lat' dir='ltr'><strong>exercitus</strong></span> <span class='ocrx_word' id='word_1_163' title='bbox 3662 979 3787 1033; x_wconf 55' lang='grc' dir='ltr'><strong>θῖνα</strong></span> 
     </span>
    </p>
   </div>
   <div class='ocr_carea' id='block_1_21' title="bbox 2183 1060 3783 1140">
    <p class='ocr_par' dir='ltr' id='par_1_21' title="bbox 2183 1060 3783 1140">
     <span class='ocr_line' id='line_1_21' title="bbox 2183 1060 3783 1140; baseline 0.003 -23"><span class='ocrx_word' id='word_1_164' title='bbox 2183 1060 2573 1128; x_wconf 87' lang='lat' dir='ltr'><strong>cumfunditur,</strong></span> <span class='ocrx_word' id='word_1_165' title='bbox 2622 1062 2999 1120; x_wconf 86' lang='lat' dir='ltr'><strong>dissidentium</strong></span> <span class='ocrx_word' id='word_1_166' title='bbox 3049 1064 3129 1120; x_wconf 90' lang='lat' dir='ltr'><strong>eis</strong></span> <span class='ocrx_word' id='word_1_167' title='bbox 3167 1065 3365 1121; x_wconf 82' lang='lat' dir='ltr'><strong>civium</strong></span> <span class='ocrx_word' id='word_1_168' title='bbox 3420 1081 3628 1121; x_wconf 88' lang='lat' dir='ltr'><strong>cuneus</strong></span> <span class='ocrx_word' id='word_1_169' title='bbox 3671 1082 3783 1140; x_wconf 51' lang='lat' dir='ltr'><strong>ag-</strong></span> 
     </span>
    </p>
   </div>
   <div class='ocr_carea' id='block_1_22' title="bbox 2183 1154 3780 1226">
    <p class='ocr_par' dir='ltr' id='par_1_22' title="bbox 2183 1154 3780 1226">
     <span class='ocr_line' id='line_1_22' title="bbox 2183 1154 3780 1226; baseline 0.005 -21"><span class='ocrx_word' id='word_1_170' title='bbox 2183 1161 2488 1226; x_wconf 80' lang='lat' dir='ltr'><strong>gregatur;</strong></span> <span class='ocrx_word' id='word_1_171' title='bbox 2546 1162 2603 1210; x_wconf 90' lang='lat' dir='ltr'><strong>et</strong></span> <span class='ocrx_word' id='word_1_172' title='bbox 2655 1154 2783 1209; x_wconf 91' lang='lat' dir='ltr'><strong>dum</strong></span> <span class='ocrx_word' id='word_1_173' title='bbox 2827 1154 2974 1210; x_wconf 90' lang='lat' dir='ltr'><strong>acies</strong></span> <span class='ocrx_word' id='word_1_174' title='bbox 3019 1155 3086 1209; x_wconf 92' lang='lat' dir='ltr'><strong>ad</strong></span> <span class='ocrx_word' id='word_1_175' title='bbox 3130 1154 3456 1213; x_wconf 86' lang='lat' dir='ltr'><strong>conferenda</strong></span> <span class='ocrx_word' id='word_1_176' title='bbox 3503 1155 3646 1213; x_wconf 83' lang='lat' dir='ltr'><strong>bella</strong></span> <span class='ocrx_word' id='word_1_177' title='bbox 3691 1155 3780 1213; x_wconf 78' lang='lat' dir='ltr'><strong>di-</strong></span> 
     </span>
    </p>
   </div>
   <div class='ocr_carea' id='block_1_23' title="bbox 2184 1242 3778 1315">
    <p class='ocr_par' dir='ltr' id='par_1_23' title="bbox 2184 1242 3778 1315">
     <span class='ocr_line' id='line_1_23' title="bbox 2184 1242 3778 1315; baseline 0.002 -18"><span class='ocrx_word' id='word_1_178' title='bbox 2184 1242 2403 1314; x_wconf 89' lang='lat' dir='ltr'><strong>rigitur,</strong></span> <span class='ocrx_word' id='word_1_179' title='bbox 2449 1251 2752 1298; x_wconf 90' lang='lat' dir='ltr'><strong>castrorum</strong></span> <span class='ocrx_word' id='word_1_180' title='bbox 2794 1243 2974 1301; x_wconf 87' lang='lat' dir='ltr'><strong>aditus</strong></span> <span class='ocrx_word' id='word_1_181' title='bbox 3012 1259 3042 1299; x_wconf 89' lang='lat' dir='ltr'><strong>a</strong></span> <span class='ocrx_word' id='word_1_182' title='bbox 3082 1244 3360 1301; x_wconf 83' lang='lat' dir='ltr'><strong>seditiosis</strong></span> <span class='ocrx_word' id='word_1_183' title='bbox 3401 1245 3609 1300; x_wconf 87' lang='lat' dir='ltr'><strong>civibus</strong></span> <span class='ocrx_word' id='word_1_184' title='bbox 3644 1259 3778 1315; x_wconf 88' lang='lat' dir='ltr'><strong>ape-</strong></span> 
     </span>
    </p>
   </div>
   <div class='ocr_carea' id='block_1_24' title="bbox 2186 1331 3775 1404">
    <p class='ocr_par' dir='ltr' id='par_1_24' title="bbox 2186 1331 3775 1404">
     <span class='ocr_line' id='line_1_24' title="bbox 2186 1331 3775 1404; baseline 0.001 -18"><span class='ocrx_word' id='word_1_185' title='bbox 2186 1331 2344 1388; x_wconf 90' lang='lat' dir='ltr'><strong>ritur.</strong></span> <span class='ocrx_word' id='word_1_186' title='bbox 2405 1333 2545 1388; x_wconf 84' lang='lat' dir='ltr'><strong>Vitia</strong></span> <span class='ocrx_word' id='word_1_187' title='bbox 2598 1332 2797 1403; x_wconf 88' lang='lat' dir='ltr'><strong>quippe</strong></span> <span class='ocrx_word' id='word_1_188' title='bbox 2847 1348 2970 1404; x_wconf 85' lang='lat' dir='ltr'><strong>quae</strong></span> <span class='ocrx_word' id='word_1_189' title='bbox 3019 1333 3159 1388; x_wconf 89' lang='lat' dir='ltr'><strong>intra</strong></span> <span class='ocrx_word' id='word_1_190' title='bbox 3209 1348 3308 1389; x_wconf 90' lang='lat' dir='ltr'><strong>nos</strong></span> <span class='ocrx_word' id='word_1_191' title='bbox 3359 1341 3539 1400; x_wconf 87' lang='lat' dir='ltr'><strong>sunt,</strong></span> <span class='ocrx_word' id='word_1_192' title='bbox 3588 1342 3775 1390; x_wconf 88' lang='lat' dir='ltr'><strong>tenta-</strong></span> 
     </span>
    </p>
   </div>
   <div class='ocr_carea' id='block_1_25' title="bbox 2188 1427 3781 1502">
    <p class='ocr_par' dir='ltr' id='par_1_25' title="bbox 2188 1427 3781 1502">
     <span class='ocr_line' id='line_1_25' title="bbox 2188 1427 3781 1502; baseline 0.003 -22"><span class='ocrx_word' id='word_1_193' title='bbox 2188 1427 2396 1483; x_wconf 88' lang='lat' dir='ltr'><strong>toribus</strong></span> <span class='ocrx_word' id='word_1_194' title='bbox 2451 1428 2507 1482; x_wconf 92' lang='lat' dir='ltr'><strong>in</strong></span> <span class='ocrx_word' id='word_1_195' title='bbox 2560 1428 2856 1483; x_wconf 90' lang='lat' dir='ltr'><strong>tentatione</strong></span> <span class='ocrx_word' id='word_1_196' title='bbox 2903 1429 3252 1495; x_wconf 81' lang='lat' dir='ltr'><strong>concordant,</strong></span> <span class='ocrx_word' id='word_1_197' title='bbox 3293 1436 3350 1483; x_wconf 89' lang='lat' dir='ltr'><strong>ot</strong></span> <span class='ocrx_word' id='word_1_198' title='bbox 3391 1429 3533 1485; x_wconf 87' lang='lat' dir='ltr'><strong>vires</strong></span> <span class='ocrx_word' id='word_1_199' title='bbox 3575 1427 3781 1502; x_wconf 81' lang='lat' dir='ltr'><strong>iniquis</strong></span> 
     </span>
    </p>
   </div>
   <div class='ocr_carea' id='block_1_26' title="bbox 2186 1519 2915 1590">
    <p class='ocr_par' dir='ltr' id='par_1_26' title="bbox 2186 1519 2915 1590">
     <span class='ocr_line' id='line_1_26' title="bbox 2186 1519 2915 1590; baseline 0.007 -18"><span class='ocrx_word' id='word_1_200' title='bbox 2186 1519 2466 1590; x_wconf 88' lang='lat' dir='ltr'><strong>spiritibus</strong></span> <span class='ocrx_word' id='word_1_201' title='bbox 2513 1522 2915 1578; x_wconf 88' lang='lat' dir='ltr'><strong>administrant.</strong></span> 
     </span>
    </p>
   </div>
   <div class='ocr_carea' id='block_1_27' title="bbox 2258 1609 3777 1684">
    <p class='ocr_par' dir='ltr' id='par_1_27' title="bbox 2258 1609 3777 1684">
     <span class='ocr_line' id='line_1_27' title="bbox 2258 1609 3777 1684; baseline 0.005 -20"><span class='ocrx_word' id='word_1_202' title='bbox 2258 1609 2616 1684; x_wconf 85' lang='lat' dir='ltr'><strong>Quapropter,</strong></span> <span class='ocrx_word' id='word_1_203' title='bbox 2662 1613 2992 1679; x_wconf 89' lang='lat' dir='ltr'><strong>charissimi,</strong></span> <span class='ocrx_word' id='word_1_204' title='bbox 3045 1614 3379 1681; x_wconf 85' lang='lat' dir='ltr'><strong>sobrietatis,</strong></span> <span class='ocrx_word' id='word_1_205' title='bbox 3428 1614 3777 1679; x_wconf 83' lang='lat' dir='ltr'><strong>humilitatis,</strong></span> 
     </span>
    </p>
   </div>
   <div class='ocr_carea' id='block_1_28' title="bbox 2187 1704 3786 1775">
    <p class='ocr_par' dir='ltr' id='par_1_28' title="bbox 2187 1704 3786 1775">
     <span class='ocr_line' id='line_1_28' title="bbox 2187 1704 3786 1775; baseline 0.001 -17"><span class='ocrx_word' id='word_1_206' title='bbox 2187 1704 2457 1775; x_wconf 77' lang='lat' dir='ltr'><strong>patientia:</strong></span> <span class='ocrx_word' id='word_1_207' title='bbox 2489 1745 2504 1771; x_wconf 93' lang='lat'><strong>,</strong></span> <span class='ocrx_word' id='word_1_208' title='bbox 2568 1705 2930 1772; x_wconf 68' lang='lat' dir='ltr'><strong>obedientiaz,</strong></span> <span class='ocrx_word' id='word_1_209' title='bbox 2987 1707 3292 1775; x_wconf 69' lang='lat' dir='ltr'><strong>cas3itatis,</strong></span> <span class='ocrx_word' id='word_1_210' title='bbox 3335 1707 3617 1763; x_wconf 84' lang='lat' dir='ltr'><strong>cltaritatis</strong></span> <span class='ocrx_word' id='word_1_211' title='bbox 3658 1723 3786 1763; x_wconf 85' lang='lat' dir='ltr'><strong>om-</strong></span> 
     </span>
    </p>
   </div>
   <div class='ocr_carea' id='block_1_29' title="bbox 489 1797 2096 1883">
    <p class='ocr_par' dir='ltr' id='par_1_29' title="bbox 489 1811 2087 1883">
     <span class='ocr_line' id='line_1_29' title="bbox 489 1811 2087 1883; baseline 0.001 -19"><span class='ocrx_word' id='word_1_212' title='bbox 489 1811 737 1882; x_wconf 86' lang='lat' dir='ltr'><strong>quamvis</strong></span> <span class='ocrx_word' id='word_1_213' title='bbox 785 1811 1016 1883; x_wconf 84' lang='lat' dir='ltr'><strong>reprobo</strong></span> <span class='ocrx_word' id='word_1_214' title='bbox 1059 1812 1354 1879; x_wconf 87' lang='lat' dir='ltr'><strong>sacerdoti,</strong></span> <span class='ocrx_word' id='word_1_215' title='bbox 1405 1812 1530 1881; x_wconf 89' lang='lat' dir='ltr'><strong>quia</strong></span> <span class='ocrx_word' id='word_1_216' title='bbox 1586 1820 1766 1866; x_wconf 92' lang='lat' dir='ltr'><strong>tamen</strong></span> <span class='ocrx_word' id='word_1_217' title='bbox 1810 1812 2087 1867; x_wconf 87' lang='lat' dir='ltr'><strong>humiliter</strong></span> 
     </span>
    </p>
   </div>
   <div class='ocr_carea' id='block_1_30' title="bbox 2193 1797 3787 1883">
    <p class='ocr_par' dir='ltr' id='par_1_30' title="bbox 2193 1797 3787 1869">
     <span class='ocr_line' id='line_1_30' title="bbox 2193 1797 3787 1869; baseline 0.001 -19"><span class='ocrx_word' id='word_1_218' title='bbox 2193 1797 2444 1866; x_wconf 85' lang='lat' dir='ltr'><strong>niumqne</strong></span> <span class='ocrx_word' id='word_1_219' title='bbox 2490 1799 2749 1852; x_wconf 88' lang='lat' dir='ltr'><strong>virtutum</strong></span> <span class='ocrx_word' id='word_1_220' title='bbox 2791 1811 2943 1853; x_wconf 88' lang='lat' dir='ltr'><strong>arma</strong></span> <span class='ocrx_word' id='word_1_221' title='bbox 2973 1798 3254 1868; x_wconf 87' lang='lat' dir='ltr'><strong>corripite,</strong></span> <span class='ocrx_word' id='word_1_222' title='bbox 3286 1808 3341 1854; x_wconf 89' lang='lat' dir='ltr'><strong>et</strong></span> <span class='ocrx_word' id='word_1_223' title='bbox 3373 1815 3478 1853; x_wconf 90' lang='lat' dir='ltr'><strong>non</strong></span> <span class='ocrx_word' id='word_1_224' title='bbox 3505 1813 3603 1869; x_wconf 90' lang='lat' dir='ltr'><strong>pro</strong></span> <span class='ocrx_word' id='word_1_225' title='bbox 3633 1798 3787 1868; x_wconf 84' lang='lat' dir='ltr'><strong>agris</strong></span> 
     </span>
    </p>
   </div>
   <div class='ocr_carea' id='block_1_31' title="bbox 488 1873 2096 1974">
    <p class='ocr_par' dir='ltr' id='par_1_31' title="bbox 488 1902 2081 1974">
     <span class='ocr_line' id='line_1_31' title="bbox 488 1902 2081 1974; baseline 0 -18"><span class='ocrx_word' id='word_1_226' title='bbox 488 1902 688 1972; x_wconf 90' lang='lat' dir='ltr'><strong>paruit,</strong></span> <span class='ocrx_word' id='word_1_227' title='bbox 743 1903 1020 1957; x_wconf 88' lang='lat' dir='ltr'><strong>oraculum</strong></span> <span class='ocrx_word' id='word_1_228' title='bbox 1061 1919 1183 1959; x_wconf 83' lang='lat' dir='ltr'><strong>mox</strong></span> <span class='ocrx_word' id='word_1_229' title='bbox 1229 1903 1427 1959; x_wconf 80' lang='lat' dir='ltr'><strong>divinae</strong></span> <span class='ocrx_word' id='word_1_230' title='bbox 1466 1903 1810 1960; x_wconf 86' lang='lat' dir='ltr'><strong>revelationis</strong></span> <span class='ocrx_word' id='word_1_231' title='bbox 1851 1904 2081 1974; x_wconf 85' lang='lat' dir='ltr'><strong>accepit.</strong></span> 
     </span>
    </p>
   </div>
   <div class='ocr_carea' id='block_1_32' title="bbox 2193 1873 3784 1974">
    <p class='ocr_par' dir='ltr' id='par_1_32' title="bbox 2193 1888 3784 1959">
     <span class='ocr_line' id='line_1_32' title="bbox 2193 1888 3784 1959; baseline 0 -16"><span class='ocrx_word' id='word_1_232' title='bbox 2193 1897 2241 1943; x_wconf 81' lang='lat' dir='ltr'><strong>et</strong></span> <span class='ocrx_word' id='word_1_233' title='bbox 2287 1889 2534 1955; x_wconf 89' lang='lat' dir='ltr'><strong>urbibus,</strong></span> <span class='ocrx_word' id='word_1_234' title='bbox 2582 1905 2689 1944; x_wconf 89' lang='lat' dir='ltr'><strong>non</strong></span> <span class='ocrx_word' id='word_1_235' title='bbox 2740 1904 2838 1959; x_wconf 93' lang='lat' dir='ltr'><strong>pro</strong></span> <span class='ocrx_word' id='word_1_236' title='bbox 2889 1888 3037 1956; x_wconf 85' lang='lat' dir='ltr'><strong>filiis,</strong></span> <span class='ocrx_word' id='word_1_237' title='bbox 3087 1889 3169 1945; x_wconf 89' lang='lat' dir='ltr'><strong>vel</strong></span> <span class='ocrx_word' id='word_1_238' title='bbox 3219 1890 3515 1956; x_wconf 80' lang='lat' dir='ltr'><strong>uxoribus,</strong></span> <span class='ocrx_word' id='word_1_239' title='bbox 3548 1890 3642 1945; x_wconf 91' lang='lat' dir='ltr'><strong>sed</strong></span> <span class='ocrx_word' id='word_1_240' title='bbox 3678 1904 3784 1959; x_wconf 83' lang='lat' dir='ltr'><strong>pro</strong></span> 
     </span>
    </p>
   </div>
   <div class='ocr_carea' id='block_1_33' title="bbox 492 1994 2082 2067">
    <p class='ocr_par' dir='ltr' id='par_1_33' title="bbox 492 1994 2082 2067">
     <span class='ocr_line' id='line_1_33' title="bbox 492 1994 2082 2067; baseline -0.001 -15"><span class='ocrx_word' id='word_1_241' title='bbox 492 1994 796 2065; x_wconf 88' lang='lat' dir='ltr'><strong>Superbum</strong></span> <span class='ocrx_word' id='word_1_242' title='bbox 849 1994 1067 2051; x_wconf 84' lang='lat' dir='ltr'><strong>Saulem</strong></span> <span class='ocrx_word' id='word_1_243' title='bbox 1124 2012 1356 2067; x_wconf 91' lang='lat' dir='ltr'><strong>nequam</strong></span> <span class='ocrx_word' id='word_1_244' title='bbox 1406 1996 1629 2066; x_wconf 88' lang='lat' dir='ltr'><strong>spiritus</strong></span> <span class='ocrx_word' id='word_1_245' title='bbox 1668 2004 1875 2062; x_wconf 83' lang='lat' dir='ltr'><strong>vexat,</strong></span> <span class='ocrx_word' id='word_1_246' title='bbox 1929 2004 1985 2050; x_wconf 87' lang='lat' dir='ltr'><strong>et</strong></span> <span class='ocrx_word' id='word_1_247' title='bbox 2033 1997 2082 2051; x_wconf 91' lang='lat' dir='ltr'><strong>ei</strong></span> 
     </span>
    </p>
   </div>
   <div class='ocr_carea' id='block_1_34' title="bbox 491 2087 2086 2159">
    <p class='ocr_par' dir='ltr' id='par_1_34' title="bbox 491 2087 2086 2159">
     <span class='ocr_line' id='line_1_34' title="bbox 491 2087 2086 2159; baseline -0.002 -17"><span class='ocrx_word' id='word_1_248' title='bbox 491 2087 663 2143; x_wconf 83' lang='lat' dir='ltr'><strong>David</strong></span> <span class='ocrx_word' id='word_1_249' title='bbox 720 2089 949 2159; x_wconf 89' lang='lat' dir='ltr'><strong>obsequi</strong></span> <span class='ocrx_word' id='word_1_250' title='bbox 1017 2089 1305 2158; x_wconf 85' lang='lat' dir='ltr'><strong>crispando</strong></span> <span class='ocrx_word' id='word_1_251' title='bbox 1365 2089 1633 2144; x_wconf 88' lang='lat' dir='ltr'><strong>citharam</strong></span> <span class='ocrx_word' id='word_1_252' title='bbox 1698 2101 1806 2142; x_wconf 90' lang='lat' dir='ltr'><strong>non</strong></span> <span class='ocrx_word' id='word_1_253' title='bbox 1872 2094 2086 2143; x_wconf 90' lang='lat' dir='ltr'><strong>recusat</strong></span> 
     </span>
    </p>
   </div>
   <div class='ocr_carea' id='block_1_35' title="bbox 491 2179 909 2252">
    <p class='ocr_par' dir='ltr' id='par_1_35' title="bbox 491 2179 909 2252">
     <span class='ocr_line' id='line_1_35' title="bbox 491 2179 909 2252; baseline 0 -17"><span class='ocrx_word' id='word_1_254' title='bbox 491 2179 545 2251; x_wconf 92' lang='grc' dir='ltr'><strong>(ι</strong></span> <span class='ocrx_word' id='word_1_255' title='bbox 596 2180 722 2252; x_wconf 83' lang='lat' dir='ltr'><strong>Reg.</strong></span> <span class='ocrx_word' id='word_1_256' title='bbox 774 2182 909 2251; x_wconf 77' lang='lat' dir='ltr'><strong>xvr).</strong></span> 
     </span>
    </p>
   </div>
   <div class='ocr_carea' id='block_1_36' title="bbox 564 2270 2085 2342">
    <p class='ocr_par' dir='ltr' id='par_1_36' title="bbox 564 2270 2085 2342">
     <span class='ocr_line' id='line_1_36' title="bbox 564 2270 2085 2342; baseline -0.003 -12"><span class='ocrx_word' id='word_1_257' title='bbox 564 2272 637 2330; x_wconf 89' lang='lat' dir='ltr'><strong>Ut</strong></span> <span class='ocrx_word' id='word_1_258' title='bbox 685 2272 924 2329; x_wconf 82' lang='lat' dir='ltr'><strong>libidinis</strong></span> <span class='ocrx_word' id='word_1_259' title='bbox 962 2281 1144 2328; x_wconf 87' lang='lat' dir='ltr'><strong>autem</strong></span> <span class='ocrx_word' id='word_1_260' title='bbox 1191 2272 1419 2328; x_wconf 86' lang='lat' dir='ltr'><strong>valeatis</strong></span> <span class='ocrx_word' id='word_1_261' title='bbox 1474 2281 1639 2327; x_wconf 80' lang='lat' dir='ltr'><strong>aestus</strong></span> <span class='ocrx_word' id='word_1_262' title='bbox 1697 2270 2085 2342; x_wconf 77' lang='lat' dir='ltr'><strong>exstinguere,</strong></span> 
     </span>
    </p>
   </div>
   <div class='ocr_carea' id='block_1_37' title="bbox 490 2360 2086 2435">
    <p class='ocr_par' dir='ltr' id='par_1_37' title="bbox 490 2360 2086 2435">
     <span class='ocr_line' id='line_1_37' title="bbox 490 2360 2086 2435; baseline -0.001 -17"><span class='ocrx_word' id='word_1_263' title='bbox 490 2362 832 2420; x_wconf 87' lang='lat' dir='ltr'><strong>irritamenta</strong></span> <span class='ocrx_word' id='word_1_264' title='bbox 876 2366 1013 2435; x_wconf 77' lang='lat' dir='ltr'><strong>gula:</strong></span> <span class='ocrx_word' id='word_1_265' title='bbox 1054 2372 1306 2435; x_wconf 82' lang='lat' dir='ltr'><strong>tanquam</strong></span> <span class='ocrx_word' id='word_1_266' title='bbox 1353 2373 1584 2434; x_wconf 57' lang='lat' dir='ltr'><strong>stuppas,</strong></span> <span class='ocrx_word' id='word_1_267' title='bbox 1636 2363 1871 2433; x_wconf 76' lang='lat' dir='ltr'><strong>naphtae,</strong></span> <span class='ocrx_word' id='word_1_268' title='bbox 1908 2360 2045 2432; x_wconf 91' lang='lat' dir='ltr'><strong>picis</strong></span> <span class='ocrx_word' id='word_1_269' title='bbox 2070 2402 2086 2427; x_wconf 94' lang='lat'><strong>,</strong></span> 
     </span>
    </p>
   </div>
   <div class='ocr_carea' id='block_1_38' title="bbox 491 2446 2089 2520">
    <p class='ocr_par' dir='ltr' id='par_1_38' title="bbox 491 2446 2089 2520">
     <span class='ocr_line' id='line_1_38' title="bbox 491 2446 2089 2520; baseline -0.004 -9"><span class='ocrx_word' id='word_1_270' title='bbox 491 2464 549 2511; x_wconf 89' lang='lat' dir='ltr'><strong>et</strong></span> <span class='ocrx_word' id='word_1_271' title='bbox 608 2454 871 2511; x_wconf 85' lang='lat' dir='ltr'><strong>malleolae</strong></span> <span class='ocrx_word' id='word_1_272' title='bbox 926 2454 1170 2512; x_wconf 78' lang='lat' dir='ltr'><strong>fomitem</strong></span> <span class='ocrx_word' id='word_1_273' title='bbox 1230 2446 1517 2511; x_wconf 63' lang='lat' dir='ltr'><strong>declinate&#39;.</strong></span> <span class='ocrx_word' id='word_1_274' title='bbox 1579 2452 1682 2520; x_wconf 84' lang='lat' dir='ltr'><strong>Qui</strong></span> <span class='ocrx_word' id='word_1_275' title='bbox 1745 2451 1891 2508; x_wconf 91' lang='lat' dir='ltr'><strong>enim</strong></span> <span class='ocrx_word' id='word_1_276' title='bbox 1945 2451 2089 2505; x_wconf 87' lang='lat' dir='ltr'><strong>inter</strong></span> 
     </span>
    </p>
   </div>
   <div class='ocr_carea' id='block_1_39' title="bbox 2187 1981 3786 2051">
    <p class='ocr_par' dir='ltr' id='par_1_39' title="bbox 2187 1981 3786 2051">
     <span class='ocr_line' id='line_1_39' title="bbox 2187 1981 3786 2051; baseline 0.001 -17"><span class='ocrx_word' id='word_1_277' title='bbox 2187 1981 2472 2036; x_wconf 88' lang='lat' dir='ltr'><strong>animabus</strong></span> <span class='ocrx_word' id='word_1_278' title='bbox 2526 1981 2764 2045; x_wconf 86' lang='lat' dir='ltr'><strong>vestris,</strong></span> <span class='ocrx_word' id='word_1_279' title='bbox 2811 1996 2931 2051; x_wconf 75' lang='lat' dir='ltr'><strong>quae</strong></span> <span class='ocrx_word' id='word_1_280' title='bbox 2973 1996 3188 2037; x_wconf 90' lang='lat' dir='ltr'><strong>omnem</strong></span> <span class='ocrx_word' id='word_1_281' title='bbox 3239 1981 3488 2037; x_wconf 73' lang='lat' dir='ltr'><strong>affectum</strong></span> <span class='ocrx_word' id='word_1_282' title='bbox 3542 1982 3786 2037; x_wconf 90' lang='lat' dir='ltr'><strong>necessi-</strong></span> 
     </span>
    </p>
   </div>
   <div class='ocr_carea' id='block_1_40' title="bbox 2189 2076 3784 2148">
    <p class='ocr_par' dir='ltr' id='par_1_40' title="bbox 2189 2076 3784 2148">
     <span class='ocr_line' id='line_1_40' title="bbox 2189 2076 3784 2148; baseline 0 -18"><span class='ocrx_word' id='word_1_283' title='bbox 2189 2078 2388 2133; x_wconf 91' lang='lat' dir='ltr'><strong>tudinis</strong></span> <span class='ocrx_word' id='word_1_284' title='bbox 2431 2086 2708 2147; x_wconf 90' lang='lat' dir='ltr'><strong>superant,</strong></span> <span class='ocrx_word' id='word_1_285' title='bbox 2753 2077 3027 2133; x_wconf 89' lang='lat' dir='ltr'><strong>dimicate.</strong></span> <span class='ocrx_word' id='word_1_286' title='bbox 3076 2076 3351 2148; x_wconf 79' lang='lat' dir='ltr'><strong>Praecipue</strong></span> <span class='ocrx_word' id='word_1_287' title='bbox 3397 2085 3457 2130; x_wconf 93' lang='lat' dir='ltr'><strong>ut</strong></span> <span class='ocrx_word' id='word_1_288' title='bbox 3507 2085 3639 2131; x_wconf 69' lang='lat' dir='ltr'><strong>aetas</strong></span> <span class='ocrx_word' id='word_1_289' title='bbox 3679 2091 3784 2130; x_wconf 78' lang='lat' dir='ltr'><strong>ve—</strong></span> 
     </span>
    </p>
   </div>
   <div class='ocr_carea' id='block_1_41' title="bbox 2186 2164 3787 2236">
    <p class='ocr_par' dir='ltr' id='par_1_41' title="bbox 2186 2164 3787 2236">
     <span class='ocr_line' id='line_1_41' title="bbox 2186 2164 3787 2236; baseline -0.003 -13"><span class='ocrx_word' id='word_1_290' title='bbox 2186 2177 2300 2224; x_wconf 89' lang='lat' dir='ltr'><strong>stra</strong></span> <span class='ocrx_word' id='word_1_291' title='bbox 2351 2167 2457 2223; x_wconf 87' lang='lat' dir='ltr'><strong>vim</strong></span> <span class='ocrx_word' id='word_1_292' title='bbox 2515 2168 2732 2233; x_wconf 90' lang='lat' dir='ltr'><strong>sentiat,</strong></span> <span class='ocrx_word' id='word_1_293' title='bbox 2774 2164 3125 2236; x_wconf 87' lang='lat' dir='ltr'><strong>ieiunandum</strong></span> <span class='ocrx_word' id='word_1_294' title='bbox 3178 2167 3335 2221; x_wconf 87' lang='lat' dir='ltr'><strong>vobis</strong></span> <span class='ocrx_word' id='word_1_295' title='bbox 3371 2175 3474 2233; x_wconf 90' lang='lat' dir='ltr'><strong>est,</strong></span> <span class='ocrx_word' id='word_1_296' title='bbox 3523 2174 3579 2219; x_wconf 92' lang='lat' dir='ltr'><strong>et</strong></span> <span class='ocrx_word' id='word_1_297' title='bbox 3617 2179 3787 2219; x_wconf 86' lang='lat' dir='ltr'><strong>oran-</strong></span> 
     </span>
    </p>
   </div>
   <div class='ocr_carea' id='block_1_42' title="bbox 2188 2256 3782 2330">
    <p class='ocr_par' dir='ltr' id='par_1_42' title="bbox 2188 2256 3782 2330">
     <span class='ocr_line' id='line_1_42' title="bbox 2188 2256 3782 2330; baseline -0.003 -17"><span class='ocrx_word' id='word_1_298' title='bbox 2188 2260 2349 2324; x_wconf 91' lang='lat' dir='ltr'><strong>dum;</strong></span> <span class='ocrx_word' id='word_1_299' title='bbox 2391 2268 2657 2330; x_wconf 87' lang='lat' dir='ltr'><strong>quatenus</strong></span> <span class='ocrx_word' id='word_1_300' title='bbox 2700 2266 2754 2313; x_wconf 89' lang='lat' dir='ltr'><strong>et</strong></span> <span class='ocrx_word' id='word_1_301' title='bbox 2794 2258 3060 2329; x_wconf 86' lang='lat' dir='ltr'><strong>jejunium</strong></span> <span class='ocrx_word' id='word_1_302' title='bbox 3109 2258 3290 2313; x_wconf 91' lang='lat' dir='ltr'><strong>carnis</strong></span> <span class='ocrx_word' id='word_1_303' title='bbox 3333 2257 3499 2312; x_wconf 91' lang='lat' dir='ltr'><strong>robur</strong></span> <span class='ocrx_word' id='word_1_304' title='bbox 3539 2256 3782 2322; x_wconf 87' lang='lat' dir='ltr'><strong>edomet,</strong></span> 
     </span>
    </p>
   </div>
   <div class='ocr_carea' id='block_1_43' title="bbox 2189 2348 3785 2408">
    <p class='ocr_par' dir='ltr' id='par_1_43' title="bbox 2189 2348 3785 2408">
     <span class='ocr_line' id='line_1_43' title="bbox 2189 2348 3785 2408; baseline -0.002 -2"><span class='ocrx_word' id='word_1_305' title='bbox 2189 2361 2246 2406; x_wconf 90' lang='lat' dir='ltr'><strong>et</strong></span> <span class='ocrx_word' id='word_1_306' title='bbox 2288 2353 2466 2408; x_wconf 86' lang='lat' dir='ltr'><strong>oratio</strong></span> <span class='ocrx_word' id='word_1_307' title='bbox 2524 2352 2590 2407; x_wconf 87' lang='lat' dir='ltr'><strong>ad</strong></span> <span class='ocrx_word' id='word_1_308' title='bbox 2628 2351 2796 2406; x_wconf 88' lang='lat' dir='ltr'><strong>Deum</strong></span> <span class='ocrx_word' id='word_1_309' title='bbox 2854 2351 3088 2405; x_wconf 88' lang='lat' dir='ltr'><strong>animam</strong></span> <span class='ocrx_word' id='word_1_310' title='bbox 3138 2351 3297 2404; x_wconf 88' lang='lat' dir='ltr'><strong>levet.</strong></span> <span class='ocrx_word' id='word_1_311' title='bbox 3352 2348 3658 2404; x_wconf 80' lang='lat' dir='ltr'><strong>Notandum</strong></span> <span class='ocrx_word' id='word_1_312' title='bbox 3698 2354 3785 2403; x_wconf 81' lang='lat' dir='ltr'><strong>ta-</strong></span> 
     </span>
    </p>
   </div>
   <div class='ocr_carea' id='block_1_44' title="bbox 2188 2436 3786 2511">
    <p class='ocr_par' dir='ltr' id='par_1_44' title="bbox 2188 2436 3786 2511">
     <span class='ocr_line' id='line_1_44' title="bbox 2188 2436 3786 2511; baseline -0.003 -15"><span class='ocrx_word' id='word_1_313' title='bbox 2188 2455 2355 2505; x_wconf 85' lang='lat' dir='ltr'><strong>men,</strong></span> <span class='ocrx_word' id='word_1_314' title='bbox 2411 2441 2539 2511; x_wconf 90' lang='lat' dir='ltr'><strong>quia</strong></span> <span class='ocrx_word' id='word_1_315' title='bbox 2579 2439 2822 2496; x_wconf 90' lang='lat' dir='ltr'><strong>nonnulli</strong></span> <span class='ocrx_word' id='word_1_316' title='bbox 2873 2439 3001 2494; x_wconf 91' lang='lat' dir='ltr'><strong>dum</strong></span> <span class='ocrx_word' id='word_1_317' title='bbox 3043 2449 3310 2510; x_wconf 87' lang='lat' dir='ltr'><strong>peragunt</strong></span> <span class='ocrx_word' id='word_1_318' title='bbox 3365 2437 3660 2493; x_wconf 86' lang='lat' dir='ltr'><strong>indiscrete</strong></span> <span class='ocrx_word' id='word_1_319' title='bbox 3698 2436 3786 2506; x_wconf 89' lang='lat' dir='ltr'><strong>je-</strong></span> 
     </span>
    </p>
   </div>
   <div class='ocr_carea' id='block_1_45' title="bbox 492 2528 3783 2618">
    <p class='ocr_par' dir='ltr' id='par_1_45' title="bbox 492 2528 3783 2618">
     <span class='ocr_line' id='line_1_45' title="bbox 492 2528 3783 2618; baseline -0.003 -14"><span class='ocrx_word' id='word_1_320' title='bbox 492 2556 605 2605; x_wconf 83' lang='lat' dir='ltr'><strong>tres</strong></span> <span class='ocrx_word' id='word_1_321' title='bbox 653 2549 987 2607; x_wconf 85' lang='lat' dir='ltr'><strong>abstinentes</strong></span> <span class='ocrx_word' id='word_1_322' title='bbox 1042 2561 1242 2618; x_wconf 89' lang='lat' dir='ltr'><strong>pueros</strong></span> <span class='ocrx_word' id='word_1_323' title='bbox 1294 2548 1347 2601; x_wconf 92' lang='lat' dir='ltr'><strong>in</strong></span> <span class='ocrx_word' id='word_1_324' title='bbox 1396 2546 1612 2602; x_wconf 87' lang='lat' dir='ltr'><strong>camino</strong></span> <span class='ocrx_word' id='word_1_325' title='bbox 1666 2545 1806 2617; x_wconf 89' lang='lat' dir='ltr'><strong>ignis</strong></span> <span class='ocrx_word' id='word_1_326' title='bbox 1859 2551 2088 2613; x_wconf 88' lang='lat' dir='ltr'><strong>quartus</strong></span> <span class='ocrx_word' id='word_1_327' title='bbox 2182 2533 2418 2604; x_wconf 69' lang='lat' dir='ltr'><strong>iunium.</strong></span> <span class='ocrx_word' id='word_1_328' title='bbox 2452 2531 2644 2603; x_wconf 69' lang='lat' dir='ltr'><strong>ieiunii</strong></span> <span class='ocrx_word' id='word_1_329' title='bbox 2688 2545 2795 2585; x_wconf 77' lang='grc' dir='ltr'>ιιοῑι</span> <span class='ocrx_word' id='word_1_330' title='bbox 2848 2529 3068 2600; x_wconf 68' lang='grc' dir='ltr'><strong>οθρίιιηι</strong></span> <span class='ocrx_word' id='word_1_331' title='bbox 3117 2528 3384 2595; x_wconf 60' lang='lat' dir='ltr'><strong>&quot;uelum;</strong></span> <span class='ocrx_word' id='word_1_332' title='bbox 3429 2537 3486 2583; x_wconf 69' lang='lat' dir='ltr'><strong>Cl</strong></span> <span class='ocrx_word' id='word_1_333' title='bbox 3515 2528 3783 2598; x_wconf 81' lang='lat' dir='ltr'><strong>quidquid</strong></span> 
     </span>
    </p>
   </div>
   <div class='ocr_carea' id='block_1_46' title="bbox 490 2637 2091 2710">
    <p class='ocr_par' dir='ltr' id='par_1_46' title="bbox 490 2637 2091 2710">
     <span class='ocr_line' id='line_1_46' title="bbox 490 2637 2091 2710; baseline -0.002 -16"><span class='ocrx_word' id='word_1_334' title='bbox 490 2638 744 2710; x_wconf 82' lang='lat' dir='ltr'><strong>apparuit</strong></span> <span class='ocrx_word' id='word_1_335' title='bbox 785 2639 949 2710; x_wconf 86' lang='lat' dir='ltr'><strong>(Dan.</strong></span> <span class='ocrx_word' id='word_1_336' title='bbox 1009 2637 1127 2708; x_wconf 85' lang='lat' dir='ltr'><strong>tu),</strong></span> <span class='ocrx_word' id='word_1_337' title='bbox 1168 2647 1224 2694; x_wconf 87' lang='lat' dir='ltr'><strong>et</strong></span> <span class='ocrx_word' id='word_1_338' title='bbox 1258 2637 1410 2693; x_wconf 82' lang='lat' dir='ltr'><strong>vobis</strong></span> <span class='ocrx_word' id='word_1_339' title='bbox 1447 2644 1710 2706; x_wconf 90' lang='lat' dir='ltr'><strong>tanquam</strong></span> <span class='ocrx_word' id='word_1_340' title='bbox 1745 2643 1967 2690; x_wconf 87' lang='lat' dir='ltr'><strong>ventum</strong></span> <span class='ocrx_word' id='word_1_341' title='bbox 2008 2649 2091 2690; x_wconf 89' lang='lat' dir='ltr'><strong>ro-</strong></span> 
     </span>
    </p>
   </div>
   <div class='ocr_carea' id='block_1_47' title="bbox 490 2725 2086 2800">
    <p class='ocr_par' dir='ltr' id='par_1_47' title="bbox 490 2725 2086 2800">
     <span class='ocr_line' id='line_1_47' title="bbox 490 2725 2086 2800; baseline -0.003 -16"><span class='ocrx_word' id='word_1_342' title='bbox 490 2731 571 2785; x_wconf 82' lang='lat' dir='ltr'><strong>ris</strong></span> <span class='ocrx_word' id='word_1_343' title='bbox 618 2727 837 2784; x_wconf 83' lang='lat' dir='ltr'><strong>ﬂantem</strong></span> <span class='ocrx_word' id='word_1_344' title='bbox 895 2730 1121 2800; x_wconf 86' lang='lat' dir='ltr'><strong>spiritus</strong></span> <span class='ocrx_word' id='word_1_345' title='bbox 1183 2729 1268 2785; x_wconf 92' lang='lat' dir='ltr'><strong>sui</strong></span> <span class='ocrx_word' id='word_1_346' title='bbox 1326 2726 1672 2798; x_wconf 85' lang='lat' dir='ltr'><strong>refrigerium</strong></span> <span class='ocrx_word' id='word_1_347' title='bbox 1732 2725 2086 2780; x_wconf 88' lang='lat' dir='ltr'><strong>ministrabit.</strong></span> 
     </span>
    </p>
   </div>
   <div class='ocr_carea' id='block_1_48' title="bbox 491 2814 2090 2889">
    <p class='ocr_par' dir='ltr' id='par_1_48' title="bbox 491 2814 2090 2889">
     <span class='ocr_line' id='line_1_48' title="bbox 491 2814 2090 2889; baseline -0.001 -16"><span class='ocrx_word' id='word_1_348' title='bbox 491 2817 551 2873; x_wconf 81' lang='lat' dir='ltr'><strong>In</strong></span> <span class='ocrx_word' id='word_1_349' title='bbox 609 2820 864 2876; x_wconf 91' lang='lat' dir='ltr'><strong>omnibus</strong></span> <span class='ocrx_word' id='word_1_350' title='bbox 920 2819 1082 2889; x_wconf 79' lang='lat' dir='ltr'><strong>igitur</strong></span> <span class='ocrx_word' id='word_1_351' title='bbox 1142 2819 1468 2889; x_wconf 89' lang='lat' dir='ltr'><strong>crepundias</strong></span> <span class='ocrx_word' id='word_1_352' title='bbox 1528 2816 1770 2872; x_wconf 67' lang='lat' dir='ltr'><strong>infantia:</strong></span> <span class='ocrx_word' id='word_1_353' title='bbox 1837 2814 2090 2871; x_wconf 85' lang='lat' dir='ltr'><strong>laetantis</strong></span> 
     </span>
    </p>
   </div>
   <div class='ocr_carea' id='block_1_49' title="bbox 491 2906 2091 2977">
    <p class='ocr_par' dir='ltr' id='par_1_49' title="bbox 491 2906 2091 2977">
     <span class='ocr_line' id='line_1_49' title="bbox 491 2906 2091 2977; baseline -0.004 -12"><span class='ocrx_word' id='word_1_354' title='bbox 491 2910 713 2977; x_wconf 80' lang='lat' dir='ltr'><strong>exuite,</strong></span> <span class='ocrx_word' id='word_1_355' title='bbox 765 2919 821 2967; x_wconf 90' lang='lat' dir='ltr'><strong>et</strong></span> <span class='ocrx_word' id='word_1_356' title='bbox 868 2911 1173 2966; x_wconf 88' lang='lat' dir='ltr'><strong>rudimenta</strong></span> <span class='ocrx_word' id='word_1_357' title='bbox 1220 2909 1455 2965; x_wconf 89' lang='lat' dir='ltr'><strong>tirocinii</strong></span> <span class='ocrx_word' id='word_1_358' title='bbox 1503 2908 1669 2963; x_wconf 88' lang='lat' dir='ltr'><strong>vestri</strong></span> <span class='ocrx_word' id='word_1_359' title='bbox 1714 2906 1945 2963; x_wconf 91' lang='lat' dir='ltr'><strong>Domino</strong></span> <span class='ocrx_word' id='word_1_360' title='bbox 1992 2919 2091 2975; x_wconf 88' lang='lat' dir='ltr'><strong>per</strong></span> 
     </span>
    </p>
   </div>
   <div class='ocr_carea' id='block_1_50' title="bbox 491 2997 2090 3074">
    <p class='ocr_par' dir='ltr' id='par_1_50' title="bbox 491 2997 2090 3074">
     <span class='ocr_line' id='line_1_50' title="bbox 491 2997 2090 3074; baseline -0.004 -17"><span class='ocrx_word' id='word_1_361' title='bbox 491 2999 844 3074; x_wconf 81' lang='lat' dir='ltr'><strong>ingenuitatis</strong></span> <span class='ocrx_word' id='word_1_362' title='bbox 870 3001 1105 3057; x_wconf 89' lang='lat' dir='ltr'><strong>indolem</strong></span> <span class='ocrx_word' id='word_1_363' title='bbox 1133 3001 1397 3057; x_wconf 84' lang='lat' dir='ltr'><strong>dedicate.</strong></span> <span class='ocrx_word' id='word_1_364' title='bbox 1448 2999 1602 3055; x_wconf 81' lang='lat' dir='ltr'><strong>Illum</strong></span> <span class='ocrx_word' id='word_1_365' title='bbox 1633 2997 1924 3068; x_wconf 87' lang='lat' dir='ltr'><strong>sequimini</strong></span> <span class='ocrx_word' id='word_1_366' title='bbox 1949 2997 2090 3052; x_wconf 90' lang='lat' dir='ltr'><strong>inter</strong></span> 
     </span>
    </p>
   </div>
   <div class='ocr_carea' id='block_1_51' title="bbox 493 3091 2087 3161">
    <p class='ocr_par' dir='ltr' id='par_1_51' title="bbox 493 3091 2087 3161">
     <span class='ocr_line' id='line_1_51' title="bbox 493 3091 2087 3161; baseline -0.003 -12"><span class='ocrx_word' id='word_1_367' title='bbox 493 3096 855 3155; x_wconf 88' lang='lat' dir='ltr'><strong>tentationum</strong></span> <span class='ocrx_word' id='word_1_368' title='bbox 902 3095 1206 3152; x_wconf 89' lang='lat' dir='ltr'><strong>certamina</strong></span> <span class='ocrx_word' id='word_1_369' title='bbox 1256 3094 1449 3150; x_wconf 86' lang='lat' dir='ltr'><strong>ducem</strong></span> <span class='ocrx_word' id='word_1_370' title='bbox 1481 3132 1498 3160; x_wconf 94' lang='lat'><strong>,</strong></span> <span class='ocrx_word' id='word_1_371' title='bbox 1556 3091 1709 3148; x_wconf 90' lang='lat' dir='ltr'><strong>illum</strong></span> <span class='ocrx_word' id='word_1_372' title='bbox 1756 3091 1985 3161; x_wconf 83' lang='lat' dir='ltr'><strong>quaerite</strong></span> <span class='ocrx_word' id='word_1_373' title='bbox 2032 3091 2087 3145; x_wconf 93' lang='lat' dir='ltr'><strong>in</strong></span> 
     </span>
    </p>
   </div>
   <div class='ocr_carea' id='block_1_52' title="bbox 493 3181 2162 3282">
    <p class='ocr_par' dir='ltr' id='par_1_52' title="bbox 493 3181 2162 3282">
     <span class='ocr_line' id='line_1_52' title="bbox 493 3181 2162 3282; baseline -0.016 -22"><span class='ocrx_word' id='word_1_374' title='bbox 493 3186 871 3259; x_wconf 66' lang='grc' dir='ltr'><strong>Ρτοαρεπῑιλιίε</strong></span> <span class='ocrx_word' id='word_1_375' title='bbox 930 3200 1065 3282; x_wconf 80' lang='lat' dir='ltr'><strong>pace</strong></span> <span class='ocrx_word' id='word_1_376' title='bbox 1128 3184 1456 3282; x_wconf 30' lang='lat' dir='ltr'><strong>custodem.‘</strong></span> <span class='ocrx_word' id='word_1_377' title='bbox 1486 3181 1946 3253; x_wconf 89' lang='lat' dir='ltr'><strong>lusuperabilibus</strong></span> <span class='ocrx_word' id='word_1_378' title='bbox 1996 3182 2089 3282; x_wconf 55' lang='lat' dir='ltr'><strong>igi:</strong></span> <span class='ocrx_word' id='word_1_379' title='bbox 2115 3219 2162 3282; x_wconf 68' lang='grc' dir='ltr'>Ο</span> 
     </span>
    </p>
   </div>
   <div class='ocr_carea' id='block_1_53' title="bbox 494 3273 2087 3345">
    <p class='ocr_par' dir='ltr' id='par_1_53' title="bbox 494 3273 2087 3345">
     <span class='ocr_line' id='line_1_53' title="bbox 494 3273 2087 3345; baseline -0.004 -12"><span class='ocrx_word' id='word_1_380' title='bbox 494 3288 585 3335; x_wconf 89' lang='lat' dir='ltr'><strong>tur</strong></span> <span class='ocrx_word' id='word_1_381' title='bbox 635 3280 895 3335; x_wconf 57' lang='lat' dir='ltr'><strong>virtutum</strong></span> <span class='ocrx_word' id='word_1_382' title='bbox 946 3277 1067 3333; x_wconf 89' lang='lat' dir='ltr'><strong>telis</strong></span> <span class='ocrx_word' id='word_1_383' title='bbox 1114 3277 1386 3344; x_wconf 89' lang='lat' dir='ltr'><strong>accincti,</strong></span> <span class='ocrx_word' id='word_1_384' title='bbox 1434 3275 1649 3331; x_wconf 84' lang='lat' dir='ltr'><strong>Christo</strong></span> <span class='ocrx_word' id='word_1_385' title='bbox 1701 3273 2087 3345; x_wconf 85' lang='lat' dir='ltr'><strong>propugnatori</strong></span> 
     </span>
    </p>
   </div>
   <div class='ocr_carea' id='block_1_54' title="bbox 489 3365 2091 3431">
    <p class='ocr_par' dir='ltr' id='par_1_54' title="bbox 489 3365 2091 3431">
     <span class='ocr_line' id='line_1_54' title="bbox 489 3365 2091 3431; baseline -0.004 -4"><span class='ocrx_word' id='word_1_386' title='bbox 489 3379 678 3427; x_wconf 77' lang='lat' dir='ltr'><strong>vestro</strong></span> <span class='ocrx_word' id='word_1_387' title='bbox 716 3369 1047 3425; x_wconf 89' lang='lat' dir='ltr'><strong>unanimiter</strong></span> <span class='ocrx_word' id='word_1_388' title='bbox 1096 3369 1259 3424; x_wconf 82' lang='lat' dir='ltr'><strong>dicite</strong></span> <span class='ocrx_word' id='word_1_389' title='bbox 1299 3387 1311 3423; x_wconf 93' lang='lat'><strong>:</strong></span> <span class='ocrx_word' id='word_1_390' title='bbox 1358 3387 1378 3420; x_wconf 75' lang='grc' dir='ltr'><strong><em>ι</em></strong></span> <span class='ocrx_word' id='word_1_391' title='bbox 1405 3365 1593 3423; x_wconf 85' lang='lat' dir='ltr'><strong>Judica</strong></span> <span class='ocrx_word' id='word_1_392' title='bbox 1619 3406 1634 3430; x_wconf 92' lang='lat'><strong>,</strong></span> <span class='ocrx_word' id='word_1_393' title='bbox 1677 3366 1936 3431; x_wconf 89' lang='lat' dir='ltr'><strong>Domine,</strong></span> <span class='ocrx_word' id='word_1_394' title='bbox 1992 3380 2091 3421; x_wconf 84' lang='lat' dir='ltr'><strong>no-</strong></span> 
     </span>
    </p>
   </div>
   <div class='ocr_carea' id='block_1_55' title="bbox 490 3458 2091 3533">
    <p class='ocr_par' dir='ltr' id='par_1_55' title="bbox 490 3458 2091 3533">
     <span class='ocr_line' id='line_1_55' title="bbox 490 3458 2091 3533; baseline -0.005 -12"><span class='ocrx_word' id='word_1_395' title='bbox 490 3471 681 3521; x_wconf 87' lang='lat' dir='ltr'><strong>centes</strong></span> <span class='ocrx_word' id='word_1_396' title='bbox 723 3474 834 3528; x_wconf 88' lang='lat' dir='ltr'><strong>me,</strong></span> <span class='ocrx_word' id='word_1_397' title='bbox 878 3476 1126 3533; x_wconf 87' lang='lat' dir='ltr'><strong>expugna</strong></span> <span class='ocrx_word' id='word_1_398' title='bbox 1169 3461 1546 3533; x_wconf 90' lang='lat' dir='ltr'><strong>impugnantes</strong></span> <span class='ocrx_word' id='word_1_399' title='bbox 1584 3474 1701 3525; x_wconf 89' lang='lat' dir='ltr'><strong>me;</strong></span> <span class='ocrx_word' id='word_1_400' title='bbox 1746 3458 2091 3530; x_wconf 87' lang='lat' dir='ltr'><strong>apprehende</strong></span> 
     </span>
    </p>
   </div>
   <div class='ocr_carea' id='block_1_56' title="bbox 491 3553 2089 3628">
    <p class='ocr_par' dir='ltr' id='par_1_56' title="bbox 491 3553 2089 3628">
     <span class='ocr_line' id='line_1_56' title="bbox 491 3553 2089 3628; baseline -0.003 -16"><span class='ocrx_word' id='word_1_401' title='bbox 491 3572 669 3623; x_wconf 85' lang='lat' dir='ltr'><strong>arma,</strong></span> <span class='ocrx_word' id='word_1_402' title='bbox 714 3565 770 3612; x_wconf 89' lang='lat' dir='ltr'><strong>et</strong></span> <span class='ocrx_word' id='word_1_403' title='bbox 820 3564 1056 3622; x_wconf 90' lang='lat' dir='ltr'><strong>scutum,</strong></span> <span class='ocrx_word' id='word_1_404' title='bbox 1103 3564 1158 3610; x_wconf 90' lang='lat' dir='ltr'><strong>et</strong></span> <span class='ocrx_word' id='word_1_405' title='bbox 1199 3571 1429 3628; x_wconf 85' lang='lat' dir='ltr'><strong>exsurge</strong></span> <span class='ocrx_word' id='word_1_406' title='bbox 1477 3557 1528 3611; x_wconf 91' lang='lat' dir='ltr'><strong>in</strong></span> <span class='ocrx_word' id='word_1_407' title='bbox 1578 3553 1905 3625; x_wconf 90' lang='lat' dir='ltr'><strong>adiutorium</strong></span> <span class='ocrx_word' id='word_1_408' title='bbox 1956 3553 2089 3608; x_wconf 89' lang='lat' dir='ltr'><strong>mihi</strong></span> 
     </span>
    </p>
   </div>
   <div class='ocr_carea' id='block_1_57' title="bbox 495 3642 2090 3720">
    <p class='ocr_par' dir='ltr' id='par_1_57' title="bbox 495 3642 2090 3720">
     <span class='ocr_line' id='line_1_57' title="bbox 495 3642 2090 3720; baseline -0.003 -18"><span class='ocrx_word' id='word_1_409' title='bbox 495 3646 672 3720; x_wconf 79' lang='lat' dir='ltr'><strong>(Psal.</strong></span> <span class='ocrx_word' id='word_1_410' title='bbox 727 3655 933 3717; x_wconf 78' lang='lat' dir='ltr'><strong>xxxiv).</strong></span> <span class='ocrx_word' id='word_1_411' title='bbox 977 3667 996 3699; x_wconf 73' lang='grc' dir='ltr'><strong>ι</strong></span> <span class='ocrx_word' id='word_1_412' title='bbox 1057 3646 1149 3703; x_wconf 78' lang='lat' dir='ltr'><strong>ille</strong></span> <span class='ocrx_word' id='word_1_413' title='bbox 1203 3663 1299 3703; x_wconf 90' lang='lat' dir='ltr'><strong>vos</strong></span> <span class='ocrx_word' id='word_1_414' title='bbox 1355 3648 1408 3703; x_wconf 94' lang='lat' dir='ltr'><strong>in</strong></span> <span class='ocrx_word' id='word_1_415' title='bbox 1469 3647 1627 3717; x_wconf 77' lang='lat'><strong>311</strong></span> <span class='ocrx_word' id='word_1_416' title='bbox 1681 3646 1859 3700; x_wconf 89' lang='lat' dir='ltr'><strong>virum</strong></span> <span class='ocrx_word' id='word_1_417' title='bbox 1909 3642 2090 3715; x_wconf 81' lang='lat' dir='ltr'><strong>perfe-</strong></span> 
     </span>
    </p>
   </div>
   <div class='ocr_carea' id='block_1_58' title="bbox 498 3735 2090 3806">
    <p class='ocr_par' dir='ltr' id='par_1_58' title="bbox 498 3735 2090 3806">
     <span class='ocr_line' id='line_1_58' title="bbox 498 3735 2090 3806; baseline -0.003 -14"><span class='ocrx_word' id='word_1_418' title='bbox 498 3745 668 3801; x_wconf 85' lang='lat' dir='ltr'><strong>ctum,</strong></span> <span class='ocrx_word' id='word_1_419' title='bbox 724 3737 776 3792; x_wconf 91' lang='lat' dir='ltr'><strong>in</strong></span> <span class='ocrx_word' id='word_1_420' title='bbox 826 3752 1137 3793; x_wconf 87' lang='lat' dir='ltr'><strong>mensuram</strong></span> <span class='ocrx_word' id='word_1_421' title='bbox 1191 3738 1367 3792; x_wconf 62' lang='lat' dir='ltr'><strong>aetatis</strong></span> <span class='ocrx_word' id='word_1_422' title='bbox 1425 3735 1774 3806; x_wconf 87' lang='lat' dir='ltr'><strong>plenitudinis</strong></span> <span class='ocrx_word' id='word_1_423' title='bbox 1824 3749 1936 3788; x_wconf 65' lang='lat' dir='ltr'><strong>suae</strong></span> <span class='ocrx_word' id='word_1_424' title='bbox 1973 3749 2090 3803; x_wconf 89' lang='lat' dir='ltr'><strong>per-</strong></span> 
     </span>
    </p>
   </div>
   <div class='ocr_carea' id='block_1_59' title="bbox 499 3827 2089 3896">
    <p class='ocr_par' dir='ltr' id='par_1_59' title="bbox 499 3827 2089 3896">
     <span class='ocr_line' id='line_1_59' title="bbox 499 3827 2089 3896; baseline -0.004 -11"><span class='ocrx_word' id='word_1_425' title='bbox 499 3830 734 3896; x_wconf 85' lang='lat' dir='ltr'><strong>ductos,</strong></span> <span class='ocrx_word' id='word_1_426' title='bbox 792 3846 888 3885; x_wconf 88' lang='lat' dir='ltr'><strong>sua</strong></span> <span class='ocrx_word' id='word_1_427' title='bbox 940 3829 1104 3886; x_wconf 84' lang='lat' dir='ltr'><strong>faciet</strong></span> <span class='ocrx_word' id='word_1_428' title='bbox 1150 3830 1350 3885; x_wconf 91' lang='lat' dir='ltr'><strong>virtute</strong></span> <span class='ocrx_word' id='word_1_429' title='bbox 1388 3829 1642 3883; x_wconf 85' lang='lat' dir='ltr'><strong>victores.</strong></span> <span class='ocrx_word' id='word_1_430' title='bbox 1698 3827 1790 3882; x_wconf 89' lang='lat' dir='ltr'><strong>llle</strong></span> <span class='ocrx_word' id='word_1_431' title='bbox 1843 3841 1940 3881; x_wconf 89' lang='lat' dir='ltr'><strong>vos</strong></span> <span class='ocrx_word' id='word_1_432' title='bbox 1990 3827 2089 3880; x_wconf 88' lang='lat' dir='ltr'><strong>ho—</strong></span> 
     </span>
    </p>
   </div>
   <div class='ocr_carea' id='block_1_60' title="bbox 497 3918 2093 3991">
    <p class='ocr_par' dir='ltr' id='par_1_60' title="bbox 497 3918 2093 3991">
     <span class='ocr_line' id='line_1_60' title="bbox 497 3918 2093 3991; baseline -0.003 -15"><span class='ocrx_word' id='word_1_433' title='bbox 497 3921 660 3979; x_wconf 85' lang='lat' dir='ltr'><strong>stium</strong></span> <span class='ocrx_word' id='word_1_434' title='bbox 712 3930 1015 3977; x_wconf 79' lang='lat' dir='ltr'><strong>vestrorum</strong></span> <span class='ocrx_word' id='word_1_435' title='bbox 1059 3919 1557 3991; x_wconf 90' lang='lat' dir='ltr'><strong>triumphatricibus</strong></span> <span class='ocrx_word' id='word_1_436' title='bbox 1584 3919 1784 3991; x_wconf 87' lang='lat' dir='ltr'><strong>plantis</strong></span> <span class='ocrx_word' id='word_1_437' title='bbox 1812 3918 1961 3975; x_wconf 87' lang='lat' dir='ltr'><strong>dabit</strong></span> <span class='ocrx_word' id='word_1_438' title='bbox 1984 3918 2093 3972; x_wconf 89' lang='lat' dir='ltr'><strong>eal-</strong></span> 
     </span>
    </p>
   </div>
   <div class='ocr_carea' id='block_1_61' title="bbox 497 4010 2094 4086">
    <p class='ocr_par' dir='ltr' id='par_1_61' title="bbox 497 4010 2094 4086">
     <span class='ocr_line' id='line_1_61' title="bbox 497 4010 2094 4086; baseline -0.002 -18"><span class='ocrx_word' id='word_1_439' title='bbox 497 4029 624 4070; x_wconf 87' lang='lat' dir='ltr'><strong>care</strong></span> <span class='ocrx_word' id='word_1_440' title='bbox 656 4015 911 4070; x_wconf 85' lang='lat' dir='ltr'><strong>cervices.</strong></span> <span class='ocrx_word' id='word_1_441' title='bbox 957 4015 1142 4086; x_wconf 73' lang='lat' dir='ltr'><strong>Legite</strong></span> <span class='ocrx_word' id='word_1_442' title='bbox 1172 4015 1335 4069; x_wconf 89' lang='lat' dir='ltr'><strong>etiam</strong></span> <span class='ocrx_word' id='word_1_443' title='bbox 1361 4013 1643 4084; x_wconf 88' lang='lat' dir='ltr'><strong>epistolam</strong></span> <span class='ocrx_word' id='word_1_444' title='bbox 1694 4026 1855 4083; x_wconf 90' lang='lat' dir='ltr'><strong>quam</strong></span> <span class='ocrx_word' id='word_1_445' title='bbox 1889 4010 2094 4066; x_wconf 87' lang='lat' dir='ltr'><strong>Marino</strong></span> 
     </span>
    </p>
   </div>
   <div class='ocr_carea' id='block_1_62' title="bbox 497 4102 1478 4174">
    <p class='ocr_par' dir='ltr' id='par_1_62' title="bbox 497 4102 1478 4174">
     <span class='ocr_line' id='line_1_62' title="bbox 497 4102 1478 4174; baseline -0.002 -15"><span class='ocrx_word' id='word_1_446' title='bbox 497 4104 742 4162; x_wconf 85' lang='lat' dir='ltr'><strong>fratrueli</strong></span> <span class='ocrx_word' id='word_1_447' title='bbox 787 4116 976 4163; x_wconf 91' lang='lat' dir='ltr'><strong>nostro</strong></span> <span class='ocrx_word' id='word_1_448' title='bbox 1033 4104 1329 4160; x_wconf 78' lang='lat' dir='ltr'><strong>direximus</strong></span> <span class='ocrx_word' id='word_1_449' title='bbox 1378 4102 1478 4174; x_wconf 84' lang='lat'><strong>(9).</strong></span> 
     </span>
    </p>
   </div>
   <div class='ocr_carea' id='block_1_63' title="bbox 1083 4192 1513 4253">
    <p class='ocr_par' dir='ltr' id='par_1_63' title="bbox 1083 4192 1513 4253">
     <span class='ocr_line' id='line_1_63' title="bbox 1083 4192 1513 4253; baseline -0.014 0"><span class='ocrx_word' id='word_1_450' title='bbox 1083 4194 1313 4253; x_wconf 80' lang='lat' dir='ltr'><strong>CAPUT</strong></span> <span class='ocrx_word' id='word_1_451' title='bbox 1369 4192 1513 4248; x_wconf 78' lang='lat' dir='ltr'><strong>XXI.</strong></span> 
     </span>
    </p>
   </div>
   <div class='ocr_carea' id='block_1_64' title="bbox 703 4286 1899 4362">
    <p class='ocr_par' dir='ltr' id='par_1_64' title="bbox 703 4286 1899 4362">
     <span class='ocr_line' id='line_1_64' title="bbox 703 4286 1899 4362; baseline -0.005 -15"><span class='ocrx_word' id='word_1_452' title='bbox 703 4292 1015 4347; x_wconf 73' lang='lat' dir='ltr'><strong>Exhortatio</strong></span> <span class='ocrx_word' id='word_1_453' title='bbox 1048 4291 1319 4362; x_wconf 76' lang='lat' dir='ltr'><strong>juvenum,</strong></span> <span class='ocrx_word' id='word_1_454' title='bbox 1359 4289 1434 4345; x_wconf 83' lang='lat' dir='ltr'><strong>vel</strong></span> <span class='ocrx_word' id='word_1_455' title='bbox 1471 4286 1899 4343; x_wconf 77' lang='lat' dir='ltr'><strong>adolescentium.</strong></span> 
     </span>
    </p>
   </div>
   <div class='ocr_carea' id='block_1_65' title="bbox 572 4379 2094 4454">
    <p class='ocr_par' dir='ltr' id='par_1_65' title="bbox 572 4379 2094 4454">
     <span class='ocr_line' id='line_1_65' title="bbox 572 4379 2094 4454; baseline -0.006 -14"><span class='ocrx_word' id='word_1_456' title='bbox 572 4387 681 4440; x_wconf 81' lang='lat' dir='ltr'><strong>Vos</strong></span> <span class='ocrx_word' id='word_1_457' title='bbox 719 4393 923 4448; x_wconf 85' lang='lat' dir='ltr'><strong>autem,</strong></span> <span class='ocrx_word' id='word_1_458' title='bbox 973 4383 1165 4454; x_wconf 88' lang='lat' dir='ltr'><strong>ephebi</strong></span> <span class='ocrx_word' id='word_1_459' title='bbox 1215 4382 1604 4446; x_wconf 87' lang='lat' dir='ltr'><strong>adolescentes,</strong></span> <span class='ocrx_word' id='word_1_460' title='bbox 1649 4395 1745 4435; x_wconf 90' lang='lat' dir='ltr'><strong>vos</strong></span> <span class='ocrx_word' id='word_1_461' title='bbox 1796 4379 1959 4434; x_wconf 89' lang='lat' dir='ltr'><strong>etiam</strong></span> <span class='ocrx_word' id='word_1_462' title='bbox 1996 4393 2094 4448; x_wconf 93' lang='lat' dir='ltr'><strong>pu-</strong></span> 
     </span>
    </p>
   </div>
   <div class='ocr_carea' id='block_1_66' title="bbox 499 4469 2097 4540">
    <p class='ocr_par' dir='ltr' id='par_1_66' title="bbox 499 4469 2097 4540">
     <span class='ocr_line' id='line_1_66' title="bbox 499 4469 2097 4540; baseline -0.005 -12"><span class='ocrx_word' id='word_1_463' title='bbox 499 4475 783 4528; x_wconf 88' lang='lat' dir='ltr'><strong>bescentes</strong></span> <span class='ocrx_word' id='word_1_464' title='bbox 823 4471 1083 4540; x_wconf 84' lang='lat' dir='ltr'><strong>juvenes,</strong></span> <span class='ocrx_word' id='word_1_465' title='bbox 1135 4480 1286 4526; x_wconf 90' lang='lat' dir='ltr'><strong>tanto</strong></span> <span class='ocrx_word' id='word_1_466' title='bbox 1342 4470 1784 4540; x_wconf 88' lang='lat' dir='ltr'><strong>propensioribus</strong></span> <span class='ocrx_word' id='word_1_467' title='bbox 1835 4469 2097 4523; x_wconf 86' lang='lat' dir='ltr'><strong>exhorta-</strong></span> 
     </span>
    </p>
   </div>
   <div class='ocr_carea' id='block_1_67' title="bbox 501 4555 2098 4630">
    <p class='ocr_par' dir='ltr' id='par_1_67' title="bbox 501 4555 2098 4630">
     <span class='ocr_line' id='line_1_67' title="bbox 501 4555 2098 4630; baseline -0.003 -16"><span class='ocrx_word' id='word_1_468' title='bbox 501 4562 711 4614; x_wconf 88' lang='lat' dir='ltr'><strong>tionum</strong></span> <span class='ocrx_word' id='word_1_469' title='bbox 755 4558 970 4614; x_wconf 83' lang='lat' dir='ltr'><strong>auxiliis</strong></span> <span class='ocrx_word' id='word_1_470' title='bbox 1014 4560 1282 4630; x_wconf 87' lang='lat' dir='ltr'><strong>indigetis,</strong></span> <span class='ocrx_word' id='word_1_471' title='bbox 1336 4568 1540 4629; x_wconf 87' lang='lat' dir='ltr'><strong>quanto</strong></span> <span class='ocrx_word' id='word_1_472' title='bbox 1594 4560 1813 4613; x_wconf 86' lang='lat' dir='ltr'><strong>duriora</strong></span> <span class='ocrx_word' id='word_1_473' title='bbox 1862 4555 2098 4610; x_wconf 90' lang='lat' dir='ltr'><strong>carnalis</strong></span> 
     </span>
    </p>
   </div>
   <div class='ocr_carea' id='block_1_68' title="bbox 502 4648 2096 4718">
    <p class='ocr_par' dir='ltr' id='par_1_68' title="bbox 502 4648 2096 4718">
     <span class='ocr_line' id='line_1_68' title="bbox 502 4648 2096 4718; baseline 0.001 -15"><span class='ocrx_word' id='word_1_474' title='bbox 502 4648 737 4706; x_wconf 87' lang='lat' dir='ltr'><strong>incendii</strong></span> <span class='ocrx_word' id='word_1_475' title='bbox 787 4649 1090 4705; x_wconf 85' lang='lat' dir='ltr'><strong>certamina</strong></span> <span class='ocrx_word' id='word_1_476' title='bbox 1138 4649 1399 4704; x_wconf 85' lang='lat' dir='ltr'><strong>toleratis.</strong></span> <span class='ocrx_word' id='word_1_477' title='bbox 1450 4648 1508 4703; x_wconf 92' lang='lat' dir='ltr'><strong>1n</strong></span> <span class='ocrx_word' id='word_1_478' title='bbox 1551 4664 1646 4704; x_wconf 91' lang='lat' dir='ltr'><strong>vos</strong></span> <span class='ocrx_word' id='word_1_479' title='bbox 1694 4648 1961 4718; x_wconf 89' lang='lat' dir='ltr'><strong>siquidem</strong></span> <span class='ocrx_word' id='word_1_480' title='bbox 2013 4662 2096 4704; x_wconf 81' lang='lat' dir='ltr'><strong>re-</strong></span> 
     </span>
    </p>
   </div>
   <div class='ocr_carea' id='block_1_69' title="bbox 500 4738 2098 4812">
    <p class='ocr_par' dir='ltr' id='par_1_69' title="bbox 500 4738 2098 4812">
     <span class='ocr_line' id='line_1_69' title="bbox 500 4738 2098 4812; baseline -0.003 -13"><span class='ocrx_word' id='word_1_481' title='bbox 500 4751 591 4799; x_wconf 89' lang='lat' dir='ltr'><strong>cto</strong></span> <span class='ocrx_word' id='word_1_482' title='bbox 640 4756 801 4797; x_wconf 88' lang='lat' dir='ltr'><strong>cursu</strong></span> <span class='ocrx_word' id='word_1_483' title='bbox 863 4741 1042 4797; x_wconf 92' lang='lat' dir='ltr'><strong>omnis</strong></span> <span class='ocrx_word' id='word_1_484' title='bbox 1104 4741 1313 4797; x_wconf 89' lang='lat' dir='ltr'><strong>hostilis</strong></span> <span class='ocrx_word' id='word_1_485' title='bbox 1380 4741 1611 4812; x_wconf 88' lang='lat' dir='ltr'><strong>impetus</strong></span> <span class='ocrx_word' id='word_1_486' title='bbox 1678 4739 1883 4806; x_wconf 92' lang='lat' dir='ltr'><strong>irruit,</strong></span> <span class='ocrx_word' id='word_1_487' title='bbox 1945 4738 2098 4796; x_wconf 92' lang='lat' dir='ltr'><strong>vobis</strong></span> 
     </span>
    </p>
   </div>
   <div class='ocr_carea' id='block_1_70' title="bbox 504 4831 2096 4903">
    <p class='ocr_par' dir='ltr' id='par_1_70' title="bbox 504 4831 2096 4903">
     <span class='ocr_line' id='line_1_70' title="bbox 504 4831 2096 4903; baseline -0.003 -13"><span class='ocrx_word' id='word_1_488' title='bbox 504 4848 668 4891; x_wconf 90' lang='lat' dir='ltr'><strong>omne</strong></span> <span class='ocrx_word' id='word_1_489' title='bbox 726 4831 850 4889; x_wconf 88' lang='lat' dir='ltr'><strong>belli</strong></span> <span class='ocrx_word' id='word_1_490' title='bbox 911 4834 1079 4890; x_wconf 90' lang='lat' dir='ltr'><strong>robur</strong></span> <span class='ocrx_word' id='word_1_491' title='bbox 1128 4832 1414 4889; x_wconf 88' lang='lat' dir='ltr'><strong>incumbit.</strong></span> <span class='ocrx_word' id='word_1_492' title='bbox 1480 4832 1538 4887; x_wconf 92' lang='lat' dir='ltr'><strong>In</strong></span> <span class='ocrx_word' id='word_1_493' title='bbox 1604 4846 1701 4888; x_wconf 87' lang='lat' dir='ltr'><strong>vos</strong></span> <span class='ocrx_word' id='word_1_494' title='bbox 1747 4832 2096 4903; x_wconf 88' lang='lat' dir='ltr'><strong>omnigenum</strong></span> 
     </span>
    </p>
   </div>
   <div class='ocr_carea' id='block_1_71' title="bbox 504 4924 2097 4995">
    <p class='ocr_par' dir='ltr' id='par_1_71' title="bbox 504 4924 2097 4995">
     <span class='ocr_line' id='line_1_71' title="bbox 504 4924 2097 4995; baseline 0 -16"><span class='ocrx_word' id='word_1_495' title='bbox 504 4926 734 4981; x_wconf 81' lang='lat' dir='ltr'><strong>telorum</strong></span> <span class='ocrx_word' id='word_1_496' title='bbox 783 4924 1120 4981; x_wconf 75' lang='lat' dir='ltr'><strong>densissime</strong></span> <span class='ocrx_word' id='word_1_497' title='bbox 1169 4925 1462 4995; x_wconf 82' lang='lat' dir='ltr'><strong>grandines</strong></span> <span class='ocrx_word' id='word_1_498' title='bbox 1489 4964 1504 4991; x_wconf 97' lang='lat'><strong>,</strong></span> <span class='ocrx_word' id='word_1_499' title='bbox 1546 4932 1599 4980; x_wconf 89' lang='lat' dir='ltr'><strong>et</strong></span> <span class='ocrx_word' id='word_1_500' title='bbox 1635 4925 1953 4995; x_wconf 89' lang='lat' dir='ltr'><strong>constipatis</strong></span> <span class='ocrx_word' id='word_1_501' title='bbox 2003 4925 2097 4979; x_wconf 83' lang='lat' dir='ltr'><strong>ad-</strong></span> 
     </span>
    </p>
   </div>
   <div class='ocr_carea' id='block_1_72' title="bbox 505 5015 2100 5090">
    <p class='ocr_par' dir='ltr' id='par_1_72' title="bbox 505 5015 2100 5090">
     <span class='ocr_line' id='line_1_72' title="bbox 505 5015 2100 5090; baseline 0 -18"><span class='ocrx_word' id='word_1_502' title='bbox 505 5033 723 5075; x_wconf 79' lang='lat' dir='ltr'><strong>vorsum</strong></span> <span class='ocrx_word' id='word_1_503' title='bbox 787 5035 884 5075; x_wconf 89' lang='lat' dir='ltr'><strong>vos</strong></span> <span class='ocrx_word' id='word_1_504' title='bbox 940 5018 1139 5090; x_wconf 89' lang='lat' dir='ltr'><strong>iniquis</strong></span> <span class='ocrx_word' id='word_1_505' title='bbox 1199 5017 1480 5089; x_wconf 90' lang='lat' dir='ltr'><strong>spiritibus</strong></span> <span class='ocrx_word' id='word_1_506' title='bbox 1536 5032 1660 5072; x_wconf 87' lang='lat' dir='ltr'><strong>cum</strong></span> <span class='ocrx_word' id='word_1_507' title='bbox 1720 5017 1865 5072; x_wconf 87' lang='lat' dir='ltr'><strong>vitiis</strong></span> <span class='ocrx_word' id='word_1_508' title='bbox 1919 5015 2100 5072; x_wconf 88' lang='lat' dir='ltr'><strong>carnis</strong></span> 
     </span>
    </p>
   </div>
   <div class='ocr_carea' id='block_1_73' title="bbox 502 5107 2100 5181">
    <p class='ocr_par' dir='ltr' id='par_1_73' title="bbox 502 5107 2100 5181">
     <span class='ocr_line' id='line_1_73' title="bbox 502 5107 2100 5181; baseline -0.003 -15"><span class='ocrx_word' id='word_1_509' title='bbox 502 5108 980 5167; x_wconf 64' lang='lat' dir='ltr'><strong>turbulentissimae</strong></span> <span class='ocrx_word' id='word_1_510' title='bbox 1029 5110 1182 5167; x_wconf 86' lang='lat' dir='ltr'><strong>vobis</strong></span> <span class='ocrx_word' id='word_1_511' title='bbox 1233 5109 1491 5181; x_wconf 87' lang='lat' dir='ltr'><strong>ingruunt</strong></span> <span class='ocrx_word' id='word_1_512' title='bbox 1544 5116 1908 5179; x_wconf 84' lang='lat' dir='ltr'><strong>tempestates.</strong></span> <span class='ocrx_word' id='word_1_513' title='bbox 1968 5107 2100 5162; x_wconf 88' lang='lat' dir='ltr'><strong>Fer-</strong></span> 
     </span>
    </p>
   </div>
   <div class='ocr_carea' id='block_1_74' title="bbox 504 5202 2100 5275">
    <p class='ocr_par' dir='ltr' id='par_1_74' title="bbox 504 5202 2100 5275">
     <span class='ocr_line' id='line_1_74' title="bbox 504 5202 2100 5275; baseline 0 -17"><span class='ocrx_word' id='word_1_514' title='bbox 504 5213 654 5270; x_wconf 82' lang='lat' dir='ltr'><strong>vent,</strong></span> <span class='ocrx_word' id='word_1_515' title='bbox 706 5202 920 5259; x_wconf 86' lang='lat' dir='ltr'><strong>fervent</strong></span> <span class='ocrx_word' id='word_1_516' title='bbox 958 5206 1013 5262; x_wconf 92' lang='lat' dir='ltr'><strong>in</strong></span> <span class='ocrx_word' id='word_1_517' title='bbox 1063 5205 1279 5262; x_wconf 89' lang='lat' dir='ltr'><strong>ossibus</strong></span> <span class='ocrx_word' id='word_1_518' title='bbox 1326 5204 1484 5269; x_wconf 89' lang='lat' dir='ltr'><strong>bella,</strong></span> <span class='ocrx_word' id='word_1_519' title='bbox 1527 5212 1582 5260; x_wconf 92' lang='lat' dir='ltr'><strong>et</strong></span> <span class='ocrx_word' id='word_1_520' title='bbox 1626 5211 1884 5275; x_wconf 89' lang='lat' dir='ltr'><strong>tanquam</strong></span> <span class='ocrx_word' id='word_1_521' title='bbox 1936 5216 2100 5273; x_wconf 84' lang='lat' dir='ltr'><strong>vagus</strong></span> 
     </span>
    </p>
   </div>
   <div class='ocr_carea' id='block_1_75' title="bbox 508 5292 2099 5364">
    <p class='ocr_par' dir='ltr' id='par_1_75' title="bbox 508 5292 2099 5364">
     <span class='ocr_line' id='line_1_75' title="bbox 508 5292 2099 5364; baseline -0.003 -14"><span class='ocrx_word' id='word_1_522' title='bbox 508 5294 791 5355; x_wconf 83' lang='lat' dir='ltr'><strong>Vesuvius,</strong></span> <span class='ocrx_word' id='word_1_523' title='bbox 844 5295 930 5350; x_wconf 85' lang='lat' dir='ltr'><strong>vel</strong></span> <span class='ocrx_word' id='word_1_524' title='bbox 980 5295 1145 5352; x_wconf 65' lang='lat' dir='ltr'><strong>IEtna</strong></span> <span class='ocrx_word' id='word_1_525' title='bbox 1187 5297 1431 5364; x_wconf 82' lang='lat' dir='ltr'><strong>vaporati</strong></span> <span class='ocrx_word' id='word_1_526' title='bbox 1485 5293 1729 5364; x_wconf 83' lang='lat' dir='ltr'><strong>corporis</strong></span> <span class='ocrx_word' id='word_1_527' title='bbox 1785 5292 1950 5349; x_wconf 88' lang='lat' dir='ltr'><strong>vestri</strong></span> <span class='ocrx_word' id='word_1_528' title='bbox 2004 5309 2099 5347; x_wconf 90' lang='lat' dir='ltr'><strong>ca-</strong></span> 
     </span>
    </p>
   </div>
   <div class='ocr_carea' id='block_1_76' title="bbox 509 5382 2101 5456">
    <p class='ocr_par' dir='ltr' id='par_1_76' title="bbox 509 5382 2101 5456">
     <span class='ocr_line' id='line_1_76' title="bbox 509 5382 2101 5456; baseline -0.001 -16"><span class='ocrx_word' id='word_1_529' title='bbox 509 5386 691 5441; x_wconf 83' lang='lat' dir='ltr'><strong>minus</strong></span> <span class='ocrx_word' id='word_1_530' title='bbox 746 5382 1087 5439; x_wconf 86' lang='lat' dir='ltr'><strong>llammarum</strong></span> <span class='ocrx_word' id='word_1_531' title='bbox 1141 5386 1328 5456; x_wconf 83' lang='lat' dir='ltr'><strong>globos</strong></span> <span class='ocrx_word' id='word_1_532' title='bbox 1371 5394 1603 5442; x_wconf 90' lang='lat' dir='ltr'><strong>eructat.</strong></span> <span class='ocrx_word' id='word_1_533' title='bbox 1670 5384 1824 5441; x_wconf 89' lang='lat' dir='ltr'><strong>Unde</strong></span> <span class='ocrx_word' id='word_1_534' title='bbox 1878 5398 2101 5439; x_wconf 88' lang='lat' dir='ltr'><strong>necesse</strong></span> 
     </span>
    </p>
   </div>
   <div class='ocr_carea' id='block_1_77' title="bbox 509 5474 2104 5549">
    <p class='ocr_par' dir='ltr' id='par_1_77' title="bbox 509 5474 2104 5549">
     <span class='ocr_line' id='line_1_77' title="bbox 509 5474 2104 5549; baseline -0.003 -17"><span class='ocrx_word' id='word_1_535' title='bbox 509 5486 615 5544; x_wconf 89' lang='lat' dir='ltr'><strong>est,</strong></span> <span class='ocrx_word' id='word_1_536' title='bbox 666 5484 728 5531; x_wconf 90' lang='lat' dir='ltr'><strong>ut</strong></span> <span class='ocrx_word' id='word_1_537' title='bbox 778 5484 981 5546; x_wconf 85' lang='lat' dir='ltr'><strong>quanto</strong></span> <span class='ocrx_word' id='word_1_538' title='bbox 1026 5476 1206 5532; x_wconf 87' lang='lat' dir='ltr'><strong>acrius</strong></span> <span class='ocrx_word' id='word_1_539' title='bbox 1254 5477 1642 5549; x_wconf 89' lang='lat' dir='ltr'><strong>impugnamini</strong></span> <span class='ocrx_word' id='word_1_540' title='bbox 1686 5477 1755 5532; x_wconf 88' lang='lat' dir='ltr'><strong>ad</strong></span> <span class='ocrx_word' id='word_1_541' title='bbox 1793 5474 1974 5531; x_wconf 84' lang='lat' dir='ltr'><strong>tutelae</strong></span> <span class='ocrx_word' id='word_1_542' title='bbox 2010 5490 2104 5530; x_wconf 56' lang='lat' dir='ltr'><strong>ve-</strong></span> 
     </span>
    </p>
   </div>
   <div class='ocr_carea' id='block_1_78' title="bbox 511 5564 2106 5635">
    <p class='ocr_par' dir='ltr' id='par_1_78' title="bbox 511 5564 2106 5635">
     <span class='ocr_line' id='line_1_78' title="bbox 511 5564 2106 5635; baseline -0.003 -9"><span class='ocrx_word' id='word_1_543' title='bbox 511 5579 639 5626; x_wconf 73' lang='lat' dir='ltr'><strong>strte</strong></span> <span class='ocrx_word' id='word_1_544' title='bbox 687 5568 1032 5635; x_wconf 89' lang='lat' dir='ltr'><strong>custodiam,</strong></span> <span class='ocrx_word' id='word_1_545' title='bbox 1091 5576 1241 5624; x_wconf 89' lang='lat' dir='ltr'><strong>tanto</strong></span> <span class='ocrx_word' id='word_1_546' title='bbox 1287 5570 1561 5626; x_wconf 87' lang='lat' dir='ltr'><strong>robustius</strong></span> <span class='ocrx_word' id='word_1_547' title='bbox 1606 5568 1889 5624; x_wconf 88' lang='lat' dir='ltr'><strong>insistatis.</strong></span> <span class='ocrx_word' id='word_1_548' title='bbox 1953 5564 2106 5621; x_wconf 90' lang='lat' dir='ltr'><strong>Ultro</strong></span> 
     </span>
    </p>
   </div>
   <div class='ocr_carea' id='block_1_79' title="bbox 509 5657 2107 5737">
    <p class='ocr_par' dir='ltr' id='par_1_79' title="bbox 509 5657 2107 5737">
     <span class='ocr_line' id='line_1_79' title="bbox 509 5657 2107 5737; baseline -0.008 -14"><span class='ocrx_word' id='word_1_549' title='bbox 509 5665 678 5723; x_wconf 80' lang='lat' dir='ltr'><strong>etiarn</strong></span> <span class='ocrx_word' id='word_1_550' title='bbox 705 5665 1056 5737; x_wconf 88' lang='lat' dir='ltr'><strong>satagendum</strong></span> <span class='ocrx_word' id='word_1_551' title='bbox 1079 5671 1183 5731; x_wconf 88' lang='lat' dir='ltr'><strong>est,</strong></span> <span class='ocrx_word' id='word_1_552' title='bbox 1219 5671 1281 5717; x_wconf 92' lang='lat' dir='ltr'><strong>ut</strong></span> <span class='ocrx_word' id='word_1_553' title='bbox 1300 5661 1493 5732; x_wconf 88' lang='lat' dir='ltr'><strong>iaculis</strong></span> <span class='ocrx_word' id='word_1_554' title='bbox 1525 5669 1766 5733; x_wconf 85' lang='lat' dir='ltr'><strong>pateant,</strong></span> <span class='ocrx_word' id='word_1_555' title='bbox 1805 5660 1895 5731; x_wconf 92' lang='lat' dir='ltr'><strong>qui</strong></span> <span class='ocrx_word' id='word_1_556' title='bbox 1925 5657 2107 5728; x_wconf 86' lang='lat' dir='ltr'><strong>iacula</strong></span> 
     </span>
    </p>
   </div>
   <div class='ocr_carea' id='block_1_80' title="bbox 512 5749 2112 5825">
    <p class='ocr_par' dir='ltr' id='par_1_80' title="bbox 512 5749 2112 5825">
     <span class='ocr_line' id='line_1_80' title="bbox 512 5749 2112 5825; baseline -0.006 -12"><span class='ocrx_word' id='word_1_557' title='bbox 512 5760 734 5817; x_wconf 78' lang='lat' dir='ltr'><strong>vibrare</strong></span> <span class='ocrx_word' id='word_1_558' title='bbox 768 5772 874 5814; x_wconf 91' lang='lat' dir='ltr'><strong>non</strong></span> <span class='ocrx_word' id='word_1_559' title='bbox 917 5766 1157 5825; x_wconf 89' lang='lat' dir='ltr'><strong>cessant,</strong></span> <span class='ocrx_word' id='word_1_560' title='bbox 1202 5765 1260 5812; x_wconf 87' lang='lat' dir='ltr'><strong>et</strong></span> <span class='ocrx_word' id='word_1_561' title='bbox 1300 5755 1521 5811; x_wconf 89' lang='lat' dir='ltr'><strong>vulnera</strong></span> <span class='ocrx_word' id='word_1_562' title='bbox 1553 5756 1812 5822; x_wconf 85' lang='lat' dir='ltr'><strong>sentiant,</strong></span> <span class='ocrx_word' id='word_1_563' title='bbox 1847 5753 1940 5825; x_wconf 89' lang='lat' dir='ltr'><strong>qui</strong></span> <span class='ocrx_word' id='word_1_564' title='bbox 1979 5749 2112 5807; x_wconf 82' lang='lat' dir='ltr'><strong>inlli-</strong></span> 
     </span>
    </p>
   </div>
   <div class='ocr_carea' id='block_1_81' title="bbox 2188 2619 3787 2691">
    <p class='ocr_par' dir='ltr' id='par_1_81' title="bbox 2188 2619 3787 2691">
     <span class='ocr_line' id='line_1_81' title="bbox 2188 2619 3787 2691; baseline -0.004 -13"><span class='ocrx_word' id='word_1_565' title='bbox 2188 2623 2334 2679; x_wconf 90' lang='lat' dir='ltr'><strong>enim</strong></span> <span class='ocrx_word' id='word_1_566' title='bbox 2384 2637 2491 2676; x_wconf 90' lang='lat' dir='ltr'><strong>uno</strong></span> <span class='ocrx_word' id='word_1_567' title='bbox 2536 2621 2623 2676; x_wconf 89' lang='lat' dir='ltr'><strong>die</strong></span> <span class='ocrx_word' id='word_1_568' title='bbox 2656 2620 2947 2691; x_wconf 76' lang='lat' dir='ltr'><strong>iejunant,</strong></span> <span class='ocrx_word' id='word_1_569' title='bbox 3002 2619 3176 2674; x_wconf 90' lang='lat' dir='ltr'><strong>altero</strong></span> <span class='ocrx_word' id='word_1_570' title='bbox 3228 2619 3295 2674; x_wconf 88' lang='lat' dir='ltr'><strong>ad</strong></span> <span class='ocrx_word' id='word_1_571' title='bbox 3344 2630 3530 2675; x_wconf 89' lang='lat' dir='ltr'><strong>votum</strong></span> <span class='ocrx_word' id='word_1_572' title='bbox 3581 2633 3640 2673; x_wconf 90' lang='lat' dir='ltr'><strong>se</strong></span> <span class='ocrx_word' id='word_1_573' title='bbox 3696 2632 3787 2673; x_wconf 83' lang='lat' dir='ltr'><strong>sa-</strong></span> 
     </span>
    </p>
   </div>
   <div class='ocr_carea' id='block_1_82' title="bbox 2191 2709 3791 2782">
    <p class='ocr_par' dir='ltr' id='par_1_82' title="bbox 2191 2709 3791 2782">
     <span class='ocr_line' id='line_1_82' title="bbox 2191 2709 3791 2782; baseline -0.001 -15"><span class='ocrx_word' id='word_1_574' title='bbox 2191 2711 2374 2768; x_wconf 91' lang='lat' dir='ltr'><strong>tiando</strong></span> <span class='ocrx_word' id='word_1_575' title='bbox 2426 2719 2791 2782; x_wconf 88' lang='lat' dir='ltr'><strong>compescant.</strong></span> <span class='ocrx_word' id='word_1_576' title='bbox 2853 2710 3051 2780; x_wconf 88' lang='lat' dir='ltr'><strong>Sicque</strong></span> <span class='ocrx_word' id='word_1_577' title='bbox 3089 2709 3149 2765; x_wconf 91' lang='lat' dir='ltr'><strong>tit</strong></span> <span class='ocrx_word' id='word_1_578' title='bbox 3172 2751 3188 2777; x_wconf 94' lang='lat'><strong>,</strong></span> <span class='ocrx_word' id='word_1_579' title='bbox 3226 2719 3287 2764; x_wconf 91' lang='lat' dir='ltr'><strong>ut</strong></span> <span class='ocrx_word' id='word_1_580' title='bbox 3315 2709 3505 2780; x_wconf 87' lang='lat' dir='ltr'><strong>ieiunii</strong></span> <span class='ocrx_word' id='word_1_581' title='bbox 3542 2710 3661 2766; x_wconf 90' lang='lat' dir='ltr'><strong>dies</strong></span> <span class='ocrx_word' id='word_1_582' title='bbox 3698 2724 3791 2765; x_wconf 88' lang='lat' dir='ltr'><strong>se-</strong></span> 
     </span>
    </p>
   </div>
   <div class='ocr_carea' id='block_1_83' title="bbox 2189 2802 3787 2878">
    <p class='ocr_par' dir='ltr' id='par_1_83' title="bbox 2189 2802 3787 2878">
     <span class='ocr_line' id='line_1_83' title="bbox 2189 2802 3787 2878; baseline -0.003 -16"><span class='ocrx_word' id='word_1_583' title='bbox 2189 2807 2376 2878; x_wconf 93' lang='lat' dir='ltr'><strong>quenti</strong></span> <span class='ocrx_word' id='word_1_584' title='bbox 2434 2806 2630 2861; x_wconf 86' lang='lat' dir='ltr'><strong>militet</strong></span> <span class='ocrx_word' id='word_1_585' title='bbox 2677 2806 2781 2861; x_wconf 90' lang='lat' dir='ltr'><strong>diei</strong></span> <span class='ocrx_word' id='word_1_586' title='bbox 2814 2845 2830 2871; x_wconf 97' lang='lat'><strong>,</strong></span> <span class='ocrx_word' id='word_1_587' title='bbox 2887 2813 2943 2870; x_wconf 86' lang='lat' dir='ltr'><strong>et</strong></span> <span class='ocrx_word' id='word_1_588' title='bbox 2999 2805 3125 2860; x_wconf 91' lang='lat' dir='ltr'><strong>dum</strong></span> <span class='ocrx_word' id='word_1_589' title='bbox 3194 2812 3420 2859; x_wconf 83' lang='lat' dir='ltr'><strong>externa</strong></span> <span class='ocrx_word' id='word_1_590' title='bbox 3473 2805 3565 2858; x_wconf 87' lang='lat' dir='ltr'><strong>vix</strong></span> <span class='ocrx_word' id='word_1_591' title='bbox 3620 2802 3787 2859; x_wconf 82' lang='lat' dir='ltr'><strong>hodie</strong></span> 
     </span>
    </p>
   </div>
   <div class='ocr_carea' id='block_1_84' title="bbox 2189 2896 3790 2972">
    <p class='ocr_par' dir='ltr' id='par_1_84' title="bbox 2189 2896 3790 2972">
     <span class='ocr_line' id='line_1_84' title="bbox 2189 2896 3790 2972; baseline -0.006 -15"><span class='ocrx_word' id='word_1_592' title='bbox 2189 2915 2313 2957; x_wconf 87' lang='lat' dir='ltr'><strong>esca</strong></span> <span class='ocrx_word' id='word_1_593' title='bbox 2359 2900 2623 2972; x_wconf 85' lang='lat' dir='ltr'><strong>digeritur</strong></span> <span class='ocrx_word' id='word_1_594' title='bbox 2651 2939 2667 2964; x_wconf 95' lang='lat'><strong>,</strong></span> <span class='ocrx_word' id='word_1_595' title='bbox 2724 2906 2955 2953; x_wconf 89' lang='lat' dir='ltr'><strong>vacuato</strong></span> <span class='ocrx_word' id='word_1_596' title='bbox 3005 2898 3290 2955; x_wconf 86' lang='lat' dir='ltr'><strong>stomacho</strong></span> <span class='ocrx_word' id='word_1_597' title='bbox 3336 2896 3558 2952; x_wconf 87' lang='lat' dir='ltr'><strong>crastini</strong></span> <span class='ocrx_word' id='word_1_598' title='bbox 3618 2910 3790 2966; x_wconf 87' lang='lat' dir='ltr'><strong>appa-</strong></span> 
     </span>
    </p>
   </div>
   <div class='ocr_carea' id='block_1_85' title="bbox 2189 2984 3799 3060">
    <p class='ocr_par' dir='ltr' id='par_1_85' title="bbox 2189 2984 3799 3060">
     <span class='ocr_line' id='line_1_85' title="bbox 2189 2984 3799 3060; baseline -0.003 -17"><span class='ocrx_word' id='word_1_599' title='bbox 2189 2997 2340 3045; x_wconf 90' lang='lat' dir='ltr'><strong>ratus</strong></span> <span class='ocrx_word' id='word_1_600' title='bbox 2389 2989 2541 3059; x_wconf 87' lang='lat' dir='ltr'><strong>copia</strong></span> <span class='ocrx_word' id='word_1_601' title='bbox 2586 2987 2905 3053; x_wconf 90' lang='lat' dir='ltr'><strong>comeditur,</strong></span> <span class='ocrx_word' id='word_1_602' title='bbox 2955 2985 3192 3060; x_wconf 87' lang='lat' dir='ltr'><strong>dumque</strong></span> <span class='ocrx_word' id='word_1_603' title='bbox 3237 2993 3434 3057; x_wconf 61' lang='lat' dir='ltr'><strong>praeter</strong></span> <span class='ocrx_word' id='word_1_604' title='bbox 3472 2984 3799 3040; x_wconf 82' lang='lat' dir='ltr'><strong>communia.</strong></span> 
     </span>
    </p>
   </div>
   <div class='ocr_carea' id='block_1_86' title="bbox 2189 3065 3803 3159">
    <p class='ocr_par' dir='ltr' id='par_1_86' title="bbox 2189 3065 3803 3159">
     <span class='ocr_line' id='line_1_86' title="bbox 2189 3065 3803 3159; baseline -0.006 -22"><span class='ocrx_word' id='word_1_605' title='bbox 2189 3082 2461 3157; x_wconf 85' lang='lat' dir='ltr'><strong>singulare</strong></span> <span class='ocrx_word' id='word_1_606' title='bbox 2506 3079 2738 3159; x_wconf 83' lang='lat' dir='ltr'><strong>aliquid,</strong></span> <span class='ocrx_word' id='word_1_607' title='bbox 2791 3086 2849 3159; x_wconf 69' lang='lat' dir='ltr'><strong>et</strong></span> <span class='ocrx_word' id='word_1_608' title='bbox 2903 3077 3124 3159; x_wconf 33' lang='lat' dir='ltr'><strong>lautius)</strong></span> <span class='ocrx_word' id='word_1_609' title='bbox 3143 3065 3408 3157; x_wconf 39' lang='lat' dir='ltr'><strong>quteri&#39;utr</strong></span> <span class='ocrx_word' id='word_1_610' title='bbox 3433 3116 3448 3142; x_wconf 93' lang='lat'><strong>,</strong></span> <span class='ocrx_word' id='word_1_611' title='bbox 3507 3089 3616 3131; x_wconf 83' lang='lat' dir='ltr'><strong>non</strong></span> <span class='ocrx_word' id='word_1_612' title='bbox 3666 3074 3803 3129; x_wconf 86' lang='lat' dir='ltr'><strong>sine-</strong></span> 
     </span>
    </p>
   </div>
   <div class='ocr_carea' id='block_1_87' title="bbox 2191 3142 3791 3240">
    <p class='ocr_par' dir='ltr' id='par_1_87' title="bbox 2191 3142 3791 3240">
     <span class='ocr_line' id='line_1_87' title="bbox 2191 3142 3791 3240; baseline -0.007 -11"><span class='ocrx_word' id='word_1_613' title='bbox 2191 3142 2574 3229; x_wconf 69' lang='lat' dir='ltr'><strong>miniStroruin&#39;</strong></span> <span class='ocrx_word' id='word_1_614' title='bbox 2596 3142 3415 3240; x_wconf 44' lang='lat' dir='ltr'><strong>tmdiﬁ‘éineta-iapdthecarum</strong></span> <span class='ocrx_word' id='word_1_615' title='bbox 3455 3174 3665 3222; x_wconf 90' lang='lat' dir='ltr'><strong>secreta</strong></span> <span class='ocrx_word' id='word_1_616' title='bbox 3690 3179 3791 3219; x_wconf 86' lang='lat' dir='ltr'><strong>cu-</strong></span> 
     </span>
    </p>
   </div>
   <div class='ocr_carea' id='block_1_88' title="bbox 2192 3255 3789 3336">
    <p class='ocr_par' dir='ltr' id='par_1_88' title="bbox 2192 3255 3789 3336">
     <span class='ocr_line' id='line_1_88' title="bbox 2192 3255 3789 3336; baseline -0.008 -13"><span class='ocrx_word' id='word_1_617' title='bbox 2192 3275 2404 3323; x_wconf 90' lang='lat' dir='ltr'><strong>rantur.</strong></span> <span class='ocrx_word' id='word_1_618' title='bbox 2455 3265 2548 3321; x_wconf 82' lang='lat' dir='ltr'><strong>llle</strong></span> <span class='ocrx_word' id='word_1_619' title='bbox 2585 3265 2750 3336; x_wconf 90' lang='lat' dir='ltr'><strong>igitur</strong></span> <span class='ocrx_word' id='word_1_620' title='bbox 2785 3264 2924 3320; x_wconf 84' lang='lat' dir='ltr'><strong>bene</strong></span> <span class='ocrx_word' id='word_1_621' title='bbox 2954 3262 3166 3334; x_wconf 82' lang='lat' dir='ltr'><strong>ieiunat</strong></span> <span class='ocrx_word' id='word_1_622' title='bbox 3194 3301 3210 3327; x_wconf 94' lang='lat'><strong>,</strong></span> <span class='ocrx_word' id='word_1_623' title='bbox 3262 3259 3353 3331; x_wconf 89' lang='lat' dir='ltr'><strong>qui</strong></span> <span class='ocrx_word' id='word_1_624' title='bbox 3404 3260 3458 3314; x_wconf 91' lang='lat' dir='ltr'><strong>in</strong></span> <span class='ocrx_word' id='word_1_625' title='bbox 3509 3258 3597 3313; x_wconf 92' lang='lat' dir='ltr'><strong>die</strong></span> <span class='ocrx_word' id='word_1_626' title='bbox 3644 3255 3789 3311; x_wconf 85' lang='lat' dir='ltr'><strong>refe-</strong></span> 
     </span>
    </p>
   </div>
   <div class='ocr_carea' id='block_1_89' title="bbox 2191 3345 3790 3415">
    <p class='ocr_par' dir='ltr' id='par_1_89' title="bbox 2191 3345 3790 3415">
     <span class='ocr_line' id='line_1_89' title="bbox 2191 3345 3790 3415; baseline -0.006 -2"><span class='ocrx_word' id='word_1_627' title='bbox 2191 3357 2390 3414; x_wconf 90' lang='lat' dir='ltr'><strong>ctionis</strong></span> <span class='ocrx_word' id='word_1_628' title='bbox 2433 3354 2813 3411; x_wconf 88' lang='lat' dir='ltr'><strong>communibus</strong></span> <span class='ocrx_word' id='word_1_629' title='bbox 2854 3360 3140 3408; x_wconf 90' lang='lat' dir='ltr'><strong>contentus</strong></span> <span class='ocrx_word' id='word_1_630' title='bbox 3180 3360 3265 3407; x_wconf 91' lang='lat' dir='ltr'><strong>est</strong></span> <span class='ocrx_word' id='word_1_631' title='bbox 3301 3349 3597 3415; x_wconf 88' lang='lat' dir='ltr'><strong>alimentis,</strong></span> <span class='ocrx_word' id='word_1_632' title='bbox 3623 3347 3669 3403; x_wconf 91' lang='lat' dir='ltr'><strong>si</strong></span> <span class='ocrx_word' id='word_1_633' title='bbox 3699 3345 3790 3403; x_wconf 77' lang='lat' dir='ltr'><strong>vi-</strong></span> 
     </span>
    </p>
   </div>
   <div class='ocr_carea' id='block_1_90' title="bbox 2191 3440 3788 3516">
    <p class='ocr_par' dir='ltr' id='par_1_90' title="bbox 2191 3440 3788 3516">
     <span class='ocr_line' id='line_1_90' title="bbox 2191 3440 3788 3516; baseline -0.007 -11"><span class='ocrx_word' id='word_1_634' title='bbox 2191 3449 2383 3505; x_wconf 88' lang='lat' dir='ltr'><strong>delicet</strong></span> <span class='ocrx_word' id='word_1_635' title='bbox 2424 3448 2552 3502; x_wconf 91' lang='lat' dir='ltr'><strong>dum</strong></span> <span class='ocrx_word' id='word_1_636' title='bbox 2605 3463 2711 3502; x_wconf 92' lang='lat' dir='ltr'><strong>non</strong></span> <span class='ocrx_word' id='word_1_637' title='bbox 2760 3460 3010 3502; x_wconf 90' lang='lat' dir='ltr'><strong>escarum</strong></span> <span class='ocrx_word' id='word_1_638' title='bbox 3057 3459 3256 3516; x_wconf 89' lang='lat' dir='ltr'><strong>genere</strong></span> <span class='ocrx_word' id='word_1_639' title='bbox 3290 3442 3582 3513; x_wconf 89' lang='lat' dir='ltr'><strong>discrepat,</strong></span> <span class='ocrx_word' id='word_1_640' title='bbox 3618 3440 3788 3496; x_wconf 89' lang='lat' dir='ltr'><strong>etiam</strong></span> 
     </span>
    </p>
   </div>
   <div class='ocr_carea' id='block_1_91' title="bbox 2192 3530 3791 3610">
    <p class='ocr_par' dir='ltr' id='par_1_91' title="bbox 2192 3530 3791 3610">
     <span class='ocr_line' id='line_1_91' title="bbox 2192 3530 3791 3610; baseline -0.006 -16"><span class='ocrx_word' id='word_1_641' title='bbox 2192 3541 2410 3596; x_wconf 89' lang='lat' dir='ltr'><strong>modum</strong></span> <span class='ocrx_word' id='word_1_642' title='bbox 2464 3539 2703 3610; x_wconf 89' lang='lat' dir='ltr'><strong>quotidie</strong></span> <span class='ocrx_word' id='word_1_643' title='bbox 2763 3536 3147 3608; x_wconf 90' lang='lat' dir='ltr'><strong>prandentium</strong></span> <span class='ocrx_word' id='word_1_644' title='bbox 3203 3549 3312 3592; x_wconf 90' lang='lat' dir='ltr'><strong>non</strong></span> <span class='ocrx_word' id='word_1_645' title='bbox 3365 3534 3614 3589; x_wconf 81' lang='lat' dir='ltr'><strong>excedat.</strong></span> <span class='ocrx_word' id='word_1_646' title='bbox 3676 3530 3791 3586; x_wconf 77' lang='lat' dir='ltr'><strong>Nec</strong></span> 
     </span>
    </p>
   </div>
   <div class='ocr_carea' id='block_1_92' title="bbox 2194 3623 3791 3703">
    <p class='ocr_par' dir='ltr' id='par_1_92' title="bbox 2194 3623 3791 3703">
     <span class='ocr_line' id='line_1_92' title="bbox 2194 3623 3791 3703; baseline -0.008 -14"><span class='ocrx_word' id='word_1_647' title='bbox 2194 3642 2373 3689; x_wconf 88' lang='lat' dir='ltr'><strong>tamen</strong></span> <span class='ocrx_word' id='word_1_648' title='bbox 2420 3631 2641 3703; x_wconf 86' lang='lat' dir='ltr'><strong>ieiuniis</strong></span> <span class='ocrx_word' id='word_1_649' title='bbox 2698 3629 2923 3684; x_wconf 90' lang='lat' dir='ltr'><strong>nimium</strong></span> <span class='ocrx_word' id='word_1_650' title='bbox 2983 3627 3326 3692; x_wconf 74' lang='lat' dir='ltr'><strong>tribuentes.</strong></span> <span class='ocrx_word' id='word_1_651' title='bbox 3378 3623 3791 3686; x_wconf 81' lang='lat' dir='ltr'><strong>obedientiam,</strong></span> 
     </span>
    </p>
   </div>
   <div class='ocr_carea' id='block_1_93' title="bbox 2192 3714 3547 3795">
    <p class='ocr_par' dir='ltr' id='par_1_93' title="bbox 2192 3714 3547 3795">
     <span class='ocr_line' id='line_1_93' title="bbox 2192 3714 3547 3795; baseline -0.01 -17"><span class='ocrx_word' id='word_1_652' title='bbox 2192 3739 2312 3795; x_wconf 73' lang='lat' dir='ltr'><strong>qua:</strong></span> <span class='ocrx_word' id='word_1_653' title='bbox 2359 3737 2523 3777; x_wconf 90' lang='lat' dir='ltr'><strong>aurea</strong></span> <span class='ocrx_word' id='word_1_654' title='bbox 2576 3721 2645 3775; x_wconf 90' lang='lat' dir='ltr'><strong>ad</strong></span> <span class='ocrx_word' id='word_1_655' title='bbox 2691 3720 2887 3774; x_wconf 79' lang='lat' dir='ltr'><strong>coelum</strong></span> <span class='ocrx_word' id='word_1_656' title='bbox 2940 3717 3026 3772; x_wconf 86' lang='lat' dir='ltr'><strong>via</strong></span> <span class='ocrx_word' id='word_1_657' title='bbox 3065 3726 3168 3782; x_wconf 88' lang='lat' dir='ltr'><strong>est,</strong></span> <span class='ocrx_word' id='word_1_658' title='bbox 3208 3714 3547 3785; x_wconf 89' lang='lat' dir='ltr'><strong>relinquatis.</strong></span> 
     </span>
    </p>
   </div>
   <div class='ocr_carea' id='block_1_94' title="bbox 2264 3798 3792 3879">
    <p class='ocr_par' dir='ltr' id='par_1_94' title="bbox 2264 3798 3792 3879">
     <span class='ocr_line' id='line_1_94' title="bbox 2264 3798 3792 3879; baseline -0.01 -12"><span class='ocrx_word' id='word_1_659' title='bbox 2264 3813 2449 3868; x_wconf 88' lang='lat' dir='ltr'><strong>Dicam</strong></span> <span class='ocrx_word' id='word_1_660' title='bbox 2505 3826 2611 3865; x_wconf 91' lang='lat' dir='ltr'><strong>non</strong></span> <span class='ocrx_word' id='word_1_661' title='bbox 2660 3808 2803 3879; x_wconf 92' lang='lat' dir='ltr'><strong>quod</strong></span> <span class='ocrx_word' id='word_1_662' title='bbox 2852 3807 3026 3861; x_wconf 87' lang='lat' dir='ltr'><strong>aliena</strong></span> <span class='ocrx_word' id='word_1_663' title='bbox 3085 3804 3348 3860; x_wconf 83' lang='lat' dir='ltr'><strong>relatione</strong></span> <span class='ocrx_word' id='word_1_664' title='bbox 3393 3799 3642 3870; x_wconf 87' lang='lat' dir='ltr'><strong>cognovi,</strong></span> <span class='ocrx_word' id='word_1_665' title='bbox 3692 3798 3792 3853; x_wconf 87' lang='lat' dir='ltr'><strong>sed</strong></span> 
     </span>
    </p>
   </div>
   <div class='ocr_carea' id='block_1_95' title="bbox 2194 3893 3788 3975">
    <p class='ocr_par' dir='ltr' id='par_1_95' title="bbox 2194 3893 3788 3975">
     <span class='ocr_line' id='line_1_95' title="bbox 2194 3893 3788 3975; baseline -0.011 -15"><span class='ocrx_word' id='word_1_666' title='bbox 2194 3905 2337 3975; x_wconf 90' lang='lat' dir='ltr'><strong>quod</strong></span> <span class='ocrx_word' id='word_1_667' title='bbox 2392 3903 2567 3960; x_wconf 91' lang='lat' dir='ltr'><strong>oculis</strong></span> <span class='ocrx_word' id='word_1_668' title='bbox 2613 3902 2743 3955; x_wconf 92' lang='lat' dir='ltr'><strong>vidi.</strong></span> <span class='ocrx_word' id='word_1_669' title='bbox 2801 3898 3101 3969; x_wconf 69' lang='lat' dir='ltr'><strong>Pomposia:</strong></span> <span class='ocrx_word' id='word_1_670' title='bbox 3157 3896 3374 3965; x_wconf 83' lang='lat' dir='ltr'><strong>quidam</strong></span> <span class='ocrx_word' id='word_1_671' title='bbox 3428 3893 3598 3946; x_wconf 90' lang='lat' dir='ltr'><strong>frater</strong></span> <span class='ocrx_word' id='word_1_672' title='bbox 3646 3898 3788 3954; x_wconf 88' lang='lat' dir='ltr'><strong>erat,</strong></span> 
     </span>
    </p>
   </div>
   <div class='ocr_carea' id='block_1_96' title="bbox 2194 3978 3789 4067">
    <p class='ocr_par' dir='ltr' id='par_1_96' title="bbox 2194 3978 3789 4067">
     <span class='ocr_line' id='line_1_96' title="bbox 2194 3978 3789 4067; baseline -0.012 -17"><span class='ocrx_word' id='word_1_673' title='bbox 2194 3996 2354 4067; x_wconf 75' lang='lat'><strong>312</strong></span> <span class='ocrx_word' id='word_1_674' title='bbox 2402 3990 2752 4047; x_wconf 81' lang='lat' dir='ltr'><strong>Raimhaldus</strong></span> <span class='ocrx_word' id='word_1_675' title='bbox 2788 3989 3049 4051; x_wconf 89' lang='lat' dir='ltr'><strong>nomine,</strong></span> <span class='ocrx_word' id='word_1_676' title='bbox 3107 3984 3280 4038; x_wconf 88' lang='lat' dir='ltr'><strong>frater</strong></span> <span class='ocrx_word' id='word_1_677' title='bbox 3328 3981 3580 4037; x_wconf 82' lang='lat' dir='ltr'><strong>videlicet</strong></span> <span class='ocrx_word' id='word_1_678' title='bbox 3627 3978 3789 4032; x_wconf 86' lang='lat' dir='ltr'><strong>Petri</strong></span> 
     </span>
    </p>
   </div>
   <div class='ocr_carea' id='block_1_97' title="bbox 2197 4068 3777 4148">
    <p class='ocr_par' dir='ltr' id='par_1_97' title="bbox 2197 4068 3777 4148">
     <span class='ocr_line' id='line_1_97' title="bbox 2197 4068 3777 4148; baseline -0.013 -6"><span class='ocrx_word' id='word_1_679' title='bbox 2197 4082 2618 4142; x_wconf 88' lang='lat' dir='ltr'><strong>reverentissimi</strong></span> <span class='ocrx_word' id='word_1_680' title='bbox 2652 4081 2776 4146; x_wconf 90' lang='lat' dir='ltr'><strong>viri,</strong></span> <span class='ocrx_word' id='word_1_681' title='bbox 2801 4079 2893 4148; x_wconf 89' lang='lat' dir='ltr'><strong>qui</strong></span> <span class='ocrx_word' id='word_1_682' title='bbox 2924 4090 3068 4130; x_wconf 89' lang='lat' dir='ltr'><strong>nunc</strong></span> <span class='ocrx_word' id='word_1_683' title='bbox 3117 4075 3258 4145; x_wconf 87' lang='lat' dir='ltr'><strong>apud</strong></span> <span class='ocrx_word' id='word_1_684' title='bbox 3292 4070 3635 4127; x_wconf 79' lang='lat' dir='ltr'><strong>Vincentiam</strong></span> <span class='ocrx_word' id='word_1_685' title='bbox 3677 4068 3777 4122; x_wconf 87' lang='lat' dir='ltr'><strong>ab-</strong></span> 
     </span>
    </p>
   </div>
   <div class='ocr_carea' id='block_1_98' title="bbox 2197 4160 3788 4243">
    <p class='ocr_par' dir='ltr' id='par_1_98' title="bbox 2197 4160 3788 4243">
     <span class='ocr_line' id='line_1_98' title="bbox 2197 4160 3788 4243; baseline -0.014 -10"><span class='ocrx_word' id='word_1_686' title='bbox 2197 4177 2339 4233; x_wconf 89' lang='lat' dir='ltr'><strong>batis</strong></span> <span class='ocrx_word' id='word_1_687' title='bbox 2358 4174 2539 4231; x_wconf 78' lang='lat' dir='ltr'><strong>officio</strong></span> <span class='ocrx_word' id='word_1_688' title='bbox 2566 4171 2826 4243; x_wconf 84' lang='lat' dir='ltr'><strong>fungitur.</strong></span> <span class='ocrx_word' id='word_1_689' title='bbox 2851 4167 2954 4223; x_wconf 87' lang='lat' dir='ltr'><strong>llic</strong></span> <span class='ocrx_word' id='word_1_690' title='bbox 2979 4168 3159 4236; x_wconf 87' lang='lat' dir='ltr'><strong>itaque</strong></span> <span class='ocrx_word' id='word_1_691' title='bbox 3184 4160 3601 4220; x_wconf 88' lang='lat' dir='ltr'><strong>adolescentiam</strong></span> <span class='ocrx_word' id='word_1_692' title='bbox 3628 4172 3788 4214; x_wconf 89' lang='lat' dir='ltr'><strong>suam</strong></span> 
     </span>
    </p>
   </div>
   <div class='ocr_carea' id='block_1_99' title="bbox 2196 4250 3783 4328">
    <p class='ocr_par' dir='ltr' id='par_1_99' title="bbox 2196 4250 3783 4328">
     <span class='ocr_line' id='line_1_99' title="bbox 2196 4250 3783 4328; baseline -0.014 -2"><span class='ocrx_word' id='word_1_693' title='bbox 2196 4269 2405 4326; x_wconf 86' lang='lat' dir='ltr'><strong>crebris</strong></span> <span class='ocrx_word' id='word_1_694' title='bbox 2450 4272 2808 4322; x_wconf 90' lang='lat' dir='ltr'><strong>consueverat</strong></span> <span class='ocrx_word' id='word_1_695' title='bbox 2854 4261 3113 4317; x_wconf 88' lang='lat' dir='ltr'><strong>edomare</strong></span> <span class='ocrx_word' id='word_1_696' title='bbox 3148 4256 3402 4328; x_wconf 88' lang='lat' dir='ltr'><strong>ieiuniis,</strong></span> <span class='ocrx_word' id='word_1_697' title='bbox 3452 4263 3508 4310; x_wconf 90' lang='lat' dir='ltr'><strong>et</strong></span> <span class='ocrx_word' id='word_1_698' title='bbox 3552 4253 3695 4308; x_wconf 87' lang='lat' dir='ltr'><strong>sicut</strong></span> <span class='ocrx_word' id='word_1_699' title='bbox 3724 4250 3783 4304; x_wconf 88' lang='lat' dir='ltr'><strong>in</strong></span> 
     </span>
    </p>
   </div>
   <div class='ocr_carea' id='block_1_100' title="bbox 2197 4341 3794 4432">
    <p class='ocr_par' dir='ltr' id='par_1_100' title="bbox 2197 4341 3794 4432">
     <span class='ocr_line' id='line_1_100' title="bbox 2197 4341 3794 4432; baseline -0.013 -16"><span class='ocrx_word' id='word_1_700' title='bbox 2197 4361 2387 4432; x_wconf 88' lang='lat' dir='ltr'><strong>primis</strong></span> <span class='ocrx_word' id='word_1_701' title='bbox 2413 4356 2671 4429; x_wconf 87' lang='lat' dir='ltr'><strong>auspiciis</strong></span> <span class='ocrx_word' id='word_1_702' title='bbox 2698 4355 2921 4409; x_wconf 82' lang='lat' dir='ltr'><strong>famosae</strong></span> <span class='ocrx_word' id='word_1_703' title='bbox 2950 4350 3163 4415; x_wconf 90' lang='lat' dir='ltr'><strong>indolis,</strong></span> <span class='ocrx_word' id='word_1_704' title='bbox 3206 4349 3261 4403; x_wconf 93' lang='lat' dir='ltr'><strong>in</strong></span> <span class='ocrx_word' id='word_1_705' title='bbox 3307 4346 3580 4417; x_wconf 83' lang='lat' dir='ltr'><strong>plerisque</strong></span> <span class='ocrx_word' id='word_1_706' title='bbox 3617 4341 3794 4413; x_wconf 83' lang='lat' dir='ltr'><strong>speci-</strong></span> 
     </span>
    </p>
   </div>
   <div class='ocr_carea' id='block_1_101' title="bbox 2198 4435 3789 4516">
    <p class='ocr_par' dir='ltr' id='par_1_101' title="bbox 2198 4435 3789 4516">
     <span class='ocr_line' id='line_1_101' title="bbox 2198 4435 3789 4516; baseline -0.014 -6"><span class='ocrx_word' id='word_1_707' title='bbox 2198 4470 2322 4510; x_wconf 89' lang='lat' dir='ltr'><strong>men</strong></span> <span class='ocrx_word' id='word_1_708' title='bbox 2353 4454 2536 4508; x_wconf 89' lang='lat' dir='ltr'><strong>dabat.</strong></span> <span class='ocrx_word' id='word_1_709' title='bbox 2562 4449 2697 4505; x_wconf 78' lang='lat' dir='ltr'><strong>liuic</strong></span> <span class='ocrx_word' id='word_1_710' title='bbox 2729 4446 3033 4516; x_wconf 84' lang='lat' dir='ltr'><strong>iniunctum</strong></span> <span class='ocrx_word' id='word_1_711' title='bbox 3055 4452 3175 4499; x_wconf 88' lang='lat' dir='ltr'><strong>erat</strong></span> <span class='ocrx_word' id='word_1_712' title='bbox 3193 4441 3458 4505; x_wconf 79' lang='lat' dir='ltr'><strong>officium,</strong></span> <span class='ocrx_word' id='word_1_713' title='bbox 3484 4449 3543 4493; x_wconf 94' lang='lat' dir='ltr'><strong>ut</strong></span> <span class='ocrx_word' id='word_1_714' title='bbox 3568 4435 3789 4493; x_wconf 87' lang='lat' dir='ltr'><strong>cuidam</strong></span> 
     </span>
    </p>
   </div>
   <div class='ocr_carea' id='block_1_102' title="bbox 2199 4525 3791 4604">
    <p class='ocr_par' dir='ltr' id='par_1_102' title="bbox 2199 4525 3791 4604">
     <span class='ocr_line' id='line_1_102' title="bbox 2199 4525 3791 4604; baseline -0.012 -4"><span class='ocrx_word' id='word_1_715' title='bbox 2199 4544 2500 4602; x_wconf 86' lang='lat' dir='ltr'><strong>Teutonico</strong></span> <span class='ocrx_word' id='word_1_716' title='bbox 2525 4540 2860 4596; x_wconf 88' lang='lat' dir='ltr'><strong>ministraret</strong></span> <span class='ocrx_word' id='word_1_717' title='bbox 2896 4536 3104 4591; x_wconf 90' lang='lat' dir='ltr'><strong>incluso</strong></span> <span class='ocrx_word' id='word_1_718' title='bbox 3133 4553 3145 4588; x_wconf 93' lang='lat'><strong>:</strong></span> <span class='ocrx_word' id='word_1_719' title='bbox 3187 4533 3281 4604; x_wconf 92' lang='lat' dir='ltr'><strong>qui</strong></span> <span class='ocrx_word' id='word_1_720' title='bbox 3334 4531 3592 4586; x_wconf 88' lang='lat' dir='ltr'><strong>nimirum</strong></span> <span class='ocrx_word' id='word_1_721' title='bbox 3626 4525 3791 4582; x_wconf 74' lang='lat' dir='ltr'><strong>eﬂos-</strong></span> 
     </span>
    </p>
   </div>
   <div class='ocr_carea' id='block_1_103' title="bbox 2204 4620 3793 4699">
    <p class='ocr_par' dir='ltr' id='par_1_103' title="bbox 2204 4620 3793 4699">
     <span class='ocr_line' id='line_1_103' title="bbox 2204 4620 3793 4699; baseline -0.014 -7"><span class='ocrx_word' id='word_1_722' title='bbox 2204 4638 2281 4692; x_wconf 90' lang='lat' dir='ltr'><strong>sis</strong></span> <span class='ocrx_word' id='word_1_723' title='bbox 2316 4634 2507 4699; x_wconf 90' lang='lat' dir='ltr'><strong>oculis,</strong></span> <span class='ocrx_word' id='word_1_724' title='bbox 2535 4642 2588 4688; x_wconf 88' lang='lat' dir='ltr'><strong>et</strong></span> <span class='ocrx_word' id='word_1_725' title='bbox 2614 4630 2852 4687; x_wconf 86' lang='lat' dir='ltr'><strong>abscissa</strong></span> <span class='ocrx_word' id='word_1_726' title='bbox 2885 4628 3125 4688; x_wconf 79' lang='lat' dir='ltr'><strong>dextera,</strong></span> <span class='ocrx_word' id='word_1_727' title='bbox 3150 4623 3306 4696; x_wconf 83' lang='lat' dir='ltr'><strong>iuxta</strong></span> <span class='ocrx_word' id='word_1_728' title='bbox 3355 4620 3646 4677; x_wconf 86' lang='lat' dir='ltr'><strong>ecclesiam</strong></span> <span class='ocrx_word' id='word_1_729' title='bbox 3695 4632 3793 4688; x_wconf 83' lang='lat' dir='ltr'><strong>po-</strong></span> 
     </span>
    </p>
   </div>
   <div class='ocr_carea' id='block_1_104' title="bbox 2204 4708 3791 4784">
    <p class='ocr_par' dir='ltr' id='par_1_104' title="bbox 2204 4708 3791 4784">
     <span class='ocr_line' id='line_1_104' title="bbox 2204 4708 3791 4784; baseline -0.014 0"><span class='ocrx_word' id='word_1_730' title='bbox 2204 4728 2344 4784; x_wconf 90' lang='lat' dir='ltr'><strong>situs</strong></span> <span class='ocrx_word' id='word_1_731' title='bbox 2396 4727 2622 4783; x_wconf 89' lang='lat' dir='ltr'><strong>arduam</strong></span> <span class='ocrx_word' id='word_1_732' title='bbox 2676 4721 2907 4778; x_wconf 87' lang='lat' dir='ltr'><strong>ducebat</strong></span> <span class='ocrx_word' id='word_1_733' title='bbox 2956 4720 3144 4774; x_wconf 84' lang='lat' dir='ltr'><strong>vitam.</strong></span> <span class='ocrx_word' id='word_1_734' title='bbox 3190 4714 3323 4771; x_wconf 89' lang='lat' dir='ltr'><strong>Erat</strong></span> <span class='ocrx_word' id='word_1_735' title='bbox 3371 4721 3555 4767; x_wconf 89' lang='lat' dir='ltr'><strong>autem</strong></span> <span class='ocrx_word' id='word_1_736' title='bbox 3604 4708 3791 4779; x_wconf 86' lang='lat' dir='ltr'><strong>regula</strong></span> 
     </span>
    </p>
   </div>
   <div class='ocr_carea' id='block_1_105' title="bbox 2204 4796 3796 4885">
    <p class='ocr_par' dir='ltr' id='par_1_105' title="bbox 2204 4796 3796 4885">
     <span class='ocr_line' id='line_1_105' title="bbox 2204 4796 3796 4885; baseline -0.017 -7"><span class='ocrx_word' id='word_1_737' title='bbox 2204 4817 2546 4885; x_wconf 87' lang='lat' dir='ltr'><strong>monasterii,</strong></span> <span class='ocrx_word' id='word_1_738' title='bbox 2575 4825 2636 4871; x_wconf 90' lang='lat' dir='ltr'><strong>ut</strong></span> <span class='ocrx_word' id='word_1_739' title='bbox 2662 4828 2819 4871; x_wconf 89' lang='lat' dir='ltr'><strong>nemo</strong></span> <span class='ocrx_word' id='word_1_740' title='bbox 2851 4796 3272 4867; x_wconf 35' lang='lat' dir='ltr'><strong>claust&#39;rensium</strong></span> <span class='ocrx_word' id='word_1_741' title='bbox 3293 4803 3581 4875; x_wconf 89' lang='lat' dir='ltr'><strong>egrediens</strong></span> <span class='ocrx_word' id='word_1_742' title='bbox 3612 4800 3796 4868; x_wconf 87' lang='lat' dir='ltr'><strong>loque-</strong></span> 
     </span>
    </p>
   </div>
   <div class='ocr_carea' id='block_1_106' title="bbox 2205 4894 3794 4982">
    <p class='ocr_par' dir='ltr' id='par_1_106' title="bbox 2205 4894 3794 4982">
     <span class='ocr_line' id='line_1_106' title="bbox 2205 4894 3794 4982; baseline -0.016 -11"><span class='ocrx_word' id='word_1_743' title='bbox 2205 4925 2376 4971; x_wconf 87' lang='lat' dir='ltr'><strong>retur.</strong></span> <span class='ocrx_word' id='word_1_744' title='bbox 2408 4909 2712 4982; x_wconf 82' lang='lat' dir='ltr'><strong>Aliquando</strong></span> <span class='ocrx_word' id='word_1_745' title='bbox 2736 4914 2914 4963; x_wconf 87' lang='lat' dir='ltr'><strong>autem</strong></span> <span class='ocrx_word' id='word_1_746' title='bbox 2947 4919 3071 4960; x_wconf 92' lang='lat' dir='ltr'><strong>cum</strong></span> <span class='ocrx_word' id='word_1_747' title='bbox 3099 4898 3454 4957; x_wconf 79' lang='lat' dir='ltr'><strong>Raimbaldus</strong></span> <span class='ocrx_word' id='word_1_748' title='bbox 3475 4897 3527 4950; x_wconf 91' lang='lat' dir='ltr'><strong>in</strong></span> <span class='ocrx_word' id='word_1_749' title='bbox 3555 4894 3794 4964; x_wconf 86' lang='lat' dir='ltr'><strong>capitulo</strong></span> 
     </span>
    </p>
   </div>
   <div class='ocr_carea' id='block_1_107' title="bbox 2199 4997 3794 5073">
    <p class='ocr_par' dir='ltr' id='par_1_107' title="bbox 2199 4997 3794 5073">
     <span class='ocr_line' id='line_1_107' title="bbox 2199 4997 3794 5073; baseline -0.016 -12"><span class='ocrx_word' id='word_1_750' title='bbox 2199 5004 2524 5062; x_wconf 87' lang='lat' dir='ltr'><strong>constitutus</strong></span> <span class='ocrx_word' id='word_1_751' title='bbox 2546 5001 2783 5073; x_wconf 87' lang='lat' dir='ltr'><strong>graviter</strong></span> <span class='ocrx_word' id='word_1_752' title='bbox 2803 5005 3144 5067; x_wconf 89' lang='lat' dir='ltr'><strong>quereretur,</strong></span> <span class='ocrx_word' id='word_1_753' title='bbox 3173 5007 3231 5047; x_wconf 92' lang='lat' dir='ltr'><strong>se</strong></span> <span class='ocrx_word' id='word_1_754' title='bbox 3257 5000 3601 5059; x_wconf 86' lang='lat' dir='ltr'><strong>nequaquam</strong></span> <span class='ocrx_word' id='word_1_755' title='bbox 3627 4997 3794 5054; x_wconf 85' lang='lat' dir='ltr'><strong>posse</strong></span> 
     </span>
    </p>
   </div>
   <div class='ocr_carea' id='block_1_108' title="bbox 2201 5072 3795 5167">
    <p class='ocr_par' dir='ltr' id='par_1_108' title="bbox 2201 5072 3795 5167">
     <span class='ocr_line' id='line_1_108' title="bbox 2201 5072 3795 5167; baseline -0.017 -15"><span class='ocrx_word' id='word_1_756' title='bbox 2201 5095 2386 5167; x_wconf 88' lang='lat' dir='ltr'><strong>pueris</strong></span> <span class='ocrx_word' id='word_1_757' title='bbox 2418 5072 2686 5162; x_wconf 88' lang='lat' dir='ltr'><strong>imperitis</strong></span> <span class='ocrx_word' id='word_1_758' title='bbox 2708 5103 2806 5160; x_wconf 90' lang='lat' dir='ltr'><strong>per</strong></span> <span class='ocrx_word' id='word_1_759' title='bbox 2827 5088 2979 5159; x_wconf 90' lang='lat' dir='ltr'><strong>signa</strong></span> <span class='ocrx_word' id='word_1_760' title='bbox 3007 5082 3298 5154; x_wconf 67' lang='lat' dir='ltr'><strong>prmcipere</strong></span> <span class='ocrx_word' id='word_1_761' title='bbox 3326 5121 3340 5146; x_wconf 94' lang='lat'><strong>,</strong></span> <span class='ocrx_word' id='word_1_762' title='bbox 3394 5086 3457 5133; x_wconf 89' lang='lat' dir='ltr'><strong>ut</strong></span> <span class='ocrx_word' id='word_1_763' title='bbox 3507 5089 3666 5132; x_wconf 88' lang='lat' dir='ltr'><strong>servo</strong></span> <span class='ocrx_word' id='word_1_764' title='bbox 3698 5072 3795 5127; x_wconf 86' lang='lat' dir='ltr'><strong>Dei</strong></span> 
     </span>
    </p>
   </div>
   <div class='ocr_carea' id='block_1_109' title="bbox 2202 5170 3799 5254">
    <p class='ocr_par' dir='ltr' id='par_1_109' title="bbox 2202 5170 3799 5254">
     <span class='ocr_line' id='line_1_109' title="bbox 2202 5170 3799 5254; baseline -0.014 -10"><span class='ocrx_word' id='word_1_765' title='bbox 2202 5197 2383 5244; x_wconf 89' lang='lat' dir='ltr'><strong>vestes</strong></span> <span class='ocrx_word' id='word_1_766' title='bbox 2405 5186 2712 5249; x_wconf 87' lang='lat' dir='ltr'><strong>abluerent,</strong></span> <span class='ocrx_word' id='word_1_767' title='bbox 2733 5193 2788 5238; x_wconf 92' lang='lat' dir='ltr'><strong>et</strong></span> <span class='ocrx_word' id='word_1_768' title='bbox 2820 5179 3122 5254; x_wconf 78' lang='lat' dir='ltr'><strong>pnesertim</strong></span> <span class='ocrx_word' id='word_1_769' title='bbox 3145 5192 3267 5246; x_wconf 63' lang='lat' dir='ltr'><strong>quae</strong></span> <span class='ocrx_word' id='word_1_770' title='bbox 3296 5174 3400 5231; x_wconf 91' lang='lat' dir='ltr'><strong>sibi</strong></span> <span class='ocrx_word' id='word_1_771' title='bbox 3435 5170 3614 5227; x_wconf 87' lang='lat' dir='ltr'><strong>edulia</strong></span> <span class='ocrx_word' id='word_1_772' title='bbox 3655 5182 3799 5238; x_wconf 73' lang='lat' dir='ltr'><strong>pra:-</strong></span> 
     </span>
    </p>
   </div>
   <div class='ocr_carea' id='block_1_110' title="bbox 2205 5261 3796 5352">
    <p class='ocr_par' dir='ltr' id='par_1_110' title="bbox 2205 5261 3796 5352">
     <span class='ocr_line' id='line_1_110' title="bbox 2205 5261 3796 5352; baseline -0.014 -17"><span class='ocrx_word' id='word_1_773' title='bbox 2205 5287 2496 5352; x_wconf 88' lang='lat' dir='ltr'><strong>pararent,</strong></span> <span class='ocrx_word' id='word_1_774' title='bbox 2551 5284 2827 5349; x_wconf 89' lang='lat' dir='ltr'><strong>postremo</strong></span> <span class='ocrx_word' id='word_1_775' title='bbox 2873 5286 3127 5327; x_wconf 88' lang='lat' dir='ltr'><strong>asserens</strong></span> <span class='ocrx_word' id='word_1_776' title='bbox 3157 5308 3173 5334; x_wconf 98' lang='lat'><strong>,</strong></span> <span class='ocrx_word' id='word_1_777' title='bbox 3221 5276 3383 5336; x_wconf 87' lang='lat' dir='ltr'><strong>atque</strong></span> <span class='ocrx_word' id='word_1_778' title='bbox 3428 5261 3796 5326; x_wconf 85' lang='lat' dir='ltr'><strong>denuntians,</strong></span> 
     </span>
    </p>
   </div>
   <div class='ocr_carea' id='block_1_111' title="bbox 2206 5356 3797 5442">
    <p class='ocr_par' dir='ltr' id='par_1_111' title="bbox 2206 5356 3797 5442">
     <span class='ocr_line' id='line_1_111' title="bbox 2206 5356 3797 5442; baseline -0.015 -14"><span class='ocrx_word' id='word_1_779' title='bbox 2206 5373 2331 5442; x_wconf 88' lang='lat' dir='ltr'><strong>quia</strong></span> <span class='ocrx_word' id='word_1_780' title='bbox 2363 5371 2467 5425; x_wconf 89' lang='lat' dir='ltr'><strong>nisi</strong></span> <span class='ocrx_word' id='word_1_781' title='bbox 2497 5369 2771 5425; x_wconf 90' lang='lat' dir='ltr'><strong>silentium</strong></span> <span class='ocrx_word' id='word_1_782' title='bbox 2796 5365 3089 5434; x_wconf 85' lang='lat' dir='ltr'><strong>frangeret,</strong></span> <span class='ocrx_word' id='word_1_783' title='bbox 3115 5359 3370 5415; x_wconf 87' lang='lat' dir='ltr'><strong>mandata</strong></span> <span class='ocrx_word' id='word_1_784' title='bbox 3418 5356 3638 5426; x_wconf 87' lang='lat' dir='ltr'><strong>penitus</strong></span> <span class='ocrx_word' id='word_1_785' title='bbox 3674 5367 3797 5406; x_wconf 86' lang='lat' dir='ltr'><strong>ser-</strong></span> 
     </span>
    </p>
   </div>
   <div class='ocr_carea' id='block_1_112' title="bbox 2206 5443 3801 5533">
    <p class='ocr_par' dir='ltr' id='par_1_112' title="bbox 2206 5443 3801 5533">
     <span class='ocr_line' id='line_1_112' title="bbox 2206 5443 3801 5533; baseline -0.013 -16"><span class='ocrx_word' id='word_1_786' title='bbox 2206 5479 2337 5520; x_wconf 88' lang='lat' dir='ltr'><strong>vare</strong></span> <span class='ocrx_word' id='word_1_787' title='bbox 2369 5479 2473 5518; x_wconf 90' lang='lat' dir='ltr'><strong>non</strong></span> <span class='ocrx_word' id='word_1_788' title='bbox 2498 5467 2679 5533; x_wconf 85' lang='lat' dir='ltr'><strong>posset</strong></span> <span class='ocrx_word' id='word_1_789' title='bbox 2709 5476 2720 5512; x_wconf 91' lang='lat'><strong>:</strong></span> <span class='ocrx_word' id='word_1_790' title='bbox 2745 5465 2966 5514; x_wconf 87' lang='lat' dir='ltr'><strong>econtra</strong></span> <span class='ocrx_word' id='word_1_791' title='bbox 2995 5454 3081 5509; x_wconf 92' lang='lat' dir='ltr'><strong>vir</strong></span> <span class='ocrx_word' id='word_1_792' title='bbox 3105 5460 3347 5515; x_wconf 85' lang='lat' dir='ltr'><strong>sanctus,</strong></span> <span class='ocrx_word' id='word_1_793' title='bbox 3383 5449 3559 5504; x_wconf 84' lang='lat' dir='ltr'><strong>abbas</strong></span> <span class='ocrx_word' id='word_1_794' title='bbox 3586 5443 3801 5500; x_wconf 81' lang='lat' dir='ltr'><strong>scilicet</strong></span> 
     </span>
    </p>
   </div>
   <div class='ocr_carea' id='block_1_113' title="bbox 2208 5537 3799 5624">
    <p class='ocr_par' dir='ltr' id='par_1_113' title="bbox 2208 5537 3799 5624">
     <span class='ocr_line' id='line_1_113' title="bbox 2208 5537 3799 5624; baseline -0.016 -11"><span class='ocrx_word' id='word_1_795' title='bbox 2208 5556 2404 5624; x_wconf 86' lang='lat' dir='ltr'><strong>Guido,</strong></span> <span class='ocrx_word' id='word_1_796' title='bbox 2434 5570 2503 5611; x_wconf 86' lang='lat' dir='ltr'><strong>ne</strong></span> <span class='ocrx_word' id='word_1_797' title='bbox 2529 5552 2805 5610; x_wconf 89' lang='lat' dir='ltr'><strong>silentium</strong></span> <span class='ocrx_word' id='word_1_798' title='bbox 2833 5550 3152 5611; x_wconf 84' lang='lat' dir='ltr'><strong>solveretur,</strong></span> <span class='ocrx_word' id='word_1_799' title='bbox 3185 5544 3535 5599; x_wconf 87' lang='lat' dir='ltr'><strong>vehementer</strong></span> <span class='ocrx_word' id='word_1_800' title='bbox 3562 5537 3799 5593; x_wconf 83' lang='lat' dir='ltr'><strong>obsiste-</strong></span> 
     </span>
    </p>
   </div>
   <div class='ocr_carea' id='block_1_114' title="bbox 2211 5625 3800 5716">
    <p class='ocr_par' dir='ltr' id='par_1_114' title="bbox 2211 5625 3800 5716">
     <span class='ocr_line' id='line_1_114' title="bbox 2211 5625 3800 5716; baseline -0.018 -10"><span class='ocrx_word' id='word_1_801' title='bbox 2211 5657 2337 5716; x_wconf 82' lang='lat' dir='ltr'><strong>ret,</strong></span> <span class='ocrx_word' id='word_1_802' title='bbox 2396 5654 2819 5712; x_wconf 84' lang='lat' dir='ltr'><strong>constanterque</strong></span> <span class='ocrx_word' id='word_1_803' title='bbox 2872 5640 2925 5695; x_wconf 91' lang='lat' dir='ltr'><strong>in</strong></span> <span class='ocrx_word' id='word_1_804' title='bbox 2975 5634 3317 5693; x_wconf 79' lang='lat' dir='ltr'><strong>auctoritatis</strong></span> <span class='ocrx_word' id='word_1_805' title='bbox 3360 5645 3473 5687; x_wconf 59' lang='lat' dir='ltr'><strong>sua;</strong></span> <span class='ocrx_word' id='word_1_806' title='bbox 3522 5625 3800 5684; x_wconf 85' lang='lat' dir='ltr'><strong>sententia</strong></span> 
     </span>
    </p>
   </div>
   <div class='ocr_carea' id='block_1_115' title="bbox 2213 5725 3801 5816">
    <p class='ocr_par' dir='ltr' id='par_1_115' title="bbox 2213 5725 3801 5816">
     <span class='ocr_line' id='line_1_115' title="bbox 2213 5725 3801 5816; baseline -0.019 -15"><span class='ocrx_word' id='word_1_807' title='bbox 2213 5748 2592 5816; x_wconf 85' lang='lat' dir='ltr'><strong>permaneret;</strong></span> <span class='ocrx_word' id='word_1_808' title='bbox 2628 5738 2844 5795; x_wconf 87' lang='lat' dir='ltr'><strong>demum</strong></span> <span class='ocrx_word' id='word_1_809' title='bbox 2867 5731 2934 5787; x_wconf 89' lang='lat' dir='ltr'><strong>ad</strong></span> <span class='ocrx_word' id='word_1_810' title='bbox 2970 5730 3076 5787; x_wconf 90' lang='lat' dir='ltr'><strong>hoc</strong></span> <span class='ocrx_word' id='word_1_811' title='bbox 3098 5735 3222 5800; x_wconf 81' lang='lat' dir='ltr'><strong>post</strong></span> <span class='ocrx_word' id='word_1_812' title='bbox 3261 5725 3427 5782; x_wconf 85' lang='lat' dir='ltr'><strong>multa</strong></span> <span class='ocrx_word' id='word_1_813' title='bbox 3473 5725 3801 5793; x_wconf 79' lang='lat' dir='ltr'><strong>perventum</strong></span> 
     </span>
    </p>
   </div>
   <div class='ocr_carea' id='block_1_116' title="bbox 585 5860 2250 5948">
    <p class='ocr_par' dir='ltr' id='par_1_116' title="bbox 585 5860 2250 5948">
     <span class='ocr_line' id='line_1_116' title="bbox 585 5860 2250 5948; baseline -0.011 -15"><span class='ocrx_word' id='word_1_814' title='bbox 585 5874 662 5948; x_wconf 89' lang='lat'><strong>(9)</strong></span> <span class='ocrx_word' id='word_1_815' title='bbox 713 5872 807 5933; x_wconf 84' lang='lat' dir='ltr'><strong>Est</strong></span> <span class='ocrx_word' id='word_1_816' title='bbox 853 5874 1076 5946; x_wconf 81' lang='lat' dir='ltr'><strong>cpistola</strong></span> <span class='ocrx_word' id='word_1_817' title='bbox 1124 5871 1193 5927; x_wconf 81' lang='lat'><strong>‘26</strong></span> <span class='ocrx_word' id='word_1_818' title='bbox 1243 5870 1365 5927; x_wconf 86' lang='lat' dir='ltr'><strong>lihri</strong></span> <span class='ocrx_word' id='word_1_819' title='bbox 1418 5887 1466 5926; x_wconf 82' lang='lat' dir='ltr'><strong>vr</strong></span> <span class='ocrx_word' id='word_1_820' title='bbox 1507 5866 1854 5940; x_wconf 89' lang='lat' dir='ltr'><strong>epistolarum</strong></span> <span class='ocrx_word' id='word_1_821' title='bbox 1894 5864 1952 5922; x_wconf 90' lang='lat' dir='ltr'><strong>S.</strong></span> <span class='ocrx_word' id='word_1_822' title='bbox 1997 5860 2250 5920; x_wconf 86' lang='lat' dir='ltr'><strong>doctoris.</strong></span> 
     </span>
    </p>
   </div>
  </div>
