4106 6320
350 376 445 432 521

1220 369 1462 427 OPUSC.
1490 369 1624 426 XIII.
1652 401 1722 410 —
1750 371 1838 425 DE
1876 369 2355 427 PERFECTIONE
2393 370 2695 429 MONACH.

3521 379 3627 436 5‘29.

352 499 455 555 est,
487 499 547 543 ut
577 488 664 542 ille
689 485 1068 557 praeciperetur
1096 483 1165 538 ab
1193 485 1663 541 administratione
1692 500 1930 552 cessare,
1962 497 2012 557 Α
2035 497 2142 538 vox
2179 485 2566 540 contumeliosa
2595 486 2937 556 respondeat,
2969 491 3065 543 sed
3115 497 3207 543 aut
3265 491 3625 549 conviciantis

352 581 564 650 sibique
587 579 889 648 quiescere.
917 577 1043 640 Sed,
1075 593 1107 632 o
1131 577 1327 632 divinae
1365 577 1586 632 ultionis
1635 578 1942 632 accelerata

354 669 661 725 severitas!
694 669 783 723 vix
815 667 938 722 dum
980 667 1216 721 dimidia:
1267 668 1413 722 horae
1455 683 1649 723 cursus
1686 668 1938 733 elabitur,

352 771 409 816 et
437 775 564 816 ecce
591 758 948 818 Raimbaldus
971 758 1310 828 superposito
1339 758 1511 812 dolori
1541 759 1708 828 digito
1737 758 1790 812 in
1821 766 1942 829 gut-

355 856 474 903 ture
502 864 562 903 se
594 863 714 902 esse
761 862 1078 912 percussum
1126 846 1553 917 lacrymabiliter
1583 855 1936 916 protestatur.

353 943 493 1010 Quid
527 943 732 1012 plura?
764 941 894 996 Post
922 940 1090 1006 diem,
1123 941 1166 995 si
1213 941 1316 995 rite
1363 949 1520 995 teneo
1541 981 1556 1006 ,
1606 940 1822 994 tertium
1853 956 1941 995 sa-

356 1035 664 1091 tisfactione
720 1035 902 1099 facta,
955 1042 1008 1087 ct
1057 1042 1274 1102 accepta
1328 1032 1500 1088 sancti
1553 1031 1734 1088 Patris
1777 1033 1942 1087 bene-

352 1125 614 1192 dictione,
643 1123 930 1179 defunctus
955 1131 1060 1177 est.

421 1214 536 1270 Hoc
564 1224 769 1276 autem,
795 1211 1124 1274 charissimi,
1157 1209 1513 1264 domesticum
1545 1207 1698 1264 vobis
1737 1209 1940 1263 idcirco

349 1305 658 1372 retulimus,
690 1314 747 1358 ut
772 1302 1129 1358 memineritis
1154 1312 1397 1356 sanctam
1427 1283 1793 1356 obedientiam
1840 1317 1938 1370 pro

349 1398 675 1454 confidentia
693 1397 892 1452 nullius
908 1396 979 1466 pii
1000 1395 1202 1466 operis,
1219 1396 1334 1450 sive
1353 1395 1628 1464 religionis
1649 1394 1940 1465 aliquando

348 1488 742 1561 negligendam.
806 1489 992 1542 Estote
1043 1497 1304 1558 pneterea
1358 1488 1503 1541 inter
1565 1488 1939 1542 tentationum

348 1589 664 1635 vestrarum
690 1578 829 1634 bella
857 1578 1098 1642 solliciti,
1127 1579 1367 1646 undique
1420 1577 1610 1647 vigiles
1641 1617 1656 1642 ,
1703 1577 1942 1645 undique

347 1670 750 1740 circumspecti,
767 1679 825 1723 ιιι
840 1669 1088 1724 videlicet
1104 1669 1416 1724 tentationis
1435 1676 1564 1723 hora
1578 1677 1939 1738 pertranseat,

346 1781 417 1822 ne
451 1766 682 1836 quodin
733 1765 1060 1836 cogitatione
1107 1764 1435 1834 suggeritur,
1483 1762 1732 1832 protinus
1775 1776 1940 1832 opere

2044 573 2465 630 amaritudinem
2507 576 2772 632 modestia
2807 579 3184 648 respondentis
3209 578 3502 648 obdulcct;
3535 594 3631 639 aut

2043 665 2088 720 si
2121 665 2222 720 hoc
2250 664 2405 720 facile
2431 667 2662 722 obtineri
2707 683 2814 723 non
2870 677 3063 738 potest,
3096 685 3161 725 ne
3192 670 3429 742 jurgium
3483 673 3628 728 fera-

2042 755 2168 810 liter
2205 757 2404 822 ellluat,
2438 758 2563 813 irati
2605 759 2840 831 linguam
2905 761 3105 815 silentii
3159 763 3346 818 saltezn
3397 780 3630 819 censura

2041 857 2366 918 compescat.
2387 849 2715 904 Furentibus
2748 867 2935 921 nempe
2952 852 3128 908 ventis
3155 854 3306 908 navis
3333 870 3473 923 saepe
3504 855 3582 908 vel
3603 879 3633 897 -

2043 938 2203 993 ficata
2260 942 2660 1012 submergitur;
2729 942 2774 995 si
2827 952 3007 997 autem
3046 951 3277 998 antenna
3319 946 3627 1014 deponitur,

2042 1032 2218 1086 omnis
2285 1047 2408 1087 mox
2451 1032 2674 1087 flatuum
2735 1035 2965 1103 impetus
3014 1049 3234 1090 necesse
3279 1047 3362 1091 est
3395 1036 3632 1092 inaniter

2042 1122 2367 1178 eﬂ'undatur.
2401 1124 2565 1178 Ictum
2597 1125 2793 1195 quippe
2821 1126 3049 1181 convicii
3099 1129 3295 1197 sag'tta
3340 1143 3446 1182 non
3485 1128 3633 1184 inve-

2042 1215 2141 1278 nit,
2173 1231 2294 1270 cum
2326 1217 2611 1272 conviciati
2655 1233 2808 1272 mens
2863 1234 2982 1274 sese
3030 1220 3080 1274 in
3130 1221 3432 1275 humilitate
3483 1220 3630 1293 velut

2043 1308 2302 1363 inclinata
2341 1310 2582 1380 deponit.
2623 1311 2817 1366 Tentet
2859 1313 3093 1366 novitius
3136 1329 3279 1382 smpe
3319 1312 3546 1382 majora,
3571 1319 3631 1369 ut

2043 1414 2162 1467 quae
2203 1399 2408 1453 minora
2455 1414 2580 1455 sunt
2641 1403 2937 1456 reddantur
2984 1419 3170 1458 eorum
3221 1403 3510 1461 collatione
3549 1402 3632 1460 fa-

2043 1493 2187 1547 cilia.

2117 1583 2268 1650 Quod
2301 1585 2483 1640 dicere
2512 1585 2683 1657 gestio
2713 1585 2817 1640 tale
2860 1595 2961 1641 cst.
3016 1586 3170 1658 Saepe
3206 1603 3343 1658 aqua
3395 1591 3630 1658 turbida,

2043 1674 2126 1727 vel
2184 1676 2361 1745 tepida
2422 1677 2524 1731 hoc
2575 1677 2754 1730 studio
2800 1677 3021 1744 bilzitur,
3053 1685 3112 1732 ut
3158 1689 3471 1751 contempta
3519 1683 3631 1738 vini
3713 1701 3716 1704 ’

2043 1768 2498 1836 concupiscentia,
2553 1769 2834 1839 perspicua
2886 1770 3244 1836 solummodo,
3297 1774 3378 1827 vel
3439 1775 3633 1845 frigida

345 1865 771 1914 consummetur.
800 1855 953 1925 Smpe
978 1856 1121 1910 enim
1147 1856 1197 1908 in
1225 1854 1579 1908 smcularibus
1606 1854 1807 1922 pra-liis
1832 1869 1940 1908 uno
1973 1862 2017 1920 Β
2047 1873 2185 1926 aqua
2224 1858 2466 1912 sufﬁcere
2505 1859 2798 1928 iudicetur.
2857 1859 3011 1929 εαξρο
3059 1865 3414 1918 cantabritins
3473 1867 3632 1934 panis

347 1957 624 2004 momento
647 1947 932 2018 c0ntingit,
960 1946 1102 2015 quod
1129 1961 1224 2014 per
1252 1945 1396 1999 nulla
1424 1953 1728 2013 temporum
1761 1945 1938 2014 spatia

346 2039 692 2110 postmodum
743 2037 920 2091 valeat
967 2035 1262 2090 ememlari.
1323 2035 1552 2088 Econtra
1582 2074 1597 2097 ,
1641 2034 1733 2101 qui
1779 2033 1940 2086 unius

346 2133 590 2188 vulneris
619 2131 824 2187 caverit
849 2130 1037 2193 ictum,
1068 2128 1389 2183 brevissimo
1425 2133 1626 2196 puncto
1671 2126 1940 2180 diuturnae

347 2224 474 2279 vitae
493 2223 738 2278 lucratur
759 2231 1130 2291 augmentum.
1149 2218 1334 2274 Nostis
1360 2219 1460 2288 ipsi
1490 2219 1632 2287 quod
1660 2217 1892 2271 dicimus
1921 2233 1934 2268 :

345 2327 490 2382 saepe
511 2313 634 2381 quis
663 2311 717 2366 in
751 2310 956 2382 peccati
984 2309 1297 2379 voraginem
1330 2308 1512 2362 subito
1547 2307 1768 2370 labitur,
1795 2305 1938 2374 quod

346 2419 445 2474 per
468 2417 632 2458 omne
656 2402 779 2456 vita:
820 2416 930 2456 sua:
970 2400 1203 2470 spatium
1253 2399 1383 2454 ﬂere
1428 2397 1741 2452 necessario
1791 2411 1940 2449 com-

346 2495 584 2565 pellitur.
615 2495 674 2550 In
705 2495 852 2548 omni
882 2493 1047 2564 igitur
1085 2492 1400 2547 tentationis
1429 2491 1660 2546 artiCulo
1703 2489 1941 2544 solerter

346 2596 428 2643 est
456 2585 866 2649 attendendum,
899 2600 964 2640 ne
992 2586 1219 2641 tentatio
1272 2584 1384 2652 ipsa
1431 2581 1714 2653 perveniat
1745 2581 1811 2635 ad
1860 2580 1939 2635 ef-

347 2679 547 2736 fectum
580 2693 594 2732 :
637 2694 760 2732 nam
789 2677 833 2734 si
862 2677 1008 2732 brevi
1037 2685 1238 2746 puncto
1277 2676 1521 2746 operatio
1556 2689 1719 2743 prava
1755 2673 1939 2727 ditior-

345 2779 456 2834 tur,
489 2768 780 2824 evaditur:
815 2776 870 2820 et
926 2767 1052 2821 dum
1102 2774 1515 2820 momentaneus
1554 2765 1694 2820 ictus
1716 2805 1732 2829 ,
1765 2771 1824 2817 ut
1862 2763 1936 2816 ita

347 2859 559 2930 loquar,
587 2857 904 2922 effunditur,
958 2857 1048 2911 diu
1091 2855 1435 2927 postmodum
1493 2853 1778 2909 incolumis
1828 2852 1938 2906 vita

341 2958 620 3006 servatur.

930 3038 1158 3096 CAPUT
1198 3037 1364 3094 XXII.

977 3131 1056 3184 De
1085 3117 1313 3184 novitiis.

2043 1949 2348 2018 apponitur,
2379 1958 2434 2003 ut
2478 1951 2602 2004 dum
2659 1952 2962 2006 communis
3017 1954 3306 2022 appetitur,
3357 1956 3633 2026 siligineus

2044 2055 2150 2092 non
2183 2050 2479 2108 qnmratur.
2513 2040 2610 2094 Cui
2643 2050 2766 2110 post
2803 2042 3106 2111 pulvinaria
3140 2054 3294 2099 cento
3343 2062 3448 2100 non
3491 2046 3633 2101 sulIi-

2040 2129 2136 2194 cit,
2169 2130 2361 2198 quovis
2406 2131 2624 2185 sibimet
2673 2133 2935 2187 stramine
2981 2132 3310 2190 satisfacere
3341 2138 3559 2206 poterit,
3588 2139 3631 2193 si

2040 2221 2244 2275 nudum
2278 2221 2427 2290 prius
2451 2223 2819 2290 pavimentum
2852 2223 3114 2280 lateribus
3160 2229 3306 2282 terit.
3363 2228 3465 2295 Qui
3513 2239 3635 2298 post

2040 2326 2237 2366 carnes
2259 2313 2436 2367 oleum
2471 2324 2718 2379 nauseat,
2766 2326 2824 2370 ut
2871 2318 3085 2373 sobrius
3142 2319 3318 2388 liquor
3385 2321 3632 2378 faucibus

2041 2405 2285 2458 suaviter
2311 2406 2506 2475 sapiat,
2533 2406 2727 2461 sallitis
2762 2408 3075 2479 aliquandiu
3138 2411 3496 2482 leguminibus
3549 2415 3632 2469 vi-

2041 2504 2154 2548 vat.
2195 2495 2365 2562 Quem
2396 2497 2608 2551 insolita
2642 2498 2877 2553 delectat
2903 2502 3180 2568 equitandi
3216 2505 3467 2571 vectatio,
3493 2505 3632 2562 intra

2039 2586 2248 2641 cellulae
2276 2604 2335 2641 se
2375 2590 2653 2658 angustias
2680 2590 2915 2661 colligat,
2937 2601 2990 2646 et
3025 2593 3322 2648 claustrum
3359 2602 3632 2652 monaste-

2041 2679 2105 2733 rii
2138 2679 2482 2748 postmodum
2513 2679 2688 2735 forum
2728 2690 2904 2750 putat.
2962 2683 3062 2750 Qui
3116 2696 3236 2754 post
3289 2687 3632 2756 gebcllinam,

2040 2770 2465 2825 martorinamve
2496 2772 2778 2826 mollitiem
2810 2787 3098 2828 vervecum
3129 2776 3335 2832 fastidit
3358 2781 3631 2848 compedi-

2042 2871 2147 2915 tcm
2193 2861 2261 2933 [Γ.
2295 2862 2671 2934 compedcm];
2707 2864 2750 2918 si
2783 2865 2962 2920 birros
2995 2867 3188 2932 induit,
3219 2879 3397 2922 utrum
3427 2887 3456 2924 a
3483 2888 3635 2941 pere-

2041 2952 2234 3021 grinis,
2265 2968 2330 3005 an
2364 2969 2394 3006 a
2434 2953 2749 3008 domesticis
2778 2954 3023 3009 foveatur
3051 2957 3309 3024 pellibus,
3339 2960 3404 3014 de
3434 2971 3632 3016 caetero

2041 3055 2148 3094 non
2179 3040 2461 3095 discernit.
2495 3041 2708 3112 Moyses
2765 3043 2964 3113 quippe
3017 3054 3077 3098 ut
3141 3047 3371 3115 simplici
3421 3065 3632 3105 manna:

2044 3130 2166 3183 cibo
2230 3138 2517 3185 contentus
2563 3132 2656 3197 sit,
2677 3146 2744 3185 ne
2771 3147 2892 3187 cum
2917 3134 3129 3187 cmtcris
3155 3135 3411 3189 lst‘aelilis
3442 3139 3632 3192 sulere

417 3227 460 3282 li
497 3241 651 3291 vero,
689 3225 782 3295 qui
813 3230 880 3279 ad
936 3223 1214 3294 religionis
1257 3220 1502 3276 ordinem
1543 3218 1755 3273 noviter
1802 3231 1929 3270 con-
1957 3213 2002 3275 C
2058 3235 2219 3290 super
2244 3220 2376 3275 ollas
2401 3221 2646 3275 carnium
2704 3222 3050 3292 concupiscat
3101 3223 3294 3289 (Exod.
3349 3228 3519 3293 xxiv),
3565 3228 3635 3282 ab

347 3327 660 3384 vertuntur,
697 3316 1023 3371 admonendi
1052 3324 1199 3378 sunt,
1228 3321 1286 3367 ut
1324 3312 1496 3383 prima
1527 3319 1713 3365 contra
1761 3309 1938 3379 gulam

347 3412 484 3467 bella
515 3410 854 3479 suscipiant;
887 3417 946 3462 ut
970 3408 1096 3462 dum
1128 3403 1444 3461 sobrietatis
1484 3402 1696 3472 legibus
1743 3407 1940 3453 venter

346 3520 541 3576 parare
588 3501 968 3572 compellitur,
1023 3505 1421 3566 consequenter
1485 3494 1653 3547 etiam
1714 3493 1766 3545 in
1815 3491 1936 3556 his,

346 3615 468 3670 qua:
495 3600 596 3655 sub
627 3607 813 3653 ventre
860 3604 1006 3659 sunt,
1039 3593 1256 3647 flamma
1295 3589 1540 3644 libidinis
1583 3597 1936 3657 temperetur.

347 3691 670 3746 Refrenetur
697 3688 876 3758 lingua
907 3703 1012 3741 non
1045 3685 1218 3738 solum
1249 3699 1277 3736 a
1325 3680 1672 3736 sermonibus
1725 3679 1936 3740 otiosis.

345 3780 441 3836 sed
471 3789 528 3836 et
569 3795 597 3832 a
646 3779 876 3832 fratrum
921 3779 1239 3846 plerumque
1296 3770 1731 3828 confabulatione
1774 3769 1938 3824 collo-

347 3873 459 3940 quii
486 3888 500 3936 ;
538 3879 596 3924 ut
619 3878 770 3923 tanto
793 3868 1016 3922 liberius
1040 3868 1092 3920 in
1117 3864 1459 3920 orationibus
1489 3877 1547 3916 se
1573 3860 1655 3915 vel
1682 3860 1939 3915 laudibus

347 3964 547 4017 divinis
598 3970 890 4022 exerceat,
942 3965 1147 4028 quanto
1191 3956 1331 4010 hanc
1377 3967 1474 4022 per
1520 3953 1808 4020 ambagum
1860 3950 1939 4003 vi-

346 4055 694 4112 cissitudines
747 4051 909 4122 313
962 4049 1137 4103 inanis
1181 4045 1487 4102 verbositas
1555 4059 1661 4097 non
1722 4041 1930 4112 fatigat.

347 4149 513 4202 Terat
542 4145 730 4200 oculus
757 4143 988 4198 assiduis
1026 4141 1301 4195 obtutibus
1353 4137 1750 4206 pavimentum,
1784 4148 1938 4188 mens

346 4255 446 4310 per
483 4237 764 4293 aestuantis
806 4233 1056 4290 desiderii
1114 4231 1419 4286 machinam
1474 4226 1835 4297 suspendatur
1884 4225 1939 4280 in

348 4328 568 4383 ccelum.
616 4325 854 4395 Utraque
902 4321 1206 4378 substantia
1245 4334 1398 4375 suam
1437 4317 1734 4388 perpendat
1774 4315 1939 4384 origi-

347 4431 492 4476 nem,
520 4426 579 4469 ut
607 4423 663 4469 et
691 4430 822 4469 caro
862 4429 1020 4482 quem
1051 4412 1224 4467 cernit
1262 4409 1540 4479 pulverem
1577 4422 1637 4462 se
1667 4420 1788 4461 csse
1828 4419 1937 4460 non

349 4507 585 4570 dubitet,
616 4516 674 4560 et
713 4505 892 4558 anima
923 4504 990 4557 ad
1028 4503 1078 4556 id
1109 4510 1290 4556 erecta
1345 4491 1488 4570 quod
1541 4496 1800 4570 perdidit,
1853 4496 1936 4551 in-

350 4598 542 4660 hianti,
571 4605 735 4668 atque
770 4595 1037 4652 indefessa
1087 4608 1303 4664 semper
1339 4561 1632 4663 cupiditate
1679 4590 1936 4659 suspiret.
1970 4561 2017 4621 θ

349 4689 630 4743 Pannosas
653 4697 708 4743 et
737 4686 978 4755 hispidas
1009 4693 1191 4740 vestes
1221 4683 1468 4753 paucitas
1495 4689 1777 4736 attenuata
1816 4693 1942 4734 con-

350 4781 530 4846 ciliet;
561 4781 706 4842 vilia,
737 4794 800 4833 ac
837 4780 1089 4848 despecta
1119 4774 1291 4844 frigus
1321 4773 1631 4827 indumenta
1662 4785 1941 4826 commen-

349 4872 462 4926 det.
489 4871 692 4924 Durum
721 4869 900 4924 cubile
927 4869 1016 4924 diu
1049 4867 1248 4921 dilatus
1296 4864 1604 4933 raptimque
1635 4876 1800 4931 sopor
1841 4861 1938 4917 ad-

347 4963 550 5017 missus
610 4960 870 5015 emolliat.
925 4956 1272 5026 Parvipendit
1321 4953 1518 5024 quippe
1568 4952 1722 5007 strati
1762 4949 1940 5005 molli-

348 5053 502 5116 tiem,
527 5050 618 5120 qui
671 5050 843 5104 solam
897 5047 1115 5104 indultae
1155 5046 1354 5115 quietis
1406 5044 1608 5115 cogitat
1666 5041 1941 5113 quantita-

347 5151 490 5208 tem;
534 5156 636 5196 nec
661 5156 784 5196 cum
817 5137 1190 5208 Sardanapalo
1226 5135 1428 5206 plumis
1461 5134 1711 5189 innatare
1756 5130 1938 5202 pensi-

346 5233 490 5287 libus
522 5232 715 5296 inhiat,
747 5231 839 5299 qui
897 5228 1184 5299 pervigiles
1235 5243 1359 5281 cum
1416 5223 1696 5279 Machario
1755 5230 1945 5292 noctes

350 5327 556 5379 ducere
589 5323 642 5377 in
682 5323 1025 5378 orationibus
1055 5323 1294 5376 intentus
1345 5319 1584 5373 anhelat.
1647 5318 1943 5373 Deseratur

351 5417 650 5484 publicum,
699 5416 980 5470 hominum
1033 5413 1269 5484 fugiatur
1313 5419 1583 5480 aspectus.
1617 5407 1940 5464 Scrutentur

351 5507 558 5577 anguli,
591 5506 944 5560 remOtiorum
975 5518 1288 5559 recessuum
1328 5501 1509 5556 abdita
1565 5507 1936 5570 penetrentur.

353 5598 590 5653 Furtivm
630 5599 827 5668 quippe
857 5596 1134 5651 orationes
1156 5595 1264 5648 vim
1303 5592 1544 5647 inferunt
1573 5589 1731 5654 coelo,
1765 5597 1821 5644 et
1858 5589 1942 5643 in-

319 5674 682 5758 dulgentiam
737 5688 972 5756 rapiunt,
1033 5686 1158 5740 dum
1216 5683 1527 5754 frequenter
1589 5681 1643 5735 in
1706 5681 1941 5736 tenebris

355 5778 560 5832 sublesti
591 5778 792 5833 lumine
815 5775 1231 5849 perfunduntur.
1260 5775 1422 5830 lllatis
1451 5773 1790 5830 contumeliis
1832 5777 1938 5828 n'on

2042 3313 2187 3367 omni
2218 3312 2358 3377 cibo,
2391 3311 2472 3368 vel
2503 3321 2629 3383 potu
2658 3327 2755 3383 per
2774 3312 3041 3382 duplicem
3077 3316 3486 3386 quadragenarii
3512 3333 3641 3390 cur-g

2043 3419 2161 3458 sum
2193 3403 2244 3456 in
2277 3414 2460 3458 monte
2487 3403 2716 3473 jejun’at.
2747 3405 2867 3458 Filii
2899 3407 3306 3474 prOpbetarum,
3353 3419 3408 3462 ut
3446 3410 3634 3479 qumli-

2042 3496 2131 3550 bet
2156 3497 2397 3551 oluscula
2435 3513 2538 3551 non
2565 3498 2917 3563 abhorreant,
2950 3500 3319 3554 amarissimas
3350 3501 3632 3572 coloquin-

2045 3586 2180 3640 tidas
2211 3588 2262 3640 in
2287 3588 2448 3641 ollam
2477 3589 2765 3642 concidere
2798 3604 2902 3643 non
2931 3601 3184 3644 recusant
3235 3591 3338 3661 (IV
3374 3591 3497 3663 Reg.
3531 3593 3626 3664 IV).

2041 3675 2224 3730 Daniel
2253 3676 2380 3731 dum
2413 3678 2553 3731 inter
2585 3677 2802 3732 rabidos
2834 3677 3048 3732 leonum
3079 3681 3247 3734 rictus
3288 3693 3508 3737 coactus
3551 3691 3637 3737 est

2041 3767 2256 3835 degere,
2285 3783 2663 3836 perversorum
2693 3769 2948 3838 deinceps
2983 3770 3259 3824 hominum
3289 3771 3473 3825 didicit
3503 3771 3635 3827 insi-

2042 3857 2162 3912 dias
2212 3873 2314 3910 non
2362 3858 2553 3912 timere
2615 3859 2776 3928 (Dan.
2810 3861 2905 3929 vi).
2954 3859 3449 3915 Nalmrlunlonosor
3507 3863 3633 3915 dum

2040 3946 2180 4000 bruti
2209 3948 2458 4002 animalis
2486 3950 2793 4002 vecordiam
2817 3950 3170 4013 tolerat,dum
3196 3949 3432 4006 ferarum
3461 3966 3633 4015 more,

2040 4037 2271 4092 saltuum
2315 4050 2478 4108 atque
2515 4040 2770 4093 silvarum
2796 4043 3065 4096 condensa
3100 4044 3409 4112 perlustrat,
3435 4044 3638 4100 forma-

2040 4135 2148 4196 tur,
2182 4146 2250 4184 ne
2273 4131 2339 4184 de
2374 4131 2573 4196 regalis
2610 4133 2819 4201 imperii
2854 4134 3112 4202 dignitate
3151 4137 3427 4204 superbiat
3466 4135 3629 4206 (Dm.

2043 4223 2150 4292 tv).
2188 4223 2355 4276 David
2384 4238 2506 4277 cum
2535 4241 2563 4277 a
2604 4225 2822 4293 proprio
2859 4225 2966 4277 filio
2998 4243 3025 4278 a
3061 4228 3256 4296 regalis
3295 4230 3415 4282 solii
3467 4230 3638 4284 subli-

2041 4313 2232 4367 mitate
2260 4312 2536 4382 dejicitur,
2564 4329 2631 4367 ne
2682 4315 2733 4367 in
2785 4315 2960 4368 Semei
3014 4328 3326 4372 extraneum
3384 4319 3635 4375 videlicet

2043 4403 2313 4458 hominem
2345 4405 2865 4469 vindicet,eruditur
2895 4404 2981 4478 (ΙΙ
3001 4406 3120 4477 Reg.
3142 4424 3228 4474 xv,
3249 4409 3427 4481 χχιιι).
3467 4410 3634 4466 Isaias

2043 4501 2326 4563 postquam
2357 4493 2523 4566 314,
2555 4484 2789 4550 triennio
2816 4496 3016 4562 nudus,
3049 4505 3104 4552 et
3137 4499 3497 4555 discalceatns
3545 4501 3638 4554 in-

2043 4585 2246 4648 cessit,
2306 4587 2532 4641 omnino
2597 4585 2925 4641 credeudum
2985 4597 3102 4655 est,
3161 4591 3286 4660 quia
3354 4591 3638 4661 superfluis

2042 4678 2410 4747 postmodum,
2444 4678 2525 4733 vel
2569 4678 2822 4734 mollibus
2862 4680 3010 4736 indui
3053 4697 3158 4737 non
3187 4685 3432 4752 qumsivit
3471 4685 3636 4754 (Isai.

2047 4785 2118 4822 xx
2137 4767 2174 4838 ).

2116 4858 2372 4926 Quisquis
2422 4875 2550 4930 ergo
2600 4860 2712 4913 vult
2769 4862 2922 4917 facile
2976 4863 3076 4918 sibi
3123 4862 3383 4933 cujusque
3433 4865 3674 4921 laboris.

2045 4948 2363 5002 exercitium
2387 4948 2632 5011 rediero,
2666 4951 3014 5019 aggrediatur
3038 4952 3338 5020 intrepidus
3361 4961 3414 5007 et
3438 4954 3631 5009 altiora

2047 5047 2288 5105 tentare;
2321 5051 2589 5109 quatenus
2621 5045 2968 5112 asperitatem
3005 5046 3271 5116 asperitas
3305 5046 3520 5118 lesiget,
3555 5059 3629 5108 et.

2048 5142 2106 5185 ut
2131 5132 2204 5185 ita
2227 5132 2442 5197 loquar,
2473 5133 2785 5188 tolerabiles
2814 5135 3123 5191 iudicentur
3151 5139 3360 5205 urticae,
3389 5141 3635 5210 palliuris

2048 5221 2132 5276 vel
2173 5221 2398 5276 hirsutis
2447 5224 2705 5293 vepribus
2746 5237 3092 5295 comparatae.
3131 5227 3316 5299 Neque
3367 5232 3468 5286 hoc
3501 5230 3635 5286 dici-

2051 5327 2193 5376 mus,
2233 5321 2292 5366 ut
2337 5327 2442 5364 non
2479 5329 2508 5365 a
2558 5312 2797 5368 minimis
2846 5316 2968 5384 quis
3008 5316 3245 5388 incipere
3276 5319 3500 5386 debeat;
3540 5323 3632 5376 sed

2051 5405 2156 5461 hoc
2185 5405 2382 5474 potius,
2415 5415 2474 5459 ut
2501 5405 2626 5460 dum
2658 5407 2958 5463 difﬁciliora
3001 5417 3278 5466 tentantur
3301 5453 3315 5478 ,
3350 5413 3636 5469 collatione

2050 5494 2286 5563 quadam
2353 5495 2468 5549 haec
2522 5496 2708 5550 eadem
2763 5498 2982 5554 minima
3036 5499 3354 5572 levigentur.
3411 5501 3637 5557 Studeat

2050 5586 2215 5640 etiam
2254 5587 2356 5641 hoc
2379 5586 2632 5651 novitius,
2660 5589 2750 5657 qui
2783 5591 2951 5645 ardua
2979 5600 3192 5646 tcntans
3222 5604 3504 5665 augustmn
3532 5597 3635 5648 iter

2053 5677 2384 5748 ingreditur,
2414 5687 2473 5731 ut
2501 5694 2622 5733 cum
2654 5682 2864 5749 gravari
2902 5682 3038 5736 ultra
3068 5684 3211 5738 vires
3237 5685 3482 5754 creperit,
3510 5698 3629 5737 mox

2055 5772 2121 5826 ad
2158 5770 2497 5827 latitudinem
2531 5781 2858 5830 revertatur.
2889 5775 3032 5830 Acus
3055 5775 3252 5846 quippe
3278 5775 3323 5831 si
3347 5775 3496 5830 duris
3522 5775 3639 5829 vio-
