4110 5364
443 297 549 355 ὅξΰ

912 320 968 376 S.
1013 318 1214 375 PETRI
1250 317 1533 374 DAMIANI
1571 316 1720 375 OPP.
1749 312 1984 374 TOMUS
2022 310 2156 370 SEU
2193 309 2370 369 PARS
2408 314 2494 370 111.
2522 344 2589 354 --
2612 312 2974 371 OPUSCULA
3014 314 3241 371 VARIA.

3600 320 3705 376 32f

447 442 623 498 lenter
674 438 1009 509 impingitur,
1067 440 1169 493 niSl
1216 452 1284 493 ex
1326 436 1656 493 discretione
1712 438 2026 503 retrahitur,
2060 443 2104 513 Α
2136 448 2357 508 vegetus
2382 436 2596 493 aiebat:
2633 454 2652 488 ι
2686 435 2855 492 Hodie
2876 436 3146 509 oetoginta
3173 436 3411 509 quinque
3438 456 3704 499 annorum

444 546 671 589 necesse
694 538 776 604 est
811 539 868 585 ut
886 536 1073 585 coacta
1102 527 1412 600 frangatur;
1451 528 1494 583 si
1525 537 1703 583 autem
1731 536 1884 583 sutor
1907 544 2027 583 eam

411 662 416 669 υ
445 638 597 678 more
626 621 921 677 cerdonnm
946 628 1001 674 et
1029 620 1277 689 impellit,
1303 627 1360 675 et
1398 619 1647 682 retrahit,
1682 618 1840 674 facile
1868 618 2015 688 quid-

444 714 571 783 quid
629 710 917 767 soliditatis
960 710 1238 766 obstiterit
1264 711 1588 780 penetrabit.
1626 709 1718 766 Sic
1743 719 1798 766 et
1837 726 1933 767 nos
1973 710 2026 766 in

442 812 643 867 nostrae
690 803 1119 859 conversationis
1162 802 1335 868 initio,
1390 804 1516 858 dum
1573 803 1732 859 modo
1782 804 2027 868 nitimur,

444 892 604 948 modo
637 892 984 956 remittimur,
1018 891 1178 947 modo
1208 907 1306 961 per
1346 893 1502 957 dura,
1536 892 1697 949 modo
1721 908 1816 963 per
1836 907 2029 963 aspera

445 983 708 1040 violenter
737 985 1059 1050 insistimus,
1090 985 1251 1039 modo
1282 999 1379 1040 nos
1404 985 1729 1040 remittendo
1763 984 2027 1051 laxamus,

442 1075 705 1146 paulatim
729 1077 815 1129 via
845 1075 1121 1145 panditur,
1155 1083 1215 1129 ut
1242 1090 1402 1130 omne
1437 1076 1577 1145 quod
1603 1076 1914 1141 obstiterat,
1948 1074 2029 1129 ἰιιο

448 1178 626 1236 genus
657 1173 985 1220 transeatur.

440 1260 443 1261 ⁷
1018 1252 1243 1310 CAPUT
1275 1252 1456 1309 XXIII.
2020 1271 2025 1321 ξ

450 1335 457 1339 ’
523 1342 631 1402 Vos
656 1347 841 1412 etiam,
886 1347 1060 1402 sancti
1117 1361 1295 1414 senes,
1347 1346 1626 1417 prmterire
1676 1361 1779 1401 non
1835 1346 2029 1413 debeo,

445 1452 582 1507 quos
610 1436 796 1506 utique
825 1445 972 1491 tanto
997 1451 1215 1491 necesse
1239 1446 1324 1490 est
1355 1436 1469 1490 fieri
1501 1437 1769 1491 cautiores
1794 1438 1860 1491 ad
1888 1453 2029 1506 pra:-

444 1528 600 1593 Iium,
638 1535 839 1598 quanto
871 1528 1184 1606 conspicitis
1212 1527 1384 1598 ipsum
1425 1527 1578 1582 vobis
1612 1527 1887 1597 prmliandi
1920 1538 2030 1582 ter-

446 1618 653 1673 ininum
677 1618 787 1689 jam
819 1617 1196 1688 pr0pinqnum.
1224 1618 1379 1674 Unde
1402 1626 1634 1682 constat,
1663 1620 1788 1688 quia
1817 1619 1862 1673 si
1889 1633 2031 1673 llllllc

444 1709 686 1778 perditis,
715 1700 928 1762 amiSsa:
959 1708 1198 1763 victoria:
1241 1708 1424 1763 titulos
1463 1723 1784 1779 recuperare
1830 1710 1898 1764 de
1929 1724 2033 1763 cae-

2130 546 2247 587 sum
2283 529 2362 585 sic
2391 529 2577 585 valens
2606 534 2667 583 ut
2699 543 2764 583 co
2807 527 3053 583 valebam
3087 538 3356 600 tempore,
3392 536 3611 603 quando
3640 539 3706 591 ad

2130 622 2521 693 explorandum
2565 622 2762 677 missus
2818 637 2978 678 sum:
3030 621 3172 679 illius
3217 622 3271 679 in
3317 641 3402 682 me
3451 630 3710 698 temporis

2128 711 2389 768 fortitudo
2423 726 2596 782 usque
2626 711 2786 767 hodie
2806 721 3118 782 perseverat
3143 712 3253 768 tam
3276 715 3344 771 ad
3373 716 3708 781 bellandum,

2129 819 2291 875 quam
2330 803 2396 858 ad
2441 802 2795 872 gradiendum
2827 804 2963 875 (Jos.
3014 804 3150 877 xw).
3186 824 3204 857 ι
3240 806 3351 861 Hoc
3388 816 3473 863 est
3500 809 3710 865 scilicet

2131 904 2242 950 tam
2268 894 2323 948 in
2360 893 2663 949 resistendo
2691 893 2857 959 vitiis,
2889 910 3051 964 quam
3091 902 3144 949 et
3169 909 3268 965 per
3302 896 3575 969 religionis
3601 908 3711 954 trao

2131 988 2317 1043 mitem
2348 988 2401 1041 in
2443 987 2601 1042 bonis
2640 988 2893 1058 operibus
2922 989 3357 1059 augmentandis.
3388 989 3455 1044 Et
3484 991 3538 1045 in
3570 991 3711 1047 Den-

2131 1077 2469 1133 teronomio:
2509 1095 2527 1128 ι
2561 1076 2772 1149 Moyses
2819 1076 3012 1148 inquit,
3061 1087 3276 1132 centum
3305 1087 3360 1134 et
3401 1078 3587 1151 viginti
3616 1096 3714 1136 an-

2133 1183 2325 1224 norum
2356 1178 2474 1224 erat
2501 1169 2718 1239 quando
2744 1177 2987 1224 mortuus
3012 1176 3126 1236 est;
3153 1161 3258 1225 non
3299 1171 3555 1242 caligavit
3578 1190 3712 1230 ocu-

2133 1258 2219 1314 lus
2249 1256 2383 1327 ejus,
2418 1274 2518 1313 nec
2563 1258 2754 1314 dentes
2796 1258 2939 1315 illius
2973 1261 3104 1315 moti
3145 1268 3271 1315 sunt
3301 1262 3477 1330 (Deut.
3516 1265 3649 1335 χιν).
3686 1286 3707 1320 ι

2134 1353 2271 1410 Hinc
2300 1362 2383 1409 est
2419 1354 2617 1421 etiam,
2652 1356 2793 1425 quod
2823 1357 2877 1412 in
2909 1356 3284 1412 benedictione
3314 1357 3449 1412 Aser
3477 1357 3591 1428 ipse
3624 1358 3711 1412 di-

2133 1445 2246 1500 cit:
2306 1463 2324 1497 ι
2379 1444 2607 1500 Ferrum
2657 1454 2710 1501 et
2771 1461 2847 1502 aes
2896 1446 3321 1501 calceamentum
3372 1445 3523 1514 ejus;
3571 1447 3715 1503 sicut

2134 1537 2251 1593 dies
2297 1535 2598 1604 juventutis
2650 1545 2784 1602 luat,
2860 1536 2934 1591 ita
2987 1545 3042 1592 et
3102 1548 3358 1592 senectus
3393 1546 3483 1592 tua
3525 1536 3707 1608 (Deut.

2133 1627 2355 1699 χχχιιι).
2395 1645 2414 1678 ι

2206 1721 2384 1777 Nolite
2409 1716 2636 1793 'itaquc,
2682 1722 3039 1788 dilectissimi,
3093 1721 3239 1778 velut
3286 1721 3569 1779 exstinctis
3598 1720 3711 1791 jam

446 1808 566 1855 tero
596 1816 700 1855 non
745 1801 985 1871 potestis.
1020 1799 1173 1855 Nunc
1222 1800 1385 1870 igitur
1410 1800 1478 1855 ad
1521 1799 1732 1856 fortiter
1766 1801 2028 1869 agendum

2137 1814 2644 1884 vitiisjejnniorum,
2669 1814 2756 1870 vel
2783 1807 3113 1886 vigiliarum,
3138 1816 3191 1869 in
3226 1823 3486 1884 quantum
3520 1812 3602 1868 fas
3629 1823 3715 1870 est

449 1883 668 1946 fervens
690 1891 903 1946 animus
933 1891 1243 1955 incalescat,
1275 1899 1329 1945 ct
1356 1891 1540 1946 senilis
1566 1892 1632 1945 ad
1664 1891 2031 1946 debellandam

443 1980 698 2037 vitiorum
740 1978 1052 2038 barbariem
1100 1982 1265 2038 robur
1297 1982 1535 2054 juvenile
1564 1985 1849 2054 concipiat.
1886 1983 2035 2039 Jam—

441 2071 553 2142 jam
601 2073 842 2144 profecto
889 2074 942 2127 in
994 2073 1178 2127 limine
1223 2074 1500 2143 municipii
1550 2077 1739 2144 pedem
1788 2075 2029 2144 ponitis;

443 2161 556 2233 jam
584 2166 651 2220 ad
692 2164 1019 2220 felicissima:
1045 2165 1244 2235 quietis
1283 2166 1452 2221 otium
1498 2167 1862 2223 mediantibus
1892 2169 2038 2233 dune

447 2252 596 2307 taxat
628 2252 834 2308 foribus
865 2252 1263 2324 propinquatis.

515 2344 817 2415 Abjiciatur
844 2360 973 2416 ergo
1003 2343 1234 2410 desidia,
1261 2345 1561 2415 deponatur
1592 2346 1808 2414 inertia,
1843 2357 1898 2403 et
1926 2365 2032 2404 nan

447 2435 708 2489 transacti
746 2434 890 2507 longi
918 2435 1060 2491 forte
1085 2435 1288 2491 laboris
1318 2438 1577 2491 memoria
1607 2440 1873 2505 retrahat,
1897 2456 2035 2511 quos

447 2525 703 2596 subjectae
731 2540 904 2597 poenae
931 2526 1043 2596 jam
1084 2529 1255 2583 oculis
1282 2529 1485 2586 oblatio
1511 2530 1776 2587 mercedis
1813 2532 2028 2587 invitat.

447 2613 696 2670 Bimator
722 2617 862 2682 auri,
892 2633 999 2687 quo
1024 2617 1341 2687 profundius
1367 2630 1522 2674 terra:
1552 2635 1718 2675 venas
1743 2619 1945 2687 effodit,
1970 2637 2036 2677 eo

455 2706 756 2773 robustius,
782 2716 944 2778 atque
970 2693 1265 2764 ferventius
1296 2725 1353 2765 se
1378 2710 1444 2765 ad
1471 2709 1795 2780 explendum
1825 2712 1877 2767 id
1905 2728 2034 2783 ope-

446 2796 545 2866 ris,
575 2798 720 2868 quod
758 2809 944 2864 restat,
974 2800 1230 2872 accingit.
1264 2800 1375 2857 Nec
1409 2810 1515 2857 tam
1547 2804 1853 2873 praeteritus
1885 2804 2036 2860 labor

447 2889 594 2946 vires
620 2901 865 2958 enervat,
898 2908 1060 2963 quam
1097 2908 1221 2962 spes
1253 2894 1488 2949 thesauri
1514 2893 1627 2963 jam
1656 2896 1879 2966 jamque
1909 2912 2036 2967 pro-

448 2981 642 3053 pinqui
677 2982 745 3038 ad
785 2983 1039 3055 egerendi
1070 2984 1281 3039 ruderis
1308 2984 1545 3040 studium
1594 2994 1874 3055 provocat.
1905 2986 2035 3042 Sine

445 3088 607 3129 causa
630 3071 974 3143 jcntaculum
998 3075 1193 3140 inhiat,
1217 3074 1309 3146 qui
1332 3076 1608 3147 pronubus
1635 3076 1703 3132 ad
1725 3077 2031 3132 convivium

449 3163 689 3234 nuptiale
723 3165 966 3223 festinat.
998 3168 1140 3224 Ecce
1172 3168 1317 3223 enim
1356 3168 1497 3223 tauri
1524 3169 1843 3241 evangelici,
1879 3178 1934 3225 et
1960 3169 2033 3223 al-
2059 3149 2104 3210 Ο

448 3251 565 3308 tilia
599 3256 801 3319 occisa,
830 3265 885 3312 et
921 3256 1103 3312 omnia
1146 3266 1271 3311 sunt
1297 3265 1521 3327 parata;
1572 3258 1792 3328 insuper
1828 3267 1884 3313 et
1928 3273 2034 3312 vox

446 3342 749 3415 praeconis:
783 3344 1029 3412 (Venite,
1055 3347 1256 3417 inquit,
1281 3348 1350 3402 ad
1373 3348 1822 3418 nuptias(Matt/¢.
1838 3352 2028 3420 xm)»

448 3432 559 3489 Cur
590 3450 721 3507 ergo
744 3437 1045 3506 praevenire
1072 3437 1293 3493 delicias
1332 3439 1567 3508 appetit,
1603 3439 1694 3509 qui
1725 3441 1790 3495 ad
1822 3441 2036 3511 nuptia-

449 3526 527 3583 les
554 3529 719 3599 dapes
754 3529 1069 3601 epulaturus
1097 3530 1342 3587 accedit?
1370 3531 1479 3587 Cur
1509 3541 1727 3587 ructare
1752 3544 1878 3590 ante
1901 3536 2031 3602 vult,

453 3635 614 3690 quam
658 3622 1034 3679 discumbere?
1056 3622 1168 3679 Cur
1194 3639 1483 3695 porcorum
1516 3641 1574 3680 se
1603 3625 1813 3696 siliquis
1844 3626 2031 3692 satiat,

448 3711 541 3783 qui
571 3711 637 3766 ad
684 3712 869 3782 epulas
918 3723 1175 3783 properat
1206 3714 1566 3787 angelorum?
1591 3716 1701 3771 Cur
1730 3732 1794 3772 se
1831 3732 1936 3773 non
1966 3718 2034 3773 ab

449 3800 598 3858 omni
647 3818 792 3858 nunc
848 3804 1450 3875 voluptatumsuarum
1499 3807 1746 3863 famelica
1785 3808 2035 3863 satietate

449 3903 719 3959 coerceat,
762 3909 920 3965 quem
943 3912 1155 3951 summa
1185 3912 1249 3954 ac
1268 3898 1513 3968 perfecta
1545 3898 1826 3955 beatitudo
1850 3900 2035 3970 gloriae

451 3985 687 4040 caelestis
712 3989 1029 4056 exspectat?
1061 3988 1171 4044 Cur
1194 4004 1299 4045 non
1327 3990 1564 4059 linguam
1593 4008 1746 4047 suam
1777 4008 1807 4046 a
1839 3992 2035 4047 fabulis

452 4087 614 4136 nunc,
672 4081 728 4128 et
780 4090 916 4130 vana
962 4077 1291 4133 verbositate
1338 4078 1607 4145 refrenet,
1659 4081 1750 4150 qui
1801 4079 2034 4135 Verbum

452 4156 648 4244 ipsum,
680 4180 775 4235 per
795 4167 937 4236 quod
966 4167 1111 4223 facta
1144 4178 1268 4224 sunt
1289 4171 1469 4226 omnia
1496 4170 1682 4242 (Joan.
1711 4171 1772 4241 ι),
1797 4186 2049 4240 prresenr

452 4255 655 4310 tissima
706 4254 760 4312 in
800 4268 1124 4329 perpetuum
1184 4260 1642 4331 contemplatione
1681 4260 2036 4331 prospiciat?

451 4344 559 4400 Cur
617 4362 677 4401 se
721 4362 819 4416 pro
848 4347 1148 4419 disciplinae
1198 4364 1426 4405 censura
1454 4350 1523 4405 ab
1574 4351 1883 4420 aspectibus
1930 4364 2035 4405 non

454 4447 727 4491 removeat
751 4437 1048 4501 hominum,
1076 4438 1167 4508 qui
1203 4439 1272 4493 ad
1302 4440 1508 4493 curiam
1548 4440 2033 4510 tenditimperato-

454 4524 529 4579 ris
557 4526 743 4578 aeterni
770 4535 824 4579 et
854 4498 1153 4580 caelestium
1182 4528 1533 4581 senatorum?
1569 4498 1868 4599 315'Cur
1887 4545 2031 4599 aspe-
2068 4498 2111 4556 Ι)

456 4616 533 4670 ris
562 4614 855 4669 exhorreat
890 4616 1099 4683 contegi
1127 4617 1482 4683 vestimentis,
1520 4620 1609 4688 qni
1637 4621 1773 4674 stola
1805 4622 2035 4676 induen-

456 4708 562 4765 dus
585 4717 672 4764 est
697 4706 1121 4762 immortalitatis
1143 4708 1167 4761 ?
1493 4776 1504 4783 _

527 4798 640 4854 Non
678 4813 809 4867 ergo
854 4814 950 4853 nos
985 4799 1164 4871 pigeat
1189 4814 1219 4853 a
1267 4800 1475 4855 cunctis
1510 4801 1691 4855 mundi
1724 4803 2036 4858 delert.:tio-

457 4891 617 4946 nibus
656 4888 920 4960 jejunare,
968 4898 1025 4943 ut
1071 4890 1311 4945 omnium
1361 4890 1677 4946 deliciarum
1732 4894 2033 4950 caelestium

458 4982 629 5040 coniis
678 4997 984 5036 mereamur
1037 4980 1272 5040 afﬂuere.
1323 4998 1391 5038 ne
1430 4999 1582 5039 mens
1623 4994 1806 5039 nostra
1837 4986 2040 5040 Intereat

2134 1921 2286 1961 arma
2324 1906 2629 1976 deponere:
2672 1905 2839 1961 nolite
2870 1907 2994 1961 dum
3037 1904 3216 1961 adhuc
3250 1905 3302 1960 in
3329 1906 3504 1961 stadio
3541 1904 3717 1960 curri—

2138 1998 2243 2063 tis,
2308 1999 2463 2067 quasi
2530 1995 2642 2064 jam
2720 1998 2937 2061 securi,
2996 1996 3203 2053 deliciis
3281 1995 3715 2052 lenocinantibns

2136 2086 2434 2157 indulgere.
2460 2085 2753 2143 Familiare
2788 2086 2987 2157 quippe
3013 2096 3098 2143 est
3129 2087 3347 2143 senibus
3369 2072 3636 2157 jejunare,
3662 2097 3717 2142 et

2137 2176 2262 2232 licet
2289 2178 2884 2249 cibos‘saepe‘debilitas
2920 2188 3174 2248 appetat,
3219 2187 3426 2233 natura:
3469 2178 3718 2232 voluntas

2135 2267 2294 2321 insita
2334 2283 2455 2321 cum
2476 2267 2682 2337 jejunio
2711 2276 2767 2322 et
2794 2268 3087 2322 sobrietate
3110 2268 3420 2323 concordat.
3453 2268 3719 2322 Invitatnr

2134 2359 2398 2414 Berzellai
2446 2359 2758 2415 Galaadites
2804 2361 2871 2414 ad
2926 2360 3208 2429 requiem:
3270 2377 3287 2411 ι
3319 2358 3486 2424 Veni,
3542 2359 3720 2429 inquit

2136 2449 2302 2504 David
2332 2465 2447 2515 rex,
2482 2459 2537 2505 ut
2568 2439 2880 2520 i'equiescas
2913 2467 3101 2507 secure
3131 2466 3341 2507 mecum
3373 2451 3426 2506 in
3456 2449 3717 2506 Hierusa-

2136 2541 2240 2596 lem
2270 2541 2354 2612 (II
2382 2542 2508 2612 Reg.
2552 2547 2688 2609 xm).
2722 2562 2740 2594 ι
2776 2542 2880 2597 Sed
2907 2544 3130 2614 opponit
3155 2555 3385 2600 senecta:
3412 2548 3715 2614 stuporem,

2137 2644 2191 2688 et
2215 2643 2440 2689 excusat
2468 2635 2749 2705 epularum
2801 2637 3056 2707 regalium
3087 2638 3412 2709 voluptatem
3444 2655 3459 2693 :
3516 2658 3535 2690 ι
3566 2637 3715 2696 Nun-

2136 2725 2284 2795 quid,
2310 2726 2406 2791 ait,
2436 2727 2620 2798 vigent
2648 2742 2841 2782 sensus
2865 2728 2968 2782 mei
2993 2729 3060 2783 ad
3086 2729 3501 2786 discernendum
3529 2744 3714 2791 suave,

2137 2829 2232 2872 aut
2258 2833 2503 2872 amarmn
2524 2858 2538 2881 ,
2574 2830 2666 2872 aut
2697 2818 2971 2873 delectare
3000 2828 3177 2889 potest
3214 2835 3429 2874 servum
3465 2830 3612 2875 tuum
3639 2820 3718 2875 cE-

2135 2911 2236 2965 bus
2260 2919 2314 2964 et
2344 2911 2539 2979 potus?
2574 2909 2657 2965 vel
2699 2911 2888 2966 audire
2936 2909 3072 2964 ultra
3103 2925 3321 2980 possunt
3348 2925 3534 2964 vocem
3587 2923 3720 2963 can-

2138 3008 2337 3063 torum,
2368 2999 2450 3054 vel
2478 3001 2878 3056 cantatricum?
2911 3020 2928 3052 ι
2958 2999 3341 3072 (Ibid.).Unde
3358 2999 3720 3071 perpenditur

2135 3105 2296 3159 quam
2325 3090 2559 3159 quietus,
2591 3107 2752 3161 quam
2798 3102 2944 3145 certe
2972 3091 3108 3146 bene
3137 3102 3376 3147 moratus
3413 3092 3578 3146 fuerit
3616 3092 3719 3145 istc

2136 3194 2322 3233 senex.
2373 3179 2650 3245 Quomodo
2691 3181 2834 3234 enim
2882 3184 2985 3234 non
3029 3192 3173 3237 esset
3204 3183 3277 3236 rei
3306 3178 3622 3246 familiaris,
3671 3181 3716 3236 si

2135 3270 2494 3341 contingeret,
2526 3280 2765 3342 egestate
2794 3282 3105 3337 contentus,
3144 3274 3233 3343 qui
3280 3274 3475 3347 regalis
3520 3291 3718 3330 mensa:

2135 3360 2302 3429 dapes
2364 3361 2593 3431 despicit
2657 3363 2953 3417 invitatus?
3021 3363 3305 3430 Quomodo
3361 3364 3720 3421 delectaretur

2133 3452 2306 3507 otiosa
2351 3452 2435 3507 vel
2483 3453 2681 3509 risibus
2751 3463 2874 3524 apta
2924 3456 3086 3509 verba
3135 3456 3477 3525 depromere,
3526 3457 3618 3528 qui
3664 3468 3722 3513 et

2134 3545 2342 3600 alienas
2377 3545 2729 3601 melodiarum
2759 3562 2917 3601 voces
2938 3549 3104 3602 castis
3132 3549 3354 3604 auribus
3392 3551 3720 3623 dedignaba-

2135 3647 2222 3694 tur
2252 3639 2474 3694 audire?
2499 3640 2565 3694 Et
2589 3641 2677 3709 qui
2712 3641 2823 3695 illic
2847 3642 3011 3695 etiam
3041 3642 3301 3697 delectari
3332 3644 3604 3712 noluerat,
3626 3646 3716 3699 ubi

2135 3728 2423 3799 aliquando
2451 3730 2822 3799 crisparentur
2866 3745 2993 3785 vasa
3042 3731 3402 3801 psalmorum,
3449 3736 3722 3802 quomodo

2137 3823 2421 3893 quiescere
2463 3823 2750 3893 potuisset,
2789 3824 2878 3878 ubi
2919 3824 3123 3879 ludicra
3152 3833 3205 3880 et
3234 3824 3553 3882 saltationes
3595 3843 3723 3898 pcr-
3798 3830 3805 3837 '

2135 3911 2382 3982 strepunt
2412 3906 2778 3968 histrionum?

2206 4003 2458 4059 Nonnulli
2501 4005 2660 4075 plane
2690 4022 2882 4063 senum
2912 4017 3058 4076 sunt,
3089 4007 3236 4078 quod
3280 4010 3719 4079 praetereundum

2138 4111 2241 4150 non
2272 4106 2376 4163 est,
2406 4097 2688 4168 quietiam
2719 4109 3006 4172 postquam
3038 4103 3105 4157 ad
3150 4102 3427 4172 religionis
3474 4103 3719 4158 ordinent

2140 4189 2400 4254 venerint,
2428 4190 2501 4244 ita
2535 4188 2798 4247 fabulosis
2843 4193 3032 4246 [taeniis
3059 4202 3413 4263 occupantur,
3446 4200 3506 4247 ut
3531 4201 3586 4249 et
3616 4194 3718 4248 sibi

2138 4282 2248 4335 sint
2307 4282 2476 4348 noxii,
2527 4291 2586 4338 et
2636 4284 2977 4339 auditoribus
3024 4284 3310 4338 videantur
3370 4298 3493 4339 esse
3541 4285 3716 4340 deliri.

2138 4372 2293 4429 Modo
2324 4374 2465 4428 enim
2500 4390 2681 4430 rerum
2722 4384 2995 4446 gestarum
3044 4376 3269 4433 lacinias
3315 4385 3535 4443 texunt,
3560 4378 3719 4432 modo

2140 4480 2323 4534 regum
2363 4460 2702 4533 antiquorum
2731 4467 2904 4521 edicta
2930 4508 2945 4532 ,
2976 4467 3059 4521 vel
3105 4468 3360 4524 victorias
3418 4471 3658 4525 referunt
3702 4489 3715 4525 :

2142 4559 2329 4625 sicque
2355 4556 2497 4611 diem
2530 4557 2580 4609 in
2613 4573 2871 4626 nugarum
2901 4559 3125 4613 aniliunt
3176 4560 3356 4629 inepta
3400 4562 3720 4615 recitatione

2141 4656 2491 4701 consumunt.
2524 4645 2599 4700 Ita
2634 4645 2722 4711 fit,
2756 4654 2812 4700 ut
2863 4663 2958 4716 per
3006 4648 3242 4719 linguam
3300 4650 3410 4704 Deo
3463 4649 3717 4717 dicatam,

2141 4750 2303 4805 quam
2351 4751 2457 4792 non
2509 4736 2773 4793 salutares
2821 4746 3091 4808 occupant
3150 4754 3377 4811 preces,
3431 4740 3720 4797 ridiculose

2139 4826 2290 4892 vani,
2322 4842 2386 4882 ac
2408 4828 2770 4895 snperstitiosi
2806 4830 3106 4885 recitentur
3135 4831 3396 4886 annales:
3429 4830 3520 4900 qui
3561 4832 3720 4887 nimi-

2142 4932 2260 4973 rum
2300 4917 2425 4972 dum
2456 4916 2691 4985 linguam
2723 4919 2992 4987 pestiferis
3038 4919 3337 4976 fabularum
3382 4912 3605 4990 dapibus
3633 4937 3749 4975 sar

2144 5010 2278 5040 ΙῖηηΙ
2329 5010 2451 5040 ηιιῖα
2478 5007 2680 5040 ἶΔῖι-ιῖῖη
2710 5025 2923 5040 ειη-..ηλ-
2975 5020 3053 5040 nn.
3113 5013 3329 5040 ἶνιῗηςζιιιι
3388 5014 3683 5040 ..ΑκιὶΑ-ξιαισ
