4106 6320
341 295 447 351 525

1304 301 1548 359 OPUSC.
1593 303 1724 359 Xlll.
1771 337 1836 345 —-
1865 307 1950 364 DE
1987 309 2464 372 PERFECTIONE
2506 317 2812 380 MONACH.

3518 341 3621 402 525

341 425 448 477 que
474 407 763 464 confoveat
788 419 842 465 et
871 409 1201 478 ministrant,
1230 423 1284 469 et
1307 419 1385 472 sic
1412 434 1495 471 vix
1522 429 1791 490 utcunque
1812 425 1932 477 sub-
1959 428 2005 485 Λ
2037 428 2233 482 mentis
2258 430 2341 483 vel
2366 436 2431 485 ad
2467 447 2796 492 momentum
2832 441 3046 509 quidem
3087 449 3365 516 vagatione
3390 454 3602 514 laborat

340 501 537 555 sistere
569 500 751 567 valeo;
800 518 908 572 quo
932 503 1092 574 igitur
1120 515 1279 575 pacto
1309 518 1496 576 potero
1521 511 1814 580 spiritualis
1844 514 1926 567 in-

339 596 512 653 stituti
543 593 646 650 iter
677 596 952 666 arripere,
977 599 1066 668 qui
1104 601 1308 669 absque
1337 602 1440 656 ulla
1482 603 1778 673 disciplinae
1806 622 1924 661 sar-

336 688 460 742 cina
493 704 576 743 me
601 689 772 759 ipsum
808 706 945 760 pene
994 707 1204 761 nequeo
1246 693 1434 748 saltem
1488 697 1710 765 pedibus
1758 699 1923 752 susti—

337 781 507 836 nere?
548 782 936 838 Verumtamen
961 786 1121 854 paulo
1151 796 1290 856 post,
1321 789 1519 858 quibus
1553 790 1924 846 adnitentibus

334 875 543 942 nescio,
570 890 698 931 ecce
723 876 898 932 factus
921 887 1004 932 est
1033 882 1329 936 monachus
1357 900 1371 936 :
1405 883 1496 952 qui
1537 885 1790 938 nimirum
1809 881 1921 953 jam

333 981 502 1021 senex
555 976 611 1022 et
659 967 945 1039 languidus
999 985 1122 1024 cum
1179 980 1332 1028 tanto
1387 972 1599 1028 fervore
1649 977 1833 1045 cmpit,
1867 984 1925 1030 ut

331 1060 640 1129 grandatvis
666 1074 829 1131 atque
859 1064 1086 1118 maturis
1115 1066 1230 1119 sani
1278 1067 1483 1122 scilicet
1527 1070 1737 1123 consilii
1790 1070 1922 1126 viris

333 1151 681 1216 miraculum,
727 1153 1037 1221 juvenculis
1094 1167 1276 1212 autem
1332 1162 1643 1216 monasterii
1699 1162 1921 1217 lubricis

332 1251 497 1311 atque
525 1242 746 1299 lascivis
775 1244 1002 1300 fieretin
1028 1246 1287 1302 derisum.
1335 1251 1435 1316 Qui
1482 1253 1725 1322 profecto
1776 1255 1918 1310 lace-

319 1340 514 1388 .rantes
553 1349 679 1389 eum
727 1335 1172 1405 detractionibus,
1231 1347 1285 1394 et
1343 1341 1524 1395 verbis
1576 1345 1919 1402 mordacibus

328 1425 674 1491 obrodentes,
707 1443 986 1497 nunquam
1015 1445 1138 1484 eum
1175 1447 1204 1484 a
1240 1433 1320 1486 sui
1361 1433 1540 1503 rigore
1571 1437 1828 1505 propositi
1863 1438 1916 1492 in

326 1526 538 1572 tantum
571 1528 796 1587 potuere
825 1520 1145 1592 deflectere,
1168 1525 1298 1594 quin
1325 1525 1503 1582 adhuc
1529 1542 1624 1596 per
1657 1529 1774 1584 dies
1801 1531 1916 1587 sin-

321 1610 479 1678 gulos
508 1611 760 1679 psalteria
787 1622 1025 1682 quatuor
1048 1616 1279 1684 expleat,
1301 1627 1535 1687 quatuor
1561 1619 1916 1679 nihilominus

321 1716 422 1769 per
445 1703 837 1759 hebdomadam
861 1707 978 1761 dies
1015 1706 1219 1778 absque
1252 1708 1359 1764 ullo
1396 1711 1518 1766 cibo
1551 1721 1605 1766 et
1632 1723 1759 1784 potu
1803 1725 1911 1770 tam

2032 517 2336 576 Crucilixus
2375 522 2537 593 igitur
2573 529 2698 583 huic
2734 543 2933 588 mundo
2974 534 3086 603 jam
3137 555 3274 609 pene
3329 560 3448 614 qua:
3495 562 3617 605 sunt

2031 609 2264 666 humana
2303 629 2407 669 non
2435 619 2620 685 sentit,
2652 623 2747 675 sed
2781 631 2924 679 totus
2955 641 3198 697 azymus,
3234 609 3484 707 totusque
3513 643 3594 696 sin

2029 713 2208 768 cerus,
2235 714 2292 757 ut
2318 705 2391 758 ita
2432 706 2626 775 fatear,
2664 713 2887 782 angelus
2916 717 3066 772 vivit.

2100 789 2254 854 Ecce,
2289 794 2648 864 dilectissimi,
2682 817 2807 856 cum
2841 805 3007 860 multa
3037 823 3342 880 suppetant,
3373 818 3477 874 duo
3504 828 3614 876 tan.

2028 885 2142 932 tum
2185 885 2430 952 exempla
2477 893 2754 958 proposui,
2801 909 2964 949 unum
3008 905 3327 966 communis,
3365 910 3614 966 solitariae

2025 968 2255 1026 alterum
2289 975 2433 1030 vitae.
2478 977 2683 1043 Quibus
2714 983 2969 1040 nimirum
3007 991 3292 1049 manifeste
3323 999 3614 1071 colligitur,

2025 1060 2150 1128 quia
2178 1063 2268 1118 ubi
2292 1063 2484 1122 fervidi
2513 1071 2738 1140 spiritus
2763 1077 2928 1132 ardor
2953 1079 3250 1149 incanduit,
3275 1060 3613 1148 senilisvattas

2023 1164 2053 1202 a
2093 1151 2219 1206 boni
2266 1157 2446 1223 operis
2498 1162 2673 1216 studio
2705 1179 2811 1218 non
2851 1172 3106 1237 torpescit
3135 1173 3321 1243 (Hebr.
3358 1183 3486 1250 xu):
3519 1186 3614 1238 sed

2022 1244 2164 1299 sicut
2203 1261 2512 1318 serpentem
2544 1258 2710 1312 costis
2749 1261 3030 1330 duntaxat,
3059 1281 3170 1322 non
3215 1244 3444 1338 pedibus
3478 1273 3612 1328 iuni.

2022 1344 2250 1404 tentem,
2285 1343 2446 1398 vivax
2501 1347 2568 1401 ad
2630 1355 2958 1408 currendum
3015 1358 3237 1426 spiritus
3283 1363 3494 1430 evehit;
3537 1366 3614 1422 sic

2021 1430 2213 1484 senilia
2249 1437 2490 1490 metnbra
2523 1454 2622 1507 per
2645 1442 2945 1511 spiritualis
2975 1449 3182 1505 militiae
3217 1454 3455 1509 studium
3479 1456 3613 1510 divi-

2020 1536 2123 1574 nus
2151 1539 2304 1578 amor
2334 1528 2578 1596 impellit.
2611 1532 2710 1599 Qui
2745 1537 2888 1590 enim
2926 1542 3161 1596 nondum
3208 1544 3469 1602 habemus
3501 1563 3612 1601 ma-

2018 1622 2236 1667 nentem
2288 1617 2587 1688 civitatem,
2640 1625 2732 1678 sed
2788 1627 3025 1683 futuram
3075 1631 3397 1702 inquirimus
3443 1639 3610 1708 (Gen.

2016 1711 2162 1774 vni),
2204 1708 2256 1761 in
2305 1711 2546 1779 qualibet
2599 1717 2686 1772 bic
2735 1729 2893 1774 aetate
2942 1739 3163 1792 sperare
3215 1731 3454 1798 requiem
3501 1750 3606 1788 non

318 1799 531 1864 aestivo,
555 1815 716 1869 quam
747 1802 973 1857 hiberno
1008 1811 1247 1873 tempore
1276 1806 1559 1877 transigat.
1600 1808 1711 1864 Hoc
1733 1818 1913 1866 tamen
1949 1796 1990 1854 ll
2019 1797 2279 1854 debemus
2311 1818 2322 1854 :
2351 1802 2404 1856 in
2433 1804 2595 1873 hujus
2615 1808 2812 1878 quippe
2833 1815 3018 1868 mundi
3048 1817 3162 1871 salo
3180 1796 3312 1886 justi
3336 1821 3607 1889 laborant,

317 1892 504 1946 adhuc
545 1894 612 1949 de
659 1896 838 1965 prisco
881 1913 1032 1952 more
1075 1908 1313 1966 servato,
1347 1911 1406 1956 ut
1443 1918 1683 1960 mensem
1713 1923 1910 1961 unum-

314 1998 590 2052 quemque
639 1986 719 2041 sic
767 1987 1001 2054 dedicet,
1033 1999 1300 2059 quatenus
1341 1993 1394 2047 in
1424 1995 1599 2063 prima
1650 1998 1911 2069 cujusque

311 2076 528 2129 mensis
554 2076 914 2144 hebdomada,
945 2081 1048 2135 nisi
1081 2082 1360 2139 Dominica
1420 2087 1529 2151 die,
1579 2089 1663 2142 vel
1718 2091 1908 2159 quinta

315 2163 480 2228 feria,
509 2165 723 2234 penitus
753 2183 860 2222 non
909 2171 1196 2228 manducet
1231 2191 1243 2227 :
1284 2188 1370 2230 est
1420 2188 1598 2231 autem
1638 2180 1772 2248 jam,
1807 2182 1906 2236 nisi

310 2255 496 2322 fallor,
531 2257 584 2311 in
616 2273 785 2314 sacra:
809 2267 1235 2320 conversationis
1265 2267 1450 2322 habitu
1503 2270 1822 2337 duodenuis,
1853 2283 1909 2328 et

313 2349 409 2402 hic
435 2350 651 2418 quidem
693 2353 747 2406 itt
779 2366 1048 2410 conventu
1077 2356 1328 2414 fratrum.

390 2438 486 2493 Est
514 2449 694 2495 autem
725 2455 780 2497 et
809 2443 947 2500 alius
985 2447 1124 2501 intra
1167 2450 1372 2504 cellula:
1399 2463 1551 2522 septa
1591 2456 1902 2524 conclusus,

313 2538 374 2583 et
402 2528 515 2584 Leo
547 2531 794 2588 videlicet
822 2534 1133 2602 Prezensis,
1157 2555 1317 2610 quem
1346 2550 1400 2597 et
1448 2544 1499 2597 in
1540 2545 1661 2599 aliis
1708 2559 1905 2601 nostra:

307 2620 629 2676 dictationis
649 2625 925 2693 opusculis
953 2642 1051 2683 nos
1083 2629 1323 2686 breviter
1350 2633 1637 2689 adnotasse
1661 2637 1906 2690 memini-

313 2723 479 2764 mus:
514 2711 597 2764 vir
639 2712 889 2769 videlicet
937 2723 1045 2770 tant
1103 2719 1430 2791 decrepitus,
1460 2733 1517 2778 ut
1569 2726 1658 2795 qui
1713 2741 1901 2781 eorum

312 2801 498 2856 obitus
523 2803 733 2868 recolit,
767 2820 905 2874 quos
941 2806 1027 2860 ille
1053 2824 1240 2878 parum
1273 2813 1548 2868 nascendo
1581 2819 1896 2885 praecessit:

307 2891 616 2962 quibusque
643 2894 804 2949 simul
829 2897 1060 2951 vivendo
1085 2904 1387 2967 consenuit,
1441 2920 1603 2959 senex
1663 2907 1751 2960 sit.
1803 2907 1900 2960 llic

312 2987 480 3057 igitur
509 2988 560 3041 in
592 2997 700 3060 tam
738 2987 884 3045 ell'eti
910 3006 972 3044 ac
998 2994 1211 3047 trenmli
1236 2999 1480 3066 corporis
1506 3000 1774 3068 gravitate
1819 3001 1897 3054 vi-

311 3094 440 3131 num
468 3080 570 3134 nisi
600 3080 958 3148 duabus,vel
1009 3083 1147 3140 forte
1202 3087 1372 3142 tribus
1433 3090 1560 3142 anni
1613 3092 1896 3160 pnecipuis

308 3168 695 3227 festivitatibus
731 3188 1006 3242 nunquam
1050 3175 1207 3230 bibit.
1255 3176 1397 3232 Ante
1458 3179 1645 3233 horam
1696 3196 1892 3234 nonam

309 3270 506 3328 praeter
535 3261 845 3318 Dominicos
871 3264 989 3319 dies
1016 3281 1291 3334 nunquam
1315 3269 1577 3333 comedit;
1607 3270 1814 3325 duabus
1836 3271 1890 3325 in

305 3351 639 3408 hebdomada
709 3356 917 3422 diebus,
977 3360 1194 3426 quando
1259 3360 1466 3414 scilicet
1527 3362 1889 3433 indulgentius

304 3447 454 3509 vivit,
483 3447 818 3516 pulmentum
853 3460 1049 3519 printer
1097 3467 1261 3506 unum
1314 3468 1537 3522 prorsus
1585 3455 1731 3510 aliud
1780 3473 1886 3512 non

300 3536 560 3593 admittit.
589 3538 680 3594 Sic
706 3549 887 3595 autem
918 3543 1178 3598 orationis
1203 3542 1319 3612 ejus
1336 3545 1469 3599 ordo
1493 3547 1814 3617 disponitur,
1831 3556 1888 3603 ut

300 3635 542 3705 quotidie
565 3636 678 3692 sive
706 3653 802 3707 per
830 3646 1095 3704 aestatem,
1123 3638 1239 3694 sive
1289 3655 1386 3710 per
1439 3643 1669 3697 hiemem
1718 3659 1885 3698 unum

303 3727 614 3797 psalterium
639 3745 762 3784 cum
793 3731 1040 3796 canticis,
1067 3741 1120 3787 et
1147 3732 1349 3789 litaniis
1372 3735 1484 3789 suis
1510 3745 1635 3790 ante
1667 3745 1882 3791 noctur-

298 3835 398 3875 nas
431 3821 686 3877 Ecclesia:
716 3822 921 3892 vigilias
983 3824 1196 3894 expleat
1259 3843 1273 3880 :
1341 3827 1636 3882 secundum
1699 3839 1879 3883 autent

295 3912 613 3981 psalterium
647 3912 714 3966 ab
757 3929 966 3968 aurora:
1009 3915 1327 3985 crepusculo
1368 3933 1537 3987 usque
1575 3917 1641 3970 ad
1687 3919 1878 3973 horam

295 4014 504 4057 sextam
537 4019 635 4072 pro
666 4003 932 4060 defunctis
967 4023 1086 4060 cum
1113 4024 1302 4063 novem
1334 4009 1658 4066 lectionibus
1682 4022 1874 4075 canat,

297 4094 515 4148 tertium
537 4094 668 4148 'vero
694 4095 1009 4164 psalterium
1033 4113 1154 4151 cum
1188 4098 1370 4153 Gloria
1395 4100 1587 4154 iterum
1615 4117 1737 4155 cum
1762 4103 1877 4171 ipso

291 4183 792 4252 advesperascentis
817 4186 920 4240 diei
943 4187 1048 4240 line
1071 4187 1374 4241 concludat.

361 4271 535 4327 Habet
562 4287 742 4329 autem
787 4276 926 4330 hanc
986 4277 1236 4347 gratiam,
1267 4294 1428 4346 quam
1481 4277 1533 4331 in
1581 4279 1724 4332 nullo
1776 4296 1876 4332 tnt-

286 4379 452 4435 quam
521 4367 818 4434 quantazvis
885 4368 1234 4436 perfectionis
1307 4370 1419 4424 viro
1470 4369 1873 4438 deprehendere

286 4455 464 4524 potui,
493 4455 744 4509 videlicet
791 4465 849 4509 ut
887 4456 1137 4526 psallcnti
1183 4474 1456 4528 nunquam
1509 4475 1568 4515 se
1611 4461 1867 4532 cogitatio

285 4547 543 4617 ingerat:
581 4555 835 4616 tantaque
881 4550 1061 4604 cordis
1104 4551 1154 4603 in
1202 4566 1266 4605 eo
1313 4552 1524 4621 puritas
1581 4555 1747 4625 viget,
1809 4566 1869 4610 ut

285 4638 492 4706 absque
523 4637 628 4692 ulla
663 4640 935 4693 resistenti
978 4641 1222 4695 molestia
1275 4643 1408 4697 nihil
1453 4647 1674 4701 omnino
1716 4663 1870 4702 mens

283 4731 502 4800 COgitet,
532 4732 676 4800 quod
708 4748 737 4785 a
777 4734 1056 4803 psallentis
1093 4750 1188 4788 ore
1227 4735 1514 4790 discordet.
1549 4737 1682 4792 Illud
1703 4740 1866 4794 etiam

280 4824 434 4880 valde
460 4827 790 4892 mirandum,
821 4829 947 4897 quia
997 4843 1274 4899 nunquam
1305 4829 1422 4897 ejus
1451 4832 1637 4887 oculos
1669 4833 1868 4887 acediae

279 4916 499 4971 tzedium
526 4918 799 4986 deprimit.
831 4919 981 4972 Adde
1019 4921 1204 4985 etiam,
1229 4922 1371 4990 quod
1397 4938 1518 4976 cmn
1563 4937 1672 4992 pra:
1702 4937 1862 4976 sene-

276 5009 442 5063 ctutis
474 5008 704 5079 caligine
732 5009 924 5064 faciem
960 5012 1194 5066 hominis
1240 5013 1551 5068 discernere
1597 5025 1862 5084 nequeat,

272 5099 488 5155 litteras
525 5101 786 5155 discernit
813 5109 868 5155 ct
905 5101 1071 5171 legit;
1123 5103 1368 5175 quotidie
1410 5105 1726 5173 psalterium
1780 5106 1863 5160 bis

271 5189 570 5246 lectitando
612 5193 902 5262 percurrit.

343 5281 506 5353 317
539 5281 652 5338 Hoc
675 5297 889 5352 quoque
917 5285 1258 5352 stupendum,
1288 5284 1410 5353 quia
1445 5285 1581 5337 intra
1613 5285 1856 5339 cellulam

265 5377 501 5445 positus,
539 5376 629 5431 ubi
661 5376 916 5430 nimirum
955 5377 1283 5431 subobscura
1327 5377 1409 5429 lux
1442 5387 1544 5442 est,
1578 5376 1854 5432 Lttcratint

268 5471 556 5541 scriptura:
598 5469 857 5526 discernit
903 5470 1219 5537 articulum;
1267 5485 1516 5538 egressus
1554 5479 1732 5524 autem
1767 5470 1855 5524 ubi

265 5561 498 5617 liberior
543 5563 761 5617 videndi
815 5562 1045 5618 facultas
1074 5574 1176 5629 est,
1223 5565 1402 5634 apices
1445 5580 1549 5617 non
1591 5563 1853 5633 agnoscit.

268 5653 362 5709 Sic
391 5665 577 5709 autem
601 5654 731 5708 mihi
763 5654 1030 5710 subtiliter
1053 5656 1350 5710 sciscitanti
1375 5657 1569 5726 sacpius
1595 5656 1708 5725 ipse
1731 5657 1855 5725 pro?

263 5746 444 5804 fessus
473 5755 574 5803 est.
609 5745 760 5802 Nulla
787 5747 897 5816 jam
929 5749 1107 5804 carnis
1133 5749 1434 5804 certamina
1466 5747 1676 5814 tolerat,
1704 5745 1868 5803 nulla

2018 1889 2106 1944 ubi
2129 1907 2282 1947 suatn
2303 1899 2530 1977 reprobi
2555 1903 2833 1968 possident
2859 1907 3120 1976 requiem.
3158 1909 3328 1976 Quam
3357 1914 3607 1969 videlicet

2015 1983 2383 2043 diversitatem
2432 1990 2571 2047 bene
2615 2009 2812 2051 corvus
2841 2012 2896 2053 et
2938 2014 3066 2053 area
3113 1993 3390 2070 dimissus,
3423 2017 3478 2060 et
3517 2022 3606 2061 co-

2013 2071 2195 2129 lumba
2226 2078 2533 2148 significant
2565 2083 2755 2154 (Deut.
2785 2091 2868 2158 v).
2903 2087 3109 2144 Corvus
3140 2093 3338 2162 quippe
3373 2097 3605 2151 cadave~

2013 2164 2162 2222 ribus
2187 2169 2445 2238 insidens,
2470 2175 2536 2228 ad
2564 2191 2703 2231 arca:
2739 2177 2973 2236 claustra
3005 2199 3113 2238 non
3141 2187 3328 2251 rediit;
3357 2188 3604 2245 columba

2011 2268 2192 2310 autem
2243 2275 2460 2316 reversa
2505 2274 2608 2331 est,
2642 2269 2767 2337 quia
2809 2273 2897 2325 tibi
2937 2287 3032 2342 pes
3066 2274 3182 2342 ejus
3221 2278 3603 2346 requiesceret,

2010 2361 2116 2400 nou
2148 2350 2374 2407 invenit.
2423 2353 2524 2410 Hic
2567 2359 2710 2412 enim
2753 2361 2840 2414 ubi
2874 2365 3026 2431 pravi
3058 2367 3254 2435 quippe
3290 2370 3603 2426 carnalibus

2008 2456 2064 2496 se
2093 2445 2457 2512 voluptatibus
2483 2451 2702 2517 satiant,
2728 2456 2902 2508 sancti
2936 2457 3035 2509 viri
3066 2460 3304 2527 reperire
3328 2475 3602 2531 nequeutt

2008 2534 2097 2587 ubi
2143 2536 2210 2588 ad
2247 2537 2634 2604 quiescendum
2694 2545 2947 2600 desiderii
3001 2549 3085 2602 sui
3135 2551 3324 2619 pedem
3374 2563 3598 2623 ponant.

2005 2627 2142 2684 llinc
2180 2642 2263 2685 est
2312 2633 2501 2700 etiam,
2542 2639 2685 2706 quod
2727 2641 2816 2708 qui
2857 2658 3112 2712 peccasse
3153 2649 3596 2718 deprehenditur,

2003 2730 2363 2800 quadraginta
2417 2735 2731 2793 verberibus
2787 2742 2947 2796 atteri
3003 2759 3102 2812 per
3152 2745 3284 2814 legis
3340 2754 3595 2805 mandata

1996 2816 2236 2885 jubetur.
2269 2820 2742 2895 Quadragenarius
2774 2831 2972 2900 quippe
3002 2849 3259 2890 numerus
3291 2849 3462 2892 totum
3493 2839 3595 2896 hoc

2004 2918 2214 2979 tempus
2249 2929 2346 2981 per
2392 2920 2706 2986 mysterium
2758 2925 3191 2992 comprehendit,
3243 2942 3351 2998 quo
3399 2939 3592 2987 sancta

2001 3000 2263 3069 Ecclesia,
2291 3021 2388 3074 per
2407 3019 2639 3076 quatuor
2652 3022 2835 3080 partes
2863 3018 3044 3070 mmtdi
3077 3017 3270 3072 diffusa
3292 3022 3392 3073 sub
3421 3022 3593 3076 Deca-

2000 3089 2121 3160 lego
2153 3092 2286 3164 legis
2328 3096 2474 3150 vivtt.
2510 3098 2950 3173 Quadragcnario
2981 3121 3110 3176 ergo
3147 3121 3375 3163 numero
3414 3110 3590 3165 delin-

1955 3192 1967 3214 ⁸
1999 3196 2224 3255 quentes
2284 3191 2561 3256 caedimur,
2617 3195 2660 3248 si
2703 3195 2755 3248 in
2809 3197 2910 3251 hoc
2965 3207 3208 3268 tempore
3255 3203 3588 3270 pceniteutia:

1996 3281 2314 3336 verberibus
2345 3283 2694 3354 caStigamur.
2726 3286 2892 3342 Debet
2935 3289 3116 3359 itaque
3154 3303 3406 3360 peccator
3431 3294 3584 3363 quis-

1994 3383 2122 3439 que,
2144 3370 2257 3425 sive
2277 3387 2438 3427 senex
2469 3374 2559 3438 sit,
2586 3375 2698 3429 sive
2722 3375 2957 3443 juvenis,
2987 3381 3370 3450 temporalibus
3397 3385 3579 3438 atteri.

1993 3469 2052 3512 ut
2105 3471 2364 3530 purgatus
2412 3465 2464 3516 in
2509 3464 2715 3533 judicio
2773 3467 2950 3522 valeat
2990 3469 3238 3524 inveniri.
3284 3472 3392 3526 Eos
3438 3473 3581 3527 enim

1992 3558 2135 3612 nulla
2169 3559 2275 3614 illic
2306 3561 2472 3614 animi
2517 3561 2765 3618 adversio
2804 3562 3039 3635 allligere
3079 3567 3294 3635 poterit,
3328 3582 3465 3637 quos
3495 3569 3583 3623 ltic

1989 3653 2360 3724 cujuscunque
2403 3657 2579 3712 relatis
2619 3658 3011 3712 conditionisve
3055 3659 3278 3725 fuerint,
3327 3659 3582 3731 perfecta:

1988 3745 2324 3814 paenitentia:
2357 3748 2637 3818 disciplina
2672 3752 2957 3819 percussit.

2543 3841 2772 3897 CAPUT
2822 3842 3008 3896 XXIV.

2060 3929 2158 3984 Ubi
2183 3947 2370 4002 .onmes
2418 3932 2472 3985 in
2518 3933 2780 3984 communi
2830 3933 2900 3985 ad
2949 3933 3222 3987 charitatis
3273 3933 3503 3988 studium

2638 4013 2902 4072 provocat.

2052 4090 2204 4145 Nunc
2235 4101 2436 4156 autem,
2469 4091 2663 4146 fratres
2707 4092 3037 4158 ('hfll'isSillti,
3070 4108 3260 4148 omnes
3289 4110 3382 4149 vos
3405 4110 3574 4166 gene¢

1984 4183 2169 4237 raliter
2209 4185 2453 4252 alloquor
2501 4185 2722 4253 (Philip.
2748 4186 2846 4253 tt);
2884 4202 3073 4239 omnes
3123 4204 3219 4255 per
3254 4188 3328 4251 id,
3367 4189 3420 4242 in
3462 4204 3573 4258 quo

1979 4287 2140 4326 oume
2163 4272 2394 4327 flectitur
2419 4287 2578 4342 genu,
2608 4274 2809 4329 Christi
2840 4288 3032 4328 nomen
3070 4277 3332 4330 obtestor.
3370 4277 3427 4331 lu
3458 4277 3571 4331 Ϊηιο

1981 4370 2132 4416 terna
2162 4364 2432 4417 cbaritale
2477 4365 2768 4432 persistite,
2824 4367 2874 4418 in
2929 4367 3098 4419 mutui
3153 4367 3355 4421 amoris
3388 4369 3569 4422 studio

1979 4457 2239 4510 adversus
2264 4457 2470 4524 antiqui
2512 4457 2681 4510 hostis
2720 4456 2944 4511 insidias
2987 4459 3315 4513 unanimiter
3355 4461 3570 4528 conspi-

1977 4557 2093 4604 rate
2123 4545 2276 4619 (Gen.
2304 4547 2400 4617 vt).
2435 4547 2568 4603 Tota
2603 4557 2807 4602 sancta:
2852 4550 3190 4618 operationis
3221 4560 3413 4606 vestrae
3451 4567 3564 4604 nza-

1972 4642 2131 4696 china
2165 4642 2216 4695 in
2265 4640 2547 4696 charitatis
2584 4655 2642 4696 se
2687 4641 2909 4696 basibns
2953 4643 3161 4713 erigat;
3207 4659 3386 4708 omne,
3419 4647 3563 4713 quod

1971 4734 2284 4788 construitis
2337 4732 2649 4798 (editicium,
2697 4749 2761 4787 ex
2822 4734 2960 4787 vivis
2997 4735 3255 4788 virtutmn
3293 4735 3563 4804 lapidibus

1967 4828 2192 4882 sincerae
2227 4827 2529 4881 dilectionis
2552 4827 2756 4897 glutino
2787 4826 3080 4882 coalescat.
3113 4829 3305 4880 Arcam
3334 4829 3556 4896 quippe,

1967 4935 2087 4988 qua:
2121 4929 2244 4972 octo
2273 4919 2483 4973 animas
2512 4920 2654 4973 inter
2679 4917 2994 4987 cataclysmi
3036 4918 3235 4971 fluenta
3265 4918 3552 4983 continuit,

1967 5010 2314 5075 intrinsecus,
2339 5018 2392 5063 et
2419 5009 2756 5063 extrinsecus
2786 5007 2927 5061 liniri
2951 5007 3215 5062 bitumine
3243 5021 3345 5061 vox
3374 5007 3555 5062 divina
3604 5086 3609 5092 ἱ

1965 5104 2241 5173 praecepit.
2295 5104 2493 5157 Sancta
2543 5103 2754 5156 scilicet
2801 5101 3059 5164 Ecclesia,
3108 5115 3227 5168 qua:
3265 5100 3331 5153 ad
3371 5113 3554 5155 resur-

1963 5195 2220 5249 rectionis
2246 5194 2470 5264 gloriam
2502 5193 2690 5258 tendit,
2714 5192 2797 5248 'sic
2829 5192 2994 5257 intus,
3027 5200 3079 5246 et
3104 5201 3257 5247 extra
3288 5191 3553 5247 bitumine

1961 5285 2146 5338 linitur
2177 5302 2188 5336 :
2226 5294 2280 5337 ιιι
2308 5295 2358 5338 et
2386 5283 2518 5338 foris
2544 5284 2852 5338 blandiatur
2881 5285 2932 5337 in
2973 5283 3208 5338 fraterna
3242 5284 3548 5350 dulcedine,

1963 5377 2128 5446 318
2166 5387 2219 5430 et
2252 5377 2396 5430 intus
2450 5376 2722 5430 cohaereat
2752 5376 2802 5430 in
2846 5373 3150 5430 dilectionis
3185 5385 3383 5430 mutua:
3411 5375 3554 5429 veri-'

1965 5477 2090 5521 tate.
2115 5466 2368 5534 Quisquis
2390 5468 2534 5519 enim
2563 5468 2707 5522 intus
2747 5477 2910 5530 autat,
2939 5469 3032 5521 sed
3063 5467 3197 5521 foris
3224 5487 3252 5521 a
3287 5468 3548 5520 fratribus

1962 5572 2170 5610 morum
2215 5557 2511 5611 inconsona
2552 5559 2844 5628 asperitate
2884 5559 3178 5624 dismrdat,
3223 5559 3550 5612 intrinsecus

1959 5650 2175 5720 quidem
2207 5651 2446 5706 bitumen
2489 5648 2674 5715 habet,
2716 5651 2810 5706 sed
2841 5653 3183 5706 extrinsecus
3221 5667 3328 5706 non
3362 5651 3543 5704 habet.

1960 5741 2216 5812 Quisquis
2245 5757 2374 5802 vero
2401 5756 2463 5800 se
2495 5744 2834 5814 specietenus
2859 5743 3128 5798 affabilem
3153 5743 3377 5812 praebet,
3411 5741 3546 5795 ami.
