  <div class='ocr_page' id='page_1' title='image "/cluster/home/n/w/nwhite01/storage/ocr_20150623/145/hvd.32044015471824/171.png"; bbox 0 0 4110 5364; ppageno 0'>
   <div class='ocr_carea' id='block_1_1' title="bbox 447 234 554 291">
    <p class='ocr_par' dir='ltr' id='par_1_1' title="bbox 447 234 554 291">
     <span class='ocr_line' id='line_1_1' title="bbox 447 234 554 291; baseline 0.009 -1"><span class='ocrx_word' id='word_1_1' title='bbox 447 234 554 291; x_wconf 68' lang='grc' dir='ltr'><strong>ὅίἳ</strong></span> 
     </span>
    </p>
   </div>
   <div class='ocr_carea' id='block_1_2' title="bbox 929 218 3267 289">
    <p class='ocr_par' dir='ltr' id='par_1_2' title="bbox 929 218 3267 289">
     <span class='ocr_line' id='line_1_2' title="bbox 929 218 3267 289; baseline -0.006 0"><span class='ocrx_word' id='word_1_2' title='bbox 929 227 987 289; x_wconf 86' lang='lat' dir='ltr'><strong>S.</strong></span> <span class='ocrx_word' id='word_1_3' title='bbox 1016 226 1219 288; x_wconf 79' lang='lat' dir='ltr'><strong>PETRl</strong></span> <span class='ocrx_word' id='word_1_4' title='bbox 1255 220 1541 287; x_wconf 77' lang='lat' dir='ltr'><strong>DAMIANI</strong></span> <span class='ocrx_word' id='word_1_5' title='bbox 1575 222 1729 283; x_wconf 88' lang='lat' dir='ltr'><strong>OPP.</strong></span> <span class='ocrx_word' id='word_1_6' title='bbox 1766 221 2007 282; x_wconf 74' lang='lat' dir='ltr'><strong>TOMUS</strong></span> <span class='ocrx_word' id='word_1_7' title='bbox 2044 221 2176 280; x_wconf 64' lang='grc' dir='ltr'><strong>δεῖ]</strong></span> <span class='ocrx_word' id='word_1_8' title='bbox 2219 220 2396 278; x_wconf 77' lang='lat' dir='ltr'><strong>PARS</strong></span> <span class='ocrx_word' id='word_1_9' title='bbox 2427 219 2513 279; x_wconf 83' lang='lat' dir='ltr'><strong>Ill.</strong></span> <span class='ocrx_word' id='word_1_10' title='bbox 2542 250 2607 262; x_wconf 90' lang='lat'><strong>--</strong></span> <span class='ocrx_word' id='word_1_11' title='bbox 2630 218 2991 278; x_wconf 71' lang='lat' dir='ltr'><strong>OPUSL‘ULA</strong></span> <span class='ocrx_word' id='word_1_12' title='bbox 3035 220 3267 277; x_wconf 82' lang='lat' dir='ltr'><strong>VARIA.</strong></span> 
     </span>
    </p>
   </div>
   <div class='ocr_carea' id='block_1_3' title="bbox 3630 220 3741 280">
    <p class='ocr_par' dir='ltr' id='par_1_3' title="bbox 3630 220 3741 280">
     <span class='ocr_line' id='line_1_3' title="bbox 3630 220 3741 280; baseline -0.009 0"><span class='ocrx_word' id='word_1_13' title='bbox 3630 220 3741 280; x_wconf 56' lang='grc' dir='ltr'><strong>δίε</strong></span> 
     </span>
    </p>
   </div>
   <div class='ocr_carea' id='block_1_4' title="bbox 450 333 3738 410">
    <p class='ocr_par' dir='ltr' id='par_1_4' title="bbox 450 333 3738 410">
     <span class='ocr_line' id='line_1_4' title="bbox 450 333 3738 410; baseline -0.003 -7"><span class='ocrx_word' id='word_1_14' title='bbox 450 350 635 405; x_wconf 84' lang='lat' dir='ltr'><strong>citiam</strong></span> <span class='ocrx_word' id='word_1_15' title='bbox 686 345 938 409; x_wconf 82' lang='lat' dir='ltr'><strong>simulat,</strong></span> <span class='ocrx_word' id='word_1_16' title='bbox 997 345 1091 400; x_wconf 87' lang='lat' dir='ltr'><strong>sed</strong></span> <span class='ocrx_word' id='word_1_17' title='bbox 1149 348 1204 399; x_wconf 87' lang='lat' dir='ltr'><strong>in</strong></span> <span class='ocrx_word' id='word_1_18' title='bbox 1257 344 1438 398; x_wconf 81' lang='lat' dir='ltr'><strong>cordis</strong></span> <span class='ocrx_word' id='word_1_19' title='bbox 1497 341 1712 397; x_wconf 90' lang='lat' dir='ltr'><strong>occulto</strong></span> <span class='ocrx_word' id='word_1_20' title='bbox 1757 340 2044 395; x_wconf 85' lang='lat' dir='ltr'><strong>veritatem</strong></span> <span class='ocrx_word' id='word_1_21' title='bbox 2073 348 2118 404; x_wconf 80' lang='grc' dir='ltr'><strong>Α</strong></span> <span class='ocrx_word' id='word_1_22' title='bbox 2147 350 2363 406; x_wconf 88' lang='lat' dir='ltr'><strong>quoque</strong></span> <span class='ocrx_word' id='word_1_23' title='bbox 2391 333 2546 405; x_wconf 79' lang='lat' dir='ltr'><strong>juxta</strong></span> <span class='ocrx_word' id='word_1_24' title='bbox 2574 336 2897 391; x_wconf 78' lang='lat' dir='ltr'><strong>vocabulum</strong></span> <span class='ocrx_word' id='word_1_25' title='bbox 2921 335 3107 392; x_wconf 86' lang='lat' dir='ltr'><strong>tandiu</strong></span> <span class='ocrx_word' id='word_1_26' title='bbox 3138 337 3379 392; x_wconf 86' lang='lat' dir='ltr'><strong>llueatim</strong></span> <span class='ocrx_word' id='word_1_27' title='bbox 3406 350 3738 410; x_wconf 88' lang='lat' dir='ltr'><strong>congruunt,</strong></span> 
     </span>
    </p>
   </div>
   <div class='ocr_carea' id='block_1_5' title="bbox 452 429 2043 495">
    <p class='ocr_par' dir='ltr' id='par_1_5' title="bbox 452 429 2043 495">
     <span class='ocr_line' id='line_1_5' title="bbox 452 429 2043 495; baseline -0.007 -1"><span class='ocrx_word' id='word_1_28' title='bbox 452 438 705 494; x_wconf 83' lang='lat' dir='ltr'><strong>amicitiae</strong></span> <span class='ocrx_word' id='word_1_29' title='bbox 753 451 860 490; x_wconf 89' lang='lat' dir='ltr'><strong>non</strong></span> <span class='ocrx_word' id='word_1_30' title='bbox 915 443 1222 495; x_wconf 86' lang='lat' dir='ltr'><strong>conservat,</strong></span> <span class='ocrx_word' id='word_1_31' title='bbox 1281 431 1661 486; x_wconf 84' lang='lat' dir='ltr'><strong>damnabiliter</strong></span> <span class='ocrx_word' id='word_1_32' title='bbox 1698 430 1846 485; x_wconf 90' lang='lat' dir='ltr'><strong>intus</strong></span> <span class='ocrx_word' id='word_1_33' title='bbox 1896 429 2043 494; x_wconf 90' lang='lat' dir='ltr'><strong>hiat,</strong></span> 
     </span>
    </p>
   </div>
   <div class='ocr_carea' id='block_1_6' title="bbox 452 520 2047 596">
    <p class='ocr_par' dir='ltr' id='par_1_6' title="bbox 452 520 2047 596">
     <span class='ocr_line' id='line_1_6' title="bbox 452 520 2047 596; baseline -0.007 -11"><span class='ocrx_word' id='word_1_34' title='bbox 452 547 575 585; x_wconf 89' lang='lat' dir='ltr'><strong>cum</strong></span> <span class='ocrx_word' id='word_1_35' title='bbox 633 527 940 585; x_wconf 81' lang='lat' dir='ltr'><strong>formsecus</strong></span> <span class='ocrx_word' id='word_1_36' title='bbox 1001 523 1312 596; x_wconf 77' lang='lat' dir='ltr'><strong>superducti</strong></span> <span class='ocrx_word' id='word_1_37' title='bbox 1376 523 1655 579; x_wconf 82' lang='lat' dir='ltr'><strong>bituminis</strong></span> <span class='ocrx_word' id='word_1_38' title='bbox 1703 520 2047 576; x_wconf 78' lang='lat' dir='ltr'><strong>simulatione</strong></span> 
     </span>
    </p>
   </div>
   <div class='ocr_carea' id='block_1_7' title="bbox 450 612 2046 687">
    <p class='ocr_par' dir='ltr' id='par_1_7' title="bbox 450 612 2046 687">
     <span class='ocr_line' id='line_1_7' title="bbox 450 612 2046 687; baseline -0.008 -10"><span class='ocrx_word' id='word_1_39' title='bbox 450 623 743 677; x_wconf 79' lang='lat' dir='ltr'><strong>cohaereat.</strong></span> <span class='ocrx_word' id='word_1_40' title='bbox 795 618 1036 687; x_wconf 89' lang='lat' dir='ltr'><strong>Quorum</strong></span> <span class='ocrx_word' id='word_1_41' title='bbox 1090 616 1344 671; x_wconf 77' lang='lat' dir='ltr'><strong>videlicet</strong></span> <span class='ocrx_word' id='word_1_42' title='bbox 1389 630 1419 669; x_wconf 90' lang='lat' dir='ltr'><strong>a</strong></span> <span class='ocrx_word' id='word_1_43' title='bbox 1474 613 1714 670; x_wconf 91' lang='lat' dir='ltr'><strong>diluviali</strong></span> <span class='ocrx_word' id='word_1_44' title='bbox 1765 612 2046 681; x_wconf 82' lang='lat' dir='ltr'><strong>naufragio</strong></span> 
     </span>
    </p>
   </div>
   <div class='ocr_carea' id='block_1_8' title="bbox 450 704 2048 781">
    <p class='ocr_par' dir='ltr' id='par_1_8' title="bbox 450 704 2048 781">
     <span class='ocr_line' id='line_1_8' title="bbox 450 704 2048 781; baseline -0.005 -16"><span class='ocrx_word' id='word_1_45' title='bbox 450 720 643 767; x_wconf 89' lang='lat' dir='ltr'><strong>neuter</strong></span> <span class='ocrx_word' id='word_1_46' title='bbox 673 710 928 781; x_wconf 85' lang='lat' dir='ltr'><strong>eripitur,</strong></span> <span class='ocrx_word' id='word_1_47' title='bbox 952 708 1080 778; x_wconf 93' lang='lat' dir='ltr'><strong>quia</strong></span> <span class='ocrx_word' id='word_1_48' title='bbox 1113 708 1312 777; x_wconf 85' lang='lat' dir='ltr'><strong>duplici</strong></span> <span class='ocrx_word' id='word_1_49' title='bbox 1354 705 1644 762; x_wconf 87' lang='lat' dir='ltr'><strong>charitatis</strong></span> <span class='ocrx_word' id='word_1_50' title='bbox 1671 704 1956 770; x_wconf 83' lang='lat' dir='ltr'><strong>bitumine,</strong></span> <span class='ocrx_word' id='word_1_51' title='bbox 1988 712 2048 757; x_wconf 84' lang='lat' dir='ltr'><strong>ut</strong></span> 
     </span>
    </p>
   </div>
   <div class='ocr_carea' id='block_1_9' title="bbox 457 798 1639 872">
    <p class='ocr_par' dir='ltr' id='par_1_9' title="bbox 457 798 1639 872">
     <span class='ocr_line' id='line_1_9' title="bbox 457 798 1639 872; baseline -0.007 -13"><span class='ocrx_word' id='word_1_52' title='bbox 457 803 723 859; x_wconf 89' lang='lat' dir='ltr'><strong>divinitus</strong></span> <span class='ocrx_word' id='word_1_53' title='bbox 742 809 1075 872; x_wconf 86' lang='lat' dir='ltr'><strong>praeceptum</strong></span> <span class='ocrx_word' id='word_1_54' title='bbox 1101 810 1206 864; x_wconf 91' lang='lat' dir='ltr'><strong>est,</strong></span> <span class='ocrx_word' id='word_1_55' title='bbox 1234 814 1342 854; x_wconf 92' lang='lat' dir='ltr'><strong>non</strong></span> <span class='ocrx_word' id='word_1_56' title='bbox 1373 798 1639 854; x_wconf 88' lang='lat' dir='ltr'><strong>munitur.</strong></span> 
     </span>
    </p>
   </div>
   <div class='ocr_carea' id='block_1_10' title="bbox 522 886 2047 963">
    <p class='ocr_par' dir='ltr' id='par_1_10' title="bbox 522 886 2047 963">
     <span class='ocr_line' id='line_1_10' title="bbox 522 886 2047 963; baseline -0.006 -13"><span class='ocrx_word' id='word_1_57' title='bbox 522 894 624 963; x_wconf 86' lang='lat' dir='ltr'><strong>Qui</strong></span> <span class='ocrx_word' id='word_1_58' title='bbox 663 902 844 950; x_wconf 88' lang='lat' dir='ltr'><strong>autem</strong></span> <span class='ocrx_word' id='word_1_59' title='bbox 883 907 943 948; x_wconf 87' lang='lat' dir='ltr'><strong>se</strong></span> <span class='ocrx_word' id='word_1_60' title='bbox 981 899 1039 947; x_wconf 90' lang='lat' dir='ltr'><strong>et</strong></span> <span class='ocrx_word' id='word_1_61' title='bbox 1072 890 1206 946; x_wconf 86' lang='lat' dir='ltr'><strong>foris</strong></span> <span class='ocrx_word' id='word_1_62' title='bbox 1233 889 1438 962; x_wconf 73' lang='lat' dir='ltr'><strong>praebet</strong></span> <span class='ocrx_word' id='word_1_63' title='bbox 1471 888 1783 953; x_wconf 83' lang='lat' dir='ltr'><strong>amabilem,</strong></span> <span class='ocrx_word' id='word_1_64' title='bbox 1817 896 1872 943; x_wconf 94' lang='lat' dir='ltr'><strong>et</strong></span> <span class='ocrx_word' id='word_1_65' title='bbox 1903 886 2047 941; x_wconf 85' lang='lat' dir='ltr'><strong>intus</strong></span> 
     </span>
    </p>
   </div>
   <div class='ocr_carea' id='block_1_11' title="bbox 449 977 2047 1049">
    <p class='ocr_par' dir='ltr' id='par_1_11' title="bbox 449 977 2047 1049">
     <span class='ocr_line' id='line_1_11' title="bbox 449 977 2047 1049; baseline -0.006 -6"><span class='ocrx_word' id='word_1_66' title='bbox 449 994 743 1044; x_wconf 89' lang='lat' dir='ltr'><strong>conservat</strong></span> <span class='ocrx_word' id='word_1_67' title='bbox 777 994 1075 1049; x_wconf 82' lang='lat' dir='ltr'><strong>amantem,</strong></span> <span class='ocrx_word' id='word_1_68' title='bbox 1116 982 1247 1038; x_wconf 90' lang='lat' dir='ltr'><strong>foris</strong></span> <span class='ocrx_word' id='word_1_69' title='bbox 1279 996 1406 1038; x_wconf 91' lang='lat' dir='ltr'><strong>cum</strong></span> <span class='ocrx_word' id='word_1_70' title='bbox 1440 981 1607 1036; x_wconf 91' lang='lat' dir='ltr'><strong>ramis</strong></span> <span class='ocrx_word' id='word_1_71' title='bbox 1647 979 1798 1037; x_wconf 84' lang='lat' dir='ltr'><strong>verbi</strong></span> <span class='ocrx_word' id='word_1_72' title='bbox 1839 977 2047 1034; x_wconf 84' lang='lat' dir='ltr'><strong>fructus</strong></span> 
     </span>
    </p>
   </div>
   <div class='ocr_carea' id='block_1_12' title="bbox 450 1071 2044 1142">
    <p class='ocr_par' dir='ltr' id='par_1_12' title="bbox 450 1071 2044 1142">
     <span class='ocr_line' id='line_1_12' title="bbox 450 1071 2044 1142; baseline -0.006 -8"><span class='ocrx_word' id='word_1_73' title='bbox 450 1078 675 1134; x_wconf 77' lang='lat' dir='ltr'><strong>exhibet</strong></span> <span class='ocrx_word' id='word_1_74' title='bbox 723 1075 1007 1142; x_wconf 83' lang='lat' dir='ltr'><strong>beneﬁcii;</strong></span> <span class='ocrx_word' id='word_1_75' title='bbox 1064 1075 1209 1130; x_wconf 89' lang='lat' dir='ltr'><strong>intus</strong></span> <span class='ocrx_word' id='word_1_76' title='bbox 1256 1073 1365 1129; x_wconf 82' lang='lat' dir='ltr'><strong>alte</strong></span> <span class='ocrx_word' id='word_1_77' title='bbox 1417 1073 1656 1129; x_wconf 88' lang='lat' dir='ltr'><strong>radicem</strong></span> <span class='ocrx_word' id='word_1_78' title='bbox 1714 1072 1857 1142; x_wconf 85' lang='lat' dir='ltr'><strong>ﬁgit,</strong></span> <span class='ocrx_word' id='word_1_79' title='bbox 1914 1071 2044 1141; x_wconf 89' lang='lat' dir='ltr'><strong>quia</strong></span> 
     </span>
    </p>
   </div>
   <div class='ocr_carea' id='block_1_13' title="bbox 451 1164 2043 1238">
    <p class='ocr_par' dir='ltr' id='par_1_13' title="bbox 451 1164 2043 1238">
     <span class='ocr_line' id='line_1_13' title="bbox 451 1164 2043 1238; baseline -0.004 -16"><span class='ocrx_word' id='word_1_80' title='bbox 451 1168 761 1223; x_wconf 79' lang='lat' dir='ltr'><strong>medullitus</strong></span> <span class='ocrx_word' id='word_1_81' title='bbox 807 1166 1152 1238; x_wconf 70' lang='lat' dir='ltr'><strong>diligitzhic</strong></span> <span class='ocrx_word' id='word_1_82' title='bbox 1189 1164 1436 1236; x_wconf 89' lang='lat' dir='ltr'><strong>profecto</strong></span> <span class='ocrx_word' id='word_1_83' title='bbox 1487 1172 1544 1220; x_wconf 89' lang='lat' dir='ltr'><strong>et</strong></span> <span class='ocrx_word' id='word_1_84' title='bbox 1591 1164 1736 1217; x_wconf 91' lang='lat' dir='ltr'><strong>intus</strong></span> <span class='ocrx_word' id='word_1_85' title='bbox 1779 1171 1836 1217; x_wconf 92' lang='lat' dir='ltr'><strong>et</strong></span> <span class='ocrx_word' id='word_1_86' title='bbox 1885 1172 2043 1216; x_wconf 80' lang='lat' dir='ltr'><strong>extra</strong></span> 
     </span>
    </p>
   </div>
   <div class='ocr_carea' id='block_1_14' title="bbox 450 1252 2045 1325">
    <p class='ocr_par' dir='ltr' id='par_1_14' title="bbox 450 1252 2045 1325">
     <span class='ocr_line' id='line_1_14' title="bbox 450 1252 2045 1325; baseline -0.005 -12"><span class='ocrx_word' id='word_1_87' title='bbox 450 1257 719 1314; x_wconf 85' lang='lat' dir='ltr'><strong>bitumine</strong></span> <span class='ocrx_word' id='word_1_88' title='bbox 768 1256 958 1311; x_wconf 88' lang='lat' dir='ltr'><strong>linitur</strong></span> <span class='ocrx_word' id='word_1_89' title='bbox 995 1254 1150 1325; x_wconf 81' lang='lat' dir='ltr'><strong>(Gen.</strong></span> <span class='ocrx_word' id='word_1_90' title='bbox 1188 1255 1290 1325; x_wconf 82' lang='lat' dir='ltr'><strong>vi),</strong></span> <span class='ocrx_word' id='word_1_91' title='bbox 1338 1255 1466 1325; x_wconf 89' lang='lat' dir='ltr'><strong>quia</strong></span> <span class='ocrx_word' id='word_1_92' title='bbox 1510 1253 1712 1324; x_wconf 89' lang='lat' dir='ltr'><strong>duplici</strong></span> <span class='ocrx_word' id='word_1_93' title='bbox 1763 1252 2045 1307; x_wconf 86' lang='lat' dir='ltr'><strong>charitatis</strong></span> 
     </span>
    </p>
   </div>
   <div class='ocr_carea' id='block_1_15' title="bbox 450 1347 2043 1424">
    <p class='ocr_par' dir='ltr' id='par_1_15' title="bbox 450 1347 2043 1424">
     <span class='ocr_line' id='line_1_15' title="bbox 450 1347 2043 1424; baseline -0.002 -19"><span class='ocrx_word' id='word_1_94' title='bbox 450 1351 657 1424; x_wconf 85' lang='lat' dir='ltr'><strong>glutino</strong></span> <span class='ocrx_word' id='word_1_95' title='bbox 683 1366 807 1406; x_wconf 93' lang='lat' dir='ltr'><strong>cum</strong></span> <span class='ocrx_word' id='word_1_96' title='bbox 846 1349 1111 1422; x_wconf 79' lang='lat' dir='ltr'><strong>proximis</strong></span> <span class='ocrx_word' id='word_1_97' title='bbox 1136 1349 1458 1405; x_wconf 78' lang='lat' dir='ltr'><strong>fmderatnr.</strong></span> <span class='ocrx_word' id='word_1_98' title='bbox 1489 1349 1662 1406; x_wconf 86' lang='lat' dir='ltr'><strong>Porro</strong></span> <span class='ocrx_word' id='word_1_99' title='bbox 1698 1356 1879 1402; x_wconf 87' lang='lat' dir='ltr'><strong>autem</strong></span> <span class='ocrx_word' id='word_1_100' title='bbox 1915 1347 2043 1418; x_wconf 87' lang='lat' dir='ltr'><strong>quia</strong></span> 
     </span>
    </p>
   </div>
   <div class='ocr_carea' id='block_1_16' title="bbox 451 1438 2046 1516">
    <p class='ocr_par' dir='ltr' id='par_1_16' title="bbox 451 1438 2046 1516">
     <span class='ocr_line' id='line_1_16' title="bbox 451 1438 2046 1516; baseline -0.004 -18"><span class='ocrx_word' id='word_1_101' title='bbox 451 1444 521 1499; x_wconf 90' lang='lat' dir='ltr'><strong>de</strong></span> <span class='ocrx_word' id='word_1_102' title='bbox 548 1443 709 1516; x_wconf 78' lang='lat' dir='ltr'><strong>lignis</strong></span> <span class='ocrx_word' id='word_1_103' title='bbox 740 1442 985 1512; x_wconf 81' lang='lat' dir='ltr'><strong>levigatis</strong></span> <span class='ocrx_word' id='word_1_104' title='bbox 1011 1442 1163 1511; x_wconf 89' lang='lat' dir='ltr'><strong>prius</strong></span> <span class='ocrx_word' id='word_1_105' title='bbox 1196 1441 1313 1496; x_wconf 89' lang='lat' dir='ltr'><strong>ﬁeri</strong></span> <span class='ocrx_word' id='word_1_106' title='bbox 1353 1455 1479 1495; x_wconf 87' lang='lat' dir='ltr'><strong>arca</strong></span> <span class='ocrx_word' id='word_1_107' title='bbox 1506 1438 1850 1510; x_wconf 83' lang='lat' dir='ltr'><strong>praecipitur,</strong></span> <span class='ocrx_word' id='word_1_108' title='bbox 1887 1447 1943 1492; x_wconf 91' lang='lat' dir='ltr'><strong>et</strong></span> <span class='ocrx_word' id='word_1_109' title='bbox 1966 1438 2046 1493; x_wconf 91' lang='lat' dir='ltr'><strong>sic</strong></span> 
     </span>
    </p>
   </div>
   <div class='ocr_carea' id='block_1_17' title="bbox 452 1533 2043 1608">
    <p class='ocr_par' dir='ltr' id='par_1_17' title="bbox 452 1533 2043 1608">
     <span class='ocr_line' id='line_1_17' title="bbox 452 1533 2043 1608; baseline -0.002 -18"><span class='ocrx_word' id='word_1_110' title='bbox 452 1536 708 1608; x_wconf 79' lang='lat' dir='ltr'><strong>deinceps</strong></span> <span class='ocrx_word' id='word_1_111' title='bbox 733 1544 793 1590; x_wconf 87' lang='lat' dir='ltr'><strong>ut</strong></span> <span class='ocrx_word' id='word_1_112' title='bbox 830 1536 1094 1591; x_wconf 88' lang='lat' dir='ltr'><strong>bitumine</strong></span> <span class='ocrx_word' id='word_1_113' title='bbox 1130 1534 1381 1601; x_wconf 90' lang='lat' dir='ltr'><strong>liniatur;</strong></span> <span class='ocrx_word' id='word_1_114' title='bbox 1413 1534 1648 1604; x_wconf 88' lang='lat' dir='ltr'><strong>qualiter</strong></span> <span class='ocrx_word' id='word_1_115' title='bbox 1680 1533 1821 1603; x_wconf 86' lang='lat' dir='ltr'><strong>ligna</strong></span> <span class='ocrx_word' id='word_1_116' title='bbox 1864 1543 2043 1589; x_wconf 88' lang='lat' dir='ltr'><strong>vestra</strong></span> 
     </span>
    </p>
   </div>
   <div class='ocr_carea' id='block_1_18' title="bbox 449 1626 2044 1699">
    <p class='ocr_par' dir='ltr' id='par_1_18' title="bbox 449 1626 2044 1699">
     <span class='ocr_line' id='line_1_18' title="bbox 449 1626 2044 1699; baseline -0.001 -17"><span class='ocrx_word' id='word_1_117' title='bbox 449 1628 674 1699; x_wconf 84' lang='lat' dir='ltr'><strong>levigari</strong></span> <span class='ocrx_word' id='word_1_118' title='bbox 709 1628 966 1694; x_wconf 83' lang='lat' dir='ltr'><strong>debeant,</strong></span> <span class='ocrx_word' id='word_1_119' title='bbox 1008 1636 1065 1684; x_wconf 91' lang='lat' dir='ltr'><strong>et</strong></span> <span class='ocrx_word' id='word_1_120' title='bbox 1106 1628 1330 1683; x_wconf 87' lang='lat' dir='ltr'><strong>dolabro</strong></span> <span class='ocrx_word' id='word_1_121' title='bbox 1375 1627 1709 1698; x_wconf 78' lang='lat' dir='ltr'><strong>poenitentia:</strong></span> <span class='ocrx_word' id='word_1_122' title='bbox 1756 1641 1821 1682; x_wconf 90' lang='lat' dir='ltr'><strong>ac</strong></span> <span class='ocrx_word' id='word_1_123' title='bbox 1883 1626 2044 1681; x_wconf 87' lang='lat' dir='ltr'><strong>disci-</strong></span> 
     </span>
    </p>
   </div>
   <div class='ocr_carea' id='block_1_19' title="bbox 2149 426 3742 499">
    <p class='ocr_par' dir='ltr' id='par_1_19' title="bbox 2149 426 3742 499">
     <span class='ocr_line' id='line_1_19' title="bbox 2149 426 3742 499; baseline 0.001 -18"><span class='ocrx_word' id='word_1_124' title='bbox 2149 440 2433 496; x_wconf 87' lang='lat' dir='ltr'><strong>quousque</strong></span> <span class='ocrx_word' id='word_1_125' title='bbox 2456 442 2623 481; x_wconf 91' lang='lat' dir='ltr'><strong>unum</strong></span> <span class='ocrx_word' id='word_1_126' title='bbox 2649 426 2952 497; x_wconf 88' lang='lat' dir='ltr'><strong>sequendo,</strong></span> <span class='ocrx_word' id='word_1_127' title='bbox 2983 426 3286 484; x_wconf 86' lang='lat' dir='ltr'><strong>litterarum</strong></span> <span class='ocrx_word' id='word_1_128' title='bbox 3342 428 3600 499; x_wconf 88' lang='lat' dir='ltr'><strong>utrinque</strong></span> <span class='ocrx_word' id='word_1_129' title='bbox 3646 446 3742 483; x_wconf 84' lang='lat' dir='ltr'><strong>or—</strong></span> 
     </span>
    </p>
   </div>
   <div class='ocr_carea' id='block_1_20' title="bbox 2147 515 3734 583">
    <p class='ocr_par' dir='ltr' id='par_1_20' title="bbox 2147 515 3734 583">
     <span class='ocr_line' id='line_1_20' title="bbox 2147 515 3734 583; baseline 0.004 -14"><span class='ocrx_word' id='word_1_130' title='bbox 2147 517 2330 571; x_wconf 85' lang='lat' dir='ltr'><strong>dinem</strong></span> <span class='ocrx_word' id='word_1_131' title='bbox 2362 531 2466 571; x_wconf 91' lang='lat' dir='ltr'><strong>nou</strong></span> <span class='ocrx_word' id='word_1_132' title='bbox 2505 515 2862 571; x_wconf 87' lang='lat' dir='ltr'><strong>confundant.</strong></span> <span class='ocrx_word' id='word_1_133' title='bbox 2889 517 3059 572; x_wconf 72' lang='lat' dir='ltr'><strong>[lonia</strong></span> <span class='ocrx_word' id='word_1_134' title='bbox 3106 534 3234 572; x_wconf 85' lang='lat' dir='ltr'><strong>mox</strong></span> <span class='ocrx_word' id='word_1_135' title='bbox 3282 528 3342 573; x_wconf 91' lang='lat' dir='ltr'><strong>ut</strong></span> <span class='ocrx_word' id='word_1_136' title='bbox 3364 520 3584 575; x_wconf 86' lang='lat' dir='ltr'><strong>condita</strong></span> <span class='ocrx_word' id='word_1_137' title='bbox 3624 529 3734 583; x_wconf 83' lang='lat' dir='ltr'><strong>est,</strong></span> 
     </span>
    </p>
   </div>
   <div class='ocr_carea' id='block_1_21' title="bbox 2148 609 3735 684">
    <p class='ocr_par' dir='ltr' id='par_1_21' title="bbox 2148 609 3735 684">
     <span class='ocr_line' id='line_1_21' title="bbox 2148 609 3735 684; baseline 0.003 -19"><span class='ocrx_word' id='word_1_138' title='bbox 2148 610 2283 665; x_wconf 87' lang='lat' dir='ltr'><strong>duos</strong></span> <span class='ocrx_word' id='word_1_139' title='bbox 2311 610 2474 664; x_wconf 89' lang='lat' dir='ltr'><strong>etiam</strong></span> <span class='ocrx_word' id='word_1_140' title='bbox 2507 609 2703 665; x_wconf 81' lang='lat' dir='ltr'><strong>fratres</strong></span> <span class='ocrx_word' id='word_1_141' title='bbox 2741 610 2902 665; x_wconf 86' lang='lat' dir='ltr'><strong>simul</strong></span> <span class='ocrx_word' id='word_1_142' title='bbox 2927 625 3080 683; x_wconf 86' lang='lat' dir='ltr'><strong>reges</strong></span> <span class='ocrx_word' id='word_1_143' title='bbox 3130 611 3333 667; x_wconf 91' lang='lat' dir='ltr'><strong>habere</strong></span> <span class='ocrx_word' id='word_1_144' title='bbox 3375 629 3484 668; x_wconf 88' lang='lat' dir='ltr'><strong>non</strong></span> <span class='ocrx_word' id='word_1_145' title='bbox 3523 615 3735 684; x_wconf 88' lang='lat' dir='ltr'><strong>potuit:</strong></span> 
     </span>
    </p>
   </div>
   <div class='ocr_carea' id='block_1_22' title="bbox 2149 701 3739 775">
    <p class='ocr_par' dir='ltr' id='par_1_22' title="bbox 2149 701 3739 775">
     <span class='ocr_line' id='line_1_22' title="bbox 2149 701 3739 775; baseline 0.004 -19"><span class='ocrx_word' id='word_1_146' title='bbox 2149 701 2378 773; x_wconf 86' lang='lat' dir='ltr'><strong>ideoque</strong></span> <span class='ocrx_word' id='word_1_147' title='bbox 2396 703 2571 772; x_wconf 88' lang='lat' dir='ltr'><strong>prima</strong></span> <span class='ocrx_word' id='word_1_148' title='bbox 2594 702 2864 773; x_wconf 85' lang='lat' dir='ltr'><strong>surgentis</strong></span> <span class='ocrx_word' id='word_1_149' title='bbox 2882 711 3170 759; x_wconf 71' lang='lat' dir='ltr'><strong>strueturre</strong></span> <span class='ocrx_word' id='word_1_150' title='bbox 3192 703 3391 758; x_wconf 69' lang='lat' dir='ltr'><strong>minoia</strong></span> <span class='ocrx_word' id='word_1_151' title='bbox 3438 704 3739 775; x_wconf 81' lang='lat' dir='ltr'><strong>parricidio</strong></span> 
     </span>
    </p>
   </div>
   <div class='ocr_carea' id='block_1_23' title="bbox 2149 792 3735 865">
    <p class='ocr_par' dir='ltr' id='par_1_23' title="bbox 2149 792 3735 865">
     <span class='ocr_line' id='line_1_23' title="bbox 2149 792 3735 865; baseline 0.003 -17"><span class='ocrx_word' id='word_1_152' title='bbox 2149 794 2436 848; x_wconf 86' lang='lat' dir='ltr'><strong>dedicavit.</strong></span> <span class='ocrx_word' id='word_1_153' title='bbox 2460 793 2517 849; x_wconf 90' lang='lat' dir='ltr'><strong>In</strong></span> <span class='ocrx_word' id='word_1_154' title='bbox 2555 792 2814 850; x_wconf 77' lang='lat' dir='ltr'><strong>Rebeccae</strong></span> <span class='ocrx_word' id='word_1_155' title='bbox 2859 794 3237 865; x_wconf 88' lang='lat' dir='ltr'><strong>concupientis</strong></span> <span class='ocrx_word' id='word_1_156' title='bbox 3282 803 3438 852; x_wconf 84' lang='lat' dir='ltr'><strong>utero</strong></span> <span class='ocrx_word' id='word_1_157' title='bbox 3463 795 3635 853; x_wconf 65' lang='lat' dir='ltr'><strong>Iacob</strong></span> <span class='ocrx_word' id='word_1_158' title='bbox 3678 806 3735 853; x_wconf 90' lang='lat' dir='ltr'><strong>et</strong></span> 
     </span>
    </p>
   </div>
   <div class='ocr_carea' id='block_1_24' title="bbox 2149 882 3739 956">
    <p class='ocr_par' dir='ltr' id='par_1_24' title="bbox 2149 882 3739 956">
     <span class='ocr_line' id='line_1_24' title="bbox 2149 882 3739 956; baseline 0.006 -18"><span class='ocrx_word' id='word_1_159' title='bbox 2149 882 2310 950; x_wconf 78' lang='lat' dir='ltr'><strong>Esau,</strong></span> <span class='ocrx_word' id='word_1_160' title='bbox 2341 900 2465 940; x_wconf 92' lang='lat' dir='ltr'><strong>cum</strong></span> <span class='ocrx_word' id='word_1_161' title='bbox 2512 885 2743 940; x_wconf 87' lang='lat' dir='ltr'><strong>necdum</strong></span> <span class='ocrx_word' id='word_1_162' title='bbox 2786 895 2986 956; x_wconf 58' lang='lat' dir='ltr'><strong>praeter</strong></span> <span class='ocrx_word' id='word_1_163' title='bbox 3026 895 3273 943; x_wconf 88' lang='lat' dir='ltr'><strong>materna</strong></span> <span class='ocrx_word' id='word_1_164' title='bbox 3315 887 3525 943; x_wconf 82' lang='lat' dir='ltr'><strong>viscera</strong></span> <span class='ocrx_word' id='word_1_165' title='bbox 3555 897 3739 947; x_wconf 72' lang='lat' dir='ltr'><strong>vestes</strong></span> 
     </span>
    </p>
   </div>
   <div class='ocr_carea' id='block_1_25' title="bbox 2150 974 3733 1050">
    <p class='ocr_par' dir='ltr' id='par_1_25' title="bbox 2150 974 3733 1050">
     <span class='ocr_line' id='line_1_25' title="bbox 2150 974 3733 1050; baseline 0.004 -21"><span class='ocrx_word' id='word_1_166' title='bbox 2150 975 2398 1040; x_wconf 89' lang='lat' dir='ltr'><strong>induunt,</strong></span> <span class='ocrx_word' id='word_1_167' title='bbox 2425 975 2539 1046; x_wconf 86' lang='lat' dir='ltr'><strong>jam</strong></span> <span class='ocrx_word' id='word_1_168' title='bbox 2581 974 2729 1032; x_wconf 86' lang='lat' dir='ltr'><strong>velut</strong></span> <span class='ocrx_word' id='word_1_169' title='bbox 2768 975 2981 1031; x_wconf 88' lang='lat' dir='ltr'><strong>loricati</strong></span> <span class='ocrx_word' id='word_1_170' title='bbox 3010 976 3151 1033; x_wconf 83' lang='lat' dir='ltr'><strong>bella</strong></span> <span class='ocrx_word' id='word_1_171' title='bbox 3180 978 3529 1033; x_wconf 89' lang='lat' dir='ltr'><strong>committunt</strong></span> <span class='ocrx_word' id='word_1_172' title='bbox 3563 977 3733 1050; x_wconf 68' lang='lat' dir='ltr'><strong>(Gen.</strong></span> 
     </span>
    </p>
   </div>
   <div class='ocr_carea' id='block_1_26' title="bbox 2148 1065 2312 1134">
    <p class='ocr_par' dir='ltr' id='par_1_26' title="bbox 2148 1065 2312 1134">
     <span class='ocr_line' id='line_1_26' title="bbox 2148 1065 2312 1134; baseline 0.006 -15"><span class='ocrx_word' id='word_1_173' title='bbox 2148 1065 2312 1134; x_wconf 76' lang='lat' dir='ltr'><strong>xxv).</strong></span> 
     </span>
    </p>
   </div>
   <div class='ocr_carea' id='block_1_27' title="bbox 2218 1155 3733 1237">
    <p class='ocr_par' dir='ltr' id='par_1_27' title="bbox 2218 1155 3733 1237">
     <span class='ocr_line' id='line_1_27' title="bbox 2218 1155 3733 1237; baseline 0.008 -26"><span class='ocrx_word' id='word_1_174' title='bbox 2218 1155 2419 1213; x_wconf 82' lang='lat' dir='ltr'><strong>Rector</strong></span> <span class='ocrx_word' id='word_1_175' title='bbox 2454 1161 2637 1230; x_wconf 88' lang='lat' dir='ltr'><strong>itaque</strong></span> <span class='ocrx_word' id='word_1_176' title='bbox 2665 1157 2862 1216; x_wconf 83' lang='lat' dir='ltr'><strong>fratres</strong></span> <span class='ocrx_word' id='word_1_177' title='bbox 2891 1168 3147 1233; x_wconf 86' lang='lat' dir='ltr'><strong>tanquam</strong></span> <span class='ocrx_word' id='word_1_178' title='bbox 3182 1162 3323 1221; x_wconf 87' lang='lat' dir='ltr'><strong>ﬁlios</strong></span> <span class='ocrx_word' id='word_1_179' title='bbox 3350 1165 3733 1237; x_wconf 83' lang='lat' dir='ltr'><strong>amplectatur,</strong></span> 
     </span>
    </p>
   </div>
   <div class='ocr_carea' id='block_1_28' title="bbox 2147 1249 3739 1323">
    <p class='ocr_par' dir='ltr' id='par_1_28' title="bbox 2147 1249 3739 1323">
     <span class='ocr_line' id='line_1_28' title="bbox 2147 1249 3739 1323; baseline 0.008 -22"><span class='ocrx_word' id='word_1_180' title='bbox 2147 1254 2201 1301; x_wconf 90' lang='lat' dir='ltr'><strong>et</strong></span> <span class='ocrx_word' id='word_1_181' title='bbox 2240 1249 2448 1315; x_wconf 89' lang='lat' dir='ltr'><strong>foveat;</strong></span> <span class='ocrx_word' id='word_1_182' title='bbox 2493 1258 2552 1304; x_wconf 93' lang='lat' dir='ltr'><strong>ut</strong></span> <span class='ocrx_word' id='word_1_183' title='bbox 2593 1258 2649 1305; x_wconf 91' lang='lat' dir='ltr'><strong>et</strong></span> <span class='ocrx_word' id='word_1_184' title='bbox 2692 1250 2795 1321; x_wconf 90' lang='lat' dir='ltr'><strong>ipsi</strong></span> <span class='ocrx_word' id='word_1_185' title='bbox 2833 1261 3088 1323; x_wconf 89' lang='lat' dir='ltr'><strong>tanquam</strong></span> <span class='ocrx_word' id='word_1_186' title='bbox 3126 1255 3267 1323; x_wconf 88' lang='lat' dir='ltr'><strong>patri</strong></span> <span class='ocrx_word' id='word_1_187' title='bbox 3303 1271 3333 1310; x_wconf 92' lang='lat' dir='ltr'><strong>a</strong></span> <span class='ocrx_word' id='word_1_188' title='bbox 3372 1256 3498 1312; x_wconf 87' lang='lat' dir='ltr'><strong>ﬁliis</strong></span> <span class='ocrx_word' id='word_1_189' title='bbox 3522 1256 3739 1314; x_wconf 65' lang='lat' dir='ltr'><strong>deferao</strong></span> 
     </span>
    </p>
   </div>
   <div class='ocr_carea' id='block_1_29' title="bbox 2149 1338 3734 1421">
    <p class='ocr_par' dir='ltr' id='par_1_29' title="bbox 2149 1338 3734 1421">
     <span class='ocr_line' id='line_1_29' title="bbox 2149 1338 3734 1421; baseline 0.007 -28"><span class='ocrx_word' id='word_1_190' title='bbox 2149 1346 2258 1393; x_wconf 92' lang='lat' dir='ltr'><strong>tur.</strong></span> <span class='ocrx_word' id='word_1_191' title='bbox 2293 1338 2500 1395; x_wconf 90' lang='lat' dir='ltr'><strong>Scitum</strong></span> <span class='ocrx_word' id='word_1_192' title='bbox 2537 1341 2737 1412; x_wconf 86' lang='lat' dir='ltr'><strong>quippe</strong></span> <span class='ocrx_word' id='word_1_193' title='bbox 2766 1351 2864 1397; x_wconf 85' lang='lat' dir='ltr'><strong>est</strong></span> <span class='ocrx_word' id='word_1_194' title='bbox 2897 1343 3028 1398; x_wconf 90' lang='lat' dir='ltr'><strong>illud</strong></span> <span class='ocrx_word' id='word_1_195' title='bbox 3064 1347 3301 1401; x_wconf 88' lang='lat' dir='ltr'><strong>oratoris</strong></span> <span class='ocrx_word' id='word_1_196' title='bbox 3346 1347 3566 1404; x_wconf 88' lang='lat' dir='ltr'><strong>Domitii</strong></span> <span class='ocrx_word' id='word_1_197' title='bbox 3592 1349 3734 1421; x_wconf 80' lang='lat' dir='ltr'><strong>(Cic.</strong></span> 
     </span>
    </p>
   </div>
   <div class='ocr_carea' id='block_1_30' title="bbox 2146 1429 3735 1510">
    <p class='ocr_par' dir='ltr' id='par_1_30' title="bbox 2146 1429 3735 1510">
     <span class='ocr_line' id='line_1_30' title="bbox 2146 1429 3735 1510; baseline 0.008 -29"><span class='ocrx_word' id='word_1_198' title='bbox 2146 1429 2242 1485; x_wconf 79' lang='lat' dir='ltr'><strong>lib‘.</strong></span> <span class='ocrx_word' id='word_1_199' title='bbox 2270 1447 2310 1485; x_wconf 94' lang='grc' dir='ltr'><strong>ιι</strong></span> <span class='ocrx_word' id='word_1_200' title='bbox 2344 1430 2419 1485; x_wconf 88' lang='lat' dir='ltr'><strong>De</strong></span> <span class='ocrx_word' id='word_1_201' title='bbox 2448 1442 2610 1499; x_wconf 81' lang='lat' dir='ltr'><strong>orat.,</strong></span> <span class='ocrx_word' id='word_1_202' title='bbox 2642 1432 2695 1488; x_wconf 91' lang='lat' dir='ltr'><strong>in</strong></span> <span class='ocrx_word' id='word_1_203' title='bbox 2727 1433 2982 1506; x_wconf 70' lang='lat' dir='ltr'><strong>premnt.)</strong></span> <span class='ocrx_word' id='word_1_204' title='bbox 3011 1452 3023 1488; x_wconf 88' lang='lat'>:</span> <span class='ocrx_word' id='word_1_205' title='bbox 3063 1455 3083 1488; x_wconf 83' lang='lat'><strong>(</strong></span> <span class='ocrx_word' id='word_1_206' title='bbox 3111 1436 3221 1491; x_wconf 88' lang='lat' dir='ltr'><strong>Cur</strong></span> <span class='ocrx_word' id='word_1_207' title='bbox 3260 1452 3390 1509; x_wconf 90' lang='lat' dir='ltr'><strong>ergo</strong></span> <span class='ocrx_word' id='word_1_208' title='bbox 3429 1448 3510 1505; x_wconf 85' lang='lat' dir='ltr'><strong>te,</strong></span> <span class='ocrx_word' id='word_1_209' title='bbox 3539 1440 3735 1510; x_wconf 89' lang='lat' dir='ltr'><strong>inquit,</strong></span> 
     </span>
    </p>
   </div>
   <div class='ocr_carea' id='block_1_31' title="bbox 2148 1521 3738 1596">
    <p class='ocr_par' dir='ltr' id='par_1_31' title="bbox 2148 1521 3738 1596">
     <span class='ocr_line' id='line_1_31' title="bbox 2148 1521 3738 1596; baseline 0.008 -21"><span class='ocrx_word' id='word_1_210' title='bbox 2148 1521 2376 1578; x_wconf 82' lang='lat' dir='ltr'><strong>habeam</strong></span> <span class='ocrx_word' id='word_1_211' title='bbox 2405 1524 2581 1595; x_wconf 76' lang='lat'><strong>319</strong></span> <span class='ocrx_word' id='word_1_212' title='bbox 2598 1534 2657 1580; x_wconf 87' lang='lat' dir='ltr'><strong>ut</strong></span> <span class='ocrx_word' id='word_1_213' title='bbox 2682 1526 3013 1596; x_wconf 87' lang='lat' dir='ltr'><strong>principem,</strong></span> <span class='ocrx_word' id='word_1_214' title='bbox 3038 1543 3163 1583; x_wconf 91' lang='lat' dir='ltr'><strong>cum</strong></span> <span class='ocrx_word' id='word_1_215' title='bbox 3195 1537 3251 1583; x_wconf 90' lang='lat' dir='ltr'><strong>tu</strong></span> <span class='ocrx_word' id='word_1_216' title='bbox 3281 1545 3369 1585; x_wconf 90' lang='lat' dir='ltr'><strong>me</strong></span> <span class='ocrx_word' id='word_1_217' title='bbox 3397 1546 3504 1586; x_wconf 92' lang='lat' dir='ltr'><strong>non</strong></span> <span class='ocrx_word' id='word_1_218' title='bbox 3533 1531 3738 1588; x_wconf 80' lang='lat' dir='ltr'><strong>habeas</strong></span> 
     </span>
    </p>
   </div>
   <div class='ocr_carea' id='block_1_32' title="bbox 2147 1613 3741 1690">
    <p class='ocr_par' dir='ltr' id='par_1_32' title="bbox 2147 1613 3741 1690">
     <span class='ocr_line' id='line_1_32' title="bbox 2147 1613 3741 1690; baseline 0.004 -23"><span class='ocrx_word' id='word_1_219' title='bbox 2147 1613 2202 1667; x_wconf 91' lang='lat' dir='ltr'><strong>iu</strong></span> <span class='ocrx_word' id='word_1_220' title='bbox 2270 1618 2622 1670; x_wconf 83' lang='lat' dir='ltr'><strong>senatorem?</strong></span> <span class='ocrx_word' id='word_1_221' title='bbox 2676 1636 2693 1669; x_wconf 77' lang='grc' dir='ltr'><strong>ι</strong></span> <span class='ocrx_word' id='word_1_222' title='bbox 2754 1616 2874 1673; x_wconf 86' lang='grc' dir='ltr'>Νοιι</span> <span class='ocrx_word' id='word_1_223' title='bbox 2935 1627 2995 1673; x_wconf 86' lang='grc' dir='ltr'><strong>ιιι</strong></span> <span class='ocrx_word' id='word_1_224' title='bbox 3045 1619 3162 1675; x_wconf 75' lang='lat' dir='ltr'><strong>haec</strong></span> <span class='ocrx_word' id='word_1_225' title='bbox 3208 1619 3578 1690; x_wconf 87' lang='lat' dir='ltr'><strong>spiritualihus</strong></span> <span class='ocrx_word' id='word_1_226' title='bbox 3629 1621 3741 1676; x_wconf 85' lang='lat' dir='ltr'><strong>sint</strong></span> 
     </span>
    </p>
   </div>
   <div class='ocr_carea' id='block_1_33' title="bbox 449 1708 2049 1796">
    <p class='ocr_par' dir='ltr' id='par_1_33' title="bbox 449 1721 2045 1796">
     <span class='ocr_line' id='line_1_33' title="bbox 449 1721 2045 1796; baseline -0.001 -18"><span class='ocrx_word' id='word_1_227' title='bbox 449 1724 612 1795; x_wconf 76' lang='lat' dir='ltr'><strong>plinze</strong></span> <span class='ocrx_word' id='word_1_228' title='bbox 638 1724 793 1796; x_wconf 90' lang='lat' dir='ltr'><strong>poliri</strong></span> <span class='ocrx_word' id='word_1_229' title='bbox 830 1735 1104 1794; x_wconf 86' lang='lat' dir='ltr'><strong>utcunque</strong></span> <span class='ocrx_word' id='word_1_230' title='bbox 1147 1739 1307 1794; x_wconf 88' lang='lat' dir='ltr'><strong>supra</strong></span> <span class='ocrx_word' id='word_1_231' title='bbox 1354 1721 1741 1794; x_wconf 87' lang='lat' dir='ltr'><strong>descripsimus</strong></span> <span class='ocrx_word' id='word_1_232' title='bbox 1770 1739 1784 1776; x_wconf 88' lang='lat'><strong>:</strong></span> <span class='ocrx_word' id='word_1_233' title='bbox 1820 1738 1963 1777; x_wconf 91' lang='lat' dir='ltr'><strong>nunc</strong></span> <span class='ocrx_word' id='word_1_234' title='bbox 1986 1728 2045 1776; x_wconf 90' lang='lat' dir='ltr'><strong>ut</strong></span> 
     </span>
    </p>
   </div>
   <div class='ocr_carea' id='block_1_34' title="bbox 2149 1708 3739 1796">
    <p class='ocr_par' dir='ltr' id='par_1_34' title="bbox 2149 1708 3739 1781">
     <span class='ocr_line' id='line_1_34' title="bbox 2149 1708 3739 1781; baseline 0.004 -20"><span class='ocrx_word' id='word_1_235' title='bbox 2149 1708 2384 1763; x_wconf 80' lang='lat' dir='ltr'><strong>taxanda</strong></span> <span class='ocrx_word' id='word_1_236' title='bbox 2435 1709 2736 1781; x_wconf 87' lang='lat' dir='ltr'><strong>discipulis,</strong></span> <span class='ocrx_word' id='word_1_237' title='bbox 2787 1711 2881 1767; x_wconf 91' lang='lat' dir='ltr'><strong>sed</strong></span> <span class='ocrx_word' id='word_1_238' title='bbox 2929 1719 2989 1766; x_wconf 89' lang='lat' dir='ltr'><strong>ut</strong></span> <span class='ocrx_word' id='word_1_239' title='bbox 3032 1713 3479 1768; x_wconf 88' lang='lat' dir='ltr'><strong>murmurationis</strong></span> <span class='ocrx_word' id='word_1_240' title='bbox 3520 1715 3739 1769; x_wconf 73' lang='lat' dir='ltr'><strong>occasio</strong></span> 
     </span>
    </p>
   </div>
   <div class='ocr_carea' id='block_1_35' title="bbox 452 1814 2046 1887">
    <p class='ocr_par' dir='ltr' id='par_1_35' title="bbox 452 1814 2046 1887">
     <span class='ocr_line' id='line_1_35' title="bbox 452 1814 2046 1887; baseline -0.001 -17"><span class='ocrx_word' id='word_1_241' title='bbox 452 1825 748 1887; x_wconf 84' lang='lat' dir='ltr'><strong>compactae</strong></span> <span class='ocrx_word' id='word_1_242' title='bbox 777 1816 996 1872; x_wconf 65' lang='lat' dir='ltr'><strong>fabricae</strong></span> <span class='ocrx_word' id='word_1_243' title='bbox 1025 1816 1267 1872; x_wconf 90' lang='lat' dir='ltr'><strong>bitumen</strong></span> <span class='ocrx_word' id='word_1_244' title='bbox 1291 1816 1533 1880; x_wconf 89' lang='lat' dir='ltr'><strong>accedat,</strong></span> <span class='ocrx_word' id='word_1_245' title='bbox 1550 1816 1801 1884; x_wconf 78' lang='lat' dir='ltr'><strong>exigente</strong></span> <span class='ocrx_word' id='word_1_246' title='bbox 1821 1814 2046 1870; x_wconf 86' lang='lat' dir='ltr'><strong>rationis</strong></span> 
     </span>
    </p>
   </div>
   <div class='ocr_carea' id='block_1_36' title="bbox 449 1907 2047 1978">
    <p class='ocr_par' dir='ltr' id='par_1_36' title="bbox 449 1907 2047 1978">
     <span class='ocr_line' id='line_1_36' title="bbox 449 1907 2047 1978; baseline 0 -17"><span class='ocrx_word' id='word_1_247' title='bbox 449 1909 845 1978; x_wconf 82' lang='lat' dir='ltr'><strong>consequentia</strong></span> <span class='ocrx_word' id='word_1_248' title='bbox 893 1909 1209 1965; x_wconf 85' lang='lat' dir='ltr'><strong>suademus.</strong></span> <span class='ocrx_word' id='word_1_249' title='bbox 1252 1908 1543 1963; x_wconf 81' lang='lat' dir='ltr'><strong>Enimvero</strong></span> <span class='ocrx_word' id='word_1_250' title='bbox 1586 1907 1822 1976; x_wconf 89' lang='lat' dir='ltr'><strong>quandiu</strong></span> <span class='ocrx_word' id='word_1_251' title='bbox 1867 1920 2047 1962; x_wconf 84' lang='lat' dir='ltr'><strong>mores</strong></span> 
     </span>
    </p>
   </div>
   <div class='ocr_carea' id='block_1_37' title="bbox 449 1999 2048 2070">
    <p class='ocr_par' dir='ltr' id='par_1_37' title="bbox 449 1999 2048 2070">
     <span class='ocr_line' id='line_1_37' title="bbox 449 1999 2048 2070; baseline 0.002 -17"><span class='ocrx_word' id='word_1_252' title='bbox 449 1999 732 2055; x_wconf 87' lang='lat' dir='ltr'><strong>hominum</strong></span> <span class='ocrx_word' id='word_1_253' title='bbox 749 1999 926 2070; x_wconf 89' lang='lat' dir='ltr'><strong>asperi</strong></span> <span class='ocrx_word' id='word_1_254' title='bbox 955 2010 1082 2055; x_wconf 91' lang='lat' dir='ltr'><strong>sunt</strong></span> <span class='ocrx_word' id='word_1_255' title='bbox 1106 2009 1159 2056; x_wconf 89' lang='lat' dir='ltr'><strong>et</strong></span> <span class='ocrx_word' id='word_1_256' title='bbox 1184 2000 1393 2067; x_wconf 89' lang='lat' dir='ltr'><strong>inculti,</strong></span> <span class='ocrx_word' id='word_1_257' title='bbox 1426 2000 1751 2056; x_wconf 89' lang='lat' dir='ltr'><strong>inauitereis</strong></span> <span class='ocrx_word' id='word_1_258' title='bbox 1766 2000 2048 2056; x_wconf 87' lang='lat' dir='ltr'><strong>charitatis</strong></span> 
     </span>
    </p>
   </div>
   <div class='ocr_carea' id='block_1_38' title="bbox 449 2090 2042 2161">
    <p class='ocr_par' dir='ltr' id='par_1_38' title="bbox 449 2090 2042 2161">
     <span class='ocr_line' id='line_1_38' title="bbox 449 2090 2042 2161; baseline 0.001 -18"><span class='ocrx_word' id='word_1_259' title='bbox 449 2090 631 2161; x_wconf 78' lang='lat' dir='ltr'><strong>gluten</strong></span> <span class='ocrx_word' id='word_1_260' title='bbox 657 2090 970 2161; x_wconf 91' lang='lat' dir='ltr'><strong>apponitur,</strong></span> <span class='ocrx_word' id='word_1_261' title='bbox 991 2092 1247 2160; x_wconf 87' lang='lat' dir='ltr'><strong>quoniam</strong></span> <span class='ocrx_word' id='word_1_262' title='bbox 1271 2092 1339 2145; x_wconf 84' lang='lat' dir='ltr'><strong>ab</strong></span> <span class='ocrx_word' id='word_1_263' title='bbox 1367 2090 1596 2146; x_wconf 89' lang='lat' dir='ltr'><strong>invicem</strong></span> <span class='ocrx_word' id='word_1_264' title='bbox 1620 2092 1731 2147; x_wconf 92' lang='lat' dir='ltr'><strong>cito</strong></span> <span class='ocrx_word' id='word_1_265' title='bbox 1752 2091 2042 2156; x_wconf 86' lang='lat' dir='ltr'><strong>dissiliunt,</strong></span> 
     </span>
    </p>
   </div>
   <div class='ocr_carea' id='block_1_39' title="bbox 449 2178 2047 2252">
    <p class='ocr_par' dir='ltr' id='par_1_39' title="bbox 449 2178 2047 2252">
     <span class='ocr_line' id='line_1_39' title="bbox 449 2178 2047 2252; baseline 0 -17"><span class='ocrx_word' id='word_1_266' title='bbox 449 2180 578 2235; x_wconf 84' lang='lat' dir='ltr'><strong>dum</strong></span> <span class='ocrx_word' id='word_1_267' title='bbox 618 2178 673 2235; x_wconf 90' lang='lat' dir='ltr'><strong>in</strong></span> <span class='ocrx_word' id='word_1_268' title='bbox 712 2181 795 2236; x_wconf 89' lang='lat' dir='ltr'><strong>eis</strong></span> <span class='ocrx_word' id='word_1_269' title='bbox 825 2179 1005 2252; x_wconf 69' lang='lat' dir='ltr'><strong>polita:</strong></span> <span class='ocrx_word' id='word_1_270' title='bbox 1035 2180 1360 2236; x_wconf 88' lang='lat' dir='ltr'><strong>moralitatis</strong></span> <span class='ocrx_word' id='word_1_271' title='bbox 1405 2190 1619 2250; x_wconf 84' lang='lat' dir='ltr'><strong>aequata</strong></span> <span class='ocrx_word' id='word_1_272' title='bbox 1653 2181 2047 2238; x_wconf 75' lang='lat' dir='ltr'><strong>confcedcratio</strong></span> 
     </span>
    </p>
   </div>
   <div class='ocr_carea' id='block_1_40' title="bbox 450 2276 829 2325">
    <p class='ocr_par' dir='ltr' id='par_1_40' title="bbox 450 2276 829 2325">
     <span class='ocr_line' id='line_1_40' title="bbox 450 2276 829 2325; baseline 0 -1"><span class='ocrx_word' id='word_1_273' title='bbox 450 2283 559 2325; x_wconf 90' lang='lat' dir='ltr'><strong>non</strong></span> <span class='ocrx_word' id='word_1_274' title='bbox 589 2276 829 2325; x_wconf 87' lang='lat' dir='ltr'><strong>tenetur.</strong></span> 
     </span>
    </p>
   </div>
   <div class='ocr_carea' id='block_1_41' title="bbox 521 2359 2045 2433">
    <p class='ocr_par' dir='ltr' id='par_1_41' title="bbox 521 2359 2045 2433">
     <span class='ocr_line' id='line_1_41' title="bbox 521 2359 2045 2433; baseline 0.004 -19"><span class='ocrx_word' id='word_1_275' title='bbox 521 2359 713 2415; x_wconf 88' lang='lat' dir='ltr'><strong>Estote</strong></span> <span class='ocrx_word' id='word_1_276' title='bbox 735 2360 901 2431; x_wconf 79' lang='lat' dir='ltr'><strong>igitur</strong></span> <span class='ocrx_word' id='word_1_277' title='bbox 925 2371 1143 2433; x_wconf 75' lang='lat' dir='ltr'><strong>lewgati</strong></span> <span class='ocrx_word' id='word_1_278' title='bbox 1175 2377 1273 2432; x_wconf 89' lang='lat' dir='ltr'><strong>per</strong></span> <span class='ocrx_word' id='word_1_279' title='bbox 1299 2361 1566 2433; x_wconf 80' lang='lat' dir='ltr'><strong>Spiritalis</strong></span> <span class='ocrx_word' id='word_1_280' title='bbox 1592 2363 1839 2418; x_wconf 81' lang='lat' dir='ltr'><strong>exercitii</strong></span> <span class='ocrx_word' id='word_1_281' title='bbox 1877 2364 2045 2421; x_wconf 91' lang='lat' dir='ltr'><strong>disci-</strong></span> 
     </span>
    </p>
   </div>
   <div class='ocr_carea' id='block_1_42' title="bbox 451 2449 2047 2523">
    <p class='ocr_par' dir='ltr' id='par_1_42' title="bbox 451 2449 2047 2523">
     <span class='ocr_line' id='line_1_42' title="bbox 451 2449 2047 2523; baseline 0.005 -19"><span class='ocrx_word' id='word_1_282' title='bbox 451 2449 675 2521; x_wconf 86' lang='lat' dir='ltr'><strong>plinam,</strong></span> <span class='ocrx_word' id='word_1_283' title='bbox 727 2459 901 2506; x_wconf 86' lang='lat' dir='ltr'><strong>estote</strong></span> <span class='ocrx_word' id='word_1_284' title='bbox 945 2452 1257 2507; x_wconf 89' lang='lat' dir='ltr'><strong>bituminati</strong></span> <span class='ocrx_word' id='word_1_285' title='bbox 1318 2469 1416 2523; x_wconf 89' lang='lat' dir='ltr'><strong>per</strong></span> <span class='ocrx_word' id='word_1_286' title='bbox 1462 2453 1744 2510; x_wconf 89' lang='lat' dir='ltr'><strong>cbaritatis</strong></span> <span class='ocrx_word' id='word_1_287' title='bbox 1790 2455 2047 2512; x_wconf 68' lang='lat' dir='ltr'><strong>fraternae</strong></span> 
     </span>
    </p>
   </div>
   <div class='ocr_carea' id='block_1_43' title="bbox 450 2539 2046 2617">
    <p class='ocr_par' dir='ltr' id='par_1_43' title="bbox 450 2539 2046 2617">
     <span class='ocr_line' id='line_1_43' title="bbox 450 2539 2046 2617; baseline 0.003 -21"><span class='ocrx_word' id='word_1_288' title='bbox 450 2539 821 2596; x_wconf 82' lang='lat' dir='ltr'><strong>concordiam.</strong></span> <span class='ocrx_word' id='word_1_289' title='bbox 875 2540 1005 2607; x_wconf 83' lang='lat' dir='ltr'><strong>Quae</strong></span> <span class='ocrx_word' id='word_1_290' title='bbox 1054 2549 1234 2596; x_wconf 85' lang='lat' dir='ltr'><strong>tamen</strong></span> <span class='ocrx_word' id='word_1_291' title='bbox 1294 2541 1688 2597; x_wconf 86' lang='lat' dir='ltr'><strong>confoederatio</strong></span> <span class='ocrx_word' id='word_1_292' title='bbox 1741 2559 2046 2617; x_wconf 73' lang='lat' dir='ltr'><strong>congruere</strong></span> 
     </span>
    </p>
   </div>
   <div class='ocr_carea' id='block_1_44' title="bbox 451 2628 2044 2702">
    <p class='ocr_par' dir='ltr' id='par_1_44' title="bbox 451 2628 2044 2702">
     <span class='ocr_line' id='line_1_44' title="bbox 451 2628 2044 2702; baseline 0.003 -15"><span class='ocrx_word' id='word_1_293' title='bbox 451 2628 692 2702; x_wconf 83' lang='lat' dir='ltr'><strong>perfecte</strong></span> <span class='ocrx_word' id='word_1_294' title='bbox 715 2646 821 2687; x_wconf 90' lang='lat' dir='ltr'><strong>non</strong></span> <span class='ocrx_word' id='word_1_295' title='bbox 854 2630 1074 2701; x_wconf 90' lang='lat' dir='ltr'><strong>poterit,</strong></span> <span class='ocrx_word' id='word_1_296' title='bbox 1108 2631 1210 2686; x_wconf 90' lang='lat' dir='ltr'><strong>nisi</strong></span> <span class='ocrx_word' id='word_1_297' title='bbox 1245 2647 1369 2687; x_wconf 91' lang='lat' dir='ltr'><strong>cum</strong></span> <span class='ocrx_word' id='word_1_298' title='bbox 1399 2647 1525 2687; x_wconf 90' lang='lat' dir='ltr'><strong>arca</strong></span> <span class='ocrx_word' id='word_1_299' title='bbox 1564 2633 1620 2688; x_wconf 90' lang='lat' dir='ltr'><strong>in</strong></span> <span class='ocrx_word' id='word_1_300' title='bbox 1669 2635 1855 2691; x_wconf 88' lang='lat' dir='ltr'><strong>cubitu</strong></span> <span class='ocrx_word' id='word_1_301' title='bbox 1909 2651 2044 2691; x_wconf 88' lang='lat' dir='ltr'><strong>con-</strong></span> 
     </span>
    </p>
   </div>
   <div class='ocr_carea' id='block_1_45' title="bbox 451 2722 2046 2802">
    <p class='ocr_par' dir='ltr' id='par_1_45' title="bbox 451 2722 2046 2802">
     <span class='ocr_line' id='line_1_45' title="bbox 451 2722 2046 2802; baseline 0.005 -23"><span class='ocrx_word' id='word_1_302' title='bbox 451 2731 723 2786; x_wconf 77' lang='lat' dir='ltr'><strong>sumatur,</strong></span> <span class='ocrx_word' id='word_1_303' title='bbox 752 2722 805 2777; x_wconf 89' lang='lat' dir='ltr'><strong>id</strong></span> <span class='ocrx_word' id='word_1_304' title='bbox 834 2732 947 2787; x_wconf 91' lang='lat' dir='ltr'><strong>est,</strong></span> <span class='ocrx_word' id='word_1_305' title='bbox 978 2739 1101 2779; x_wconf 90' lang='lat' dir='ltr'><strong>cum</strong></span> <span class='ocrx_word' id='word_1_306' title='bbox 1133 2724 1317 2780; x_wconf 88' lang='lat' dir='ltr'><strong>multis</strong></span> <span class='ocrx_word' id='word_1_307' title='bbox 1353 2741 1492 2782; x_wconf 90' lang='lat' dir='ltr'><strong>unus</strong></span> <span class='ocrx_word' id='word_1_308' title='bbox 1534 2726 1734 2783; x_wconf 88' lang='lat' dir='ltr'><strong>Christi</strong></span> <span class='ocrx_word' id='word_1_309' title='bbox 1775 2730 1893 2786; x_wconf 85' lang='lat' dir='ltr'><strong>vice</strong></span> <span class='ocrx_word' id='word_1_310' title='bbox 1918 2746 2046 2802; x_wconf 83' lang='lat' dir='ltr'><strong>pro-</strong></span> 
     </span>
    </p>
   </div>
   <div class='ocr_carea' id='block_1_46' title="bbox 454 2812 2046 2886">
    <p class='ocr_par' dir='ltr' id='par_1_46' title="bbox 454 2812 2046 2886">
     <span class='ocr_line' id='line_1_46' title="bbox 454 2812 2046 2886; baseline 0.006 -20"><span class='ocrx_word' id='word_1_311' title='bbox 454 2812 692 2882; x_wconf 90' lang='lat' dir='ltr'><strong>ponitur.</strong></span> <span class='ocrx_word' id='word_1_312' title='bbox 728 2812 917 2869; x_wconf 89' lang='lat' dir='ltr'><strong>Unitas</strong></span> <span class='ocrx_word' id='word_1_313' title='bbox 944 2815 1145 2886; x_wconf 90' lang='lat' dir='ltr'><strong>quippe</strong></span> <span class='ocrx_word' id='word_1_314' title='bbox 1180 2815 1333 2881; x_wconf 86' lang='lat' dir='ltr'><strong>facit,</strong></span> <span class='ocrx_word' id='word_1_315' title='bbox 1373 2826 1432 2872; x_wconf 90' lang='lat' dir='ltr'><strong>ut</strong></span> <span class='ocrx_word' id='word_1_316' title='bbox 1468 2817 1635 2873; x_wconf 86' lang='lat' dir='ltr'><strong>multa</strong></span> <span class='ocrx_word' id='word_1_317' title='bbox 1663 2819 1881 2876; x_wconf 89' lang='lat' dir='ltr'><strong>sibimet</strong></span> <span class='ocrx_word' id='word_1_318' title='bbox 1910 2822 2046 2877; x_wconf 85' lang='lat' dir='ltr'><strong>invi-</strong></span> 
     </span>
    </p>
   </div>
   <div class='ocr_carea' id='block_1_47' title="bbox 452 2907 2044 2977">
    <p class='ocr_par' dir='ltr' id='par_1_47' title="bbox 452 2907 2044 2977">
     <span class='ocr_line' id='line_1_47' title="bbox 452 2907 2044 2977; baseline 0.007 -18"><span class='ocrx_word' id='word_1_319' title='bbox 452 2918 568 2959; x_wconf 85' lang='lat' dir='ltr'><strong>cem</strong></span> <span class='ocrx_word' id='word_1_320' title='bbox 595 2915 921 2977; x_wconf 87' lang='lat' dir='ltr'><strong>congruant,</strong></span> <span class='ocrx_word' id='word_1_321' title='bbox 967 2915 1027 2961; x_wconf 90' lang='lat' dir='ltr'><strong>ut</strong></span> <span class='ocrx_word' id='word_1_322' title='bbox 1060 2907 1289 2963; x_wconf 72' lang='lat' dir='ltr'><strong>diversa:</strong></span> <span class='ocrx_word' id='word_1_323' title='bbox 1334 2910 1611 2965; x_wconf 87' lang='lat' dir='ltr'><strong>hominum</strong></span> <span class='ocrx_word' id='word_1_324' title='bbox 1653 2910 1961 2969; x_wconf 80' lang='lat' dir='ltr'><strong>voluntates</strong></span> <span class='ocrx_word' id='word_1_325' title='bbox 1989 2915 2044 2969; x_wconf 92' lang='lat' dir='ltr'><strong>in</strong></span> 
     </span>
    </p>
   </div>
   <div class='ocr_carea' id='block_1_48' title="bbox 451 2995 2097 3066">
    <p class='ocr_par' dir='ltr' id='par_1_48' title="bbox 451 2995 2097 3066">
     <span class='ocr_line' id='line_1_48' title="bbox 451 2995 2097 3066; baseline 0.005 -16"><span class='ocrx_word' id='word_1_326' title='bbox 451 3008 711 3066; x_wconf 80' lang='lat' dir='ltr'><strong>compage</strong></span> <span class='ocrx_word' id='word_1_327' title='bbox 734 2995 1039 3062; x_wconf 86' lang='lat' dir='ltr'><strong>charitatis,</strong></span> <span class='ocrx_word' id='word_1_328' title='bbox 1074 3006 1130 3054; x_wconf 91' lang='lat' dir='ltr'><strong>et</strong></span> <span class='ocrx_word' id='word_1_329' title='bbox 1163 2999 1468 3055; x_wconf 86' lang='lat' dir='ltr'><strong>communis</strong></span> <span class='ocrx_word' id='word_1_330' title='bbox 1511 3000 1735 3057; x_wconf 88' lang='lat' dir='ltr'><strong>suiritus</strong></span> <span class='ocrx_word' id='word_1_331' title='bbox 1775 2998 2097 3060; x_wconf 23' lang='lat' dir='ltr'><strong>unauizniv‘</strong></span> 
     </span>
    </p>
   </div>
   <div class='ocr_carea' id='block_1_49' title="bbox 2074 3068 2121 3130">
    <p class='ocr_par' dir='ltr' id='par_1_49' title="bbox 2074 3068 2121 3130">
     <span class='ocr_line' id='line_1_49' title="bbox 2074 3068 2121 3130; baseline 0 0"><span class='ocrx_word' id='word_1_332' title='bbox 2074 3068 2121 3130; x_wconf 89' lang='lat' dir='ltr'><strong><em>C</em></strong></span> 
     </span>
    </p>
   </div>
   <div class='ocr_carea' id='block_1_50' title="bbox 452 3095 1745 3144">
    <p class='ocr_par' dir='ltr' id='par_1_50' title="bbox 452 3095 1745 3144">
     <span class='ocr_line' id='line_1_50' title="bbox 452 3095 1745 3144; baseline -0.001 0"><span class='ocrx_word' id='word_1_333' title='bbox 452 3095 565 3144; x_wconf 80' lang='lat' dir='ltr'><strong>tate</strong></span> <span class='ocrx_word' id='word_1_334' title='bbox 593 3097 944 3144; x_wconf 82' lang='lat' dir='ltr'><strong>concurrant.</strong></span> <span class='ocrx_word' id='word_1_335' title='bbox 1470 3119 1491 3141; x_wconf 61' lang='grc'><strong>‹.</strong></span> <span class='ocrx_word' id='word_1_336' title='bbox 1740 3140 1745 3143; x_wconf 82' lang='grc'><strong><em>,</em></strong></span> 
     </span>
    </p>
   </div>
   <div class='ocr_carea' id='block_1_51' title="bbox 523 3178 2045 3253">
    <p class='ocr_par' dir='ltr' id='par_1_51' title="bbox 523 3178 2045 3253">
     <span class='ocr_line' id='line_1_51' title="bbox 523 3178 2045 3253; baseline 0.007 -22"><span class='ocrx_word' id='word_1_337' title='bbox 523 3178 897 3249; x_wconf 80' lang='lat' dir='ltr'><strong>Quapropter,</strong></span> <span class='ocrx_word' id='word_1_338' title='bbox 952 3181 1261 3237; x_wconf 86' lang='lat' dir='ltr'><strong>cbarissimi</strong></span> <span class='ocrx_word' id='word_1_339' title='bbox 1290 3222 1306 3247; x_wconf 92' lang='lat'><strong>,</strong></span> <span class='ocrx_word' id='word_1_340' title='bbox 1352 3182 1402 3237; x_wconf 91' lang='lat' dir='ltr'><strong>si</strong></span> <span class='ocrx_word' id='word_1_341' title='bbox 1451 3184 1648 3253; x_wconf 89' lang='lat' dir='ltr'><strong>cupitis</strong></span> <span class='ocrx_word' id='word_1_342' title='bbox 1700 3185 1931 3241; x_wconf 87' lang='lat' dir='ltr'><strong>invicem</strong></span> <span class='ocrx_word' id='word_1_343' title='bbox 1988 3186 2045 3242; x_wconf 86' lang='lat' dir='ltr'><strong>iu</strong></span> 
     </span>
    </p>
   </div>
   <div class='ocr_carea' id='block_1_52' title="bbox 454 3264 2047 3342">
    <p class='ocr_par' dir='ltr' id='par_1_52' title="bbox 454 3264 2047 3342">
     <span class='ocr_line' id='line_1_52' title="bbox 454 3264 2047 3342; baseline 0.006 -20"><span class='ocrx_word' id='word_1_344' title='bbox 454 3264 654 3322; x_wconf 82' lang='lat' dir='ltr'><strong>Christi</strong></span> <span class='ocrx_word' id='word_1_345' title='bbox 695 3269 966 3325; x_wconf 85' lang='lat' dir='ltr'><strong>charitate</strong></span> <span class='ocrx_word' id='word_1_346' title='bbox 1020 3285 1339 3342; x_wconf 87' lang='lat' dir='ltr'><strong>congruere,</strong></span> <span class='ocrx_word' id='word_1_347' title='bbox 1388 3272 1461 3339; x_wconf 88' lang='lat' dir='ltr'><strong>ei,</strong></span> <span class='ocrx_word' id='word_1_348' title='bbox 1517 3274 1611 3342; x_wconf 92' lang='lat' dir='ltr'><strong>qui</strong></span> <span class='ocrx_word' id='word_1_349' title='bbox 1658 3276 1812 3331; x_wconf 83' lang='lat' dir='ltr'><strong>vobis</strong></span> <span class='ocrx_word' id='word_1_350' title='bbox 1841 3276 2047 3332; x_wconf 86' lang='lat' dir='ltr'><strong>Christi</strong></span> 
     </span>
    </p>
   </div>
   <div class='ocr_carea' id='block_1_53' title="bbox 394 3358 2044 3435">
    <p class='ocr_par' dir='ltr' id='par_1_53' title="bbox 394 3358 2044 3435">
     <span class='ocr_line' id='line_1_53' title="bbox 394 3358 2044 3435; baseline 0.007 -25"><span class='ocrx_word' id='word_1_351' title='bbox 394 3432 397 3435; x_wconf 18' lang='grc' dir='ltr'><em>Α</em></span> <span class='ocrx_word' id='word_1_352' title='bbox 457 3358 575 3413; x_wconf 85' lang='lat' dir='ltr'><strong>vlcc</strong></span> <span class='ocrx_word' id='word_1_353' title='bbox 603 3366 816 3427; x_wconf 65' lang='lat' dir='ltr'><strong>prmest,</strong></span> <span class='ocrx_word' id='word_1_354' title='bbox 854 3359 1043 3414; x_wconf 88' lang='lat' dir='ltr'><strong>humili</strong></span> <span class='ocrx_word' id='word_1_355' title='bbox 1075 3375 1142 3414; x_wconf 84' lang='lat' dir='ltr'><strong>ex</strong></span> <span class='ocrx_word' id='word_1_356' title='bbox 1178 3361 1340 3416; x_wconf 87' lang='lat' dir='ltr'><strong>corde</strong></span> <span class='ocrx_word' id='word_1_357' title='bbox 1366 3364 1629 3417; x_wconf 88' lang='lat' dir='ltr'><strong>attentius</strong></span> <span class='ocrx_word' id='word_1_358' title='bbox 1663 3365 1897 3420; x_wconf 89' lang='lat' dir='ltr'><strong>obedite.</strong></span> <span class='ocrx_word' id='word_1_359' title='bbox 1929 3365 2044 3421; x_wconf 87' lang='lat' dir='ltr'><strong>Non</strong></span> 
     </span>
    </p>
   </div>
   <div class='ocr_carea' id='block_1_54' title="bbox 455 3448 2048 3526">
    <p class='ocr_par' dir='ltr' id='par_1_54' title="bbox 455 3448 2048 3526">
     <span class='ocr_line' id='line_1_54' title="bbox 455 3448 2048 3526; baseline 0.006 -25"><span class='ocrx_word' id='word_1_360' title='bbox 455 3448 600 3503; x_wconf 89' lang='lat' dir='ltr'><strong>inter</strong></span> <span class='ocrx_word' id='word_1_361' title='bbox 636 3465 734 3507; x_wconf 84' lang='lat' dir='ltr'><strong>vos</strong></span> <span class='ocrx_word' id='word_1_362' title='bbox 773 3452 842 3505; x_wconf 88' lang='lat' dir='ltr'><strong>sit</strong></span> <span class='ocrx_word' id='word_1_363' title='bbox 877 3450 1127 3520; x_wconf 77' lang='lat' dir='ltr'><strong>garrulus</strong></span> <span class='ocrx_word' id='word_1_364' title='bbox 1167 3452 1254 3508; x_wconf 91' lang='lat' dir='ltr'><strong>ille</strong></span> <span class='ocrx_word' id='word_1_365' title='bbox 1292 3452 1462 3508; x_wconf 89' lang='lat' dir='ltr'><strong>Cham</strong></span> <span class='ocrx_word' id='word_1_366' title='bbox 1499 3452 1652 3525; x_wconf 85' lang='lat' dir='ltr'><strong>(Cen.</strong></span> <span class='ocrx_word' id='word_1_367' title='bbox 1682 3455 1783 3526; x_wconf 78' lang='lat' dir='ltr'><strong>ix),</strong></span> <span class='ocrx_word' id='word_1_368' title='bbox 1815 3457 1907 3525; x_wconf 91' lang='lat' dir='ltr'><strong>qui</strong></span> <span class='ocrx_word' id='word_1_369' title='bbox 1951 3473 2048 3511; x_wconf 77' lang='lat' dir='ltr'><strong>riu-</strong></span> 
     </span>
    </p>
   </div>
   <div class='ocr_carea' id='block_1_55' title="bbox 456 3538 2048 3616">
    <p class='ocr_par' dir='ltr' id='par_1_55' title="bbox 456 3538 2048 3616">
     <span class='ocr_line' id='line_1_55' title="bbox 456 3538 2048 3616; baseline 0.006 -23"><span class='ocrx_word' id='word_1_370' title='bbox 456 3538 578 3593; x_wconf 86' lang='lat' dir='ltr'><strong>data</strong></span> <span class='ocrx_word' id='word_1_371' title='bbox 609 3541 850 3610; x_wconf 86' lang='lat' dir='ltr'><strong>parentis</strong></span> <span class='ocrx_word' id='word_1_372' title='bbox 880 3543 1112 3597; x_wconf 85' lang='lat' dir='ltr'><strong>verenda</strong></span> <span class='ocrx_word' id='word_1_373' title='bbox 1142 3544 1457 3609; x_wconf 88' lang='lat' dir='ltr'><strong>denuntiet,</strong></span> <span class='ocrx_word' id='word_1_374' title='bbox 1493 3545 1585 3615; x_wconf 93' lang='lat' dir='ltr'><strong>qui</strong></span> <span class='ocrx_word' id='word_1_375' title='bbox 1617 3556 1858 3616; x_wconf 70' lang='lat' dir='ltr'><strong>paternze</strong></span> <span class='ocrx_word' id='word_1_376' title='bbox 1877 3548 2048 3603; x_wconf 78' lang='lat' dir='ltr'><strong>oﬁ‘en-</strong></span> 
     </span>
    </p>
   </div>
   <div class='ocr_carea' id='block_1_56' title="bbox 457 3619 2048 3704">
    <p class='ocr_par' dir='ltr' id='par_1_56' title="bbox 457 3619 2048 3704">
     <span class='ocr_line' id='line_1_56' title="bbox 457 3619 2048 3704; baseline 0.006 -20"><span class='ocrx_word' id='word_1_377' title='bbox 457 3628 628 3686; x_wconf 87' lang='lat' dir='ltr'><strong>sionis</strong></span> <span class='ocrx_word' id='word_1_378' title='bbox 673 3631 909 3685; x_wconf 85' lang='lat' dir='ltr'><strong>obscena</strong></span> <span class='ocrx_word' id='word_1_379' title='bbox 954 3619 1213 3704; x_wconf 8' lang='lat' dir='ltr'><strong>ldivulget.</strong></span> <span class='ocrx_word' id='word_1_380' title='bbox 1266 3634 1368 3701; x_wconf 87' lang='lat' dir='ltr'><strong>Qui</strong></span> <span class='ocrx_word' id='word_1_381' title='bbox 1417 3634 1668 3691; x_wconf 85' lang='lat' dir='ltr'><strong>videlicet</strong></span> <span class='ocrx_word' id='word_1_382' title='bbox 1721 3636 1861 3692; x_wconf 83' lang='lat' dir='ltr'><strong>in.er</strong></span> <span class='ocrx_word' id='word_1_383' title='bbox 1912 3640 2048 3694; x_wconf 90' lang='lat' dir='ltr'><strong>duos</strong></span> 
     </span>
    </p>
   </div>
   <div class='ocr_carea' id='block_1_57' title="bbox 456 3716 2048 3792">
    <p class='ocr_par' dir='ltr' id='par_1_57' title="bbox 456 3716 2048 3792">
     <span class='ocr_line' id='line_1_57' title="bbox 456 3716 2048 3792; baseline 0.007 -21"><span class='ocrx_word' id='word_1_384' title='bbox 456 3716 659 3773; x_wconf 82' lang='lat' dir='ltr'><strong>fratres</strong></span> <span class='ocrx_word' id='word_1_385' title='bbox 686 3719 917 3786; x_wconf 89' lang='lat' dir='ltr'><strong>medius,</strong></span> <span class='ocrx_word' id='word_1_386' title='bbox 949 3736 1046 3776; x_wconf 90' lang='lat' dir='ltr'><strong>nec</strong></span> <span class='ocrx_word' id='word_1_387' title='bbox 1091 3723 1145 3775; x_wconf 89' lang='lat' dir='ltr'><strong>in</strong></span> <span class='ocrx_word' id='word_1_388' title='bbox 1188 3722 1444 3792; x_wconf 88' lang='lat' dir='ltr'><strong>primitiis</strong></span> <span class='ocrx_word' id='word_1_389' title='bbox 1482 3735 1802 3780; x_wconf 86' lang='lat' dir='ltr'><strong>numeretur</strong></span> <span class='ocrx_word' id='word_1_390' title='bbox 1838 3727 2048 3783; x_wconf 79' lang='lat' dir='ltr'><strong>Israeli-</strong></span> 
     </span>
    </p>
   </div>
   <div class='ocr_carea' id='block_1_58' title="bbox 459 3810 2045 3888">
    <p class='ocr_par' dir='ltr' id='par_1_58' title="bbox 459 3810 2045 3888">
     <span class='ocr_line' id='line_1_58' title="bbox 459 3810 2045 3888; baseline 0.009 -28"><span class='ocrx_word' id='word_1_391' title='bbox 459 3816 659 3874; x_wconf 89' lang='lat' dir='ltr'><strong>tarum,</strong></span> <span class='ocrx_word' id='word_1_392' title='bbox 694 3824 793 3866; x_wconf 90' lang='lat' dir='ltr'><strong>nec</strong></span> <span class='ocrx_word' id='word_1_393' title='bbox 819 3810 996 3867; x_wconf 88' lang='lat' dir='ltr'><strong>locum</strong></span> <span class='ocrx_word' id='word_1_394' title='bbox 1025 3821 1298 3868; x_wconf 88' lang='lat' dir='ltr'><strong>mereatur</strong></span> <span class='ocrx_word' id='word_1_395' title='bbox 1341 3814 1394 3869; x_wconf 92' lang='lat' dir='ltr'><strong>in</strong></span> <span class='ocrx_word' id='word_1_396' title='bbox 1435 3815 1771 3885; x_wconf 87' lang='lat' dir='ltr'><strong>plenitudine</strong></span> <span class='ocrx_word' id='word_1_397' title='bbox 1805 3819 2045 3888; x_wconf 87' lang='lat' dir='ltr'><strong>gentium</strong></span> 
     </span>
    </p>
   </div>
   <div class='ocr_carea' id='block_1_59' title="bbox 458 3898 2046 3980">
    <p class='ocr_par' dir='ltr' id='par_1_59' title="bbox 458 3898 2046 3980">
     <span class='ocr_line' id='line_1_59' title="bbox 458 3898 2046 3980; baseline 0.009 -28"><span class='ocrx_word' id='word_1_398' title='bbox 458 3898 544 3971; x_wconf 89' lang='lat' dir='ltr'><strong>(II</strong></span> <span class='ocrx_word' id='word_1_399' title='bbox 574 3899 700 3971; x_wconf 81' lang='lat' dir='ltr'><strong>Reg.</strong></span> <span class='ocrx_word' id='word_1_400' title='bbox 734 3902 846 3973; x_wconf 81' lang='lat' dir='ltr'><strong>xx).</strong></span> <span class='ocrx_word' id='word_1_401' title='bbox 887 3901 1003 3958; x_wconf 85' lang='lat' dir='ltr'><strong>Non</strong></span> <span class='ocrx_word' id='word_1_402' title='bbox 1043 3904 1114 3959; x_wconf 91' lang='lat' dir='ltr'><strong>ibi</strong></span> <span class='ocrx_word' id='word_1_403' title='bbox 1163 3905 1255 3971; x_wconf 86' lang='lat' dir='ltr'><strong>sit,</strong></span> <span class='ocrx_word' id='word_1_404' title='bbox 1309 3905 1399 3976; x_wconf 89' lang='lat' dir='ltr'><strong>qui</strong></span> <span class='ocrx_word' id='word_1_405' title='bbox 1451 3916 1761 3978; x_wconf 85' lang='lat' dir='ltr'><strong>contempto</strong></span> <span class='ocrx_word' id='word_1_406' title='bbox 1804 3920 2046 3980; x_wconf 88' lang='lat' dir='ltr'><strong>pastore,</strong></span> 
     </span>
    </p>
   </div>
   <div class='ocr_carea' id='block_1_60' title="bbox 461 3993 2042 4065">
    <p class='ocr_par' dir='ltr' id='par_1_60' title="bbox 461 3993 2042 4065">
     <span class='ocr_line' id='line_1_60' title="bbox 461 3993 2042 4065; baseline 0.006 -20"><span class='ocrx_word' id='word_1_407' title='bbox 461 3993 858 4046; x_wconf 87' lang='lat' dir='ltr'><strong>mercenarium</strong></span> <span class='ocrx_word' id='word_1_408' title='bbox 909 4005 1135 4063; x_wconf 60' lang='lat' dir='ltr'><strong>quaerat,</strong></span> <span class='ocrx_word' id='word_1_409' title='bbox 1190 3996 1291 4065; x_wconf 84' lang='lat' dir='ltr'><strong>qui</strong></span> <span class='ocrx_word' id='word_1_410' title='bbox 1327 4012 1487 4052; x_wconf 88' lang='lat' dir='ltr'><strong>voces</strong></span> <span class='ocrx_word' id='word_1_411' title='bbox 1514 3995 1813 4054; x_wconf 88' lang='lat' dir='ltr'><strong>alienorum</strong></span> <span class='ocrx_word' id='word_1_412' title='bbox 1842 4000 2042 4061; x_wconf 86' lang='lat' dir='ltr'><strong>audiat.</strong></span> 
     </span>
    </p>
   </div>
   <div class='ocr_carea' id='block_1_61' title="bbox 457 4081 2048 4160">
    <p class='ocr_par' dir='ltr' id='par_1_61' title="bbox 457 4081 2048 4160">
     <span class='ocr_line' id='line_1_61' title="bbox 457 4081 2048 4160; baseline 0.006 -26"><span class='ocrx_word' id='word_1_413' title='bbox 457 4081 553 4150; x_wconf 85' lang='lat' dir='ltr'><strong>qui</strong></span> <span class='ocrx_word' id='word_1_414' title='bbox 595 4081 648 4135; x_wconf 90' lang='lat' dir='ltr'><strong>in</strong></span> <span class='ocrx_word' id='word_1_415' title='bbox 698 4082 806 4136; x_wconf 79' lang='lat' dir='ltr'><strong>odii</strong></span> <span class='ocrx_word' id='word_1_416' title='bbox 858 4081 1078 4138; x_wconf 84' lang='lat' dir='ltr'><strong>fornace</strong></span> <span class='ocrx_word' id='word_1_417' title='bbox 1125 4084 1411 4141; x_wconf 72' lang='lat' dir='ltr'><strong>discordize</strong></span> <span class='ocrx_word' id='word_1_418' title='bbox 1449 4086 1681 4143; x_wconf 82' lang='lat' dir='ltr'><strong>malleos</strong></span> <span class='ocrx_word' id='word_1_419' title='bbox 1731 4088 1900 4156; x_wconf 88' lang='lat' dir='ltr'><strong>ludat,</strong></span> <span class='ocrx_word' id='word_1_420' title='bbox 1955 4090 2048 4160; x_wconf 90' lang='lat' dir='ltr'><strong>qui</strong></span> 
     </span>
    </p>
   </div>
   <div class='ocr_carea' id='block_1_62' title="bbox 459 4170 2047 4242">
    <p class='ocr_par' dir='ltr' id='par_1_62' title="bbox 459 4170 2047 4242">
     <span class='ocr_line' id='line_1_62' title="bbox 459 4170 2047 4242; baseline 0.008 -20"><span class='ocrx_word' id='word_1_421' title='bbox 459 4182 685 4240; x_wconf 87' lang='lat' dir='ltr'><strong>regnum</strong></span> <span class='ocrx_word' id='word_1_422' title='bbox 715 4170 876 4226; x_wconf 82' lang='lat' dir='ltr'><strong>Israel</strong></span> <span class='ocrx_word' id='word_1_423' title='bbox 924 4188 1025 4242; x_wconf 88' lang='lat' dir='ltr'><strong>per</strong></span> <span class='ocrx_word' id='word_1_424' title='bbox 1060 4174 1376 4231; x_wconf 90' lang='lat' dir='ltr'><strong>schismatis</strong></span> <span class='ocrx_word' id='word_1_425' title='bbox 1428 4176 1782 4233; x_wconf 90' lang='lat' dir='ltr'><strong>seminarium</strong></span> <span class='ocrx_word' id='word_1_426' title='bbox 1821 4179 2047 4234; x_wconf 85' lang='lat' dir='ltr'><strong>dividat.</strong></span> 
     </span>
    </p>
   </div>
   <div class='ocr_carea' id='block_1_63' title="bbox 460 4259 2049 4337">
    <p class='ocr_par' dir='ltr' id='par_1_63' title="bbox 460 4259 2049 4337">
     <span class='ocr_line' id='line_1_63' title="bbox 460 4259 2049 4337; baseline 0.007 -22"><span class='ocrx_word' id='word_1_427' title='bbox 460 4259 582 4316; x_wconf 74' lang='lat' dir='ltr'><strong>Non</strong></span> <span class='ocrx_word' id='word_1_428' title='bbox 609 4271 716 4329; x_wconf 89' lang='lat' dir='ltr'><strong>est,</strong></span> <span class='ocrx_word' id='word_1_429' title='bbox 743 4264 938 4335; x_wconf 90' lang='lat' dir='ltr'><strong>inquit,</strong></span> <span class='ocrx_word' id='word_1_430' title='bbox 967 4266 1123 4322; x_wconf 89' lang='lat' dir='ltr'><strong>nobis</strong></span> <span class='ocrx_word' id='word_1_431' title='bbox 1154 4282 1300 4337; x_wconf 70' lang='lat' dir='ltr'><strong>pars.</strong></span> <span class='ocrx_word' id='word_1_432' title='bbox 1318 4268 1372 4323; x_wconf 91' lang='lat' dir='ltr'><strong>in</strong></span> <span class='ocrx_word' id='word_1_433' title='bbox 1410 4269 1599 4334; x_wconf 83' lang='lat' dir='ltr'><strong>David,</strong></span> <span class='ocrx_word' id='word_1_434' title='bbox 1633 4284 1733 4327; x_wconf 89' lang='lat' dir='ltr'><strong>nec</strong></span> <span class='ocrx_word' id='word_1_435' title='bbox 1760 4271 2049 4326; x_wconf 84' lang='lat' dir='ltr'><strong>hacreditas</strong></span> 
     </span>
    </p>
   </div>
   <div class='ocr_carea' id='block_1_64' title="bbox 461 4351 2047 4429">
    <p class='ocr_par' dir='ltr' id='par_1_64' title="bbox 461 4351 2047 4429">
     <span class='ocr_line' id='line_1_64' title="bbox 461 4351 2047 4429; baseline 0.006 -24"><span class='ocrx_word' id='word_1_436' title='bbox 461 4351 516 4405; x_wconf 82' lang='lat' dir='ltr'><strong>in</strong></span> <span class='ocrx_word' id='word_1_437' title='bbox 544 4352 653 4408; x_wconf 83' lang='lat' dir='ltr'><strong>lilio</strong></span> <span class='ocrx_word' id='word_1_438' title='bbox 692 4353 815 4408; x_wconf 85' lang='lat' dir='ltr'><strong>lsai.</strong></span> <span class='ocrx_word' id='word_1_439' title='bbox 851 4355 1018 4411; x_wconf 85' lang='lat' dir='ltr'><strong>Plane</strong></span> <span class='ocrx_word' id='word_1_440' title='bbox 1050 4358 1235 4413; x_wconf 89' lang='lat' dir='ltr'><strong>tandiu</strong></span> <span class='ocrx_word' id='word_1_441' title='bbox 1267 4373 1398 4429; x_wconf 87' lang='lat' dir='ltr'><strong>apes</strong></span> <span class='ocrx_word' id='word_1_442' title='bbox 1436 4359 1490 4415; x_wconf 89' lang='lat' dir='ltr'><strong>in</strong></span> <span class='ocrx_word' id='word_1_443' title='bbox 1529 4362 1801 4425; x_wconf 85' lang='lat' dir='ltr'><strong>communi</strong></span> <span class='ocrx_word' id='word_1_444' title='bbox 1833 4361 2047 4416; x_wconf 81' lang='lat' dir='ltr'><strong>melliti-</strong></span> 
     </span>
    </p>
   </div>
   <div class='ocr_carea' id='block_1_65' title="bbox 459 4438 2123 4521">
    <p class='ocr_par' dir='ltr' id='par_1_65' title="bbox 459 4438 2123 4521">
     <span class='ocr_line' id='line_1_65' title="bbox 459 4438 2123 4521; baseline 0.007 -24"><span class='ocrx_word' id='word_1_445' title='bbox 459 4452 609 4508; x_wconf 81' lang='lat' dir='ltr'><strong>caut,</strong></span> <span class='ocrx_word' id='word_1_446' title='bbox 645 4447 884 4514; x_wconf 84' lang='lat' dir='ltr'><strong>quandiu</strong></span> <span class='ocrx_word' id='word_1_447' title='bbox 914 4448 1017 4502; x_wconf 88' lang='lat' dir='ltr'><strong>sub</strong></span> <span class='ocrx_word' id='word_1_448' title='bbox 1045 4464 1152 4504; x_wconf 87' lang='lat' dir='ltr'><strong>uno</strong></span> <span class='ocrx_word' id='word_1_449' title='bbox 1192 4452 1435 4521; x_wconf 86' lang='lat' dir='ltr'><strong>principe</strong></span> <span class='ocrx_word' id='word_1_450' title='bbox 1463 4462 1831 4521; x_wconf 83' lang='lat' dir='ltr'><strong>perseverant.</strong></span> <span class='ocrx_word' id='word_1_451' title='bbox 1870 4452 2046 4508; x_wconf 86' lang='lat' dir='ltr'><strong>Grues</strong></span> <span class='ocrx_word' id='word_1_452' title='bbox 2074 4438 2123 4496; x_wconf 78' lang='grc' dir='ltr'>υ</span> 
     </span>
    </p>
   </div>
   <div class='ocr_carea' id='block_1_66' title="bbox 2153 1797 3739 1876">
    <p class='ocr_par' dir='ltr' id='par_1_66' title="bbox 2153 1797 3739 1876">
     <span class='ocr_line' id='line_1_66' title="bbox 2153 1797 3739 1876; baseline 0.004 -24"><span class='ocrx_word' id='word_1_453' title='bbox 2153 1797 2372 1854; x_wconf 81' lang='lat' dir='ltr'><strong>tollatur</strong></span> <span class='ocrx_word' id='word_1_454' title='bbox 2398 1800 2647 1856; x_wconf 78' lang='lat' dir='ltr'><strong>infirmis.</strong></span> <span class='ocrx_word' id='word_1_455' title='bbox 2689 1801 2890 1859; x_wconf 86' lang='lat' dir='ltr'><strong>Omnes</strong></span> <span class='ocrx_word' id='word_1_456' title='bbox 2930 1803 3116 1874; x_wconf 90' lang='lat' dir='ltr'><strong>itaque</strong></span> <span class='ocrx_word' id='word_1_457' title='bbox 3160 1804 3366 1873; x_wconf 77' lang='lat' dir='ltr'><strong>diligat,</strong></span> <span class='ocrx_word' id='word_1_458' title='bbox 3415 1814 3473 1859; x_wconf 92' lang='lat' dir='ltr'><strong>ut</strong></span> <span class='ocrx_word' id='word_1_459' title='bbox 3502 1805 3626 1876; x_wconf 87' lang='lat' dir='ltr'><strong>jure</strong></span> <span class='ocrx_word' id='word_1_460' title='bbox 3669 1806 3739 1859; x_wconf 84' lang='lat' dir='ltr'><strong>ah</strong></span> 
     </span>
    </p>
   </div>
   <div class='ocr_carea' id='block_1_67' title="bbox 2149 1890 3736 1966">
    <p class='ocr_par' dir='ltr' id='par_1_67' title="bbox 2149 1890 3736 1966">
     <span class='ocr_line' id='line_1_67' title="bbox 2149 1890 3736 1966; baseline 0.004 -22"><span class='ocrx_word' id='word_1_461' title='bbox 2149 1890 2401 1947; x_wconf 87' lang='lat' dir='ltr'><strong>omnibus</strong></span> <span class='ocrx_word' id='word_1_462' title='bbox 2428 1893 2699 1963; x_wconf 87' lang='lat' dir='ltr'><strong>diligatur.</strong></span> <span class='ocrx_word' id='word_1_463' title='bbox 2734 1893 2825 1950; x_wconf 87' lang='lat' dir='ltr'><strong>Sic</strong></span> <span class='ocrx_word' id='word_1_464' title='bbox 2854 1894 3021 1965; x_wconf 90' lang='lat' dir='ltr'><strong>igitur</strong></span> <span class='ocrx_word' id='word_1_465' title='bbox 3049 1904 3236 1966; x_wconf 88' lang='lat' dir='ltr'><strong>pastor</strong></span> <span class='ocrx_word' id='word_1_466' title='bbox 3255 1903 3310 1952; x_wconf 90' lang='lat' dir='ltr'><strong>et</strong></span> <span class='ocrx_word' id='word_1_467' title='bbox 3334 1911 3464 1952; x_wconf 85' lang='lat' dir='ltr'><strong>oves</strong></span> <span class='ocrx_word' id='word_1_468' title='bbox 3490 1896 3543 1966; x_wconf 85' lang='grc' dir='ltr'><strong>(Ι</strong></span> <span class='ocrx_word' id='word_1_469' title='bbox 3569 1895 3736 1951; x_wconf 78' lang='lat' dir='ltr'><strong>Joan.</strong></span> 
     </span>
    </p>
   </div>
   <div class='ocr_carea' id='block_1_68' title="bbox 2149 1981 3737 2057">
    <p class='ocr_par' dir='ltr' id='par_1_68' title="bbox 2149 1981 3737 2057">
     <span class='ocr_line' id='line_1_68' title="bbox 2149 1981 3737 2057; baseline 0.005 -22"><span class='ocrx_word' id='word_1_470' title='bbox 2149 1982 2249 2051; x_wconf 80' lang='lat' dir='ltr'><strong>iv),</strong></span> <span class='ocrx_word' id='word_1_471' title='bbox 2278 1981 2386 2037; x_wconf 77' lang='lat' dir='ltr'><strong>dux</strong></span> <span class='ocrx_word' id='word_1_472' title='bbox 2426 1993 2482 2038; x_wconf 91' lang='lat' dir='ltr'><strong>et</strong></span> <span class='ocrx_word' id='word_1_473' title='bbox 2517 1983 2745 2039; x_wconf 90' lang='lat' dir='ltr'><strong>militum</strong></span> <span class='ocrx_word' id='word_1_474' title='bbox 2796 1996 3031 2042; x_wconf 62' lang='lat' dir='ltr'><strong>catervae</strong></span> <span class='ocrx_word' id='word_1_475' title='bbox 3073 2002 3180 2042; x_wconf 89' lang='lat' dir='ltr'><strong>uno</strong></span> <span class='ocrx_word' id='word_1_476' title='bbox 3220 1987 3416 2057; x_wconf 81' lang='lat' dir='ltr'><strong>spiritu</strong></span> <span class='ocrx_word' id='word_1_477' title='bbox 3456 1986 3737 2044; x_wconf 46' lang='lat' dir='ltr'><strong>confmde‘</strong></span> 
     </span>
    </p>
   </div>
   <div class='ocr_carea' id='block_1_69' title="bbox 2150 2074 3739 2151">
    <p class='ocr_par' dir='ltr' id='par_1_69' title="bbox 2150 2074 3739 2151">
     <span class='ocr_line' id='line_1_69' title="bbox 2150 2074 3739 2151; baseline 0.005 -25"><span class='ocrx_word' id='word_1_478' title='bbox 2150 2082 2340 2129; x_wconf 89' lang='lat' dir='ltr'><strong>rentur</strong></span> <span class='ocrx_word' id='word_1_479' title='bbox 2374 2074 2428 2129; x_wconf 91' lang='lat' dir='ltr'><strong>in</strong></span> <span class='ocrx_word' id='word_1_480' title='bbox 2452 2077 2842 2133; x_wconf 83' lang='lat' dir='ltr'><strong>exercitatione</strong></span> <span class='ocrx_word' id='word_1_481' title='bbox 2879 2081 3141 2135; x_wconf 86' lang='lat' dir='ltr'><strong>virtutum</strong></span> <span class='ocrx_word' id='word_1_482' title='bbox 3174 2097 3187 2134; x_wconf 92' lang='lat'><strong>:</strong></span> <span class='ocrx_word' id='word_1_483' title='bbox 3224 2090 3283 2134; x_wconf 89' lang='lat' dir='ltr'><strong>ut</strong></span> <span class='ocrx_word' id='word_1_484' title='bbox 3323 2080 3585 2144; x_wconf 89' lang='lat' dir='ltr'><strong>charilas,</strong></span> <span class='ocrx_word' id='word_1_485' title='bbox 3617 2095 3739 2151; x_wconf 72' lang='lat' dir='ltr'><strong>qua:</strong></span> 
     </span>
    </p>
   </div>
   <div class='ocr_carea' id='block_1_70' title="bbox 2149 2163 3740 2240">
    <p class='ocr_par' dir='ltr' id='par_1_70' title="bbox 2149 2163 3740 2240">
     <span class='ocr_line' id='line_1_70' title="bbox 2149 2163 3740 2240; baseline 0.004 -24"><span class='ocrx_word' id='word_1_486' title='bbox 2149 2163 2292 2217; x_wconf 87' lang='lat' dir='ltr'><strong>Deus</strong></span> <span class='ocrx_word' id='word_1_487' title='bbox 2326 2171 2431 2229; x_wconf 87' lang='lat' dir='ltr'><strong>est,</strong></span> <span class='ocrx_word' id='word_1_488' title='bbox 2473 2165 2763 2222; x_wconf 74' lang='lat' dir='ltr'><strong>individuze</strong></span> <span class='ocrx_word' id='word_1_489' title='bbox 2793 2168 3014 2224; x_wconf 90' lang='lat' dir='ltr'><strong>unitatis</strong></span> <span class='ocrx_word' id='word_1_490' title='bbox 3041 2169 3097 2223; x_wconf 91' lang='lat' dir='ltr'><strong>in</strong></span> <span class='ocrx_word' id='word_1_491' title='bbox 3128 2169 3208 2225; x_wconf 90' lang='lat' dir='ltr'><strong>eis</strong></span> <span class='ocrx_word' id='word_1_492' title='bbox 3250 2177 3431 2224; x_wconf 88' lang='lat' dir='ltr'><strong>teneat</strong></span> <span class='ocrx_word' id='word_1_493' title='bbox 3466 2169 3740 2240; x_wconf 66' lang='lat' dir='ltr'><strong>principao</strong></span> 
     </span>
    </p>
   </div>
   <div class='ocr_carea' id='block_1_71' title="bbox 2150 2257 3736 2328">
    <p class='ocr_par' dir='ltr' id='par_1_71' title="bbox 2150 2257 3736 2328">
     <span class='ocr_line' id='line_1_71' title="bbox 2150 2257 3736 2328; baseline 0.005 -19"><span class='ocrx_word' id='word_1_494' title='bbox 2150 2263 2284 2310; x_wconf 88' lang='lat' dir='ltr'><strong>tum.</strong></span> <span class='ocrx_word' id='word_1_495' title='bbox 2336 2257 2498 2324; x_wconf 88' lang='lat' dir='ltr'><strong>Ecce,</strong></span> <span class='ocrx_word' id='word_1_496' title='bbox 2541 2258 2879 2317; x_wconf 84' lang='lat' dir='ltr'><strong>dilectissimi</strong></span> <span class='ocrx_word' id='word_1_497' title='bbox 2913 2263 3044 2317; x_wconf 91' lang='lat' dir='ltr'><strong>mihi</strong></span> <span class='ocrx_word' id='word_1_498' title='bbox 3097 2261 3290 2318; x_wconf 87' lang='lat' dir='ltr'><strong>Patres</strong></span> <span class='ocrx_word' id='word_1_499' title='bbox 3327 2272 3383 2317; x_wconf 90' lang='lat' dir='ltr'><strong>et</strong></span> <span class='ocrx_word' id='word_1_500' title='bbox 3413 2262 3638 2328; x_wconf 87' lang='lat' dir='ltr'><strong>domini,</strong></span> <span class='ocrx_word' id='word_1_501' title='bbox 3666 2278 3736 2318; x_wconf 74' lang='lat' dir='ltr'><strong>ex</strong></span> 
     </span>
    </p>
   </div>
   <div class='ocr_carea' id='block_1_72' title="bbox 2149 2349 3736 2430">
    <p class='ocr_par' dir='ltr' id='par_1_72' title="bbox 2149 2349 3736 2430">
     <span class='ocr_line' id='line_1_72' title="bbox 2149 2349 3736 2430; baseline 0.006 -28"><span class='ocrx_word' id='word_1_502' title='bbox 2149 2349 2328 2405; x_wconf 90' lang='lat' dir='ltr'><strong>studio</strong></span> <span class='ocrx_word' id='word_1_503' title='bbox 2360 2350 2509 2407; x_wconf 82' lang='lat' dir='ltr'><strong>vobis</strong></span> <span class='ocrx_word' id='word_1_504' title='bbox 2537 2352 2660 2423; x_wconf 88' lang='lat' dir='ltr'><strong>styli</strong></span> <span class='ocrx_word' id='word_1_505' title='bbox 2695 2355 2971 2411; x_wconf 82' lang='lat' dir='ltr'><strong>currentis</strong></span> <span class='ocrx_word' id='word_1_506' title='bbox 3004 2356 3293 2413; x_wconf 89' lang='lat' dir='ltr'><strong>articulum</strong></span> <span class='ocrx_word' id='word_1_507' title='bbox 3325 2357 3584 2430; x_wconf 88' lang='lat' dir='ltr'><strong>reprimo,</strong></span> <span class='ocrx_word' id='word_1_508' title='bbox 3608 2359 3736 2429; x_wconf 85' lang='lat' dir='ltr'><strong>quia</strong></span> 
     </span>
    </p>
   </div>
   <div class='ocr_carea' id='block_1_73' title="bbox 2150 2442 3735 2522">
    <p class='ocr_par' dir='ltr' id='par_1_73' title="bbox 2150 2442 3735 2522">
     <span class='ocr_line' id='line_1_73' title="bbox 2150 2442 3735 2522; baseline 0.006 -25"><span class='ocrx_word' id='word_1_509' title='bbox 2150 2442 2412 2499; x_wconf 89' lang='lat' dir='ltr'><strong>incultum</strong></span> <span class='ocrx_word' id='word_1_510' title='bbox 2462 2460 2527 2501; x_wconf 93' lang='lat' dir='ltr'><strong>ac</strong></span> <span class='ocrx_word' id='word_1_511' title='bbox 2580 2447 2843 2503; x_wconf 85' lang='lat' dir='ltr'><strong>rusticum</strong></span> <span class='ocrx_word' id='word_1_512' title='bbox 2895 2464 3047 2514; x_wconf 91' lang='lat' dir='ltr'><strong>esse,</strong></span> <span class='ocrx_word' id='word_1_513' title='bbox 3104 2451 3250 2522; x_wconf 86' lang='lat' dir='ltr'><strong>quod</strong></span> <span class='ocrx_word' id='word_1_514' title='bbox 3297 2452 3590 2514; x_wconf 87' lang='lat' dir='ltr'><strong>scribitur,</strong></span> <span class='ocrx_word' id='word_1_515' title='bbox 3627 2468 3735 2507; x_wconf 77' lang='lat' dir='ltr'><strong>non</strong></span> 
     </span>
    </p>
   </div>
   <div class='ocr_carea' id='block_1_74' title="bbox 2147 2533 3740 2614">
    <p class='ocr_par' dir='ltr' id='par_1_74' title="bbox 2147 2533 3740 2614">
     <span class='ocr_line' id='line_1_74' title="bbox 2147 2533 3740 2614; baseline 0.005 -27"><span class='ocrx_word' id='word_1_516' title='bbox 2147 2533 2342 2603; x_wconf 83' lang='lat' dir='ltr'><strong>ignoro</strong></span> <span class='ocrx_word' id='word_1_517' title='bbox 2389 2551 2403 2588; x_wconf 92' lang='lat'><strong>:</strong></span> <span class='ocrx_word' id='word_1_518' title='bbox 2461 2542 2519 2590; x_wconf 94' lang='lat' dir='ltr'><strong>ut</strong></span> <span class='ocrx_word' id='word_1_519' title='bbox 2574 2536 2715 2607; x_wconf 89' lang='lat' dir='ltr'><strong>quod</strong></span> <span class='ocrx_word' id='word_1_520' title='bbox 2767 2538 2974 2609; x_wconf 89' lang='lat' dir='ltr'><strong>absque</strong></span> <span class='ocrx_word' id='word_1_521' title='bbox 3032 2540 3162 2595; x_wconf 89' lang='lat' dir='ltr'><strong>salis</strong></span> <span class='ocrx_word' id='word_1_522' title='bbox 3214 2542 3560 2597; x_wconf 86' lang='lat' dir='ltr'><strong>condimento</strong></span> <span class='ocrx_word' id='word_1_523' title='bbox 3613 2540 3740 2614; x_wconf 83' lang='lat' dir='ltr'><strong>jure</strong></span> 
     </span>
    </p>
   </div>
   <div class='ocr_carea' id='block_1_75' title="bbox 2148 2629 3738 2708">
    <p class='ocr_par' dir='ltr' id='par_1_75' title="bbox 2148 2629 3738 2708">
     <span class='ocr_line' id='line_1_75' title="bbox 2148 2629 3738 2708; baseline 0.005 -24"><span class='ocrx_word' id='word_1_524' title='bbox 2148 2629 2465 2701; x_wconf 88' lang='lat' dir='ltr'><strong>despicitur,</strong></span> <span class='ocrx_word' id='word_1_525' title='bbox 2490 2632 2771 2689; x_wconf 87' lang='lat' dir='ltr'><strong>brevitatis</strong></span> <span class='ocrx_word' id='word_1_526' title='bbox 2795 2635 2990 2691; x_wconf 88' lang='lat' dir='ltr'><strong>saltem</strong></span> <span class='ocrx_word' id='word_1_527' title='bbox 3029 2637 3351 2708; x_wconf 84' lang='lat' dir='ltr'><strong>compendio</strong></span> <span class='ocrx_word' id='word_1_528' title='bbox 3389 2637 3738 2693; x_wconf 78' lang='lat' dir='ltr'><strong>commende-</strong></span> 
     </span>
    </p>
   </div>
   <div class='ocr_carea' id='block_1_76' title="bbox 2151 2722 3740 2800">
    <p class='ocr_par' dir='ltr' id='par_1_76' title="bbox 2151 2722 3740 2800">
     <span class='ocr_line' id='line_1_76' title="bbox 2151 2722 3740 2800; baseline 0.003 -23"><span class='ocrx_word' id='word_1_529' title='bbox 2151 2731 2257 2778; x_wconf 90' lang='lat' dir='ltr'><strong>tur.</strong></span> <span class='ocrx_word' id='word_1_530' title='bbox 2290 2722 2482 2790; x_wconf 62' lang='lat' dir='ltr'><strong>Quaeso</strong></span> <span class='ocrx_word' id='word_1_531' title='bbox 2531 2725 2733 2797; x_wconf 89' lang='lat' dir='ltr'><strong>itaque,</strong></span> <span class='ocrx_word' id='word_1_532' title='bbox 2774 2736 2833 2782; x_wconf 90' lang='lat' dir='ltr'><strong>ut</strong></span> <span class='ocrx_word' id='word_1_533' title='bbox 2882 2729 2976 2800; x_wconf 89' lang='lat' dir='ltr'><strong>qui</strong></span> <span class='ocrx_word' id='word_1_534' title='bbox 3016 2728 3229 2799; x_wconf 90' lang='lat' dir='ltr'><strong>lupinos</strong></span> <span class='ocrx_word' id='word_1_535' title='bbox 3273 2729 3565 2800; x_wconf 87' lang='lat' dir='ltr'><strong>aliquando</strong></span> <span class='ocrx_word' id='word_1_536' title='bbox 3615 2735 3740 2798; x_wconf 84' lang='lat' dir='ltr'><strong>post</strong></span> 
     </span>
    </p>
   </div>
   <div class='ocr_carea' id='block_1_77' title="bbox 2148 2813 3741 2891">
    <p class='ocr_par' dir='ltr' id='par_1_77' title="bbox 2148 2813 3741 2891">
     <span class='ocr_line' id='line_1_77' title="bbox 2148 2813 3741 2891; baseline 0.002 -23"><span class='ocrx_word' id='word_1_537' title='bbox 2148 2813 2391 2870; x_wconf 85' lang='lat' dir='ltr'><strong>marinas</strong></span> <span class='ocrx_word' id='word_1_538' title='bbox 2416 2814 2641 2873; x_wconf 90' lang='lat' dir='ltr'><strong>delicias</strong></span> <span class='ocrx_word' id='word_1_539' title='bbox 2680 2818 2861 2885; x_wconf 90' lang='lat' dir='ltr'><strong>editis,</strong></span> <span class='ocrx_word' id='word_1_540' title='bbox 2900 2819 3002 2874; x_wconf 92' lang='lat' dir='ltr'><strong>hoc</strong></span> <span class='ocrx_word' id='word_1_541' title='bbox 3033 2834 3250 2889; x_wconf 87' lang='lat' dir='ltr'><strong>quoque</strong></span> <span class='ocrx_word' id='word_1_542' title='bbox 3288 2819 3571 2891; x_wconf 88' lang='lat' dir='ltr'><strong>pittacium</strong></span> <span class='ocrx_word' id='word_1_543' title='bbox 3616 2827 3741 2889; x_wconf 87' lang='lat' dir='ltr'><strong>post</strong></span> 
     </span>
    </p>
   </div>
   <div class='ocr_carea' id='block_1_78' title="bbox 2149 2908 3665 2982">
    <p class='ocr_par' dir='ltr' id='par_1_78' title="bbox 2149 2908 3665 2982">
     <span class='ocr_line' id='line_1_78' title="bbox 2149 2908 3665 2982; baseline 0.002 -20"><span class='ocrx_word' id='word_1_544' title='bbox 2149 2921 2306 2963; x_wconf 85' lang='lat' dir='ltr'><strong>sacra</strong></span> <span class='ocrx_word' id='word_1_545' title='bbox 2332 2908 2603 2964; x_wconf 73' lang='lat' dir='ltr'><strong>volumina</strong></span> <span class='ocrx_word' id='word_1_546' title='bbox 2638 2919 2912 2981; x_wconf 91' lang='lat' dir='ltr'><strong>utcunque</strong></span> <span class='ocrx_word' id='word_1_547' title='bbox 2939 2913 3210 2982; x_wconf 86' lang='lat' dir='ltr'><strong>respicere</strong></span> <span class='ocrx_word' id='word_1_548' title='bbox 3238 2925 3345 2966; x_wconf 89' lang='lat' dir='ltr'><strong>non</strong></span> <span class='ocrx_word' id='word_1_549' title='bbox 3373 2910 3665 2982; x_wconf 85' lang='lat' dir='ltr'><strong>spernatis.</strong></span> 
     </span>
    </p>
   </div>
   <div class='ocr_carea' id='block_1_79' title="bbox 2685 3135 3196 3208">
    <p class='ocr_par' dir='ltr' id='par_1_79' title="bbox 2685 3135 3196 3208">
     <span class='ocr_line' id='line_1_79' title="bbox 2685 3135 3196 3208; baseline 0.002 -18"><span class='ocrx_word' id='word_1_550' title='bbox 2685 3135 2849 3208; x_wconf 79' lang='lat'><strong>320</strong></span> <span class='ocrx_word' id='word_1_551' title='bbox 2887 3135 3196 3192; x_wconf 67' lang='lat' dir='ltr'><strong>scuoua.</strong></span> 
     </span>
    </p>
   </div>
   <div class='ocr_carea' id='block_1_80' title="bbox 2223 3247 3742 3320">
    <p class='ocr_par' dir='ltr' id='par_1_80' title="bbox 2223 3247 3742 3320">
     <span class='ocr_line' id='line_1_80' title="bbox 2223 3247 3742 3320; baseline 0 -19"><span class='ocrx_word' id='word_1_552' title='bbox 2223 3247 2416 3320; x_wconf 77' lang='lat' dir='ltr'><strong>Petrus</strong></span> <span class='ocrx_word' id='word_1_553' title='bbox 2435 3259 2610 3304; x_wconf 83' lang='lat' dir='ltr'><strong>autem</strong></span> <span class='ocrx_word' id='word_1_554' title='bbox 2634 3252 2935 3320; x_wconf 81' lang='lat' dir='ltr'><strong>nuptiarum</strong></span> <span class='ocrx_word' id='word_1_555' title='bbox 2959 3252 3139 3307; x_wconf 74' lang='lat' dir='ltr'><strong>sordes</strong></span> <span class='ocrx_word' id='word_1_556' title='bbox 3175 3253 3343 3306; x_wconf 80' lang='lat' dir='ltr'><strong>abluit</strong></span> <span class='ocrx_word' id='word_1_557' title='bbox 3380 3267 3567 3305; x_wconf 85' lang='lat' dir='ltr'><strong>cruore</strong></span> <span class='ocrx_word' id='word_1_558' title='bbox 3598 3262 3742 3307; x_wconf 82' lang='lat' dir='ltr'><strong>mar-</strong></span> 
     </span>
    </p>
   </div>
   <div class='ocr_carea' id='block_1_81' title="bbox 2150 3319 3741 3392">
    <p class='ocr_par' dir='ltr' id='par_1_81' title="bbox 2150 3319 3741 3392">
     <span class='ocr_line' id='line_1_81' title="bbox 2150 3319 3741 3392; baseline 0.001 -21"><span class='ocrx_word' id='word_1_559' title='bbox 2150 3320 2292 3389; x_wconf 82' lang='lat' dir='ltr'><strong>tyrii.</strong></span> <span class='ocrx_word' id='word_1_560' title='bbox 2337 3319 2479 3392; x_wconf 82' lang='lat' dir='ltr'><strong>Cave</strong></span> <span class='ocrx_word' id='word_1_561' title='bbox 2518 3330 2674 3390; x_wconf 86' lang='lat' dir='ltr'><strong>putes</strong></span> <span class='ocrx_word' id='word_1_562' title='bbox 2698 3331 2953 3392; x_wconf 86' lang='lat' dir='ltr'><strong>sanetum</strong></span> <span class='ocrx_word' id='word_1_563' title='bbox 2998 3322 3271 3377; x_wconf 83' lang='lat' dir='ltr'><strong>doctorem</strong></span> <span class='ocrx_word' id='word_1_564' title='bbox 3320 3322 3559 3392; x_wconf 87' lang='lat' dir='ltr'><strong>nuptias,</strong></span> <span class='ocrx_word' id='word_1_565' title='bbox 3603 3332 3741 3390; x_wconf 78' lang='lat' dir='ltr'><strong>quas</strong></span> 
     </span>
    </p>
   </div>
   <div class='ocr_carea' id='block_1_82' title="bbox 2149 3391 3741 3446">
    <p class='ocr_par' dir='ltr' id='par_1_82' title="bbox 2149 3391 3741 3446">
     <span class='ocr_line' id='line_1_82' title="bbox 2149 3391 3741 3446; baseline 0.001 -4"><span class='ocrx_word' id='word_1_566' title='bbox 2149 3400 2361 3444; x_wconf 78' lang='lat' dir='ltr'><strong>constat</strong></span> <span class='ocrx_word' id='word_1_567' title='bbox 2391 3407 2423 3445; x_wconf 92' lang='lat' dir='ltr'><strong>a</strong></span> <span class='ocrx_word' id='word_1_568' title='bbox 2446 3391 2663 3445; x_wconf 88' lang='lat' dir='ltr'><strong>Christo</strong></span> <span class='ocrx_word' id='word_1_569' title='bbox 2694 3391 2920 3445; x_wconf 88' lang='lat' dir='ltr'><strong>Domino</strong></span> <span class='ocrx_word' id='word_1_570' title='bbox 2956 3394 3279 3446; x_wconf 90' lang='lat' dir='ltr'><strong>sacramenti</strong></span> <span class='ocrx_word' id='word_1_571' title='bbox 3310 3391 3516 3446; x_wconf 82' lang='lat' dir='ltr'><strong>honore</strong></span> <span class='ocrx_word' id='word_1_572' title='bbox 3537 3391 3741 3445; x_wconf 85' lang='lat' dir='ltr'><strong>conde-</strong></span> 
     </span>
    </p>
   </div>
   <div class='ocr_carea' id='block_1_83' title="bbox 2150 3460 3732 3528">
    <p class='ocr_par' dir='ltr' id='par_1_83' title="bbox 2150 3460 3732 3528">
     <span class='ocr_line' id='line_1_83' title="bbox 2150 3460 3732 3528; baseline 0.004 -15"><span class='ocrx_word' id='word_1_573' title='bbox 2150 3469 2387 3525; x_wconf 87' lang='lat' dir='ltr'><strong>coratas,</strong></span> <span class='ocrx_word' id='word_1_574' title='bbox 2421 3461 2527 3515; x_wconf 91' lang='lat' dir='ltr'><strong>ullo</strong></span> <span class='ocrx_word' id='word_1_575' title='bbox 2559 3460 2717 3517; x_wconf 87' lang='lat' dir='ltr'><strong>modo</strong></span> <span class='ocrx_word' id='word_1_576' title='bbox 2747 3462 3088 3528; x_wconf 80' lang='lat' dir='ltr'><strong>vituperare;</strong></span> <span class='ocrx_word' id='word_1_577' title='bbox 3124 3465 3268 3517; x_wconf 89' lang='lat' dir='ltr'><strong>unde</strong></span> <span class='ocrx_word' id='word_1_578' title='bbox 3293 3473 3347 3517; x_wconf 90' lang='lat' dir='ltr'><strong>et</strong></span> <span class='ocrx_word' id='word_1_579' title='bbox 3378 3463 3506 3517; x_wconf 90' lang='lat' dir='ltr'><strong>illud</strong></span> <span class='ocrx_word' id='word_1_580' title='bbox 3533 3461 3685 3516; x_wconf 86' lang='lat' dir='ltr'><strong>Pauli</strong></span> <span class='ocrx_word' id='word_1_581' title='bbox 3718 3482 3732 3519; x_wconf 71' lang='grc' dir='ltr'><strong>ε</strong></span> 
     </span>
    </p>
   </div>
   <div class='ocr_carea' id='block_1_84' title="bbox 2155 3530 3738 3599">
    <p class='ocr_par' dir='ltr' id='par_1_84' title="bbox 2155 3530 3738 3599">
     <span class='ocr_line' id='line_1_84' title="bbox 2155 3530 3738 3599; baseline 0.005 -20"><span class='ocrx_word' id='word_1_582' title='bbox 2155 3548 2172 3579; x_wconf 72' lang='grc' dir='ltr'><strong>ι</strong></span> <span class='ocrx_word' id='word_1_583' title='bbox 2205 3530 2529 3586; x_wconf 87' lang='lat' dir='ltr'><strong>llonurahile</strong></span> <span class='ocrx_word' id='word_1_584' title='bbox 2556 3530 2885 3585; x_wconf 87' lang='lat' dir='ltr'><strong>connubium</strong></span> <span class='ocrx_word' id='word_1_585' title='bbox 2916 3533 2966 3584; x_wconf 93' lang='lat' dir='ltr'><strong>in</strong></span> <span class='ocrx_word' id='word_1_586' title='bbox 2993 3532 3265 3599; x_wconf 85' lang='lat' dir='ltr'><strong>omnibus,</strong></span> <span class='ocrx_word' id='word_1_587' title='bbox 3293 3543 3349 3587; x_wconf 90' lang='lat' dir='ltr'><strong>et</strong></span> <span class='ocrx_word' id='word_1_588' title='bbox 3371 3543 3523 3589; x_wconf 90' lang='lat' dir='ltr'><strong>torus</strong></span> <span class='ocrx_word' id='word_1_589' title='bbox 3547 3532 3738 3587; x_wconf 82' lang='lat' dir='ltr'><strong>innua-</strong></span> 
     </span>
    </p>
   </div>
   <div class='ocr_carea' id='block_1_85' title="bbox 2150 3600 3740 3672">
    <p class='ocr_par' dir='ltr' id='par_1_85' title="bbox 2150 3600 3740 3672">
     <span class='ocr_line' id='line_1_85' title="bbox 2150 3600 3740 3672; baseline 0.004 -18"><span class='ocrx_word' id='word_1_590' title='bbox 2150 3601 2357 3672; x_wconf 89' lang='lat' dir='ltr'><strong>culatus</strong></span> <span class='ocrx_word' id='word_1_591' title='bbox 2394 3600 2579 3670; x_wconf 76' lang='lat' dir='ltr'><strong>(Hebr.</strong></span> <span class='ocrx_word' id='word_1_592' title='bbox 2624 3601 2766 3670; x_wconf 78' lang='lat' dir='ltr'><strong>xui).</strong></span> <span class='ocrx_word' id='word_1_593' title='bbox 2802 3620 2821 3651; x_wconf 78' lang='grc' dir='ltr'><strong>ι</strong></span> <span class='ocrx_word' id='word_1_594' title='bbox 2855 3601 2959 3656; x_wconf 86' lang='lat' dir='ltr'><strong>Sed</strong></span> <span class='ocrx_word' id='word_1_595' title='bbox 2994 3612 3049 3656; x_wconf 90' lang='lat' dir='ltr'><strong>et</strong></span> <span class='ocrx_word' id='word_1_596' title='bbox 3074 3603 3188 3672; x_wconf 89' lang='lat' dir='ltr'><strong>ipse</strong></span> <span class='ocrx_word' id='word_1_597' title='bbox 3228 3606 3416 3659; x_wconf 89' lang='lat' dir='ltr'><strong>beatus</strong></span> <span class='ocrx_word' id='word_1_598' title='bbox 3448 3603 3740 3661; x_wconf 84' lang='lat' dir='ltr'><strong>Damianus</strong></span> 
     </span>
    </p>
   </div>
   <div class='ocr_carea' id='block_1_86' title="bbox 2150 3671 3741 3742">
    <p class='ocr_par' dir='ltr' id='par_1_86' title="bbox 2150 3671 3741 3742">
     <span class='ocr_line' id='line_1_86' title="bbox 2150 3671 3741 3742; baseline 0.003 -18"><span class='ocrx_word' id='word_1_599' title='bbox 2150 3671 2263 3724; x_wconf 84' lang='lat' dir='ltr'><strong>suis</strong></span> <span class='ocrx_word' id='word_1_600' title='bbox 2310 3674 2360 3725; x_wconf 92' lang='lat' dir='ltr'><strong>in</strong></span> <span class='ocrx_word' id='word_1_601' title='bbox 2413 3672 2632 3740; x_wconf 83' lang='lat' dir='ltr'><strong>scriptis</strong></span> <span class='ocrx_word' id='word_1_602' title='bbox 2690 3687 2814 3727; x_wconf 68' lang='lat' dir='ltr'><strong>curn</strong></span> <span class='ocrx_word' id='word_1_603' title='bbox 2873 3673 3089 3726; x_wconf 87' lang='lat' dir='ltr'><strong>occasio</strong></span> <span class='ocrx_word' id='word_1_604' title='bbox 3150 3687 3209 3726; x_wconf 85' lang='lat' dir='ltr'><strong>se</strong></span> <span class='ocrx_word' id='word_1_605' title='bbox 3275 3675 3505 3742; x_wconf 74' lang='lat' dir='ltr'><strong>praebet,</strong></span> <span class='ocrx_word' id='word_1_606' title='bbox 3557 3674 3741 3729; x_wconf 89' lang='lat' dir='ltr'><strong>laudat</strong></span> 
     </span>
    </p>
   </div>
   <div class='ocr_carea' id='block_1_87' title="bbox 2151 3742 3742 3811">
    <p class='ocr_par' dir='ltr' id='par_1_87' title="bbox 2151 3742 3742 3811">
     <span class='ocr_line' id='line_1_87' title="bbox 2151 3742 3742 3811; baseline 0.004 -16"><span class='ocrx_word' id='word_1_607' title='bbox 2151 3743 2386 3810; x_wconf 87' lang='lat' dir='ltr'><strong>nuptias,</strong></span> <span class='ocrx_word' id='word_1_608' title='bbox 2416 3743 2716 3810; x_wconf 63' lang='lat' dir='ltr'><strong>praesertim</strong></span> <span class='ocrx_word' id='word_1_609' title='bbox 2746 3742 2839 3796; x_wconf 91' lang='lat' dir='ltr'><strong>lib.</strong></span> <span class='ocrx_word' id='word_1_610' title='bbox 2874 3760 2926 3807; x_wconf 88' lang='lat' dir='ltr'><strong>v,</strong></span> <span class='ocrx_word' id='word_1_611' title='bbox 2952 3743 3111 3811; x_wconf 78' lang='lat' dir='ltr'><strong>epist.</strong></span> <span class='ocrx_word' id='word_1_612' title='bbox 3144 3744 3231 3803; x_wconf 83' lang='grc' dir='ltr'><strong>Η.</strong></span> <span class='ocrx_word' id='word_1_613' title='bbox 3269 3745 3334 3797; x_wconf 90' lang='lat' dir='ltr'><strong>ad</strong></span> <span class='ocrx_word' id='word_1_614' title='bbox 3372 3742 3603 3798; x_wconf 89' lang='lat' dir='ltr'><strong>clericos</strong></span> <span class='ocrx_word' id='word_1_615' title='bbox 3641 3744 3742 3801; x_wconf 76' lang='lat' dir='ltr'><strong>Fa-</strong></span> 
     </span>
    </p>
   </div>
   <div class='ocr_carea' id='block_1_88' title="bbox 2150 3812 3740 3883">
    <p class='ocr_par' dir='ltr' id='par_1_88' title="bbox 2150 3812 3740 3883">
     <span class='ocr_line' id='line_1_88' title="bbox 2150 3812 3740 3883; baseline 0.003 -18"><span class='ocrx_word' id='word_1_616' title='bbox 2150 3814 2416 3883; x_wconf 80' lang='lat' dir='ltr'><strong>ventinus.</strong></span> <span class='ocrx_word' id='word_1_617' title='bbox 2476 3812 2677 3868; x_wconf 87' lang='lat' dir='ltr'><strong>Sordes</strong></span> <span class='ocrx_word' id='word_1_618' title='bbox 2727 3814 2908 3883; x_wconf 88' lang='lat' dir='ltr'><strong>itaque</strong></span> <span class='ocrx_word' id='word_1_619' title='bbox 2959 3814 3268 3883; x_wconf 88' lang='lat' dir='ltr'><strong>nuptiarum</strong></span> <span class='ocrx_word' id='word_1_620' title='bbox 3318 3813 3406 3868; x_wconf 91' lang='lat' dir='ltr'><strong>ille</strong></span> <span class='ocrx_word' id='word_1_621' title='bbox 3455 3813 3740 3883; x_wconf 83' lang='lat' dir='ltr'><strong>intelligit,</strong></span> 
     </span>
    </p>
   </div>
   <div class='ocr_carea' id='block_1_89' title="bbox 2150 3882 3737 3953">
    <p class='ocr_par' dir='ltr' id='par_1_89' title="bbox 2150 3882 3737 3953">
     <span class='ocr_line' id='line_1_89' title="bbox 2150 3882 3737 3953; baseline 0.004 -20"><span class='ocrx_word' id='word_1_622' title='bbox 2150 3897 2285 3949; x_wconf 89' lang='lat' dir='ltr'><strong>quas</strong></span> <span class='ocrx_word' id='word_1_623' title='bbox 2312 3882 2511 3952; x_wconf 86' lang='lat' dir='ltr'><strong>aliquis</strong></span> <span class='ocrx_word' id='word_1_624' title='bbox 2538 3883 2661 3938; x_wconf 63' lang='lat' dir='ltr'><strong>vitae</strong></span> <span class='ocrx_word' id='word_1_625' title='bbox 2692 3883 2989 3953; x_wconf 83' lang='lat' dir='ltr'><strong>conjugalis</strong></span> <span class='ocrx_word' id='word_1_626' title='bbox 3018 3882 3306 3939; x_wconf 83' lang='lat' dir='ltr'><strong>Occasione</strong></span> <span class='ocrx_word' id='word_1_627' title='bbox 3333 3883 3607 3939; x_wconf 84' lang='lat' dir='ltr'><strong>contrahit</strong></span> <span class='ocrx_word' id='word_1_628' title='bbox 3635 3882 3737 3940; x_wconf 69' lang='lat' dir='ltr'><strong>t&#39;in</strong></span> 
     </span>
    </p>
   </div>
   <div class='ocr_carea' id='block_1_90' title="bbox 2148 3954 3741 4021">
    <p class='ocr_par' dir='ltr' id='par_1_90' title="bbox 2148 3954 3741 4021">
     <span class='ocr_line' id='line_1_90' title="bbox 2148 3954 3741 4021; baseline 0.004 -18"><span class='ocrx_word' id='word_1_629' title='bbox 2148 3964 2251 4021; x_wconf 86' lang='lat' dir='ltr'><strong>qua</strong></span> <span class='ocrx_word' id='word_1_630' title='bbox 2285 3969 2406 4007; x_wconf 91' lang='lat' dir='ltr'><strong>cum</strong></span> <span class='ocrx_word' id='word_1_631' title='bbox 2442 3954 2539 4008; x_wconf 89' lang='lat' dir='ltr'><strong>viri</strong></span> <span class='ocrx_word' id='word_1_632' title='bbox 2585 3956 2746 4010; x_wconf 89' lang='lat' dir='ltr'><strong>rebus</strong></span> <span class='ocrx_word' id='word_1_633' title='bbox 2781 3956 2984 4010; x_wconf 84' lang='lat' dir='ltr'><strong>divinis</strong></span> <span class='ocrx_word' id='word_1_634' title='bbox 3016 3955 3195 4009; x_wconf 90' lang='lat' dir='ltr'><strong>minus</strong></span> <span class='ocrx_word' id='word_1_635' title='bbox 3225 3954 3500 4019; x_wconf 72' lang='lat' dir='ltr'><strong>ferventer</strong></span> <span class='ocrx_word' id='word_1_636' title='bbox 3545 3970 3741 4010; x_wconf 87' lang='lat' dir='ltr'><strong>vacare</strong></span> 
     </span>
    </p>
   </div>
   <div class='ocr_carea' id='block_1_91' title="bbox 2149 4024 3738 4096">
    <p class='ocr_par' dir='ltr' id='par_1_91' title="bbox 2149 4024 3738 4096">
     <span class='ocr_line' id='line_1_91' title="bbox 2149 4024 3738 4096; baseline 0.001 -18"><span class='ocrx_word' id='word_1_637' title='bbox 2149 4024 2379 4088; x_wconf 87' lang='lat' dir='ltr'><strong>soleant,</strong></span> <span class='ocrx_word' id='word_1_638' title='bbox 2407 4034 2464 4079; x_wconf 89' lang='lat' dir='ltr'><strong>et</strong></span> <span class='ocrx_word' id='word_1_639' title='bbox 2483 4026 2552 4079; x_wconf 87' lang='lat' dir='ltr'><strong>ob</strong></span> <span class='ocrx_word' id='word_1_640' title='bbox 2596 4026 2648 4080; x_wconf 88' lang='lat' dir='ltr'><strong>id</strong></span> <span class='ocrx_word' id='word_1_641' title='bbox 2678 4026 3163 4096; x_wconf 88' lang='lat' dir='ltr'><strong>dicatApostolus:</strong></span> <span class='ocrx_word' id='word_1_642' title='bbox 3204 4046 3221 4077; x_wconf 76' lang='grc' dir='ltr'><strong>ι</strong></span> <span class='ocrx_word' id='word_1_643' title='bbox 3256 4026 3356 4094; x_wconf 88' lang='lat' dir='ltr'><strong>Qui</strong></span> <span class='ocrx_word' id='word_1_644' title='bbox 3387 4035 3567 4080; x_wconf 87' lang='lat' dir='ltr'><strong>autem</strong></span> <span class='ocrx_word' id='word_1_645' title='bbox 3618 4040 3738 4079; x_wconf 89' lang='lat' dir='ltr'><strong>eum</strong></span> 
     </span>
    </p>
   </div>
   <div class='ocr_carea' id='block_1_92' title="bbox 2150 4096 3742 4168">
    <p class='ocr_par' dir='ltr' id='par_1_92' title="bbox 2150 4096 3742 4168">
     <span class='ocr_line' id='line_1_92' title="bbox 2150 4096 3742 4168; baseline 0.003 -22"><span class='ocrx_word' id='word_1_646' title='bbox 2150 4109 2319 4168; x_wconf 77' lang='lat' dir='ltr'><strong>uxore</strong></span> <span class='ocrx_word' id='word_1_647' title='bbox 2339 4105 2445 4160; x_wconf 91' lang='lat' dir='ltr'><strong>est,</strong></span> <span class='ocrx_word' id='word_1_648' title='bbox 2475 4096 2738 4168; x_wconf 83' lang='lat' dir='ltr'><strong>sollicitus</strong></span> <span class='ocrx_word' id='word_1_649' title='bbox 2781 4108 2864 4152; x_wconf 87' lang='lat' dir='ltr'><strong>est</strong></span> <span class='ocrx_word' id='word_1_650' title='bbox 2898 4114 3019 4168; x_wconf 69' lang='lat' dir='ltr'><strong>quae</strong></span> <span class='ocrx_word' id='word_1_651' title='bbox 3044 4107 3171 4152; x_wconf 88' lang='lat' dir='ltr'><strong>sunt</strong></span> <span class='ocrx_word' id='word_1_652' title='bbox 3209 4098 3419 4162; x_wconf 85' lang='lat' dir='ltr'><strong>mundi,</strong></span> <span class='ocrx_word' id='word_1_653' title='bbox 3468 4097 3742 4168; x_wconf 88' lang='lat' dir='ltr'><strong>quomodo</strong></span> 
     </span>
    </p>
   </div>
   <div class='ocr_carea' id='block_1_93' title="bbox 2148 4165 3740 4240">
    <p class='ocr_par' dir='ltr' id='par_1_93' title="bbox 2148 4165 3740 4240">
     <span class='ocr_line' id='line_1_93' title="bbox 2148 4165 3740 4240; baseline 0.002 -24"><span class='ocrx_word' id='word_1_654' title='bbox 2148 4165 2361 4235; x_wconf 85' lang='lat' dir='ltr'><strong>placeat</strong></span> <span class='ocrx_word' id='word_1_655' title='bbox 2381 4167 2571 4240; x_wconf 73' lang='lat' dir='ltr'><strong>uxori,</strong></span> <span class='ocrx_word' id='word_1_656' title='bbox 2599 4178 2655 4221; x_wconf 89' lang='lat' dir='ltr'><strong>et</strong></span> <span class='ocrx_word' id='word_1_657' title='bbox 2682 4165 3015 4240; x_wconf 30' lang='lat' dir='ltr'><strong>divisusjest</strong></span> <span class='ocrx_word' id='word_1_658' title='bbox 3039 4169 3059 4240; x_wconf 91' lang='lat'><strong>(</strong></span> <span class='ocrx_word' id='word_1_659' title='bbox 3082 4168 3111 4220; x_wconf 88' lang='grc'><em>1</em></span> <span class='ocrx_word' id='word_1_660' title='bbox 3146 4167 3275 4240; x_wconf 56' lang='lat' dir='ltr'><strong>Cor.</strong></span> <span class='ocrx_word' id='word_1_661' title='bbox 3320 4172 3453 4240; x_wconf 82' lang='lat' dir='ltr'><strong>vn).</strong></span> <span class='ocrx_word' id='word_1_662' title='bbox 3476 4165 3530 4240; x_wconf 55' lang='grc' dir='ltr'><strong>ξ»</strong></span> <span class='ocrx_word' id='word_1_663' title='bbox 3558 4167 3740 4240; x_wconf 63' lang='lat' dir='ltr'><strong>Cuni-</strong></span> 
     </span>
    </p>
   </div>
   <div class='ocr_carea' id='block_1_94' title="bbox 2149 4234 3738 4307">
    <p class='ocr_par' dir='ltr' id='par_1_94' title="bbox 2149 4234 3738 4307">
     <span class='ocr_line' id='line_1_94' title="bbox 2149 4234 3738 4307; baseline 0.002 -21"><span class='ocrx_word' id='word_1_664' title='bbox 2149 4234 2255 4305; x_wconf 87' lang='lat' dir='ltr'><strong>que</strong></span> <span class='ocrx_word' id='word_1_665' title='bbox 2284 4235 2530 4291; x_wconf 87' lang='lat' dir='ltr'><strong>crebrius</strong></span> <span class='ocrx_word' id='word_1_666' title='bbox 2560 4239 2613 4292; x_wconf 90' lang='lat' dir='ltr'><strong>in</strong></span> <span class='ocrx_word' id='word_1_667' title='bbox 2646 4252 2782 4291; x_wconf 89' lang='lat' dir='ltr'><strong>vana</strong></span> <span class='ocrx_word' id='word_1_668' title='bbox 2819 4234 3165 4307; x_wconf 81' lang='lat' dir='ltr'><strong>delinquendi</strong></span> <span class='ocrx_word' id='word_1_669' title='bbox 3198 4234 3525 4294; x_wconf 71' lang='lat' dir='ltr'><strong>offendicula</strong></span> <span class='ocrx_word' id='word_1_670' title='bbox 3556 4238 3738 4292; x_wconf 85' lang='lat' dir='ltr'><strong>incur-</strong></span> 
     </span>
    </p>
   </div>
   <div class='ocr_carea' id='block_1_95' title="bbox 2152 4308 3737 4378">
    <p class='ocr_par' dir='ltr' id='par_1_95' title="bbox 2152 4308 3737 4378">
     <span class='ocr_line' id='line_1_95' title="bbox 2152 4308 3737 4378; baseline 0.002 -20"><span class='ocrx_word' id='word_1_671' title='bbox 2152 4316 2303 4373; x_wconf 89' lang='lat' dir='ltr'><strong>rant,</strong></span> <span class='ocrx_word' id='word_1_672' title='bbox 2332 4321 2437 4360; x_wconf 92' lang='lat' dir='ltr'><strong>non</strong></span> <span class='ocrx_word' id='word_1_673' title='bbox 2464 4317 2551 4378; x_wconf 87' lang='lat' dir='ltr'><strong>est</strong></span> <span class='ocrx_word' id='word_1_674' title='bbox 2578 4308 2774 4361; x_wconf 88' lang='lat' dir='ltr'><strong>mirum</strong></span> <span class='ocrx_word' id='word_1_675' title='bbox 2797 4310 2986 4363; x_wconf 89' lang='lat' dir='ltr'><strong>sordes</strong></span> <span class='ocrx_word' id='word_1_676' title='bbox 3016 4310 3363 4373; x_wconf 88' lang='lat' dir='ltr'><strong>contrahere,</strong></span> <span class='ocrx_word' id='word_1_677' title='bbox 3400 4324 3464 4363; x_wconf 89' lang='lat' dir='ltr'><strong>ac</strong></span> <span class='ocrx_word' id='word_1_678' title='bbox 3490 4316 3737 4378; x_wconf 50' lang='lat' dir='ltr'><strong>proptere</strong></span> 
     </span>
    </p>
   </div>
   <div class='ocr_carea' id='block_1_96' title="bbox 2149 4377 2795 4447">
    <p class='ocr_par' dir='ltr' id='par_1_96' title="bbox 2149 4377 2795 4447">
     <span class='ocr_line' id='line_1_96' title="bbox 2149 4377 2795 4447; baseline 0.003 -17"><span class='ocrx_word' id='word_1_679' title='bbox 2149 4390 2211 4430; x_wconf 79' lang='lat' dir='ltr'><strong>ea</strong></span> <span class='ocrx_word' id='word_1_680' title='bbox 2236 4391 2332 4431; x_wconf 84' lang='lat' dir='ltr'><strong>eas</strong></span> <span class='ocrx_word' id='word_1_681' title='bbox 2353 4377 2572 4447; x_wconf 79' lang='lat' dir='ltr'><strong>expiare</strong></span> <span class='ocrx_word' id='word_1_682' title='bbox 2604 4380 2795 4434; x_wconf 89' lang='lat' dir='ltr'><strong>teneri.</strong></span> 
     </span>
    </p>
   </div>
   <div class='ocr_carea' id='block_1_97' title="bbox 2474 4445 3376 4506">
    <p class='ocr_par' dir='ltr' id='par_1_97' title="bbox 2474 4445 3376 4506">
     <span class='ocr_line' id='line_1_97' title="bbox 2474 4445 3376 4506; baseline 0.003 -4"><span class='ocrx_word' id='word_1_683' title='bbox 2474 4445 2552 4502; x_wconf 86' lang='lat' dir='ltr'><strong>Sit</strong></span> <span class='ocrx_word' id='word_1_684' title='bbox 2578 4464 2762 4503; x_wconf 80' lang='lat' dir='ltr'><strong>nomen</strong></span> <span class='ocrx_word' id='word_1_685' title='bbox 2794 4450 3005 4505; x_wconf 84' lang='lat' dir='ltr'><strong>Domini</strong></span> <span class='ocrx_word' id='word_1_686' title='bbox 3033 4450 3376 4506; x_wconf 78' lang='lat' dir='ltr'><strong>benedictum.</strong></span> 
     </span>
    </p>
   </div>
   <div class='ocr_carea' id='block_1_98' title="bbox 656 4666 3512 4885">
    <p class='ocr_par' dir='ltr' id='par_1_98' title="bbox 656 4666 3512 4885">
     <span class='ocr_line' id='line_1_98' title="bbox 656 4666 3512 4885; baseline 0.001 -27"><span class='ocrx_word' id='word_1_687' title='bbox 656 4723 1014 4794; x_wconf 65' lang='lat' dir='ltr'><strong>3m“</strong></span> <span class='ocrx_word' id='word_1_688' title='bbox 1095 4748 1947 4865; x_wconf 84' lang='lat' dir='ltr'><strong>OPUSCULUM</strong></span> <span class='ocrx_word' id='word_1_689' title='bbox 2033 4666 2691 4867; x_wconf 85' lang='lat' dir='ltr'><strong>DECIMUM</strong></span> <span class='ocrx_word' id='word_1_690' title='bbox 2776 4749 3512 4885; x_wconf 77' lang='lat' dir='ltr'><strong>QUARTUM.</strong></span> 
     </span>
    </p>
   </div>
   <div class='ocr_carea' id='block_1_99' title="bbox 638 4971 3586 5046">
    <p class='ocr_par' dir='ltr' id='par_1_99' title="bbox 638 4971 3586 5046">
     <span class='ocr_line' id='line_1_99' title="bbox 638 4971 3586 5046; baseline 0.001 -13"><span class='ocrx_word' id='word_1_691' title='bbox 638 4972 746 5033; x_wconf 86' lang='lat' dir='ltr'><strong>DE</strong></span> <span class='ocrx_word' id='word_1_692' title='bbox 787 4971 1091 5033; x_wconf 78' lang='lat' dir='ltr'><strong>ORDINE</strong></span> <span class='ocrx_word' id='word_1_693' title='bbox 1132 4972 1694 5046; x_wconf 80' lang='lat' dir='ltr'><strong>EREMITARUM,</strong></span> <span class='ocrx_word' id='word_1_694' title='bbox 1739 4977 1842 5036; x_wconf 90' lang='lat' dir='ltr'><strong>ET</strong></span> <span class='ocrx_word' id='word_1_695' title='bbox 1885 4972 2491 5037; x_wconf 82' lang='lat' dir='ltr'><strong>FACULTATIBUS</strong></span> <span class='ocrx_word' id='word_1_696' title='bbox 2534 4974 2786 5035; x_wconf 79' lang='lat' dir='ltr'><strong>EREMI</strong></span> <span class='ocrx_word' id='word_1_697' title='bbox 2831 4974 3119 5037; x_wconf 81' lang='lat' dir='ltr'><strong>FONTIS</strong></span> <span class='ocrx_word' id='word_1_698' title='bbox 3153 4976 3586 5039; x_wconf 80' lang='lat' dir='ltr'><strong>AVELLANI.</strong></span> 
     </span>
    </p>
   </div>
   <div class='ocr_carea' id='block_1_100' title="bbox 1876 5121 2280 5134">
    <p class='ocr_par' dir='ltr' id='par_1_100' title="bbox 1876 5121 2280 5134">
     <span class='ocr_line' id='line_1_100' title="bbox 1876 5121 2280 5134; baseline 0 -2"><span class='ocrx_word' id='word_1_699' title='bbox 1876 5121 2280 5134; x_wconf 52' lang='grc' dir='ltr'><strong>ψ</strong></span> 
     </span>
    </p>
   </div>
  </div>
