4106 6320
292 343 400 400 529

1175 317 1416 384 OPUSC.
1461 325 1600 379 xw.
1626 353 1693 363 -
1722 326 1808 376 ut.
1848 327 2102 376 unone
2145 328 2445 388 hhb‘Ml'L,
2489 329 2643 382 mc.

3449 332 3554 391 53;)

295 459 401 512 tias
428 467 562 524 ago:
591 443 687 503 Ille
732 445 872 504 enim
918 445 1045 499 fons
1084 451 1167 498 est
1212 450 1268 496 et
1306 441 1457 511 origo
1494 438 1737 492 virtutis:
1791 435 1877 490 ille
1904 439 1952 495 Α
1981 448 2243 500 cessores,
2274 437 2742 495 sintniliilominus
2767 447 3556 510 ctconversationisheredes:

292 548 450 602 bona
481 543 782 612 inspirator
823 545 907 593 est
935 533 1253 590 voluntatis.
1285 531 1354 584 Et
1401 530 1532 600 quid
1578 528 1796 590 mirum,
1832 526 1878 581 si

295 635 511 706 fragilia
540 645 832 702 corporum
862 636 1174 702 vestrorum
1214 620 1430 676 vascula
1460 618 1527 672 ad
1560 617 1879 706 portandam

294 738 419 803 post
461 740 521 780 se
562 737 784 779 crucem
808 719 1025 773 fortiter
1053 715 1298 776 roborat,
1349 713 1440 779 qui
1468 718 1661 764 cuncta
1695 705 1877 760 mundi

294 797 494 876 horrea
524 817 578 870 in
610 813 820 869 levibus
848 808 1151 864 culmorum
1200 803 1385 856 aristis
1446 800 1772 854 mirabiliter
1819 797 1881 850 li-

293 910 456 966 brat?
478 908 545 962 Et
577 918 808 976 quorum
831 900 1070 970 pondere
1104 894 1311 964 lapidea
1341 906 1484 960 saepe
1509 891 1732 944 aedilicia
1760 903 1880 942 cor-

295 1009 479 1061 ruunt,
509 999 578 1054 ad
610 998 727 1050 haec
752 991 972 1048 ferenda
996 987 1243 1042 volatiles
1283 983 1554 1052 spicarum
1591 982 1779 1043 thecae,
1812 988 1880 1032 te-

295 1093 493 1146 nuibus
521 1089 693 1142 mista:
720 1084 912 1154 paleis,
954 1093 1060 1134 non
1089 1075 1467 1132 succumbunt.
1497 1070 1632 1137 Quid
1660 1071 1878 1132 mirum,

295 1185 538 1252 inquam.
568 1179 612 1233 si
641 1176 907 1233 debilibus
938 1184 1220 1227 servorum
1252 1179 1470 1221 suorum
1513 1161 1772 1216 membris
1797 1162 1880 1212 vi-

291 1250 386 1327 res
413 1269 684 1331 attribuit,
735 1266 828 1337 qui
876 1265 928 1318 in
981 1257 1314 1316 tenuissimis
1357 1269 1580 1310 uvarum
1631 1250 1883 1305 folliculis

295 1364 542 1418 omnium
586 1361 785 1428 ubique
815 1357 1095 1426 regionum
1139 1353 1262 1405 vina
1295 1345 1575 1416 suspendit
1603 1361 1617 1395 :
1655 1353 1711 1397 et
1739 1342 1880 1410 quod

289 1471 362 1510 ex
390 1454 571 1508 tuunis
598 1465 844 1519 operose,
901 1455 956 1501 et
992 1460 1115 1499 cum
1141 1458 1336 1512 magno
1378 1439 1560 1494 labore
1588 1435 1884 1504 compactis

286 1547 495 1616 saepius
528 1541 719 1605 efﬂuit,
753 1542 852 1594 hoc
875 1537 1132 1608 perexilis
1152 1532 1396 1597 corticis,
1429 1529 1584 1598 quasi
1611 1525 1882 1597 quoddam

290 1637 460 1692 fidele
487 1633 873 1705 depositorium
915 1630 1032 1684 sine
1072 1625 1432 1680 diminutione
1461 1619 1728 1676 custodit:
1776 1617 1885 1671 imo
1917 1631 1920 1636 ·

291 1730 445 1799 quod
475 1728 624 1782 illinc
672 1726 755 1780 vel
784 1723 1036 1794 guttatim
1069 1719 1384 1788 frequenter
1431 1713 1747 1772 effunditur,
1797 1708 1886 1762 bic

1981 534 2034 581 et
2057 528 2198 596 quod
2231 529 2297 583 de
2321 531 2552 598 regulari
2583 532 2926 592 observantia
2953 538 3033 592 sui
3060 538 3161 594 loci
3188 541 3418 598 viderint
3440 561 3561 616 spe-

1981 617 2194 672 cialiter
2222 619 2504 687 scriptum,
2551 624 2749 689 pudeat
2791 626 2836 679 si
2859 626 2925 680 de
2953 643 3050 682 sua
3087 628 3246 686 fuerit
3271 633 3562 704 aliquando

1977 707 2282 764 imitatione
2327 711 2581 766 deletum.
2629 714 2684 768 In
2716 717 2817 772 hoc
2865 735 3054 789 nempe
3106 722 3246 788 loco,
3297 730 3388 796 qui
3440 729 3563 786 fons

1979 797 2222 852 Avcllani
2251 801 2470 866 dicitur,
2513 805 2829 877 pierunrque
2855 811 3039 881 viginti
3075 815 3192 882 plus
3215 819 3392 874 minus
3439 835 3560 875 mo-

1981 893 2139 946 nachi
2166 909 2262 962 per
2297 894 2531 958 cellulas,
2565 899 2754 954 sivein
2787 903 3057 970 assignata
3085 908 3278 976 cuique
3308 911 3562 967 obedien-

1985 983 2059 1036 tia
2077 985 2353 1054 (legimus;
2380 997 2437 1042 ut
2461 1005 2648 1044 omnes
2670 993 2962 1049 simulcum
2987 1001 3279 1063 conversis,
3307 1011 3362 1056 et
3386 1005 3561 1059 lamu-

1983 1074 2048 1128 lis
2080 1077 2428 1132 tricenarium
2476 1083 2782 1148 quinarium
2816 1101 3120 1151 numerum,
3171 1101 3264 1144 aut
3308 1094 3418 1158 vix,
3471 1106 3565 1149 aut

1983 1165 2220 1220 breviter
2233 1171 2580 1226 excedamus.
2613 1172 2836 1231 Viveudi
2852 1187 3031 1230 autem
3047 1181 3228 1248 regula
3257 1181 3356 1236 hoc.
3380 1195 3565 1238 ηοω-ο

1987 1265 2230 1325 tempore
2258 1259 2379 1313 talis
2400 1271 2502 1314 est.

2055 1350 2136 1404 Ab
2166 1353 2374 1406 octavis
2403 1368 2595 1420 nempe
2622 1355 2916 1411 Dominicae
2933 1357 3369 1418 Resurrectionis
3397 1380 3568 1433 usque

1986 1441 2052 1492 ad
2082 1440 2224 1493 diem
2278 1452 2528 1496 sanctum
2575 1444 2939 1508 Pentecostes.
2993 1458 3224 1517 quatuor
3259 1453 3421 1522 323
3452 1456 3569 1510 dies

1985 1542 2083 1596 per
2121 1528 2510 1584 hebdomadam
2535 1532 2812 1602 jejunatis,
2842 1547 3039 1605 praeter
3061 1540 3402 1597 Dominicum
3440 1559 3572 1600 vero

1987 1620 2152 1685 diem,
2209 1622 2274 1675 de
2303 1621 2456 1689 cujus
2489 1627 2790 1679 reverentia
2839 1628 3016 1683 nullus
3053 1631 3351 1694 addubitat.
3411 1638 3570 1691 tertia

1988 1708 2144 1774 feria,
2177 1720 2232 1764 et
2258 1712 2446 1779 quinta
2477 1712 2612 1768 feria
2642 1713 2724 1768 bis
2775 1716 2827 1768 in
2875 1718 2961 1772 die
2992 1719 3233 1777 reficitis.
3285 1722 3379 1778 Illo
3420 1726 3569 1780 enim

287 1781 406 1876 rion
443 1818 764 1879 minuendo,
784 1781 913 1869 "sed
943 1812 1188 1881 augendo
1215 1808 1398 1880 potius
1427 1820 1528 1876 per
1570 1800 1882 1874 quotidiana
1913 1781 1957 1838 Β
1989 1807 2246 1868 tempore,
2277 1809 2338 1853 ut
2364 1801 2555 1866 nostis,
2582 1817 2688 1856 non
2726 1807 3081 1873 prohibentur
3109 1813 3358 1867 monachi
3381 1824 3575 1868 aucto-

288 1911 634 1966 incrementa
658 1915 928 1963 servatur.

371 2003 504 2069 Quis
544 2010 727 2055 autem
771 1997 940 2052 divini
973 1995 1156 2065 operis
1193 1989 1620 2064 magnitudinem
1661 1999 1887 2042 narrare

291 2093 554 2157 sufﬁciat,
594 2107 716 2147 cum
749 2091 861 2145 sive
907 2088 960 2142 in
989 2085 1265 2156 palearum
1295 2081 1510 2144 culmis,
1549 2093 1645 2135 seu
1671 2077 1726 2132 in
1757 2091 1888 2131 uva-

295 2201 422 2241 rum
449 2185 617 2240 botris
644 2182 862 2238 recondi
896 2179 1078 2234 videat
1132 2175 1349 2232 cellaria
1375 2179 1680 2243 potentum,
1707 2183 1888 2238 prom-

295 2277 514 2348 ptuaria
545 2275 770 2344 regum?
801 2271 1092 2326 Videamus
1117 2268 1170 2321 in
1195 2267 1389 2321 arbore
1411 2263 1598 2318 folium
1633 2259 1733 2316 sub
1754 2257 1888 2329 ipsis

292 2366 514 2436 pruinis
541 2362 866 2419 hiemalibus
903 2357 1316 2428 lapsabundum,
1350 2362 1406 2409 et
1436 2359 1758 2420 consumpto
1787 2363 1887 2401 au-

297 2455 561 2511 tumnalis
601 2453 904 2508 clementia:
943 2451 1143 2514 virore,
1182 2446 1405 2517 jamjam
1441 2458 1577 2514 pene
1606 2455 1886 2504 casurum,

295 2548 377 2602 ita
407 2555 467 2600 ut
504 2547 594 2600 vix
626 2543 953 2603 ramusculo,
1004 2539 1091 2594 cui
1132 2536 1416 2609 dependet,
1461 2535 1745 2597 inhaereat,
1792 2529 1890 2585 sed

297 2635 646 2706 apertissima
677 2632 809 2687 levis
853 2631 1024 2684 ruinae
1056 2629 1208 2698 signa
1255 2624 1592 2697 praetendat:
1636 2621 1887 2676 inhorre-

287 2737 463 2783 scunt
485 2723 834 2788 tlabra,venti
862 2719 1108 2776 furentes
1138 2717 1226 2773 hic
1248 2716 1372 2772 inde
1398 2713 1737 2778 concutiunt,
1758 2711 1887 2766 bru-

297 2819 462 2874 malis
489 2818 688 2872 ltorror
712 2816 888 2871 crassi
918 2814 1042 2869 aeris
1072 2813 1252 2884 rigore
1274 2811 1574 2866 densatur:
1608 2818 1791 2878 atque,
1829 2815 1889 2860 ut

297 2911 476 2981 magis
505 2919 748 2979 stupeas,
797 2905 1157 2962 deﬂuentibus
1203 2902 1426 2972 reliquis
1467 2901 1704 2970 undique
1744 2899 1889 2953 foliis

300 3012 450 3058 terra
484 3001 762 3062 sternitur,
797 3007 853 3053 et
894 2996 1154 3067 depositis
1181 2995 1352 3050 comis
1381 2995 1548 3048 arbor
1574 3007 1673 3046 suo
1695 2991 1889 3045 decore

1987 1892 2148 1946 ritate
2172 1907 2450 1948 sacrorum
2481 1908 2748 1949 canonum
2765 1896 3034 1968 jejunare.
3059 1900 3141 1956 Ab
3168 1911 3358 1958 octava
3386 1915 3567 1961 autem

1983 1981 2329 2038 Pentecostes
2377 1999 2550 2054 usque
2603 1986 2670 2040 ad
2717 1986 3060 2044 festivitatem
3101 1995 3270 2048 sancti
3298 1994 3568 2062 Joannis,

1984 2074 2222 2144 quinque
2245 2074 2436 2131 diebus
2462 2077 2785 2132 observatur
2823 2081 2923 2136 sub
2961 2080 3064 2136 hac
3083 2084 3410 2141 discretione
3425 2086 3566 2158 jeju—

1985 2166 2132 2220 nium
2160 2184 2173 2219 :
2227 2172 2286 2219 ut
2315 2168 2472 2222 tertia
2507 2167 2638 2224 feria
2670 2171 2737 2225 ad
2778 2172 2966 2226 horam
3011 2189 3206 2229 nonam
3235 2177 3569 2246 pulmentum

1985 2257 2252 2319 habeatis,
2291 2259 2477 2326 quinta
2520 2275 2650 2314 vero
2695 2261 2830 2316 feria
2875 2265 3110 2318 secunda
3162 2267 3278 2320 vice
3324 2268 3569 2324 reficitis.

1983 2345 2028 2399 A
2053 2344 2351 2402 festivitate
2390 2363 2522 2404 vero
2556 2348 2612 2404 S.
2643 2349 2869 2407 Joannis
2897 2368 3067 2423 usque
3092 2355 3158 2410 ad
3180 2355 3304 2412 ldus
3329 2357 3577 2428 Septoru-

1985 2436 2116 2493 bris.
2153 2440 2309 2493 tertia
2342 2452 2399 2494 et
2433 2442 2620 2510 quinta
2671 2443 2805 2498 t’eria
2839 2453 3051 2500 tenetur
3082 2447 3203 2502 bina
3230 2447 3284 2502 in
3315 2449 3403 2504 die
3433 2450 3546 2504 refe

1985 2531 2094 2586 ctio
2113 2549 2126 2584 :
2147 2531 2368 2602 reliquis
2389 2549 2515 2588 vero
2536 2544 2771 2604 quatuor
2786 2536 2973 2591 diebus
2988 2547 3233 2594 servetur
3244 2540 3404 2595 solito
3419 2556 3572 2596 more

1982 2623 2267 2694 jejunium.
2313 2626 2396 2681 Ab
2421 2626 2602 2682 ldibus
2640 2642 2770 2682 vero
2799 2627 3134 2698 Septembris
3167 2647 3336 2702 usque
3372 2633 3424 2687 in
3473 2631 3577 2686 Pa-

1986 2721 2114 2777 scha
2147 2720 2380 2787 Domini,
2413 2721 2653 2790 quinque
2677 2721 2864 2777 diebus
2883 2721 3145 2792 jejunium
3169 2724 3287 2778 sine
3305 2725 3576 2780 'iutermis‘

1987 2812 2138 2867 sione
2170 2821 2404 2876 tenetur,
2449 2813 2602 2869 salvo
2633 2827 2717 2878 eo,
2755 2815 2899 2884 quod
2926 2829 3142 2884 semper
3187 2815 3576 2872 infirmioribus

1987 2905 2268 2971 fratribus,
2320 2907 2716 2976 humerumque
2759 2907 3177 2976 inaequalitatem
3221 2909 3574 2978 patientibus.

1988 3005 2149 3066 prout
2175 3011 2398 3052 necesse
2431 2996 2618 3062 fuerit,
2653 2998 3078 3052 misericorditer
3102 2999 3439 3054 subvenitur.
3471 2999 3577 3054 Ne-

293 3095 565 3157 nudatur;
597 3107 722 3146 cum
753 3089 882 3144 illud
912 3086 1086 3144 solum
1111 3086 1258 3140 nullo
1280 3090 1531 3138 manente
1550 3088 1883 3152 permaneat,

1991 3102 2082 3142 mo
2109 3096 2292 3142 autem
2323 3103 2413 3142 me
2443 3087 2712 3142 mendacii
2741 3089 3064 3142 temerarius
3085 3098 3297 3158 arguat,
3331 3089 3459 3143 dum
3489 3104 3576 3144 Ine

290 3193 360 3238 et
389 3183 532 3237 velut
549 3180 893 3238 eohzeredum
919 3185 1205 3249 superstes
1231 3176 1282 3229 in
1308 3175 1565 3229 fraterna:
1587 3171 1889 3241 possessio-

302 3274 391 3327 nis
415 3274 539 3342 jura
563 3271 838 3326 succedat.
870 3268 1008 3335 Quid
1041 3277 1222 3322 autem
1253 3265 1657 3335 intelligendum
1689 3262 1743 3316 in
1788 3263 1889 3316 hu-

290 3363 390 3434 jus
419 3362 496 3416 rei
518 3359 954 3416 consideratione
982 3357 1329 3426 relinquitur,
1363 3355 1466 3410 nisi
1496 3355 1622 3426 quia
1665 3369 1767 3408 nec
1800 3368 1890 3406 ar-

304 3456 453 3511 boris
488 3455 677 3510 foliutn
709 3460 887 3524 potest
911 3452 1126 3516 cadere,
1173 3450 1277 3505 nisi
1308 3450 1546 3504 divinum
1598 3457 1891 3519 praesumat

301 3547 629 3621 imperium?

377 3640 516 3707 Quid
528 3651 657 3707 ergo
678 3635 978 3702 mirum,si,
996 3633 1260 3690 defluente
1273 3633 1384 3702 jam
1401 3650 1466 3689 ex
1483 3633 1714 3688 maxima
1737 3643 1890 3702 parte

308 3730 609 3785 monastico
633 3728 842 3792 ordine,
873 3728 1132 3795 quosdam
1170 3740 1357 3780 servos
1385 3740 1510 3778 suos
1550 3725 1892 3792 omnipotens

306 3823 453 3876 Deus
504 3821 555 3874 in
583 3817 904 3889 perferendo
932 3817 1265 3871 diversarum
1300 3814 1656 3869 tentationurn
1706 3813 1892 3867 labore

301 3913 646 3976 corroborat,
673 3912 764 3980 qui
794 3918 849 3965 et
877 3924 996 3980 quae
1017 3909 1128 3962 vult
1151 3909 1205 3962 in
1230 3907 1514 3962 arboribus
1552 3905 1704 3971 folia,
1735 3915 1896 3960 caete-

307 4005 386 4058 ris
413 4004 806 4067 decidentibus,
834 4001 997 4071 ligat?
1030 3999 1181 4054 Unde
1203 4015 1308 4054 non
1332 3999 1604 4054 immerito
1625 4006 1896 4052 scrutator

308 4091 400 4146 ille
445 4092 639 4146 divinzr.
684 4091 961 4161 patientiae
1007 4087 1068 4142 Β.
1111 4087 1240 4144 Job:
1281 4105 1304 4139 ς
1334 4088 1436 4155 Qui
1494 4086 1642 4154 facit,
1696 4088 1893 4156 inquit,

303 4196 526 4251 magna,
556 4190 612 4235 et
636 4179 1221 4250 incomprehensibilia,
1263 4185 1319 4232 et
1346 4175 1636 4244 mirabilia,
1665 4190 1895 4246 quorum

309 4287 419 4325 non
455 4280 540 4324 est
585 4284 842 4323 numerus
887 4268 1010 4327 (Job
1037 4267 1136 4337 xi).
1173 4287 1191 4320 ι
1229 4267 1568 4336 Quapropter
1605 4267 1896 4322 immensas

306 4361 554 4416 Creatori
598 4374 716 4414 meo
743 4359 945 4430 gratias
995 4358 1190 4423 refero,
1227 4358 1320 4429 qui
1363 4374 1450 4414 me
1493 4359 1766 4429 indignum
1797 4359 1899 4412 mi—

1989 3195 2096 3233 non
2124 3178 2399 3232 extraneis
2435 3176 2605 3247 loqui,
2652 3179 2748 3234 sed
2777 3179 2880 3244 his,
2921 3180 3013 3248 qui
3066 3194 3178 3234 rem
3218 3179 3392 3249 perite
3411 3195 3576 3234 nove-

1988 3268 2119 3332 rint,
2144 3268 2497 3336 praesentibus
2527 3270 2640 3324 lucc
2686 3283 2911 3324 narrare
2939 3269 3284 3324 considerat:
3322 3280 3376 3325 et
3423 3281 3575 3326 certe

1990 3373 2096 3412 non
2140 3350 2417 3412 immerito
2443 3359 2851 3424 erubescerem,
2885 3360 2929 3413 si
2971 3361 3114 3416 inter
3141 3361 3437 3432 discipulos
3484 3376 3575 3418 ve-

1987 3450 2186 3516 ritatis,
2225 3449 2355 3520 ipsis
2397 3449 2712 3516 scientibus,
2771 3462 3078 3508 commento
3116 3453 3344 3510 fallacia:
3391 3456 3577 3511 desero

1989 3541 2179 3593 virent.

2059 3628 2171 3682 Etsi
2199 3629 2342 3683 enim
2372 3644 2486 3696 eos,
2512 3630 2603 3700 qui
2631 3632 2973 3700 postmodum
3003 3633 3242 3688 audituri
3271 3643 3415 3701 sunt,
3472 3639 3574 3690 hu—

1986 3718 2075 3789 jus
2102 3720 2174 3773 rei
2212 3719 2597 3790 plenitudinem
2625 3722 2880 3779 fraudare
2909 3739 3014 3778 non
3040 3724 3286 3790 debeam,
3318 3727 3459 3780 malo
3493 3739 3575 3781 ta-

1993 3829 2114 3869 men
2135 3828 2198 3868 ex
2219 3831 2306 3880 eo,
2333 3815 2590 3884 quodest,
2625 3817 2771 3871 salva
2794 3817 3022 3872 veritate
3045 3818 3382 3888 relinquere;
3411 3835 3572 3889 quam

1995 3907 2066 3971 id,
2100 3907 2243 3977 quod
2289 3922 2394 3961 non
2440 3916 2546 3972 est,
2592 3923 2729 3962 vana
2775 3911 3122 3977 persuasione
3149 3910 3379 3977 jactare.
3436 3911 3575 3967 Ecce

1990 3998 2134 4051 enim
2166 3999 2232 4052 de
2276 3998 2484 4052 duabus
2513 3997 2617 4052 illis
2647 3999 3094 4070 quadragesimis,
3130 4016 3250 4070 quae
3295 4002 3373 4057 \el
3407 4000 3573 4055 Nata-

1994 4087 2097 4142 lem
2128 4087 2364 4153 Domini,
2413 4088 2496 4143 vei
2532 4098 2779 4142 sanctum
2818 4089 3024 4145 Pascha
3064 4093 3390 4159 prmcedunt,
3451 4092 3576 4147 licct

1994 4194 2094 4248 ego
2118 4188 2350 4244 taceam,
2375 4194 2470 4233 vos
2496 4187 2674 4234 tamen
2702 4181 2874 4246 scitis,
2898 4182 3020 4250 quia
3053 4182 3288 4236 nonmilli
3309 4183 3395 4236 hic
3423 4193 3573 4244 Sunt,

1995 4271 2087 4342 qui
2111 4272 2316 4340 absque
2339 4271 2530 4326 diebus
2556 4270 2870 4334 Dominicis,
2895 4271 3086 4340 duplex
3112 4272 3238 4325 illud
3274 4273 3574 4341 quadrage-

1997 4361 2183 4416 simale
2233 4361 2466 4430 spatium
2519 4368 2690 4414 totum
2741 4357 3035 4427 jejunando
3089 4370 3462 4414 transcurrere
3488 4375 3574 4414 so-

303 4451 519 4504 nistcrii
550 4451 723 4504 locum
749 4451 947 4505 habere
973 4449 1142 4504 voluit
1182 4449 1233 4503 in
1262 4461 1529 4505 conventu
1553 4465 1657 4504 non
1700 4449 1895 4503 multo-
1924 4452 2164 4549 Dleant,
2220 4451 2458 4522 exceptis
2504 4451 2678 4506 tribus
2729 4449 3183 4514 solemnitatibus,
3225 4449 3282 4504 S.
3324 4449 3576 4504 videlicet

305 4559 455 4604 rum,
482 4542 576 4596 sed
603 4543 887 4605 bonorum,
912 4556 1048 4610 quos
1071 4541 1199 4594 mihi
1225 4556 1444 4597 necesse
1471 4541 1541 4596 sit
1568 4541 1632 4594 ad
1661 4541 1893 4610 patriam
1924 4541 1962 4549 '
1998 4547 2251 4611 Andreae,
2282 4553 2338 4599 et
2383 4543 2558 4599 sancti
2585 4541 2880 4604 Benedicti,
2925 4551 2980 4597 et
3001 4542 3445 4597 Annuntiationis
3471 4543 3579 4599 Do-

308 4636 584 4689 redeuudo
602 4635 940 4703 praecedere;
975 4633 1066 4688 sed
1089 4633 1427 4703 gaudendum
1455 4643 1558 4700 est,
1587 4635 1630 4689 si
1654 4636 1892 4688 fraterna

309 4727 511 4797 possim
536 4727 760 4796 vestigia
777 4725 1284 4795 pariliconviatione
1311 4735 1522 4780 tenere:
1555 4736 1614 4780 ut
1637 4727 1888 4790 fructum,

305 4817 404 4886 qui
439 4832 776 4886 nequaquam
826 4817 956 4870 mibi
1008 4832 1074 4871 ex
1123 4817 1358 4884 spatiosa
1407 4826 1546 4870 terra
1603 4818 1888 4886 colligitur,

309 4910 536 4964 uberius
565 4910 813 4964 videatur
857 4919 1094 4979 angustae
1147 4909 1437 4963 fertilitatis
1479 4923 1892 4979 recompensare

309 5009 626 5070 proventus.

390 5092 522 5146 Volo
551 5101 752 5156 autem,
783 5092 981 5146 fratres
1007 5091 1135 5155 mei,
1165 5092 1231 5145 de
1255 5100 1367 5143 vest
1379 5105 1448 5142 rae
1469 5093 1897 5146 convcrszit‘miis

311 5185 506 5239 ordine
545 5198 717 5252 pauca
744 5184 1126 5253 perstringere,
1181 5191 1238 5235 ut
1281 5183 1422 5249 quod
1451 5183 1502 5235 iu
1531 5185 1724 5236 vestris
1756 5200 1896 5238 nunc

310 5276 454 5328 vivis
482 5275 735 5345 cperibus
782 5275 996 5344 legitur,
1033 5275 1198 5328 etiam
1245 5274 1492 5341 apicibus
1525 5275 1774 5328 tradituri:
1829 5277 1894 5328 ad

312 5383 525 5432 corum,
554 5367 643 5436 qui
673 5367 826 5421 nobis
853 5367 904 5420 in
949 5366 1049 5420 hoc
1076 5365 1192 5419 loco
1217 5365 1518 5420 successuri
1562 5375 1705 5427 sunt,
1757 5367 1896 5420 noti-

316 5459 450 5510 tiam
481 5456 870 5510 transferatur:
903 5465 1169 5523 quatenus
1209 5465 1265 5508 et
1289 5455 1334 5508 si
1363 5471 1466 5509 non
1491 5457 1777 5526 contigerit
1803 5471 1898 5510 cos

318 5549 388 5600 ad
417 5546 612 5601 altiora
640 5547 1026 5609 conscendere,
1067 5547 1311 5600 eamdem
1341 5547 1529 5601 saltem
1569 5547 1780 5600 vivendi
1808 5562 1895 5601 re-

317 5636 518 5704 gulam,
547 5652 707 5706 quam
733 5652 826 5691 vos
851 5637 1086 5690 tenuisse
1105 5635 1412 5700 didicerint,
1443 5647 1496 5690 et
1525 5635 1622 5704 ipsi
1648 5637 1899 5691 studeant

314 5725 554 5781 fideliter
589 5726 911 5781 observare:
942 5734 1000 5778 ut
1042 5726 1132 5793 qui
1162 5725 1508 5781 habitationis
1537 5725 1738 5782 fuerint
1780 5743 1899 5784 suc-

764 5819 1035 5877 l‘nnor..
1091 5815 1335 5877 CXLV.

2001 4639 2231 4692 minicae.
2279 4635 2382 4690 Per
2425 4635 2559 4691 alias
2589 4645 2768 4689 autem
2817 4634 3156 4698 festivitates,
3209 4651 3329 4704 qua:
3366 4650 3576 4704 magna:

1999 4729 2236 4798 quidem,
2287 4728 2380 4782 sed
2410 4727 2544 4782 adeo
2573 4743 2679 4780 non
2715 4734 2840 4779 sunt
2875 4726 3180 4795 principum,
3204 4726 3318 4778 sive
3356 4724 3407 4777 in
3437 4739 3572 4792 qua-

1998 4821 2336 4891 dragesimali
2355 4829 2622 4889 tempore,
2646 4822 2760 4874 sive
2779 4835 2875 4888 per
2903 4819 3063 4872 totius
3084 4817 3208 4871 anni
3224 4815 3572 4878 curriculum,

1998 4912 2316 4966 cellerarius
2335 4925 2457 4965 cum
2485 4911 2587 4973 his,
2619 4911 2710 4978 qui
2738 4909 2889 4977 quIa
2923 4907 3202 4962 ecclesiam
3235 4920 3576 4960 commoran-

2002 5012 2109 5066 tur,
2137 5018 2258 5058 cum
2298 5003 2584 5057 duodecim
2621 5000 2898 5055 celebrent
2947 4998 3280 5061 lectionibus,
3317 5006 3477 5066 atque
3529 4999 3574 5051 si

2003 5093 2166 5161 priori
2208 5091 2440 5155 videtur,
2479 5091 2657 5159 aliqua
2707 5090 2811 5144 illis
2857 5089 3222 5145 misericordia
3269 5090 3578 5144 refectionis

2003 5185 2351 5254 impenditur.
2389 5185 2653 5238 Caeterum
2682 5185 2766 5244 hi.
2807 5183 2898 5254 qui
2929 5191 3051 5237 sunt
3076 5198 3172 5253 per
3197 5183 3420 5239 cellulas
3449 5199 3578 5237 cou-

2003 5275 2199 5337 stiiuti,
2249 5275 2386 5330 trina
2429 5273 2656 5331 lectione
2698 5274 2959 5335 contenti.
2997 5274 3122 5328 dum
3170 5272 3315 5328 foras
3358 5274 3578 5329 minime

2007 5367 2285 5434 prodeant,
2307 5363 2568 5432 jujzan'um
2604 5366 2758 5419 suum
2790 5380 2854 5419 ex
2891 5380 3040 5420 more
3061 5375 3405 5421 conservant.

2070 5455 2324 5525 Jejunare
2373 5465 2551 5511 autem
2611 5457 2728 5512 illos
2779 5457 3028 5519 diximus,
3087 5459 3177 5526 qui
3215 5475 3405 5529 panem
3455 5476 3576 5514 cum

2003 5548 2115 5602 sale
2139 5559 2194 5602 et
2219 5563 2356 5617 aqua
2385 5548 2718 5618 percipiunt:
2748 5549 2837 5603 ubi
2865 5558 3043 5603 autem
3075 5560 3271 5618 prmtcr
3295 5552 3407 5606 hzec
3433 5549 3576 5604 aliud

2003 5639 2206 5708 aliquid
2257 5641 2494 5705 additur,
2550 5639 2842 5711 perfectum
2864 5640 3126 5710 jejunium
3181 5657 3286 5696 non
3332 5651 3572 5697 vocatur.

2005 5729 2265 5786 Solebant
2313 5738 2494 5785 autem
2545 5731 2632 5787 hic
2681 5734 2898 5802 quidam
2942 5742 2998 5788 et
3048 5733 3340 5789 Dominicis
3387 5731 3580 5785 diebus

3067 5823 3136 5882 11
