4106 6320
932 274 935 277 ν
996 314 1069 375 Si
1087 317 1295 375 PETRI
1324 316 1613 374 DAMIANI
1650 315 1802 372 OPP.
1836 312 2076 371 TOMUS
2109 311 2242 368 SEU
2284 312 2483 370 PARS.
2518 311 2605 369 Ill.
2636 344 2707 356 —
2731 311 3097 370 OPUSCULA
3134 313 3368 370 VARIA.

3696 319 3803 376 332

522 426 808 507 utriusque
827 435 1255 507 quadragesima:
1282 433 1623 492 coctionibus
1643 431 1936 495 abstinere,
1971 427 2115 498 quod
2143 432 2187 490 Α
2221 436 2349 482 tur.‘
2373 429 2579 483 Dantur
2607 436 2787 485 autem
2838 442 2906 483 ex
2957 441 3109 483 more
3149 427 3252 483 tria
3293 426 3461 485 millia
3512 443 3801 501 scoparum

524 545 625 586 nos
645 528 716 585 ob
742 529 1099 585 reverentiam
1127 544 1299 584 sacrae
1322 527 1428 583 diei
1461 524 1749 596 prohibere
1779 520 2107 578 curavimus.

524 619 733 676 Famuli
780 629 985 684 autem,
1035 618 1128 688 qui
1153 616 1436 673 nobiscum
1462 623 1607 680 sunt,
1643 628 1742 683 per
1790 611 1955 667 totius
1983 604 2111 663 anni

524 711 788 769 circulum
817 710 992 765 tribus
1017 724 1115 780 per
1161 707 1560 765 hebdomadam
1594 705 1783 760 diebus
1816 709 2003 758 tenent
2043 713 2112 755 ex

528 816 676 857 more
697 799 983 871 jejunium.
1012 800 1068 854 ln
1101 799 1209 854 illis
1247 808 1427 853 autem
1450 797 1658 853 duabus
1685 790 2112 864 quadragesimis

521 901 756 960 quatuor
800 891 918 945 dies
946 888 1329 945 convenienter
1353 887 1667 950 observant,
1719 882 1963 953 exceptis
2004 880 2110 945 his,

523 979 617 1050 qui
652 980 705 1033 in
730 979 817 1033 via
839 978 1058 1049 longius
1082 977 1405 1047 diriguntur.
1452 974 1496 1031 A
1522 975 1649 1029 vino
1673 980 1879 1038 autem,
1918 979 1978 1024 ut
2009 983 2110 1024 no-

524 1070 649 1136 stis,
680 1070 956 1140 aliquanto
1006 1078 1247 1140 tempore
1294 1067 1694 1131 eontinuimus;
1734 1065 1809 1118 ita
1849 1072 1911 1117 ut
1936 1073 2114 1130 neque

524 1159 674 1224 laici,
706 1174 882 1228 neque
918 1158 1262 1213 extrinsecus
1290 1159 1591 1222 venientes,
1620 1153 1707 1210 vel
1731 1152 1894 1209 etiam
1931 1151 1982 1205 in
2009 1149 2113 1204 Pa-

526 1246 658 1302 scha
689 1246 925 1309 Domini,
956 1246 1156 1315 aliquid
1206 1245 1314 1311 hic,
1355 1253 1552 1315 praeter
1592 1256 1788 1312 aquam
1816 1239 2067 1294 biberent
2095 1252 2111 1295 :

524 1350 702 1405 neque
733 1336 913 1391 vinum
949 1334 1057 1399 hic,
1089 1333 1193 1388 nisi
1216 1347 1315 1403 pro
1352 1330 1621 1385 sacriﬁcio
1653 1329 1960 1383 haberetur.
2005 1324 2112 1379 Sed

524 1426 783 1496 quoniam
818 1433 874 1478 et
898 1424 1001 1477 .hic
1033 1431 1311 1477 manentes
1339 1428 1625 1490 cmperunt
1661 1424 1988 1488 aegrotantes
2015 1415 2113 1468 de-

524 1521 708 1583 ficere,
735 1527 789 1571 et
811 1515 1027 1584 quidam
1054 1515 1121 1568 ad
1146 1528 1388 1567 eremnm
1418 1512 1651 1567 transire
1676 1509 1975 1580 cupientes,
2014 1506 2115 1560 hu-

494 1608 609 1678 .jns
637 1606 835 1677 rigoris
867 1604 1265 1660 observantiam
1296 1601 1510 1673 penitus
1535 1601 1860 1666 abhorrere;
1918 1601 2115 1653 frater-

508 1713 626 1761 μω,
651 1693 816 1767 324
849 1695 986 1760 sive,
1016 1701 1075 1748 ut
1108 1692 1288 1747 verius
1328 1692 1527 1756 dicam,
1554 1689 1829 1747 communi
1865 1686 2111 1743 imbecil-

2213 530 2312 587 pro
2341 519 2501 573 unius
2542 519 2669 573 anni
2709 518 3059 589 paenitentia,
3117 519 3232 575 sive
3276 520 3463 591 viginti
3510 522 3802 592 psalteria,

2214 618 2308 663 aut
2334 609 2521 679 viginti
2554 609 2793 679 quinque
2822 608 3022 665 missae.

2283 702 2360 757 De
2400 700 2699 771 psalmodia
2735 715 2865 755 vero
2896 702 3231 757 consuetudo
3268 710 3387 770 est,
3417 712 3478 758 ut
3520 720 3645 760 cum
3693 705 3806 763 duo

2213 793 2410 848 fratres
2434 792 2595 848 simul
2626 799 3034 847 commorantur
3059 791 3114 848 in
3144 794 3301 859 cella,
3337 794 3444 851 duo
3490 796 3806 866 persolvant

2215 881 2266 936 in
2295 882 2384 937 die
2412 881 2688 951 psalteria,
2718 896 2884 935 unum
2917 896 3016 951 pro
3040 882 3198 945 vivis,
3228 883 3457 939 alterum
3479 900 3580 956 pro
3609 886 3807 942 defun-

2214 974 2337 1029 etis.
2373 974 2440 1028 Et
2468 973 2594 1027 illud
2623 972 2871 1042 quidem,
2904 973 3048 1042 quod
3093 960 3177 1030 est
3206 974 3494 1043 vivorum,
3542 992 3663 1032 cum
3696 977 3808 1034 illis

2213 1064 2411 1118 dicitur
2451 1063 2854 1128 additamentis,
2884 1078 3004 1133 qua:
3050 1065 3242 1120 beatus
3271 1065 3608 1124 Romualdus
3629 1083 3807 1139 appo-

2214 1154 2352 1217 suit;
2385 1153 2526 1223 quod
2546 1167 2675 1208 vero
2703 1168 2801 1223 pro
2823 1153 3091 1209 defunctis
3114 1170 3235 1210 cum
3263 1171 3454 1212 novem
3477 1156 3807 1214 lectionibus

2215 1242 2434 1308 dicitur,
2482 1241 2653 1296 tribus
2693 1240 2950 1296 nimirum
2981 1256 3077 1312 per
3104 1242 3516 1315 quinquagenos
3541 1245 3803 1317 psalmos-

2214 1333 2315 1400 Qui
2349 1342 2529 1389 autem
2558 1331 2707 1389 solus
2727 1340 2997 1399 moratur,
3038 1332 3361 1389 Psalterium
3406 1335 3622 1404 quidem
3653 1341 3810 1391 vivo-

2214 1438 2333 1477 rum
2358 1430 2527 1478 totum
2549 1437 2647 1492 per
2676 1421 2917 1494 singulos
2946 1424 3062 1478 dies
3087 1423 3347 1494 adimplet
3374 1442 3388 1478 :
3420 1423 3810 1482 defunctorum

2213 1522 2395 1568 autem
2423 1514 2537 1568 sive
2562 1512 2823 1579 medium,
2852 1513 2965 1569 sive
2997 1521 3170 1570 totum
3189 1553 3206 1579 ,
3241 1513 3398 1583 juxta
3429 1515 3571 1586 quod
3602 1516 3810 1570 virium

2212 1604 2545 1677 possibilitas
2573 1604 2940 1660 administrat.
2975 1605 3245 1661 Horarum
3288 1615 3469 1662 autem
3499 1608 3811 1678 psalmodia

2214 1696 2480 1752 canonica
2526 1696 2770 1760 omnino,
2796 1695 2935 1750 sicut
2978 1695 3035 1751 in
3065 1697 3397 1753 monasterio
3419 1738 3435 1765 ,
3476 1698 3552 1753 ita
3587 1698 3680 1754 hic
3709 1713 3813 1770 per

510 1788 663 1843 'litati
698 1784 1095 1856 dispensatorie
1123 1783 1615 1840 condescendentes
1657 1779 2008 1844 indulsimus,
2044 1786 2107 1833 ut
2138 1799 2182 1857 Β
2207 1789 2475 1853 ordinem,
2498 1795 2610 1842 [ma
2633 1786 2986 1841 nihilominus
3017 1785 3362 1857 adimpletur,

514 1877 704 1931 viuum
718 1876 807 1931 hic
829 1882 1043 1929 servato
1070 1872 1382 1928 sobrietatis
1406 1870 1773 1926 moderamine
1792 1868 2103 1925 biberetur:

519 1980 578 2025 ut
608 1969 751 2040 quod
800 1984 922 2022 cum
953 1966 1160 2022 Joanne
1194 1981 1300 2020 non
1338 1979 1627 2034 possumus
1671 1977 1738 2017 ex
1783 1971 1897 2017 toto
1947 1960 2109 2016 relin-

519 2075 710 2132 quere,
741 2058 936 2113 saltem
965 2072 1087 2110 cum
1114 2054 1399 2109 Timotheo
1419 2053 1572 2108 Pauli
1599 2053 1862 2122 discipulo
1888 2052 2107 2106 studea-

520 2164 643 2205 mus
691 2147 907 2203 inﬁrmo
932 2145 1217 2202 stomacho
1266 2144 1476 2208 sobrie,
1530 2151 1585 2197 et
1625 2144 1901 2198 humiliter
1941 2142 2108 2196 mini-

520 2248 696 2294 strare
726 2235 775 2308 (ι
806 2234 941 2288 Tim.
966 2236 1023 2302 v)
1056 2251 1069 2287 :
1102 2242 1157 2287 et
1194 2232 1287 2302 qui
1324 2248 1549 2302 prorsus
1571 2232 1821 2288 abstemii
1853 2246 1975 2286 esse
2003 2245 2109 2285 non

521 2342 831 2400 possumus,
856 2340 978 2381 esse
1002 2323 1194 2380 saltem
1234 2322 1400 2378 sobrii
1443 2325 1777 2378 studeamus.
1826 2320 2112 2376 Verumta-

520 2435 644 2475 men
671 2418 725 2472 in
752 2417 1027 2489 praedictis
1069 2417 1277 2471 duabus
1301 2416 1733 2486 quadragesimis
1775 2414 2112 2470 consuetudo

522 2513 731 2577 tenuit,
773 2520 834 2565 ut
868 2524 1045 2580 neque
1070 2509 1392 2573 monachis,
1448 2523 1621 2578 neque
1665 2507 1818 2562 laicis
1861 2506 1969 2561 vini
2028 2504 2114 2560 vel

521 2604 683 2659 etiam
714 2601 876 2671 piscis
905 2599 1181 2671 perceptio
1229 2598 1578 2654 concedatur.
1607 2596 1950 2651 Pnlmentum
1979 2609 2115 2664 quo-

521 2711 628 2766 que
665 2695 733 2759 in,
765 2695 970 2750 eisdem
1011 2693 1441 2765 quadragesimis
1483 2707 1761 2761 nunquam
1808 2691 1880 2746 sit
1918 2699 2113 2760 pt‘mtcr

522 2803 711 2853 unum,
742 2787 845 2842 nisi
870 2787 954 2841 his
978 2794 1210 2856 quatuor
1232 2784 1616 2841 festivitatibus
1634 2823 1648 2847 ,
1676 2783 1884 2838 scilicet
1907 2782 1965 2836 Β.
1997 2782 2111 2835 An-

522 2878 686 2944 ἀνεῖν,
714 2877 769 2934 S.
794 2877 1095 2941 Benedicti,
1121 2876 1176 2929 in
1200 2875 1478 2930 Dominica
1508 2874 1841 2940 i‘almarum,
1870 2881 1925 2928 et
1946 2873 2110 2926 (laena

521 2968 758 3034 Domini,
785 2967 979 3038 quibus
997 2967 1257 3022 nimirum
1287 2965 1672 3021 sacratissimis
1697 2965 1887 3020 diebus
1910 2965 2109 3033 pisces,

520 3075 576 3121 et
615 3065 797 3120 vinum
829 3078 952 3118 cum
980 3061 1276 3134 gratiarum
1301 3060 1513 3115 actione
1542 3059 1937 3131 percipiuntur.

2281 1877 2445 1949 325
2482 1877 2595 1932 Hoc
2624 1884 2808 1931 autem
2861 1877 3006 1930 inter
3052 1885 3246 1930 caetera
3278 1876 3813 1946 praetermittendum

2209 1984 2317 2024 non
2353 1978 2470 2034 est,
2500 1967 2627 2039 quia
2678 1967 2735 2021 in
2781 1965 2991 2021 cellulis
3030 1966 3347 2021 continuum
3398 1975 3632 2035 tenetur,
3661 1968 3814 2027 sicut

2211 2074 2401 2115 revera
2437 2060 2488 2113 in
2521 2059 2790 2121 oratorio,
2824 2072 2892 2112 ex
2921 2071 3072 2112 more
3101 2056 3374 2112 silentium
3404 2075 3419 2112 :
3450 2074 3552 2115 nec
3581 2067 3815 2129 prazter-

2211 2150 2463 2215 mittitur,
2491 2158 2553 2203 ut
2580 2148 2691 2204 illic
2716 2146 2912 2217 aliquis
2934 2147 3013 2227 vel
3042 2162 3142 2217 pro
3160 2146 3500 2204 confessione
3522 2148 3810 2219 loquatur;

2210 2251 2433 2312 excepto
2459 2240 2505 2295 si
2536 2240 2702 2311 priori
2750 2240 2924 2294 visum
2958 2238 3120 2294 fuerit
3141 2279 3157 2303 ,
3201 2247 3262 2294 ut
3294 2239 3546 2306 novitiis,
3580 2254 3811 2296 corum-

2211 2347 2318 2403 que
2349 2330 2753 2387 institutoribus
2773 2330 2841 2384 ad
2873 2339 3084 2398 tempus
3113 2330 3510 2398 aliquantulum
3541 2330 3810 2401 loquendi

2210 2421 2430 2479 licentia
2462 2420 2809 2476 concedatur.
2859 2416 2915 2474 Si
2946 2418 3075 2487 quid
3105 2430 3285 2475 autem
3326 2419 3477 2489 loqui
3523 2420 3805 2490 indigent.

2212 2511 2281 2568 ad
2315 2511 2601 2567 ecclesiam
2642 2508 3002 2581 prodeuntes,
3033 2523 3262 2580 quaeque
3315 2519 3448 2566 sunt
3491 2510 3805 2565 necessaria

2223 2600 2597 2656 manifestant.

2282 2693 2418 2749 illud
2437 2692 2600 2747 etiam
2625 2707 2732 2747 non
2763 2689 2990 2747 minima
3018 2705 3145 2761 pars
3168 2691 3504 2762 pcenitentize
3525 2700 3633 2756 est,
3659 2693 3806 2761 quod

2212 2786 2362 2843 omni
2396 2795 2660 2856 tempore,
2689 2786 2804 2840 sive
2832 2793 3042 2856 aestate,
3072 2784 3186 2839 sive
3216 2783 3416 2849 hieme,
3442 2800 3551 2839 non
3578 2785 3804 2850 calceis,

2211 2890 2319 2930 non
2342 2876 2520 2931 ocreis
2543 2883 2770 2930 utuntur
2794 2875 2848 2930 in
2873 2875 3112 2943 cellulis;
3138 2875 3234 2930 sed
3261 2876 3420 2930 nudis
3444 2891 3658 2947 semper
3677 2891 3808 2932 cru-

2212 2968 2392 3032 ribus,
2424 2975 2480 3022 et
2506 2967 2734 3037 pedibus
2756 2967 3092 3022 consuetudo
3134 2977 3219 3021 est
3247 2982 3601 3037 permanere,
3631 2982 3807 3024 exce-

2213 3057 2321 3128 ptis
2345 3057 2432 3113 his
2462 3058 2552 3127 qui
2581 3059 2733 3128 gravi
2765 3057 3010 3112 molestia
3047 3057 3378 3112 inﬁrmitatis
3408 3066 3692 3128 urgentur.

584 3158 649 3212 In
681 3156 920 3211 Sabbato
954 3163 1134 3209 autem
1162 3162 1354 3208 sancto
1373 3192 1389 3218 ,
1418 3166 1518 3207 nec
1560 3167 1667 3205 non
1711 3159 1767 3204 et.
1796 3150 1976 3220 vigilia
2004 3149 2111 3204 Νει-
2138 3150 2182 3211 C
2285 3149 2554 3219 Regulare
2576 3157 2755 3202 autem
2780 3156 2863 3203 est
2888 3148 3256 3211 monasteriis,
3283 3156 3342 3202 ut
3368 3148 3423 3202 hi
3453 3148 3544 3217 qui
3578 3150 3631 3202 in
3658 3148 3805 3202 viam

508 3246 647 3303 italis
673 3245 904 3309 Domini,
945 3253 1003 3298 ut
1039 3243 1192 3299 labor
1213 3242 1564 3299 ecclesiastici
1615 3241 1886 3297 relevetur
1912 3241 2103 3307 ofﬁcii,

505 3346 692 3393 totum
719 3349 938 3406 panem,
967 3333 1057 3405 qui
1079 3334 1368 3401 voluerint,
1401 3333 1693 3389 comedunt
1719 3349 1732 3385 :
1782 3331 1948 3386 alium
1978 3347 2107 3387 vero

521 3430 702 3484 cibum
733 3426 848 3481 sive
896 3424 1044 3491 laici,
1089 3425 1204 3479 sive
1250 3422 1505 3478 monachi
1532 3422 1749 3493 penitus
1779 3435 1885 3475 non
1912 3420 2108 3474 admit—

523 3528 662 3574 tunt.
690 3517 825 3572 Tres
853 3524 1032 3571 autem
1058 3514 1393 3569 solummodo
1432 3524 1639 3568 octavae
1666 3526 1763 3582 per
1790 3526 1990 3565 annum
2032 3510 2104 3564 ita

522 3611 900 3674 celebrantur,
927 3618 987 3664 ut
1026 3606 1274 3678 jejunare
1316 3605 1407 3660 hic
1436 3619 1600 3660 nemo
1629 3612 1854 3674 cogatur
1879 3643 1893 3667 ,
1925 3602 1977 3657 id
1999 3609 2103 3666 est,

521 3702 815 3758 Dominicis
856 3699 1292 3756 Resurrectionis
1314 3737 1330 3764 ,
1365 3707 1421 3753 et
1465 3705 1670 3751 sancta:
1716 3695 2065 3750 Pentecostes
2088 3735 2102 3758 ,

522 3805 687 3864 atque
706 3792 913 3848 Natalis
939 3790 1170 3847 Domini.
1204 3790 1312 3844 Sed
1339 3788 1685 3859 quibusdam,
1718 3786 1844 3857 quia
1886 3795 2108 3857 propter

523 3886 933 3943 desuetudinem
960 3882 1023 3956 [{.
1039 3877 1509 3950 consuetudinem]
1523 3892 1685 3949 grave
1697 3886 1781 3932 est
1802 3878 1965 3932 totius
1984 3876 2109 3931 lteb-

524 3979 769 4036 domada:
798 3977 978 4033 binam
1007 3976 1325 4030 continuare
1354 3971 1738 4036 refectionem,
1771 3969 2109 4041 quandoqui-

524 4069 649 4125 dem
670 4068 775 4121 hoc
799 4064 1074 4120 humiliter
1102 4069 1399 4131 expetunt,
1421 4058 1670 4128 jejunare
1714 4058 2108 4130 aliquantulum

524 4172 625 4228 pro
648 4153 1015 4209 misericordia
1041 4152 1433 4207 conceduntur.
1458 4149 1805 4205 Consuetudo
1826 4157 1907 4204 est
1928 4158 2107 4203 autem

527 4246 783 4304 fratribus
813 4245 866 4299 in
895 4243 1081 4300 diebus
1106 4242 1400 4297 Dominicis
1434 4241 1581 4295 omni
1609 4249 1871 4310 tempore,
1911 4251 2111 4310 pra-ter

526 4337 971 4410 quadragesimas
998 4335 1154 4398 duas,
1195 4333 1299 4388 duo
1321 4332 1524 4388 habere
1562 4332 1869 4403 pulmenta;
1904 4332 1957 4386 in
1989 4332 2111 4387 aliis

526 4442 662 4482 vero
696 4425 883 4481 diebus
911 4438 1073 4478 unum
1101 4423 1457 4478 solummodo.
1482 4421 1549 4476 Et
1572 4423 1637 4477 de
1657 4420 1875 4492 jejuniis
1893 4421 2107 4491 quidem

530 4520 632 4574 ista
657 4515 945 4571 sulﬁciant.

598 4610 657 4666 In
687 4608 899 4665 caiteris
928 4617 1106 4661 autem
1148 4604 1442 4675 spiritualis
1467 4605 1711 4661 exercitii
1742 4603 1955 4671 studiis,
1986 4620 2107 4675 qua:

528 4706 601 4763 sit
618 4703 860 4761 continui
891 4700 1119 4757 fervoris
1148 4700 1422 4766 instantia,
1451 4715 1574 4770 quae
1592 4700 1920 4768 sollicitudo,
1942 4716 2103 4771 quam

527 4799 656 4871 vigil
683 4806 739 4854 et
762 4810 989 4866 operosa
1028 4793 1370 4864 frequentia,
1420 4793 1583 4848 timeo
1610 4793 1830 4849 dicere:
1871 4808 1941 4848 ne
1974 4794 2105 4849 mihi

528 4890 815 4955 similibus,
847 4885 1132 4942 desidiosis
1172 4884 1447 4950 videlicet,
1492 4892 1549 4938 et
1589 4885 1985 4957 negligentibus
2029 4886 2109 4940 vi-

530 4982 662 5038 dear
687 4991 954 5035 onerosus
981 4975 1237 5039 existere,
1269 4982 1434 5044 atque
1473 4988 1661 5029 eorum
1698 4975 1751 5028 in
1790 4989 1874 5029 me
1901 4974 2109 5043 aliqua-

531 5082 695 5127 tenus
719 5068 978 5123 invidiam
1015 5064 1289 5121 coneitare
1327 5081 1340 5117 :
1392 5064 1495 5118 hoc
1536 5073 1717 5119 tamen
1750 5063 1883 5119 mihi
1923 5063 2107 5128 liceat,

530 5162 660 5232 quia
692 5170 837 5216 tanta
870 5168 956 5214 cst
994 5157 1271 5225 diligentia
1324 5155 1377 5210 in
1418 5154 1740 5211 ﬁexionibus
1768 5170 2027 5225 genuum,
2058 5157 2108 5210 in

530 5250 832 5321 disciplinis
854 5264 1170 5319 scoparum,
1202 5257 1260 5303 et
1309 5248 1362 5302 in
1413 5247 1624 5302 caneris
1671 5247 2000 5316 hujusmodi,
2055 5258 2114 5302 ut

529 5360 653 5400 cum
684 5341 909 5413 quilibet
953 5341 1221 5409 paenitens
1252 5340 1472 5395 incertae
1501 5339 1697 5393 mentis
1729 5347 1897 5404 metu,
1931 5338 2109 5407 injun-
2187 5354 2205 5369 ο

534 5448 673 5493 ctam
697 5432 1068 5506 paenitentiam
1100 5446 1195 5500 per
1236 5431 1351 5485 haec
1378 5431 1618 5485 remedia
1665 5429 1885 5501 implere
1913 5432 2107 5500 princio

534 5529 696 5597 pitur,
738 5523 887 5581 brevi
917 5533 1157 5592 tempore
1183 5520 1339 5591 longa
1375 5520 1691 5590 pmnitentia
1740 5529 2105 5587 consumatur,

535 5618 678 5677 salva
712 5624 891 5670 tamen
934 5611 1357 5676 consuetudine,
1406 5620 1463 5666 nt
1509 5612 1556 5668 si
1611 5612 1952 5683 postmodum
1998 5614 2106 5668 vita

535 5713 768 5773 nominis
806 5712 861 5767 in
890 5710 1105 5779 longum
1136 5707 1368 5776 ducitur,
1407 5706 1671 5778 jejunium
1702 5719 1807 5760 non
1839 5702 2108 5774 relinqua-

2206 3237 2534 3308 diriguntur,
2582 3236 2714 3290 foris
2760 3251 2865 3291 non
2915 3236 3237 3303 comedant,
3265 3236 3308 3291 si
3341 3249 3408 3291 eo
3453 3235 3540 3292 die
3580 3245 3808 3306 sperant

2206 3330 2403 3385 reverti
2442 3348 2454 3384 τ
2485 3330 2572 3385 cui
2602 3328 2851 3384 videlicet
2899 3329 3261 3384 observantia:
3296 3327 3426 3382 illud
3455 3328 3618 3382 etiam
3659 3328 3805 3399 apud

2206 3438 2306 3477 nos
2341 3421 2560 3477 additur
2591 3439 2605 3475 :
2638 3430 2697 3474 ut
2726 3420 2841 3475 sive
2889 3419 3039 3490 ipso,
3073 3420 3189 3474 sive
3224 3420 3330 3474 alio
3359 3419 3448 3474 die
3489 3416 3656 3473 fuerit
3679 3419 3807 3488 quis

2204 3500 2455 3585 egressus
2475 3554 2490 3579 ,
2512 3510 2730 3580 jejunus
2758 3526 2973 3580 semper
3009 3512 3075 3567 ad
3125 3526 3369 3567 eremnm
3401 3519 3729 3567 revertatur.
3764 3566 3777 3577 ,

2279 3605 2354 3660 De
2385 3604 2596 3659 caeteris
2627 3618 2757 3658 vero
2789 3603 3105 3659 monasticae
3148 3602 3509 3658 institutionis
3536 3602 3803 3659 observa-

2210 3694 2445 3750 tionibus
2491 3694 2751 3764 quidquid
2783 3695 2833 3747 in
2863 3694 3097 3765 regulari
3119 3735 3134 3759 ,
3166 3704 3223 3748 et
3248 3695 3498 3749 districto
3526 3705 3806 3750 monaste-

2209 3788 2289 3843 rio
2317 3796 2553 3851 tenetur,
2572 3787 2710 3842 idem
2738 3788 2899 3841 etiam
2930 3788 3018 3843 hic
3045 3797 3225 3853 caute,
3252 3801 3309 3843 et
3332 3789 3565 3844 solerter
3592 3788 3797 3843 nihilo-

2209 3879 2387 3933 minus
2422 3877 2724 3933 custoditur
2763 3896 2776 3931 :
2822 3877 3071 3932 videlicet
3122 3878 3190 3933 de
3231 3879 3635 3949 promptissima
3673 3879 3805 3934 obe-

2210 3971 2452 4034 dientia,
2501 3978 2561 4024 ut
2609 3971 2971 4039 quodcunque
3012 3972 3347 4041 praecipitur,
3404 3971 3806 4028 ferventissime

2209 4070 2539 4134 peragatur:
2574 4061 2640 4115 de
2684 4075 2792 4115 non
2825 4060 3003 4115 dando
3027 4101 3043 4128 ,
3075 4062 3157 4116 vel
3189 4062 3509 4132 accipiendo
3539 4062 3657 4116 sine
3676 4060 3801 4129 jus-

2211 4151 2582 4224 sione_prioris
2610 4169 2623 4205 :
2651 4151 2717 4206 de
2740 4151 2960 4221 proprio
2989 4167 3097 4206 non
3123 4152 3372 4207 habendo
3401 4170 3413 4206 :
3443 4162 3501 4206 ut
3524 4154 3650 4207 dum
3675 4163 3807 4209 sunt

2212 4246 2266 4301 in
2294 4246 2553 4310 claustro,
2578 4244 2720 4312 quod
2743 4252 2829 4296 est
2849 4243 3008 4311 juxta
3032 4243 3344 4308 ecclesiam,
3372 4242 3486 4297 sive
3512 4243 3564 4297 in
3591 4241 3805 4299 festivis

2212 4338 2425 4402 diebus,
2449 4335 2564 4390 sive
2587 4333 3348 4403 omnibusincompetcntibus
3364 4333 3514 4388 horis
3526 4332 3804 4387 silentium

2216 4436 2436 4485 teneant
2465 4447 2477 4481 :
2512 4435 2569 4480 ut
2602 4427 2654 4479 in
2684 4424 2922 4495 capitulo
2942 4465 2957 4492 ,
3000 4420 3059 4481 in
3109 4427 3384 4493 oratorio,
3427 4426 3482 4480 in
3513 4425 3806 4480 refectnrin

2136 4531 2184 4590 D
2210 4520 2511 4593 regularem
2541 4516 2989 4572 consuetudinem
3016 4531 3125 4571 non
3166 4524 3495 4586 postponam
3520 4534 3534 4569 :
3584 4524 3643 4569 ut
3675 4529 3804 4569 cum

2208 4612 2513 4683 hospitibus
2558 4625 2663 4664 non
2699 4610 3009 4679 loquantur,
3045 4618 3210 4678 atque
3251 4609 3378 4664 ideo
3414 4625 3444 4662 a
3477 4606 3688 4663 cellulis
3712 4621 3805 4660 us-

2209 4717 2314 4773 que
2342 4701 2409 4755 ad
2439 4699 2727 4755 ecclesiam
2775 4700 2892 4755 sive
2919 4701 3204 4755 venientes
3226 4740 3241 4767 ,
3273 4701 3390 4754 sive
3416 4699 3737 4763 redeuntes,
3769 4713 3802 4750 a

2209 4813 2437 4853 censura
2469 4796 2667 4850 silentii
2700 4811 2808 4851 non
2840 4797 3129 4860 recedant;
3156 4803 3213 4850 et
3241 4795 3411 4850 multa
3448 4792 3611 4862 hujus
3634 4806 3805 4863 gene-

2212 4889 2288 4943 ris
2308 4928 2322 4951 ,
2368 4902 2487 4956 qum
2513 4886 2771 4941 nimirum
2803 4901 2904 4941 nos
2945 4886 3146 4941 idcirco
3174 4899 3498 4941 enumerare
3521 4881 3806 4954 postponi-

2213 4965 2354 5038 mns.
2382 4975 2510 5043 quia
2540 4974 2784 5029 laciniosi
2815 4973 2940 5045 styli
2969 4973 3249 5029 fastidium
3270 4964 3593 5028 devitamus.
3623 4969 3810 5027 Taceo

2213 5068 2280 5122 de
2326 5066 2531 5119 vilitate
2578 5074 2909 5134 spontanea,
2955 5073 3011 5117 ct
3071 5064 3368 5134 asperitate
3418 5062 3685 5128 vestium,
3737 5061 3808 5116 de

2214 5156 2442 5220 duritia,
2470 5156 2537 5210 de
2565 5156 2887 5211 austeritate
2911 5154 3194 5219 cubilium,
3227 5163 3283 5209 et
3311 5155 3380 5210 de
3398 5153 3648 5208 districta
3674 5167 3809 5207 cen-

2212 5265 2339 5305 sura
2366 5248 2605 5315 silentii,
2644 5249 2713 5303 de
2742 5263 2926 5302 amore
2952 5255 3224 5318 perpetuae
3253 5245 3595 5302 inclusionis.

2288 5340 2423 5395 Illud
2447 5355 2580 5396 sane
2610 5348 2804 5395 cuneta
2827 5339 3046 5393 videtur
3070 5336 3366 5402 excellere,
3397 5335 3527 5390 illud
3551 5334 3809 5391 omnibus

2216 5443 2403 5490 sancte
2424 5433 2735 5489 viventibus
2755 5432 2918 5503 digne
2947 5441 3203 5488 censetur
3223 5430 3517 5486 virtutibus
3541 5429 3808 5492 eminere,

2216 5524 2356 5593 quod
2389 5532 2538 5579 tanta
2573 5534 2657 5579 est
2685 5523 2826 5578 inter
2874 5522 3076 5577 fratres
3121 5521 3397 5584 charitas,
3429 5529 3582 5574 tanta
3620 5518 3807 5571 unitas

2217 5614 2553 5671 voluntatum
2591 5614 2783 5670 vicarii
2815 5613 3017 5668 amoris
3065 5612 3192 5683 igne
3237 5611 3507 5676 conﬂata;
3551 5617 3614 5664 ut
3641 5622 3812 5661 unus-

2217 5707 2447 5778 quisque
2480 5722 2540 5764 se
2585 5723 2691 5764 non
2739 5705 2845 5762 sibi
2867 5745 2880 5772 ,
2928 5705 3025 5762 sed
3071 5704 3326 5762 omnibus
3353 5710 3540 5760 natum
3570 5698 3760 5757 credat
3792 5714 3808 5752 :
3844 5724 3847 5729 -
