4110 5364
364 331 474 391 553

1247 315 1488 376 OPUSC.
1522 317 1658 374 XIV.
1691 347 1757 357 ——
1786 314 1875 373 DE
1895 312 2150 371 ORDlNE
2189 312 2492 379 EREMIT.,
2519 310 2668 368 ETC.

3507 307 3613 365 355

365 441 514 512 quod
557 438 790 494 alienum
838 435 950 497 est,
987 430 1099 500 ipse
1144 430 1460 499 possideat:
1513 435 1566 482 et
1599 426 1743 496 quod
1786 439 1942 480 suum
1973 433 2018 485 Α
2049 424 2133 477 his
2176 424 2266 492 qui
2301 424 2395 477 tibi
2444 421 2642 478 subditi
2682 421 2916 488 fuerint,
2972 435 3078 476 non
3113 421 3358 478 declines
3402 437 3432 477 a
3477 423 3624 481 bono

367 544 452 591 est
473 575 487 597 ,
519 533 572 586 in
602 543 790 586 omnes
819 534 1044 580 extenso
1069 535 1252 575 amore
1285 518 1646 574 transfundat.

442 623 556 677 Hoc
597 619 726 674 mihi
771 616 933 670 etiam
979 627 1085 666 non
1133 610 1478 666 mediocriter
1522 608 1724 676 placet,
1756 604 1951 658 fratres

369 713 478 769 mei
503 751 516 775 ,
553 709 679 780 quia
704 706 749 760 si
774 704 893 773 quis
923 703 1064 756 inter
1093 714 1189 754 vos
1216 698 1446 753 debilior
1468 695 1801 766 apparuerit,
1825 707 1949 747 mox

369 819 561 860 omnes
589 800 838 856 certatim
859 838 873 862 ,
902 797 1031 866 quid
1074 794 1329 864 patiatur,
1379 791 1685 861 inquiritis,
1714 799 1771 844 ut
1801 805 1860 844 se
1884 787 1952 843 de

371 895 532 951 solito
561 891 737 960 rigore
788 886 1067 940 remittere
1116 897 1222 936 non
1278 891 1538 944 moretur,
1572 880 1867 941 instantes,
1898 885 1954 932 et

369 999 480 1038 non
510 981 680 1035 solum
713 973 1019 1030 necessaria
1051 985 1279 1041 quaeque
1301 982 1594 1040 suggerere
1613 1009 1626 1032 ,
1661 967 1756 1022 sed
1786 967 1951 1020 etiam

370 1072 732 1140 vosmetipsos
760 1066 825 1121 ad
871 1066 990 1135 ejus
1036 1063 1338 1118 custodiam
1389 1059 1664 1114 ultroneos
1710 1055 1955 1128 gaudetis

373 1166 591 1220 oderre.

442 1253 576 1308 lllud
599 1251 761 1307 etiam
792 1247 1003 1304 silentio
1029 1243 1294 1315 prieteriri
1324 1243 1547 1325 dignum
1575 1253 1695 1296 esse
1721 1254 1828 1294 non
1857 1240 1955 1293 du-

371 1345 547 1400 cimus
566 1384 580 1408 ,
612 1342 736 1411 quia
763 1355 886 1393 cum
916 1337 1082 1391 frater
1111 1335 1377 1405 quispiam
1403 1347 1471 1387 ex
1501 1332 1704 1386 nostris
1733 1328 1952 1394 obierit,

371 1435 742 1505 unusquisque
788 1445 885 1499 pro
927 1445 992 1484 eo
1039 1436 1245 1496 septem
1300 1425 1416 1480 dies
1461 1422 1700 1492 jejunat,
1750 1431 1955 1491 septem

369 1525 688 1596 disciplinas
718 1539 838 1577 cum
889 1519 1123 1574 millenis
1170 1533 1456 1587 scoparum
1501 1516 1698 1569 ictibus
1731 1512 1954 1581 accipit,

371 1620 743 1688 septingentas
789 1622 1078 1666 melanan
1110 1608 1267 1672 facit,
1307 1608 1526 1677 triginta
1557 1605 1781 1674 insuper
1807 1600 1957 1656 Psal-

376 1709 511 1763 teria
556 1722 622 1760 ex
667 1717 816 1757 more
864 1701 1150 1761 decantat,
1179 1697 1450 1751 coutinuis
1480 1709 1693 1765 quoque
1737 1692 1958 1761 triginta

2053 516 2266 568 tramite
2288 555 2301 577 ,
2329 529 2424 584 per
2455 529 2615 583 quem
2647 513 2700 567 in
2727 513 2829 567 hoc
2857 513 2974 567 loco
3004 529 3147 568 nunc
3195 514 3484 579 inceditur,
3514 530 3623 570 non

2053 607 2293 659 abcrres.
2328 605 2534 658 Pudeat
2580 619 2676 659 vos
2706 604 2773 658 ab
2810 603 3021 657 illorum
3064 605 3344 660 nobilitate
3385 605 3504 660 lieri
3545 606 3627 660 vi-

2051 697 2227 750 vendo
2252 696 2548 765 degeneres
2566 734 2581 758 ,
2605 694 2697 763 qui
2737 693 2864 748 facti
2893 695 3027 750 estis
3056 695 3363 751 habitaculo
3407 710 3626 752 succes-

2053 800 2222 840 sores.
2256 786 2443 849 Absit,
2469 795 2531 840 ut
2575 784 2742 840 divini
2775 783 3018 853 obsequii
3063 800 3257 842 census
3284 796 3467 843 vestro
3491 796 3630 844 tem-

2052 891 2183 945 pore
2206 876 2454 931 videatur
2484 875 2754 939 imminui,
2781 875 2872 945 qui
2898 876 3010 930 Deo
3034 892 3099 931 ex
3130 877 3290 947 hujus
3316 877 3420 933 loci
3447 879 3626 933 reditu

2053 967 2262 1021 solebat
2287 976 2413 1022 ante
2433 966 2665 1037 persolvi
2695 985 2708 1020 :
2737 983 2843 1021 non
2874 966 3050 1036 impar
3067 967 3265 1036 quippe
3293 984 3516 1038 pensum
3539 970 3633 1024 de-

2055 1059 2150 1114 biti
2185 1061 2424 1116 muneris
2467 1061 2670 1129 exigit,
2721 1061 2812 1130 qui
2860 1061 3252 1129 possessionem
3295 1077 3448 1116 suam
3476 1061 3634 1118 novis

2055 1153 2307 1222 agricolis
2333 1153 2553 1221 antiqua
2582 1152 2842 1206 censitam
2875 1152 3132 1221 pensione
3158 1151 3372 1208 locavit.

2116 1239 2242 1295 "Non
2266 1257 2396 1311 ergo
2422 1256 2518 1296 vos
2545 1256 2640 1311 per
2667 1242 2916 1312 spatiose
2948 1243 3049 1296 vite
3107 1243 3445 1298 latitudinem
3487 1243 3639 1298 deleo

2057 1341 2165 1387 ctet
2195 1332 2464 1398 incedere,
2495 1333 2586 1402 qui
2626 1331 2887 1401 jubetnini
2919 1347 3016 1402 per
3062 1342 3348 1405 angustant
3390 1343 3636 1404 portam,

2057 1434 2177 1488 qua:
2215 1420 2366 1474 ducit
2412 1421 2480 1474 ad
2527 1421 2728 1486 vitam,
2759 1421 2965 1476 intrare
3007 1421 3222 1492 (Matth.
3271 1422 3394 1492 vtt).
3435 1421 3640 1478 Stricta

2059 1526 2291 1580 namque
2320 1513 2402 1566 via
2432 1521 2516 1566 est
2552 1527 2672 1582 qua:
2700 1513 2848 1567 ducit
2874 1515 2943 1568 ad
2977 1513 3203 1580 caelum;
3245 1513 3420 1582 ampla
3453 1521 3638 1568 autem

2059 1609 2172 1664 est,
2201 1615 2322 1670 qua:
2347 1603 2545 1673 mergit
2573 1603 2628 1657 in
2662 1612 2949 1657 tartarum.
2998 1602 3113 1657 Non
3146 1604 3329 1674 itaque
3355 1603 3423 1658 ad
3449 1617 3640 1658 mona-

2061 1691 2336 1746 sterialem
2384 1691 2737 1747 laxitudinem
2774 1695 2843 1747 ab
2890 1693 3173 1748 eremitica
3221 1709 3318 1749 vos
3345 1694 3513 1749 libeat
3558 1693 3639 1748 di-

373 1813 474 1868 pro
515 1812 580 1851 eo
628 1794 820 1849 diebus
867 1791 1155 1844 missarum
1202 1786 1460 1840 solemnia
1493 1783 1799 1854 specialiter
1822 1780 1964 1836 cele-
1991 1779 2034 1837 B
2064 1781 2344 1836 strictione
2365 1783 2719 1838 descendere:
2743 1783 3021 1849 et,relicta
3044 1783 3161 1854 lege
3186 1785 3432 1852 spiritus,
3455 1785 3637 1838 carnis

374 1889 620 1942 brantur.
657 1884 780 1937 llaec
815 1882 980 1952 igitur
1017 1879 1176 1949 hujus
1209 1877 1313 1932 loci
1340 1875 1525 1946 regula
1555 1873 1698 1928 nulla
1721 1872 1830 1926 voti
1857 1887 1955 1926 va-

376 1980 569 2033 rietate
595 1979 938 2046 postponitur
963 1990 974 2025 :
1002 1972 1117 2027 haec
1145 1971 1477 2026 consuetudo
1505 1968 1652 2024 circa
1678 1965 1958 2021 defunctos

376 2068 622 2124 districta
658 2064 823 2136 326
861 2077 1087 2132 prorsus
1121 2068 1177 2116 et
1214 2057 1510 2114 inviolabili
1539 2072 1752 2126 semper
1774 2055 1961 2109 obser-

379 2159 595 2211 vatione
619 2163 854 2209 tenetur.
881 2152 938 2207 Si
971 2151 1092 2220 quis
1125 2157 1304 2203 autem
1337 2147 1566 2202 fortasse
1596 2144 1852 2210 novitius,
1877 2142 1959 2198 vel

374 2247 613 2318 quolibet
660 2245 818 2298 modo
868 2251 1040 2296 morte
1069 2247 1407 2310 praeventus,
1459 2237 1751 2307 iujunctam
1783 2235 1958 2304 pumi-

377 2339 598 2393 tentiam
638 2331 1016 2392 consummare
1044 2347 1152 2386 non
1180 2331 1374 2401 potuit,
1397 2344 1520 2384 mox
1550 2338 1606 2382 nt
1633 2328 1699 2381 ad
1730 2326 1960 2380 fratrum

376 2429 623 2483 notitiam
676 2440 762 2481 res
800 2423 1062 2495 patefacta
1094 2422 1436 2492 pervenerit,
1475 2436 1594 2474 cum
1627 2435 1824 2489 magno
1856 2418 1962 2473 fer-

377 2534 509 2574 vore
539 2528 644 2572 tota
673 2516 990 2587 prettitentia
1022 2513 1178 2583 parili
1207 2513 1350 2567 facta
1381 2513 1524 2567 inter
1550 2526 1643 2565 eos
1673 2509 1958 2576 divisione,

378 2611 672 2680 suscipitur
706 2629 718 2664 :
747 2618 802 2664 et
826 2606 1160 2677 quantalibet
1187 2605 1297 2669 sit,
1339 2603 1488 2658 brevi
1541 2603 1716 2672 spatio
1753 2617 1850 2671 per
1880 2602 1961 2655 di-

377 2717 566 2758 versos
594 2701 946 2755 amictionum
987 2698 1174 2752 modos
1203 2705 1427 2750 ovanter
1461 2695 1727 2764 expletur.
1759 2694 1964 2747 Felices

379 2795 636 2851 nimirum
667 2792 866 2848 divitiie
894 2789 1198 2853 charitatis,
1227 2803 1346 2856 quae
1379 2789 1548 2855 gratis
1580 2801 1638 2840 se
1670 2802 1774 2839 non
1805 2785 1963 2839 modo

378 2884 686 2939 viventibus
732 2883 1018 2950 ingerunt,
1047 2879 1140 2932 sed
1170 2886 1225 2932 et
1256 2885 1498 2931 mortuos
1543 2887 1960 2944 prosequuntur.

378 2973 616 3037 Felices,
646 2973 862 3040 inquam
881 3009 895 3034 ,
926 2983 1047 3036 quae
1077 2966 1184 3020 illic
1218 2965 1373 3020 nobis
1394 2981 1459 3020 ex
1491 2964 1663 3018 aliena
1696 2964 1846 3018 home
1868 2979 1963 3017 vo-

377 3061 603 3118 luntatis
631 3063 877 3116 ubertate
905 3064 1246 3120 succurrunt,
1273 3054 1364 3108 ubi
1404 3054 1607 3124 preprii
1637 3053 1817 3122 operis
1839 3067 1966 3120 sup-

379 3154 647 3222 plementa
680 3151 938 3206 deﬁciunt
983 3165 997 3202 :

382 3257 489 3297 non
519 3242 868 3305 habentibus,
892 3237 1152 3308 quidquid
1181 3235 1459 3299 debemus,
1483 3234 1738 3304 exigitur,
1767 3247 1835 3286 ex
1855 3231 1964 3286 fra-

380 3339 551 3387 terna:
579 3332 862 3388 cbaritatis
884 3329 1208 3385 abundantia
1245 3327 1415 3383 debiti
1446 3327 1621 3382 nostri
1650 3326 1785 3380 libra
1816 3341 1965 3380 com-

381 3422 576 3494 pletur.

401 3567 406 3572 .
453 3511 629 3567 Pauca
662 3513 778 3569 lucc
825 3513 892 3568 de
917 3527 1017 3578 ea,
1068 3526 1189 3580 quae
1236 3525 1382 3565 nunc
1428 3517 1538 3574 est,
1590 3506 1746 3575 hujus
1796 3507 1964 3562 eremi

380 3603 792 3656 conversatione
835 3601 1101 3656 sullieiant
1121 3641 1136 3667 ,
1170 3611 1230 3654 ut
1269 3616 1367 3670 per
1395 3600 1510 3654 hinc
1533 3637 1548 3664 ,
1579 3613 1700 3666 quae
1731 3599 1968 3652 breviter

383 3698 734 3754 annotantur,
763 3690 940 3745 valeat
965 3691 1144 3760 colligi
1175 3691 1305 3759 quid
1334 3705 1398 3743 ex
1429 3688 1512 3743 his
1535 3727 1550 3752 ,
1584 3703 1706 3756 quae
1750 3687 1967 3743 silentio

382 3782 746 3849 praetermissa
796 3791 952 3844 sunt,
986 3779 1178 3834 debeat
1210 3779 1491 3833 :estimari.
1525 3778 1630 3832 Sed
1671 3793 1830 3844 ecce,
1860 3779 1968 3832 fra-

387 3879 498 3922 tres
542 3869 882 3933 charissimi,
915 3870 1041 3922 dum
1087 3870 1153 3922 de
1197 3867 1392 3921 vestris
1429 3867 1723 3922 virtutibus
1767 3867 1968 3935 aliquid

387 3958 546 4012 vobis
600 3958 957 4026 praesentibus
1015 3956 1221 4022 refero,
1289 3958 1450 4012 timeo
1508 3969 1656 4012 certe
1700 3959 1860 4013 simul
1914 3968 1970 4014 et

387 4049 696 4103 erubesco:
735 4049 897 4102 timeo
939 4047 1146 4102 scilicet
1193 4063 1288 4100 vos
1317 4047 1630 4114 offendere;
1681 4052 1968 4116 erubesco,

389 4151 458 4191 ne
503 4137 691 4192 videar
727 4136 1182 4192 assentationibus
1232 4136 1523 4191 deservire.
1581 4137 1686 4191 Sed
1741 4139 1808 4192 ad
1867 4139 1970 4192 hoc

387 4230 760 4295 scribendum,
820 4237 954 4284 teste
999 4229 1368 4294 conscientia,
1433 4229 1589 4282 bonae
1645 4244 1732 4283 me
1795 4229 1970 4283 inten-

388 4320 550 4374 tionis
596 4321 833 4376 studium
873 4327 1167 4389 provocat,
1197 4319 1446 4373 fraterna:
1481 4318 1668 4373 salutis
1713 4333 1864 4372 amor
1894 4318 1970 4371 iii-

388 4409 545 4480 stigat
591 4429 604 4463 :
655 4420 918 4480 quatenus
951 4425 1057 4464 non
1099 4409 1269 4464 solum
1302 4409 1456 4464 vobis
1503 4410 1632 4464 talia
1679 4409 1965 4464 scribendo

2059 1872 2329 1928 illecebris
2366 1883 2423 1928 et
2468 1874 2746 1928 lenociniis
2784 1874 3109 1929 consentire.
3143 1875 3208 1928 Et
3237 1877 3452 1944 quidem
3494 1875 3637 1930 bona

2059 1974 2186 2019 sunt
2209 1964 2294 2018 illa
2314 2007 2328 2032 ,
2360 1965 2454 2020 sed
2487 1967 2588 2020 ista
2616 1966 2863 2021 meliora.
2907 1967 2974 2021 Et
3021 1967 3148 2036 quid
3179 1975 3260 2021 est
3288 1967 3434 2022 aliud
3465 1984 3496 2022 a
3526 1982 3643 2022 me-

2059 2055 2283 2111 lioribus
2329 2058 2395 2111 ad
2439 2057 2579 2113 bona
2612 2057 2977 2122 descendere,
3025 2057 3126 2112 nisi
3176 2058 3244 2113 ab
3291 2058 3522 2113 excelsis
3570 2059 3640 2112 ad

2061 2149 2284 2204 humilia
2307 2149 2598 2214 declinare,
2625 2165 2652 2202 a
2678 2158 2826 2204 recto
2859 2165 3019 2205 cursu
3047 2159 3170 2220 post
3198 2158 3408 2220 tergum
3435 2151 3635 2214 redire,

2063 2241 2131 2294 ab
2179 2242 2371 2296 ardore
2415 2241 2637 2310 spiritus
2672 2240 2725 2294 in
2763 2249 3004 2310 teporem
3055 2241 3273 2294 noxium
3321 2239 3638 2304 defervere,

2063 2341 2225 2400 atque
2253 2333 2329 2385 sic
2354 2332 2608 2400 paulatim
2638 2332 2958 2386 sublimibus
2982 2331 3036 2385 in
3062 2331 3420 2401 praecipitium
3452 2331 3642 2385 ruere?

2130 2421 2443 2492 32711ωο
2490 2422 2654 2490 igitur
2697 2436 2887 2491 pauca,
2925 2437 3045 2492 qua:
3098 2423 3314 2492 scripsi,
3361 2437 3642 2477 successor

2065 2512 2158 2574 mi,
2200 2512 2415 2566 sedulus
2469 2511 2671 2580 inspice
2704 2528 2718 2564 :
2750 2520 2911 2580 atque
2961 2512 3028 2566 ad
3065 2511 3480 2580 impriiuendum
3531 2510 3644 2566 for-

2065 2618 2206 2654 mam
2243 2613 2346 2655 tua:
2374 2612 2693 2672 tuorumque
2727 2604 3143 2670 conversationi,
3191 2605 3342 2674 quasi
3371 2605 3642 2674 quoddam

2065 2694 2396 2764 signaculum
2429 2704 2568 2750 tene.
2595 2695 2880 2766 Nunquam
2913 2698 3052 2764 apud
3079 2707 3130 2752 te
3158 2699 3273 2753 haec
3321 2697 3646 2768 depravetur

2065 2777 2241 2853 imago
2273 2801 2285 2836 :
2322 2800 2591 2852 nunquam
2624 2795 2712 2840 tuo
2753 2795 2992 2855 tempore
3031 2787 3143 2842 haec
3172 2789 3424 2845 salutaris
3472 2791 3646 2847 forma

2063 2891 2161 2946 per
2185 2877 2443 2931 incuriam
2472 2879 2776 2946 deteratur;
2805 2897 2892 2946 ne,
2915 2882 3057 2950 quod
3084 2883 3244 2947 absit,
3265 2885 3648 2953 paracbaraxi-

2065 2983 2183 3022 mus
2208 2985 2304 3037 pro
2331 2985 2549 3023 nummo
2589 2983 2801 3026 moneta
2859 2974 3217 3043 degenerante
3252 2979 3529 3044 procedat.
3579 2980 3647 3034 Et

2067 3070 2215 3115 certe
2241 3077 2347 3115 non
2377 3062 2613 3131 ignoras,
2650 3066 2774 3132 quia
2803 3066 3055 3122 falsarius
3100 3071 3382 3138 trapezita,
3415 3072 3505 3140 qui
3537 3088 3648 3126 mo-

1045 3155 1101 3202 et
1139 3161 1262 3201 cum
1305 3146 1416 3215 jam
1464 3143 1712 3198 districte
1749 3159 1779 3197 a
1808 3142 1963 3198 nobis
1991 3147 2035 3209 C
2067 3158 2243 3204 netam
2268 3151 2495 3207 violasse
2533 3155 2891 3217 convincitur,
2918 3157 3234 3229 plerumque
3266 3161 3507 3230 judiciali
3539 3163 3649 3218 cal-

2069 3241 2191 3295 culo
2225 3257 2414 3296 manus
2445 3243 2771 3299 abscissionc
2801 3247 3078 3303 multatur.

2140 3333 2208 3388 Ut
2242 3343 2419 3389 autem
2445 3337 2511 3389 ad
2549 3337 2663 3390 lucc
2695 3338 3029 3394 observanda
3085 3340 3264 3396 nullus
3312 3345 3647 3399 excusationi

2068 3435 2247 3494 pateat
2275 3425 2446 3490 locus,
2480 3425 2634 3494 juxta
2675 3428 2750 3492 id,
2781 3431 2925 3498 quod
2963 3431 3256 3502 exiguitate
3301 3432 3400 3486 loci
3429 3435 3650 3488 humilis

2068 3516 2426 3585 competebat,
2461 3518 2762 3574 studuimus
2794 3529 3018 3575 cotenus
3062 3523 3433 3591 possessiones
3457 3525 3648 3592 acqui-

2069 3625 2226 3665 rere:
2261 3619 2320 3663 ut
2345 3611 2657 3678 pricdictum
2704 3610 2932 3667 fratrum
2972 3629 3255 3668 numerum
3310 3617 3505 3685 possis,
3543 3618 3650 3671 nisi

2069 3702 2355 3758 exercendi
2387 3718 2517 3757 cura
2554 3703 2807 3768 defuerit,
2845 3714 3174 3761 sustentare.
3199 3706 3486 3763 Librorum
3518 3723 3652 3778 quo-

2069 3809 2175 3863 que
2198 3808 2481 3847 numerum
2512 3809 2616 3848 non
2646 3795 2924 3850 minimum
2953 3797 3359 3866 dereliquimus,
3395 3808 3452 3852 ut
3473 3799 3654 3853 fratri-

2067 3886 2169 3939 bus
2218 3885 2440 3948 nostris,
2479 3885 2570 3954 qui
2611 3901 2708 3952 pro
2755 3885 2908 3940 nobis
2957 3903 3112 3942 orare
3145 3888 3454 3958 dignentur,
3485 3889 3658 3942 medi-

2070 3972 2216 4025 tandi
2266 3973 2475 4040 copiam
2537 3973 2919 4042 praeberemus.
2972 3975 3361 4032 Bibliothecam
3420 3994 3655 4048 namque

2069 4062 2307 4115 omnium
2335 4063 2543 4117 Veteris
2568 4072 2621 4116 et
2643 4063 2770 4117 Novi
2799 4065 3129 4121 Testamenti
3157 4067 3506 4136 voluminum,
3528 4073 3654 4128 licet

2069 4149 2295 4213 cursim,
2331 4166 2392 4204 ac
2421 4166 2516 4218 per
2538 4152 2637 4204 hoc
2660 4167 2764 4205 non
2789 4162 2980 4207 exacte
3006 4155 3156 4210 vobis
3184 4159 3472 4214 emendare
3495 4177 3653 4217 cura-

2069 4239 2263 4294 vimus.
2301 4241 2375 4294 Ex
2402 4243 2737 4310 passionibus
2763 4259 2974 4312 quoque
2996 4247 3275 4301 beatorum
3305 4261 3600 4320 martyrum
3632 4273 3647 4318 ;

2068 4342 2133 4384 ex
2186 4331 2420 4384 homiliis
2465 4339 2770 4384 sanctorum
2820 4333 3073 4401 Patrum;
3125 4352 3192 4392 ex
3225 4345 3662 4410 commentariis,

2073 4421 2385 4491 allegoricas
2409 4437 2575 4476 sacrze
2605 4421 2898 4493 Scripturae
2927 4429 3224 4484 sententias
3243 4433 3648 4500 exponentium,

388 4500 702 4566 consulere,
734 4502 827 4556 sed
869 4512 924 4556 et
969 4502 1200 4570 posteris
1249 4501 1445 4556 vestris
1493 4502 1704 4558 valeam
1753 4501 1961 4572 longius

2069 4510 2314 4580 Gregorii
2345 4511 2567 4576 scilicet,
2620 4514 2911 4579 Ambrosii,
2956 4517 3262 4588 Augustini,
3313 4493 3650 4594 llieronymi,

388 4588 689 4655 providere.
722 4589 987 4643 Nimirum
1012 4630 1026 4653 ,
1061 4599 1118 4642 ut
1146 4600 1200 4643 et
1230 4605 1324 4644 vos
1357 4593 1456 4644 ista
1485 4591 1724 4663 legentes
1751 4592 1968 4646 studea-

392 4680 456 4733 tis
480 4682 527 4733 ei
547 4721 561 4746 ,
590 4681 732 4751 quod
761 4682 926 4736 semel
959 4683 1230 4751 coepistis,
1263 4683 1403 4737 bono
1433 4689 1583 4754 operi
1616 4699 1968 4754 perseveran-

392 4779 471 4824 ter
499 4771 748 4827 insistere
785 4789 799 4826 :
830 4783 886 4827 et
930 4773 1005 4826 illi
1034 4774 1086 4826 in
1117 4773 1202 4828 his
1229 4774 1478 4840 discant,
1525 4777 1652 4846 quid
1684 4777 1749 4829 de
1778 4786 1966 4830 nostra

390 4863 615 4918 debeant
641 4863 942 4917 imitatione
988 4873 1186 4916 tenere.
1236 4863 1370 4930 Quia
1416 4866 1560 4918 enim
1587 4866 1644 4920 in
1677 4865 1778 4922 hoc
1817 4867 1964 4932 loco,

390 4955 491 5010 nisi
520 4957 698 5012 divina
726 4944 1062 5026 providentia
1100 4959 1258 5013 aliter
1284 4962 1550 5025 Senserit,
1583 4979 1692 5018 non
1723 4964 1814 5018 diu
1844 4973 1967 5034 post

390 5060 544 5113 spero
567 5064 650 5104 me
670 5049 978 5104 habiturum
1000 5064 1118 5104 esse
1140 5051 1443 5120 sepulcrum
1473 5067 1488 5106 :
1513 5070 1622 5110 non
1649 5055 1826 5112 minus
1845 5072 1963 5110 sum

389 5133 453 5188 de
483 5135 655 5192 futura
681 5136 844 5206 hujus
875 5139 976 5192 loci
1023 5139 1282 5209 religione
1326 5141 1586 5200 sollicitus
1605 5186 1619 5209 ,
1655 5160 1817 5212 quam
1846 5146 1964 5210 his,

390 5237 506 5290 qua:
547 5229 644 5284 sub
674 5227 959 5296 praesentia
989 5238 1292 5290 versantur,
1325 5234 1582 5288 intentus.
1624 5234 1778 5289 Unde
1822 5245 1902 5300 te,
1933 5248 1966 5288 0

455 5315 532 5340 τοι..
581 5319 882 5340 -.-3Α...ςη.-,.
916 5318 1042 5340 ...ΑΗΔ
1076 5319 1336 5340 ...-...---I2I,
1384 5330 1396 5340 ι
1433 5323 1444 5333 ο
1519 5324 1531 5340 ι
1599 5323 1610 5335 ο
1724 5324 1736 5340 I
1812 5325 1823 5336 ο

390 5319 532 5340 τιμε..-
581 5319 882 5340 -.-:-.......--
916 5319 1042 5340 w.:|.:
1076 5319 1336 5340 ...-...---t:t,
1384 5330 1396 5340 .
1433 5323 1444 5333 ο
1519 5324 1531 5340 ι
1599 5323 1610 5335 ο
1724 5324 1736 5340 ι
1812 5325 1823 5336 ο
1873 5339 1916 5350 ,ι

2070 4602 2340 4670 Prosperi,
2374 4601 2549 4668 Bedze,
2581 4604 2833 4674 Remigii,
2856 4608 3017 4662 etiam
3046 4619 3099 4662 et
3125 4610 3403 4676 Amalarii,
3435 4613 3654 4684 insuper

2069 4703 2124 4748 et
2159 4693 2452 4757 llaimonis,
2497 4704 2658 4765 atque
2707 4695 3006 4764 Paschasii,
3042 4701 3219 4754 divina
3251 4704 3422 4772 gratia
3453 4707 3655 4759 nostris

2068 4785 2436 4839 allubescente
2487 4785 2780 4851 laboribus,
2813 4787 2995 4855 plures
3057 4789 3221 4844 libros
3273 4790 3507 4857 habetis,
3534 4796 3658 4862 qui-

2067 4877 2168 4930 bus
2194 4891 2388 4932 vacare
2410 4876 2662 4946 potestis;
2693 4885 2751 4929 ut
2774 4888 2974 4932 sanctae
3012 4878 3204 4932 anima:
3229 4890 3424 4936 vestra:
3447 4897 3550 4936 non
3573 4900 3658 4937 so-

2073 4965 2183 5019 lum
2207 4966 2452 5021 oratione
2487 4972 2755 5029 crescant,
2787 4965 2882 5018 sed
2919 4976 2975 5021 et
3003 4967 3233 5024 lectione
3281 4972 3667 5042 pinguescant.

2073 5056 2151 5110 Ex
2183 5059 2378 5126 quibus
2413 5057 2668 5111 nimirum
2701 5056 2986 5114 codicibus
3029 5060 3317 5117 nonnullos
3346 5078 3444 5132 pro
3472 5076 3657 5118 nostra

2073 5144 2432 5212 possibilitate
2457 5143 2830 5206 correximus;
2862 5156 2924 5200 ut
2944 5149 2998 5203 in
3035 5162 3200 5202 sacrae
3226 5152 3523 5223 disciplina;
3550 5167 3655 5211 sm.

2073 5232 2177 5288 diis
2208 5231 2572 5302 intelligentiae
2596 5231 2750 5285 vobis
2776 5231 2984 5291 aditum
3023 5237 3407 5306 panderemus.

2146 5322 2387 5350 fvlnu_.-.
2562 5337 2680 5340 .ia-..
2711 5322 2820 5340 !_-,,.
3003 5328 3016 5340 ι
3085 5329 3095 5340 ι
3447 5335 3458 5340 -
3513 5334 3654 5340 --α
