4106 6320
471 335 577 394 555

936 336 995 391 S.
1021 335 1222 392 PETRI
1252 335 1537 392 DAMIANI
1570 335 1720 392 OPP.
1755 334 1989 390 'l'OMUS
2026 333 2157 388 SEU
2198 334 2378 392 PARS
2415 336 2500 394 lll.
2533 367 2600 380 —
2623 337 2989 396 OPUSCULA
3022 338 3253 395 VARIA.

3624 345 3731 401 336

466 454 811 512 tisidoneam
833 449 1260 520 procuravimus.
1314 447 1562 515 Ejusdem
1612 463 1825 517 quoque
1873 447 2050 500 inten-
2080 452 2124 509 Α
2153 446 2434 502 familiaris
2459 449 2636 520 inOpia
2682 464 2787 504 non
2829 436 3098 518 gravaret.
3154 449 3307 506 Unde
3331 466 3481 523 rogo,
3535 454 3733 511 fratres

464 543 628 599 tionis
673 539 850 596 studio
884 579 898 604 ,
951 538 1307 594 imbecillitati
1357 537 1628 607 fragilium
1677 535 2044 600 consulentes,

462 633 624 688 etiam
647 628 1022 692 tintinnabula,
1051 638 1213 697 atque
1237 628 1504 692 becltinia,
1521 629 1839 697 diversaque
1853 627 2048 680 divinae

465 723 658 776 domus
679 718 928 776 utensilia
956 719 1408 786 comparavimus.
1439 716 1649 772 Calices
1676 731 1888 786 quoque
1913 716 2047 770 duos

463 826 747 888 argenteos
774 815 1138 886 pulcherrime
1191 815 1479 868 deauratos
1509 813 1610 868 hac
1641 813 1792 870 vobis
1837 812 2046 869 ratione

465 907 834 978 providimus;
885 917 944 960 ut
1001 921 1124 961 cum
1179 921 1331 961 sacra
1383 905 1646 961 Dominici
1695 906 1940 976 corporis
1992 915 2048 960 et

462 997 738 1066 sanguinis
764 997 1019 1068 mysteria
1041 995 1204 1050 vultis
1231 995 1499 1064 accipere,
1528 1003 1807 1060 stannum,
1833 993 1914 1047 vel
1961 993 2042 1048 vi-

461 1091 566 1146 lius
586 1091 946 1161 quodcunque
977 1090 1248 1146 metallmn
1277 1090 1471 1146 vestris
1503 1089 1658 1145 labiis
1705 1105 2044 1158 nequaquam

463 1198 684 1238 necesse
722 1183 794 1238 sit
817 1181 1092 1238 adhibere.
1120 1181 1424 1251 Conspicua
1457 1181 1810 1236 nihilominus
1863 1195 2044 1235 sacro-

463 1280 652 1326 sancto
688 1271 843 1326 altari
878 1272 1132 1342 tegmina,
1171 1279 1224 1324 et
1271 1271 1606 1326 celebrandis
1635 1271 1925 1326 missarum
1959 1285 2050 1325 so-

463 1360 676 1416 lemniis
705 1361 937 1432 pretiosa
974 1361 1298 1416 contulimus
1324 1369 1664 1416 ornamenta.

481 1503 485 1507 .
535 1451 658 1506 [huc
685 1452 887 1517 omnia,
920 1451 1140 1514 fratres,
1191 1468 1290 1506 nos
1326 1469 1434 1507 non
1470 1453 1588 1507 sine
1627 1451 1814 1508 labore
1853 1452 2048 1522 quaesi-

462 1540 662 1606 vimus,
692 1551 752 1597 ut
778 1543 929 1598 vobis
960 1543 1160 1597 laboris
1186 1525 1456 1612 impendia
1491 1543 1838 1598 tolleremus:
1869 1551 2044 1596 tanto-

451 1646 568 1701 sque
597 1631 821 1686 liberius
851 1647 911 1686 se
940 1642 1119 1688 vester
1165 1633 1380 1687 animus
1428 1632 1496 1687 ad
1548 1632 1658 1686 alta
1713 1630 2045 1696 sustolleret,

463 1695 665 1789 quanto
692 1724 871 1776 minus
903 1722 1046 1776 hunc
1067 1722 1136 1776 ad
1162 1721 1494 1792 providenda
1547 1721 1648 1776 sibi
1709 1720 1924 1774 infirma
1970 1695 2124 1792 rei?

461 1923 702 1942 ἡ.

2153 539 2474 603 charissimi,
2503 540 2809 610 quicunque
2835 541 2965 594 mihi
2998 541 3129 596 estis
3156 541 3210 594 in
3253 541 3409 610 hujus
3431 542 3534 598 loci
3588 546 3732 600 sacri

2153 626 2459 684 habitaculo
2487 631 2822 694 successuri,
2875 631 3052 701 utqui
3083 631 3236 687 vobis
3285 642 3409 686 ante
3459 635 3730 700 consului,

2153 733 2311 786 quam
2341 716 2500 787 hujus
2551 720 2671 774 vitae
2715 719 2985 775 haberetis
3033 721 3375 791 ingressum;
3437 736 3534 776 vos
3565 722 3733 776 etiam

2155 823 2240 862 me
2286 810 2371 878 pia
2427 809 2794 864 vicissitudine
2841 811 3037 866 vestris
3085 811 3350 881 adjuvetis
3393 811 3734 867 orationibus

2141 897 2252 966 jam
2282 899 2594 954 defunctum
2623 917 2637 965 ;
2665 910 2718 955 et
2741 901 2830 970 qui
2855 901 3006 956 vobis
3035 902 3222 970 paravi
3252 901 3430 956 locum
3481 901 3734 972 religiose

2148 990 2395 1054 vivendi,
2430 1006 2526 1045 vos
2556 992 2687 1046 mihi
2737 992 2948 1062 c0piam
2999 993 3292 1063 acquiratis
3344 992 3731 1062 indulgentiam

2151 1082 2512 1151 promerendi.
2545 1081 2706 1147 Ecce,
2763 1083 2962 1138 fratres
3005 1084 3134 1150 mei,
3180 1083 3254 1137 fui
3301 1086 3445 1154 quod
3482 1084 3737 1138 estis:ef.

2151 1182 2401 1222 emensus
2448 1184 2565 1224 sum
2595 1210 2608 1232 ,
2673 1171 2813 1238 quod
2859 1171 3118 1225 transitis.
3163 1171 3367 1228 Przesm
3406 1172 3556 1228 vobis
3605 1178 3775 1239 sunt_

2149 1273 2269 1327 qua:
2298 1259 2540 1324 deserui;
2571 1261 2928 1330 propinquum
2954 1270 3038 1315 est
3065 1277 3171 1330 quo
3217 1262 3456 1331 perveni.
3497 1263 3587 1317 Sic
3626 1263 3732 1333 igi-

2153 1361 2239 1405 tur
2263 1351 2641 1420 compendium
2688 1361 2881 1406 vestra:
2920 1353 3265 1408 mortalitatis
3314 1354 3616 1418 excurrite;
3671 1361 3736 1407 ut

2149 1443 2347 1514 elapsis
2365 1444 2542 1508 vanis,
2565 1459 2686 1515 quae
2712 1445 3080 1516 temporaliter
3109 1454 3424 1508 transeunt,
3466 1445 3533 1500 ad
3587 1444 3732 1500 bona

2149 1535 2500 1605 pervenistis,
2531 1550 2653 1605 qua:
2675 1534 2759 1590 his
2785 1543 3045 1606 perpetuo
3072 1550 3325 1590 mansura
3343 1533 3656 1589 succedunt.

2489 1647 2569 1703 Sit
2599 1663 2783 1702 nomen
2811 1647 3023 1702 Domini
3051 1646 3397 1701 benedictum.

1025 1915 3718 1942 MM

674 2088 1034 2163 πεπυ
1113 2101 1963 2220 OPUSCULUM
2050 2102 2713 2216 DECIMUM
2806 2102 3506 2236 QUINTUM.

701 2322 807 2383 DE
849 2323 1021 2384 SUZE
1065 2321 1767 2384 CONGREGATIONIS
1809 2320 2278 2384 INSTITUTIS.
2326 2321 2436 2382 AD
2481 2317 2972 2397 STEPHANUM
3016 2321 3500 2386 MONACHUM.

463 2661 949 2717 Ansuusurun.—
976 2659 1252 2730 Stephano
1295 2663 1512 2730 cuidam
1560 2663 1655 2726 qut
1681 2671 1753 2730 ex
1797 2665 2045 2714 coenobio
2081 2665 2152 2714 ad
2196 2672 2442 2730 eremum
2478 2663 2862 2730 emigraverat,
2888 2660 3182 2714 eremitica:
3210 2661 3354 2725 vitae,
3387 2669 3440 2716 et
3491 2675 3730 2715 conver-

535 2733 766 2787 sationis
795 2727 1422 2801 prmcepta’desiderauti
1448 2727 1721 2801 depromit
1753 2742 1906 2801 :nec-
1939 2742 2045 2801 non
2085 2729 2454 2801 eremitarum,
2475 2727 2672 2798 quibus
2716 2731 2830 2801 ipse
2868 2739 3132 2801 praterat‘,
3159 2732 3388 2800 regulas,
3426 2741 3482 2786 et
3518 2733 3730 2785 vivendi

535 2797 1063 2869 instituta—exponit;
1095 2797 1462 2869 saluberrima
1495 2797 1712 2869 interim
1763 2798 1968 2852 monita
2019 2798 2351 2862 immiscens,
2380 2809 2440 2853 ut
2479 2797 2667 2855 rudem
2699 2797 2899 2863 adhuc,
2923 2809 2989 2867 et
3019 2797 3332 2869 huiusmodi
3369 2803 3468 2856 via:
3507 2802 3737 2855 rationis

529 2868 970 2942 incxpertumrad
1002 2868 1228 2942 insidias
1265 2868 1657 2942 cacodmmonis
1689 2869 2027 2942 superandas
2061 2884 2074 2942 ξ
2104 2869 2361 2942 dura,et
2407 2884 2598 2940 aspera
2637 2885 2863 2942 quaeque
2903 2868 3264 2942 perferenda:
3299 2881 3354 2928 et
3389 2873 3618 2942 denique
3659 2870 3729 2924 ad

529 2937 720 2998 omnes
747 2941 972 3013 perfecti
995 2939 1236 2994 eremitae
1251 2953 1507 2994 numeros
1531 2937 1835 3007 implendos
1865 2938 2134 3009 gradatim
2166 2941 2452 3009 perducat.

526 3095 868 3154 'Charissimo
891 3094 1044 3150 fratri
1080 3093 1389 3160 STEPHANO,
1419 3107 1606 3150 amore
1636 3109 1885 3165 supernae
1912 3095 2045 3151 cha-
2072 3100 2121 3162 ο
2152 3095 2401 3166 gentibus
2445 3096 2836 3154 infructuosum
2889 3112 3008 3154 esse
3037 3113 3142 3155 non
3190 3097 3482 3166 credimus,
3509 3115 3630 3156 cum
3662 3101 3736 3156 ad

460 3190 638 3245 ritatis
656 3185 1116 3250 incluso,Psrnus
1145 3184 1366 3240 ultimus
1397 3184 1576 3240 crucis
1601 3184 1805 3242 Christi
1832 3201 2045 3253 servus,

446 3281 691 3337 salutem
715 3279 768 3333 in
793 3277 1046 3348 idipsum.

532 3371 785 3428 Honesta:
812 3369 1088 3442 petitionis
1114 3377 1240 3433 tuae,
1273 3367 1622 3426 dilectissime
1654 3371 1747 3438 fdi,
1773 3380 1897 3427 vota
1925 3387 2046 3427 sus-

460 3463 720 3534 cepimus,
756 3462 951 3532 quibus
988 3468 1038 3514 te
1067 3475 1164 3530 per
1197 3468 1396 3515 nostrae
1434 3461 1820 3516 admonitionis
1868 3462 2048 3533 apices

459 3555 751 3611 eremitica:
795 3555 921 3609 vita:
962 3553 1145 3624 regula
1179 3553 1420 3623 postulas
1451 3552 1750 3608 informari.
1782 3554 2048 3610 Monaste-

455 3649 647 3705 rialem
677 3648 872 3718 quippe
899 3645 1234 3700 latitudinem
1263 3644 1492 3714 fugiens,
1528 3660 1650 3701 mox
1698 3646 1903 3700 fervido
1942 3647 2047 3716 spi-

459 3740 568 3795 ritu
597 3738 800 3794 cellulae
831 3745 882 3792 te
909 3735 1275 3793 carceralibus
1314 3736 1580 3805 angustiis
1613 3735 1896 3791 inclusisti.
1927 3736 2044 3791 Non

460 3829 852 3887 contemnenda
878 3829 1034 3900 plane
1063 3828 1272 3898 petitio,
1291 3843 1390 3883 nec
1415 3828 1671 3892 otiosum,
1693 3829 1776 3885 vel
1807 3829 2045 3899 ineptum

460 3925 780 3994 negotium:
814 3922 906 3977 sed
959 3922 1002 3976 si
1055 3930 1343 3975 exsecutor
1399 3919 1735 3974 inveniretur
1785 3920 2042 3984 idoneus,

460 4016 624 4069 etiam
648 4015 879 4085 posteris
909 4028 1015 4067 non
1049 4011 1394 4066 mediocriter
1423 4009 1785 4080 profuturum.
1814 4011 1922 4066 Nos
1950 4028 2046 4067 au-

462 4114 594 4170 tem,
621 4105 711 4175 qui
741 4105 796 4160 in
831 4103 989 4173 hujus
1015 4101 1371 4172 professionis
1407 4101 1489 4154 via
1521 4101 1790 4157 neminem
1816 4103 2045 4158 vivendo

460 4197 737 4266 praeimus,
777 4203 1002 4252 cteleros
1043 4193 1311 4262 loquendo
1355 4192 1565 4262 praeire,
1616 4191 1761 4248 velut
1817 4193 2042 4258 indices,

456 4289 576 4344 sive
610 4285 823 4356 iudices
868 4284 1098 4352 itineris,
1153 4284 1499 4340 temerarium
1544 4283 1869 4355 iudicamus.
1903 4283 2046 4339 Prae-

457 4386 734 4447 posterum
764 4377 960 4446 quippe
992 4385 1096 4439 est,
1126 4374 1171 4429 si
1211 4374 1391 4445 lingua
1445 4383 1701 4442 tauquam
1745 4374 2042 4445 magisterii

2145 3185 2496 3255 perfectionis
2530 3187 2740 3242 culmen
2765 3197 3036 3258 praecepta
3071 3189 3288 3260 quidem
3323 3200 3599 3258 moveant,
3630 3191 3735 3248 sed

2146 3277 2391 3348 exempla
2421 3278 2764 3348 compellant.

2662 3366 2891 3422 CAPUT
2931 3366 3227 3424 PRIMUM.

2518 3455 2596 3510 De
2629 3455 2884 3510 saliaria.-
2919 3457 3040 3512 vita:
3078 3456 3346 3513 laudibus.

2223 3546 2388 3610 Vere,
2419 3546 2610 3612 frater,
2635 3557 2696 3601 ut
2721 3548 2939 3613 dicitur,
2969 3548 3140 3618 ipsius
3182 3549 3260 3604 rei
3291 3557 3474 3604 notam
3520 3549 3690 3604 fixisti
3710 3590 3730 3614 ,

2149 3655 2272 3695 cum
2313 3641 2378 3694 ad
2414 3640 2581 3694 Deum
2612 3639 2790 3695 redire
2826 3655 2934 3694 non
2996 3655 3094 3710 per
3130 3639 3594 3711 qualemcunque,
3635 3641 3734 3696 sed

2147 3745 2248 3798 per
2274 3745 2494 3784 auream
2520 3729 2664 3784 viam
2689 3729 3032 3784 laudabiliter
3057 3730 3288 3801 elegisti.
3318 3729 3427 3785 Nec
3452 3731 3518 3786 ad
3548 3732 3651 3786 hoc
3677 3739 3737 3784 te

2150 3818 2436 3888 prudentia
2466 3818 2823 3873 humanitatis
2852 3818 3101 3890 impulit,
3141 3821 3236 3875 sed
3299 3820 3512 3875 divinus
3541 3819 3735 3890 procul

2148 3911 2313 3968 dubio
2343 3911 2578 3982 Spiritus
2609 3911 2874 3968 incitavit.
2914 3911 3041 3967 llaec
3069 3921 3150 3967 est
3177 3913 3323 3966 enim
3353 3914 3471 3979 via,
3499 3927 3618 3982 quae
3648 3911 3739 3966 iu-

2150 4011 2230 4058 ter
2254 4003 2487 4074 reliquas
2514 4003 2580 4058 ad
2609 4019 2818 4059 summa
2845 4004 3128 4058 tendentes
3146 4004 3412 4068 eminens,
3437 4013 3492 4058 et
3518 4002 3733 4059 excelsa

2147 4103 2250 4151 est.
2281 4095 2502 4149 Interim
2537 4111 2635 4166 per
2666 4111 2723 4151 se
2753 4104 3060 4150 currentem
3087 4095 3198 4164 jam
3237 4095 3389 4165 ponit
3423 4096 3477 4149 in
3513 4095 3685 4165 patria
3715 4112 3733 4148 :

2148 4193 2203 4239 et
2228 4199 2384 4250 cum,
2415 4185 2503 4254 qui
2532 4186 2706 4240 adhuc
2737 4193 2983 4240 versatur
3013 4185 3065 4238 in
3093 4184 3307 4249 labore,
3334 4184 3446 4255 jam
3473 4184 3736 4255 quodam-

2151 4277 2310 4330 modo
2344 4285 2592 4342 recreat,
2623 4285 2677 4331 et
2715 4274 3029 4330 consolatur
3069 4275 3121 4328 in
3160 4275 3368 4343 requie.
3411 4273 3536 4330 llaec
3573 4274 3738 4328 nimi-

2152 4383 2271 4420 rum
2301 4368 2384 4422 via
2418 4383 2514 4437 per
2544 4382 2604 4422 se
2633 4366 3054 4422 commeantium
3095 4379 3315 4436 gressus
3353 4381 3528 4434 neque
3563 4364 3738 4434 spinis

460 4482 626 4536 super
668 4466 804 4520 alios
856 4464 1079 4532 arripiat
1123 4462 1375 4526 ferulam,
1417 4463 1572 4533 cujus
1601 4463 1778 4517 adhuc
1808 4464 1916 4516 vita
1952 4461 2049 4515 Πει-
2079 4465 2126 4525 ι)
2153 4459 2578 4514 sollicitudinum
2610 4459 2818 4530 pungit,
2846 4473 3020 4528 neque
3047 4457 3160 4512 luto
3190 4458 3528 4528 negotiorum
3560 4471 3737 4510 saecu-

460 4557 617 4626 gellis
641 4554 879 4611 obnoxia
923 4553 1142 4608 exhibet
1192 4551 1522 4607 clientelam.
1559 4551 1664 4605 Sed
1703 4552 1793 4620 qui
1839 4551 2049 4606 calcato

460 4645 695 4718 propria:
734 4642 1026 4699 voluntatis
1061 4642 1288 4695 arbitrio
1325 4641 1546 4696 obedire
1578 4639 1688 4695 Deo
1728 4657 1823 4711 per
1867 4641 2048 4696 omnia

459 4736 771 4802 decrevisti,
796 4735 1017 4806 dignum
1041 4731 1284 4803 profecto
1305 4741 1389 4786 est
1417 4731 1520 4786 tuis
1541 4746 1754 4802 quoque
1774 4733 2050 4801 petitioni-

461 4827 564 4884 bus
591 4843 621 4882 a
649 4825 890 4882 fraterna
921 4823 1190 4879 charitate
1219 4837 1326 4876 non
1358 4821 1595 4893 segniter
1623 4821 1864 4877 obedire.

531 4918 872 4988 Quapropter
898 4915 951 4970 in
987 4922 1215 4984 angusto
1241 4913 1420 4982 positi,
1450 4913 1576 4969 dum
1619 4921 1673 4968 et
1702 4913 1810 4968 tuis
1837 4913 2048 4970 deside-

464 5009 562 5064 riis
591 5008 907 5062 satisfacere
935 5006 1204 5076 cupimus,
1229 5013 1284 5060 et
1313 5014 1493 5060 tamen
1522 5003 1757 5074 pr0prize
1780 5017 2047 5058 mensurae

464 5107 638 5154 metas
665 5099 927 5153 excedere
956 5111 1060 5151 non
1089 5097 1382 5161 audemus,
1417 5102 1590 5150 tutum
1618 5093 1773 5150 nobis
1803 5093 2044 5148 arbitra-

462 5205 606 5254 mur,
637 5197 692 5243 et
739 5189 1004 5258 integrum
1040 5186 1200 5255 hujus
1250 5186 1469 5257 quidem
1515 5185 1870 5241 institutionis
1903 5199 2046 5254 prte-

462 5289 620 5351 cepta
650 5294 756 5334 non
790 5280 981 5343 edere;
1031 5277 1264 5334 sulliciat
1310 5287 1514 5343 autem,
1566 5277 1710 5346 quod
1759 5276 1812 5330 in
1859 5283 2043 5330 nostra

461 5375 580 5431 ﬁeri
612 5373 1027 5444 congregatione
1067 5373 1456 5442 conspicimus,
1492 5379 1548 5427 et
1585 5370 1790 5441 experti
1834 5383 2043 5436 sumus,

464 5463 781 5536 simpliciter
811 5461 1102 5532 explicare.
1127 5461 1238 5517 Nec
1269 5472 1378 5516 tam
1402 5462 1529 5533 quid
1565 5461 1634 5516 ab
1657 5459 1902 5515 eremitis
1927 5457 2046 5513 fieri

462 5557 688 5622 debeat,
741 5555 976 5628 generali
1021 5556 1335 5612 definitione
1383 5557 1827 5628 praescribimus,
1883 5569 2046 5624 quam

463 5649 607 5720 quod
637 5649 690 5704 in
720 5648 822 5704 bac
857 5663 1042 5704 eremo
1071 5647 1186 5714 fiat,
1217 5663 1340 5703 cum
1373 5649 1440 5704 de
1483 5649 1618 5713 loco,
1673 5658 1785 5704 tum
1817 5660 2046 5718 persona

463 5739 767 5812 specialiter
802 5740 1133 5796 intimatuus.
1160 5737 1314 5806 Quod
1363 5748 1545 5794 tamen
1587 5753 1652 5793 ex
1683 5739 1949 5794 charitate
1972 5735 2046 5790 le-

2153 4550 2346 4606 Iarium
2390 4551 2629 4622 impedit.
2673 4550 2844 4605 Porro
2904 4551 3020 4605 haec
3055 4550 3145 4604 via
3186 4551 3423 4621 spatiosa
3475 4547 3636 4603 simul
3675 4557 3736 4600 et

2151 4651 2380 4716 angusta
2423 4661 2436 4696 :
2478 4642 2572 4698 sed
2611 4643 2715 4698 hoc
2754 4624 2941 4705 modo,
2984 4650 3044 4696 ut
3081 4641 3326 4711 quisquis
3362 4655 3458 4710 per
3486 4654 3607 4694 eam
3642 4654 3738 4692 co-

2149 4735 2281 4790 mite
2306 4735 2512 4790 ccelesti
2537 4734 2806 4791 desiderio
2833 4734 3098 4805 graditur,
3128 4743 3183 4788 et
3205 4742 3427 4802 propter
3453 4730 3736 4800 angustias

2150 4827 2310 4882 noxie
2341 4843 2447 4883 non
2481 4827 2774 4896 impingat,
2807 4836 2859 4879 et
2887 4835 3109 4894 pmpter
3139 4823 3477 4878 latitudinem
3509 4837 3539 4874 a
3570 4821 3735 4875 recti-

2153 4919 2354 4973 tudinis
2392 4919 2534 4973 Iinca
2584 4931 2695 4972 non
2733 4917 2987 4971 divertat.
3033 4914 3170 4971 Nam
3206 4914 3306 4969 etsi
3347 4911 3736 4981 incipientibus

2149 5009 2473 5079 plerumque
2499 5007 2711 5070 stricta,
2738 5000 2824 5061 vel
2855 5003 3084 5060 difﬁcilis
3111 5005 3380 5066 videatur,
3409 5018 3514 5057 non
3549 5011 3732 5054 tamen

2147 5113 2305 5164 mox,
2335 5098 2440 5152 nisi
2471 5099 2612 5168 quod
2645 5098 2818 5162 absit,
2847 5097 2980 5151 ﬁdes
3007 5097 3179 5160 desit,
3207 5092 3534 5150 inconstanti
3565 5090 3735 5161 pusil-

2149 5188 2449 5244 lanimitate
2479 5188 2784 5243 deseritur:
2825 5187 3052 5241 assuetis
3096 5195 3275 5240 autem
3306 5194 3361 5238 et
3411 5179 3732 5252 perfectioni

2143 5279 2255 5348 iam
2282 5279 2792 5349 propinquantibus,
2824 5279 2906 5332 vel
2936 5276 3263 5332 haerentibus
3286 5275 3461 5330 facilis
3485 5274 3730 5345 quidam,

2148 5380 2204 5426 et
2253 5369 2652 5440 quodammodo
2702 5369 2808 5422 lata
2863 5368 2948 5421 via
3001 5367 3216 5419 videtur
3263 5365 3540 5420 eremitica
3596 5361 3729 5414 vita.

2147 5461 2430 5532 Nunquam
2477 5472 2654 5516 tamen
2688 5476 2716 5514 a
2749 5461 3012 5530 portanda
3056 5468 3176 5527 post
3209 5456 3392 5512 Jesum
3432 5469 3594 5510 cruce
3631 5453 3731 5506 de-

2150 5553 2368 5619 ficiunt,
2403 5555 2532 5609 dum
2569 5561 2624 5608 et
2664 5552 2915 5624 pr0prias
2955 5550 3266 5604 voluntates
3302 5547 3636 5617 reprimunt,
3675 5552 3730 5596 et

2148 5646 2404 5702 adversus
2457 5645 2840 5714 cogitationem
2891 5658 3110 5696 suarum
3166 5647 3498 5695 tentantenta
3543 5634 3732 5690 conﬂi-

2149 5745 2298 5808 gunt.
2342 5735 2583 5796 Duxisti,
2627 5735 2816 5800 frater,
2851 5747 3115 5798 uxorem,
3158 5746 3322 5801 quant
3363 5743 3470 5783 non
3509 5726 3730 5796 quidem
