4110 5364
358 446 462 502 ’557

1244 439 1486 498 OPUSC.
1512 439 1627 496 XV.
1656 472 1725 481 —
1751 439 1838 494 DE
1873 435 2260 494 INSTITUTIS
2298 437 2457 494 0RD.
2497 438 2778 496 EREMIT.

3519 444 3634 500 358-

346 581 484 664 1(ειιιιι
514 561 774 617 uxoribus
801 559 968 616 Jacob
995 558 1078 613 vel
1106 574 1135 612 a
1163 556 1431 629 gignenda
1463 556 1648 612 sobole
1676 555 1935 611 sterilitas
1965 557 2013 617 Α
2041 553 2370 624 Redemptor
2396 563 2599 621 noster,
2632 555 2974 611 illucescente
3011 554 3121 625 iam
3157 555 3409 613 videlicet
3447 559 3636 614 Evan-r

350 647 568 729 .‘privet,
597 653 682 708 vel
716 667 746 706 a
778 660 1061 707 venustate
1090 651 1269 705 vultus
1297 650 1560 720 lippitudo
1586 649 1742 719 331
1775 647 1936 702 dede-

353 749 550 811 ‘coret;
590 745 683 800 sed
722 743 868 798 illam
908 742 1186 813 profecto,
1221 756 1342 811 quae
1372 741 1445 795 sit
1470 748 1524 795 et
1559 754 1691 794 cum
1717 738 1815 793 Lia
1855 737 1937 793 fe-

357 839 675 900 cunda,set
716 850 840 890 cum
885 832 1120 888 Rachele
1166 832 1422 887 formosa.
1468 830 1736 886 Nimirum
1782 840 1842 886 ut
1883 839 1939 886 et

356 929 459 985 tibi
497 928 763 984 clarescat
798 925 1020 980 obtutus
1057 925 1125 978 ad
1160 923 1450 978 videndum
1486 922 1844 993 principium,
1884 929 1941 976 et

353 1019 579 1092 plurimi
608 1017 818 1073 nobiles
849 1017 925 1072 tui
959 1015 1190 1071 fervoris
1219 1015 1502 1069 imitentur
1529 1015 1864 1085 exemplum.

429 1111 556 1166 Haec
593 1107 836 1178 profecto
873 1116 960 1162 est
993 1106 1208 1172 mulier,
1247 1106 1312 1161 de
1335 1121 1439 1174 qua
1469 1105 1668 1160 dicitur
1700 1122 1713 1159 :
1751 1125 1767 1154 ι
1799 1104 1937 1172 Quia

355 1201 658 1266 fortitudo,
697 1209 753 1256 et
805 1201 970 1256 decor
1022 1206 1108 1255 est
1154 1199 1526 1254 indumentum
1567 1196 1684 1265 eius
1732 1197 1935 1266 (Prov.

356 1310 486 1348 xxxi
516 1293 558 1359 ).
595 1313 614 1346 ι
650 1291 924 1348 Solitariae
970 1306 1164 1362 nempe
1214 1289 1650 1346 conversationis
1700 1290 1938 1345 oﬂicium

356 1392 441 1437 est
460 1424 473 1447 ,
503 1391 562 1436 ut
587 1381 667 1437 sic
697 1382 924 1437 desudet
949 1381 1070 1450 quis
1093 1379 1147 1434 in
1176 1380 1358 1450 magni
1389 1379 1570 1449 operis
1599 1377 1939 1441 fortitudine,

357 1484 627 1545 quatenus
661 1488 875 1543 semper
910 1471 1176 1528 sollicitus
1203 1471 1276 1526 sit
1315 1471 1370 1526 in
1411 1469 1715 1526 exhibenda
1755 1469 1939 1526 decori

357 1566 526 1620 animi
563 1566 819 1636 puritate.
855 1564 984 1621 [lace
1030 1573 1144 1630 est,
1189 1563 1440 1634 inquam,
1490 1564 1557 1618 de
1601 1578 1705 1631 qua
1751 1577 1940 1619 rursus

361 1657 604 1712 dicitur:
653 1656 792 1723 Quia
827 1675 846 1707 ε
876 1671 1098 1711 manum
1144 1671 1300 1710 suam
1350 1655 1500 1712 misit
1545 1655 1612 1708 ad
1651 1654 1844 1716 fortia.
1888 1663 1942 1711 et

357 1745 508 1817 digiti
557 1744 675 1814 eius
721 1746 1196 1817 apprehenderunt
1241 1745 1420 1801 fusum
1463 1747 1482 1814 (
1506 1744 1645 1798 Ibid.
1673 1746 1711 1815 ).
1747 1764 1764 1796 ι
1805 1745 1941 1813 Quia

2040 647 2165 718 gelii
2197 647 2373 718 gratia
2396 687 2412 712 ,
2441 662 2682 702 erenmm
2713 647 3071 703 consecravit.
3105 647 3266 704 Teste
3298 648 3502 718 Marco,
3530 654 3621 722 qui

2037 748 2160 808 post
2185 738 2582 795 enarrationem
2617 740 2902 810 baptismi,
2931 748 3126 810 praesto
3152 741 3474 797 suhiutulit:
3506 761 3525 794 ε
3559 743 3626 798 Et

2039 831 2223 886 statim
2263 831 2498 902 Spiritus
2535 832 2738 902 expulit
2775 847 2897 887 eum
2935 834 2986 886 in
3021 833 3180 903 332
3216 834 3488 889 desertum
3517 876 3531 900 ,
3571 844 3649 892 et!

2039 933 2157 979 erat
2187 925 2239 979 in
2272 926 2492 982 deserto
2519 925 2880 997 quadraginta
2927 926 3118 981 diebus
3139 967 3152 988 ,
3183 935 3236 980 ct
3265 928 3624 997 quadraginta
3651 962 3654 964 η

2040 1015 2326 1078 noctibus,
2357 1027 2413 1069 et
2460 1015 2774 1070 tentabatur
2802 1031 2830 1070 a
2863 1016 3066 1071 Satana
3087 1058 3100 1081 ,
3133 1028 3356 1087 eratque
3385 1035 3505 1074 cum
3535 1019 3627 1075 be-

2042 1102 2164 1157 stiis
2215 1101 2432 1172 (Marc.
2467 1104 2546 1174 t).
2587 1125 2603 1155 ι
2633 1104 2889 1176 Baptista
2922 1121 3139 1176 quoque
3185 1107 3422 1163 Joannes
3466 1109 3656 1178 hujus.

2040 1191 2406 1262 professionis
2433 1202 2676 1250 assertor
2703 1211 2810 1250 non
2857 1197 3207 1251 mediocriter
3246 1199 3485 1264 exstitit,
3529 1199 3648 1269 qui.

2043 1283 2161 1336 sine
2204 1281 2443 1337 humano
2488 1285 2634 1338 victu
2676 1285 2730 1340 in
2774 1284 2993 1342 deserto
3033 1287 3216 1342 vivere
3258 1302 3362 1342 non
3392 1287 3625 1343 humana

2040 1375 2241 1430 virtute
2285 1375 2527 1431 decrevit
2558 1375 2576 1448 (
2602 1375 2745 1431 Ibid.
2774 1379 2814 1448 ).

2643 1464 2886 1524 'CAPUT
2921 1467 3008 1522 lll.

2385 1556 2460 1611 De
2487 1556 2686 1628 duplici
2709 1559 3046 1613 eremitarum
3076 1576 3282 1630 genere.

2113 1645 2451 1717 Quapropter
2471 1657 2526 1701 et
2546 1663 2613 1702 ex
2642 1648 2756 1718 ipsa
2785 1651 3058 1704 nascentis
3089 1637 3247 1720 huius
3275 1651 3632 1709 institutionis

2042 1737 2270 1806 origine,
2300 1748 2354 1792 et
2384 1747 2726 1807 posterorum
2777 1741 2971 1796 deinde
3021 1743 3345 1798 succedente
3372 1759 3636 1814 processu

357 1837 612 1893 videlicet
659 1838 819 1908 hujus
860 1839 986 1892 vitae
1030 1838 1258 1894 idoneus
1299 1848 1587 1893 exsecutor
1635 1836 1715 1892 sic
1752 1852 1810 1892 se
1848 1851 1944 1906 per
2044 1828 2328 1886 manifeste
2352 1829 2644 1901 colligitur,
2682 1833 2824 1902 quod
2865 1834 3212 1890 eremitarum
3244 1837 3380 1892 ordo
3407 1837 3633 1908 biparti-

358 1928 564 1996 majora
592 1942 756 1999 opera
787 1943 854 1983 ex
882 1928 1135 1984 desiderii
1177 1928 1391 1983 fervore
1427 1927 1651 1990 dilatat,
1689 1933 1750 1980 ul,
1777 1926 1941 1981 etiam
1972 1914 2017 1972 Β
2048 1928 2133 1976 tus
2158 1932 2244 1976 est
2267 1939 2279 1975 :
2303 1937 2534 1992 quorum
2563 1923 2814 1980 videlicet
2842 1924 2932 1978 alii
2980 1925 3200 1983 cellulas
3244 1928 3505 1996 incolunt,
3539 1929 3630 1985 alii

367 2024 560 2073 cautus
589 2031 710 2086 qua:
737 2025 866 2072 sunt
894 2017 1119 2072 minima
1149 2031 1258 2071 non
1290 2017 1583 2085 relinquat.
1625 2015 1750 2071 Haec
1779 2015 1941 2086 plane

357 2117 716 2178 utrarumque
745 2122 992 2163 sororum
1031 2107 1222 2162 Lazari
1263 2107 1366 2162 sibi
1422 2105 1663 2160 vindicat
1712 2104 1944 2175 dignita-

367 2208 476 2255 tem
511 2218 524 2253 :
556 2200 684 2270 quia
713 2209 769 2254 et
797 2215 919 2254 cum
949 2200 1120 2254 Maria
1151 2200 1348 2255 sedens
1377 2200 1444 2254 ad
1473 2198 1702 2269 vestigia
1728 2197 1942 2252 Domini

361 2290 487 2360 eius
514 2291 701 2346 verbis
731 2291 998 2357 intendit,
1039 2299 1095 2346 et
1132 2305 1256 2346 cum
1299 2289 1510 2345 Martha
1549 2288 1800 2345 eumdem
1839 2287 1945 2343 Do-

361 2380 573 2435 minum
606 2380 837 2435 diversis
879 2389 1192 2436 sanctarum
1237 2379 1502 2434 virtutum
1548 2377 1727 2448 epulis
1767 2375 1947 2432 reﬁcit

361 2468 537 2539 (Luc.
569 2485 664 2523 xxx
694 2469 736 2540 ).

432 2557 540 2614 Sed
565 2572 663 2613 cur
692 2558 745 2613 in
774 2557 1147 2613 describendis
1173 2558 1334 2626 hujus
1359 2564 1561 2611 sanctae
1585 2556 1712 2610 vita:
1736 2554 1946 2610 meritis

361 2649 564 2706 diutius
592 2649 896 2705 immoror?
923 2648 1087 2702 Plane
1123 2657 1183 2702 ut
1215 2647 1651 2716 compendiosius
1685 2647 1944 2716 eloquar,

358 2740 545 2797 multa:
571 2749 699 2796 sunt
725 2741 828 2795 via:
863 2739 1061 2810 quibus
1096 2739 1204 2793 itur
1241 2739 1308 2793 ad
1344 2737 1554 2803 Deum;
1594 2737 1793 2792 diversi
1822 2747 1949 2792 sunt

359 2833 582 2888 ordines
630 2833 682 2887 in
733 2832 1090 2887 universitate
1133 2829 1417 2885 fidelium:
1460 2829 1556 2885 sed
1597 2829 1653 2884 in
1693 2829 1948 2884 omnibus

361 2923 448 2979 his
496 2923 640 2978 nulla
680 2923 925 2992 profecto
965 2923 1054 2976 via
1100 2930 1184 2977 est
1225 2929 1336 2976 tam
1378 2929 1560 2984 recta,
1610 2928 1721 2974 tam
1762 2928 1944 2984 certa,

361 3024 473 3070 tam
523 3016 805 3085 expedita,
857 3025 1020 3085 atque
1067 3012 1281 3068 cunctis
1309 3010 1749 3081 supplantatoriae
1779 3009 1949 3078 impa-

360 3105 558 3160 cliouis
585 3104 926 3160 oﬂ'eudiculis
958 3104 1133 3158 aliena
1159 3119 1174 3168 ;
1205 3102 1333 3172 quia
1355 3110 1408 3155 et
1433 3115 1622 3156 omnes
1649 3099 1762 3154 fere
1789 3114 1947 3153 occa-

361 3196 576 3260 siones,
609 3195 806 3265 quibus
843 3193 1052 3264 peccari
1081 3193 1278 3264 possit,
1314 3190 1595 3246 eliminat:
1631 3197 1686 3244 et
1719 3188 1948 3258 plurima

362 3257 661 3350 virtutum;
695 3257 890 3354 quibus
920 3285 1029 3340 Deo
1064 3257 1308 3354 placeat,
1349 3282 1684 3336 incrementa
1722 3257 1950 3336 convcr-
1977 3257 2023 3319 ο

365 3384 489 3430 tat:
539 3377 611 3430 ita
658 3385 716 3430 ut
759 3375 1159 3445 quodammodo
1209 3373 1499 3429 facultates
1547 3373 1751 3427 adimat
1777 3371 1951 3426 delin-

367 3464 598 3534 quendi,
633 3473 690 3520 et
719 3465 876 3519 bonis
925 3464 1181 3534 operibus
1225 3462 1513 3518 insistendi
1559 3463 1671 3517 vim
1716 3462 1954 3517 necessi-

367 3557 494 3611 tatis
535 3557 797 3625 imponat.
847 3557 1002 3624 Quod
1044 3557 1302 3611 nimirum
1347 3556 1437 3624 qui
1486 3570 1590 3609 non
1638 3554 1955 3625 dedignatur

369 3647 668 3718 inquirere,
702 3648 756 3702 in
787 3648 913 3702 aliis
942 3655 1140 3702 nostra;
1169 3647 1458 3717 parvitatis
1495 3644 1771 3715 Opuseulis
1809 3645 1954 3699 valet

365 3739 678 3810 expressius
713 3740 972 3794 invenire.
1007 3737 1144 3794 Huic
1179 3754 1309 3809 ergo
1343 3747 1564 3804 sanctae,
1605 3745 1688 3802 et,
1731 3745 1792 3790 ut
1828 3751 1956 3792 vere

368 3828 562 3891 fatear,
601 3829 833 3883 vivificae
870 3829 994 3882 vitm
1027 3829 1156 3882 illud
1196 3844 1304 3883 non
1346 3829 1766 3898 incongruenter
1799 3837 1955 3897 apta-

369 3927 478 3984 tur,
509 3918 652 3987 quod
683 3933 778 3986 per
809 3918 1155 3973 Salomonem
1182 3919 1381 3974 dicitur
1409 3935 1421 3973 :
1453 3937 1472 3969 α
1500 3918 1712 3984 Multae,
1748 3920 1954 3988 inquit,

369 4008 494 4062 filia:
537 4016 1002 4076 cougregaverunt
1047 4008 1298 4073 divitias,
1326 4017 1380 4062 et
1411 4017 1465 4062 tu
1495 4023 1848 4078 supergressa
1897 4027 1956 4064 es

368 4098 656 4154 Universas
688 4096 890 4169 (Prov.
922 4113 1051 4151 xxxi
1077 4098 1117 4167 ).
1150 4117 1169 4148 ι

1009 4185 1235 4242 CAPUT
1265 4187 1326 4242 ll.

761 4280 840 4336 De
878 4281 1077 4352 origine
1115 4281 1232 4335 vitae
1259 4282 1559 4336 eremiticre.

441 4378 832 4434 Verumtamen
870 4376 948 4431 rei
986 4377 1120 4432 ordo
1158 4376 1422 4445 postulat,
1465 4385 1525 4430 ut
1554 4384 1840 4444 antequam
1869 4391 1958 4429 ra-

373 4484 492 4524 mos
529 4469 962 4524 conversationis
1001 4470 1298 4539 attingam,
1340 4467 1514 4539 ipsam
1554 4468 1754 4522 radicis
1790 4467 1957 4536 origi-

373 4573 496 4612 nem
541 4557 770 4612 solerter
809 4557 1124 4627 inquiram:
1164 4565 1219 4611 et
1258 4557 1350 4627 qui
1394 4557 1553 4627 huius
1597 4557 1957 4613 institutionis

377 4655 627 4703 auctores
661 4645 894 4711 fuerint,
923 4649 1204 4702 evidenter
1242 4649 1546 4716 expediam.
1586 4648 1814 4718 Dignum
1856 4650 1958 4702 sci-

373 4737 498 4794 licet
526 4740 765 4794 arbitror
795 4739 998 4794 fontem
1037 4741 1188 4808 prius
1228 4739 1509 4808 aspicere,
1545 4747 1606 4794 ut
1641 4748 1766 4810 post
1802 4755 1959 4795 secu-

375 4833 488 4888 rius
525 4834 735 4889 valeam
775 4833 923 4888 rivos
960 4833 1201 4887 haurire.

447 4923 615 4993 llujus
658 4925 842 4992 itaque
881 4925 1003 4978 vitae
1042 4939 1328 4988 normam,
1370 4933 1432 4979 ut
1488 4927 1766 4982 anteriora
1820 4943 1959 4997 prm-

378 5023 612 5083 tercam,
645 5017 702 5071 in
736 5015 918 5070 Veteri
959 5016 1280 5071 Tetamcnto
1316 5016 1465 5072 Elias
1502 5019 1707 5088 coepit;
1750 5019 1961 5074 Eliseus

375 5119 499 5160 vero
528 5118 690 5163 aucto
721 5105 1105 5174 discipulorum
1142 5107 1370 5176 collegio
1407 5108 1671 5164 dilatavit.
1708 5109 1767 5164 In
1807 5107 1960 5164 Novo

867 5207 915 5220 ιιι
980 5199 1235 5220 ι..ι-..ε---
1300 5213 1400 5220 _-_
1469 5200 1706 5220 J2--!4A!I'
1775 5200 1830 5220 -l_
1875 5199 1957 5220 ιλ-

375 5205 540 5220 una-..
602 5197 804 5220 ﬂ---|-.-

2045 2013 2248 2084 passim
2291 2029 2387 2084 per
2429 2015 2595 2070 eremi
2646 2016 2861 2072 deserta
2908 2019 3238 2088 gradientes,
3283 2029 3461 2076 certas
3486 2021 3632 2076 aedes

2046 2101 2248 2156 habere
2270 2108 2642 2157 contemnunt.
2675 2103 2781 2158 Sed
2823 2105 2912 2173 qui
2941 2121 3038 2174 per
3066 2122 3307 2162 eremum
3352 2109 3632 2178 spatiando

2047 2193 2377 2257 discurrunt,
2430 2193 2801 2261 anachoreta;
2838 2197 2928 2267 qui
2977 2213 3104 2252 vero
3141 2198 3348 2253 cellulis
3392 2201 3632 2255 contenti
3698 2234 3707 2239 -

2047 2293 2193 2350 sunt,
2222 2285 2424 2340 usitato
2449 2286 2712 2340 vocabulo
2739 2289 2978 2343 eremitze
3009 2278 3299 2344 dicuntur:
3326 2291 3523 2358 quibus
3554 2293 3633 2344 ni-

2047 2377 2246 2432 mirum
2274 2393 2468 2433 nomen
2499 2393 2788 2435 commune
2816 2380 3015 2435 factum
3044 2390 3128 2437 est
3163 2383 3418 2450 speciale.
3448 2385 3632 2450 Quan—

2047 2481 2210 2536 quam
2240 2466 2399 2535 hujus
2443 2469 2699 2538 temporis
2744 2468 2942 2526 fratres
2987 2471 3277 2542 superbum
3305 2472 3504 2526 ducant
3535 2471 3637 2526 hoc

2049 2557 2267 2612 sibimet
2315 2571 2572 2629 arrogare
2607 2559 2947 2623 vocabulum,
2989 2561 3085 2616 sed
3118 2561 3440 2615 humilitatis
3470 2576 3634 2616 causa

2049 2649 2375 2717 ptenitentcs
2409 2663 2467 2704 se
2496 2648 2676 2718 potius
2703 2651 2975 2720 gaudeant
3009 2651 3290 2720 appellari.
3320 2651 3639 2706 Anachore-

2052 2747 2226 2795 tarum
2280 2748 2461 2794 autem
2489 2738 2602 2808 jam
2651 2748 2776 2794 ttmc
2832 2742 2924 2794 lilii
2973 2741 3220 2797 Jonadah
3247 2744 3500 2813 primitiae
3526 2743 3644 2796 fue-

2049 2839 2197 2896 rant,
2219 2831 2334 2900 qui,
2359 2831 2496 2886 sicut
2524 2830 2790 2888 Jeremias
2818 2840 3068 2896 testatur,
3094 2831 3278 2885 vinum
3308 2841 3364 2886 et
3405 2833 3638 2888 siceram

2050 2937 2158 2978 non
2195 2922 2449 2976 bibebant
2472 2921 2608 2991 (Jer.
2642 2923 2830 2990 xxxv).
2877 2922 3208 2976 Habitabant
3231 2937 3394 2991 porro
3425 2924 3477 2976 in
3522 2933 3643 2978 ten-

2051 3013 2226 3076 toriis,
2255 3021 2310 3066 et
2351 3028 2486 3083 quas
2529 3029 2632 3067 nox
2664 3014 3020 3083 compulerat,
3053 3014 3211 3069 sedes
3253 3015 3540 3070 habebant.
3573 3014 3640 3069 lli

2052 3103 2284 3172 denique
2311 3103 2624 3158 scribuntur
2664 3105 2718 3158 in
2760 3104 2973 3159 Psalmo
3020 3105 3191 3176 (Paul.
3223 3107 3467 3176 cxxxvt),
3495 3108 3640 3176 quod

2051 3195 2210 3264 primi
2241 3195 2610 3264 captivitatem
2641 3195 2748 3251 sint
2789 3199 2888 3251 sub
2915 3196 3219 3265 huiusmodi
3264 3198 3644 3266 persecutione

2055 3287 2296 3358 perpessi
2333 3305 2344 3339 :
2379 3288 2504 3356 quia
2553 3287 2622 3343 ab
2676 3289 2919 3345 exercitu
2974 3289 3346 3346 Chaldaeorum
3394 3302 3644 3348 vastante

2053 3378 2316 3442 Judamm,
2377 3380 2540 3434 urbes
2587 3389 2713 3436 sunt
2765 3381 2992 3436 introire
3026 3382 3309 3452 compulsi.
3349 3382 3460 3438 l-lac
3494 3384 3643 3439 vide-

2054 3469 2178 3524 licet
2206 3470 2437 3534 ratione,
2465 3471 2610 3540 quod
2637 3471 2832 3542 oppida
2855 3487 3103 3528 carceres
3130 3474 3410 3539 ducerent,
3434 3483 3490 3528 et
3521 3473 3642 3529 dul-

2056 3563 2136 3617 cis
2163 3561 2457 3617 habitaculi
2489 3563 2730 3633 requiem
2782 3564 2981 3620 deserti
3017 3564 3362 3620 solitudinem
3402 3566 3649 3620 mstima—

2059 3663 2197 3709 rent.
2229 3654 2338 3710 Sed
2369 3669 2469 3710 nos
2507 3657 2710 3712 sanctis
2738 3657 3106 3722 anachoretis,
3147 3659 3238 3727 qui
3269 3657 3372 3712 hoc
3401 3667 3646 3727 tempore

2058 3755 2153 3800 aut
2184 3747 2291 3800 rari
2320 3756 2470 3812 sunt,
2501 3757 2596 3803 aut
2636 3748 2792 3814 nulli,
2836 3748 3006 3803 solam
3040 3750 3396 3804 reverentiam
3425 3748 3646 3804 exhibe-

2059 3855 2203 3904 mus,
2232 3840 2299 3894 ad
2322 3839 2579 3896 eremitas
2608 3848 2790 3895 autem
2815 3855 3033 3896 omnem
3074 3838 3234 3911 huius
3267 3839 3650 3908 disputationis

2058 3928 2346 3983 articulum
2379 3930 2656 3986 vertimus.

2667 4021 2895 4077 CAPUT
2953 4022 3042 4076 IV.

2064 4107 2183 4172 Qua
2212 4108 2485 4180 diligentia
2529 4110 2888 4232 resistendumb
2914 4113 3092 4165 carnis
3135 4127 3196 4164 ac
3251 4111 3444 4163 diaboli
3481 4119 3666 4164 lenta--

2725 4189 2853 4232 tiam
2894 4196 2975 4232 us.

2725 4189 2975 4233 tionibus.

2133 4285 2391 4354 Quisquis
2419 4285 2584 4355 igitur
2616 4286 2862 4342 cellulam
2893 4302 3015 4341 cum
3049 4288 3265 4342 diabolo
3292 4289 3660 4346 dimicaturus.

2064 4375 2395 4447 ingreditur,
2443 4384 2499 4430 et
2544 4377 2600 4432 in
2642 4393 2806 4432 arena
2840 4377 3137 4447 spiritualis
3171 4378 3336 4449 pradii
3389 4379 3648 4436 ferventis

2063 4465 2405 4521 animositate
2455 4467 2694 4536 pectoris
2739 4467 3020 4534 incitatur,
3077 4470 3144 4524 ad
3185 4469 3290 4523 hoc
3321 4477 3489 4524 totam
3537 4486 3649 4526 sua:

2065 4559 2261 4613 mentis
2285 4559 2636 4616 intentionem
2666 4560 2881 4632 dirigat,
2909 4570 2968 4616 ut
3002 4561 3411 4618 delectationem
3443 4562 3646 4629 carnis,

2063 4651 2146 4706 vel
2199 4650 2263 4705 ad
2298 4661 2630 4707 mornentum
2675 4653 2894 4722 quidem
2933 4653 3045 4723 iam
3085 4655 3221 4709 ultra
3263 4668 3368 4709 non
3417 4655 3645 4720 sentiat;

2060 4745 2156 4800 sed
2187 4744 2428 4810 sibimet,
2460 4745 2622 4799 simul
2654 4754 2706 4800 et
2739 4749 2943 4803 mundo
2975 4756 3222 4802 mortuus
3256 4746 3419 4799 vivat.
3449 4744 3531 4798 Ad
3570 4752 3653 4800 to-

2060 4836 2309 4891 lerandas
2337 4835 2515 4905 itaque
2543 4837 2909 4904 calamitates,
2942 4849 3102 4908 atque
3135 4836 3385 4890 miserias
3414 4836 3660 4892 animum

2063 4937 2350 5001 praeparet,
2402 4931 2565 4984 morti
2613 4943 2674 5001 se
2717 4943 2816 4998 pro
2846 4929 3065 4985 Christo
3112 4928 3398 4989 devoveat,
3425 4926 3661 4982 diversis

2063 4999 2322 5074 virtutum
2357 5019 2479 5074 telis
2504 4999 2718 5074 lumbos
2745 5023 2948 5077 mentis
2990 5019 3272 5086 accingat;
3310 5016 3492 5070 omnia
3524 5015 3661 5072 sibi-

2069 5121 2180 5167 met
2208 5125 2420 5180 aspera,
2455 5121 2510 5168 et
2550 5111 2687 5165 dura
2716 5123 3040 5181 praeponat;
3076 5115 3137 5163 ut
3176 5122 3300 5162 cum
3346 5106 3668 5164 acciderint.

2245 5200 2472 5220 2.....-..--'
2499 5201 2576 5220 1--..
2655 5197 2860 5220 Α-“Α“-οξ.
2884 5217 2895 5219 _
3011 5196 3243 5220 --μοδελ-κδ
3347 5195 3437 5220 nn.‘
3491 5193 3669 5220 Αιυικῖιιι

2071 5217 2096 5220 .-
2117 5215 2170 5220 -Α
2245 5200 2472 5220 2.....-..--'
2499 5201 2576 5220 1--..
2655 5197 2860 5220 Α-“Α“-οξ.
2884 5217 2895 5219 _
3011 5196 3243 5220 --μοδελ-κδ
3347 5195 3437 5220 nn.‘
