4106 6320
493 437 599 496 339

951 436 1010 493 S.
1038 436 1238 494 PETRI
1276 434 1556 493 DAMIANI
1585 436 1736 494 OPP.
1769 434 2005 495 TOMUS
2045 437 2181 496 SEU
2216 436 2401 494 PARS
2457 436 2544 495 lli.
2571 468 2643 479 --
2670 431 3034 495 OPUSCULA
3062 435 3288 497 VARIA.

3647 439 3754 497 340

562 541 821 622 quisquis
869 565 999 621 ergo
1045 551 1238 606 nititur
1298 553 1474 606 amnis
1524 550 1719 605 fluenta
1772 552 2066 621 restringe-
2093 557 2141 612 Α
2172 549 2446 603 moderate
2472 548 2704 617 repletur
2725 548 2883 615 cibis,
2906 558 3096 602 caetera
3121 563 3346 618 quasque
3368 549 3607 603 membra
3634 550 3759 603 inti-

489 662 574 710 re,
620 643 773 714 juxta
820 640 985 695 fontis
1036 642 1263 707 aditum,
1314 636 1542 697 necesse
1576 650 1659 695 est
1708 648 1922 709 satagat
1970 641 2067 695 ob-

488 733 694 790 stacula
749 743 1118 789 convectare:
1155 742 1213 786 ut
1255 733 1344 787 ubi
1409 733 1642 787 nondum
1711 733 1921 794 amnis,
1973 732 2067 786 sed

488 825 648 898 333
677 824 852 878 adhuc
885 823 1085 877 rivulus
1114 824 1385 885 cernitur,
1417 824 1523 878 illic
1550 824 1793 879 obicibus
1824 824 2070 893 imp..-ctis

486 913 643 969 facile
674 912 1022 982 reprimatur.
1047 911 1148 978 Qui
1180 913 1249 967 ad
1273 913 1450 967 aulam
1475 928 1687 983 quoque
1718 913 1919 982 regiam
1946 927 2069 980 pro-

486 1018 680 1075 perare
704 1003 962 1073 disponit,
994 1004 1045 1057 in
1076 1003 1190 1071 ipso
1218 1003 1431 1057 demum
1459 1003 1817 1072 expeditionis
1845 1004 2067 1057 exordio

485 1111 611 1152 cum
658 1095 843 1165 paucis
887 1094 1163 1162 egreditur
1200 1081 1570 1149 {confluentis
1614 1102 1791 1148 autem
1841 1095 2067 1150 subinde

484 1201 743 1243 numerus
773 1186 1043 1241 societatis
1079 1195 1322 1255 augetur.
1368 1185 1622 1256 Quisquis
1668 1187 1895 1256 denique
1943 1187 2069 1241 huic

485 1274 648 1330 struit
678 1275 931 1337 insidias,
971 1289 1075 1328 non
1106 1275 1290 1345 procul
1327 1290 1356 1328 a
1383 1276 1541 1329 domo
1560 1316 1575 1340 ,
1602 1275 1744 1329 unde
1770 1275 2064 1346 egreditur,

483 1365 663 1419 latitat
709 1383 723 1419 :
775 1375 835 1419 ut
880 1366 1105 1420 necdum
1155 1368 1486 1436 constipatus
1536 1366 1873 1421 multitudine
1921 1382 2065 1422 com-
2104 1412 2111 1413 κ

484 1455 781 1509 meantium
812 1456 1120 1525 repentinos
1149 1456 1381 1526 impetus
1410 1472 1514 1511 non
1545 1458 1755 1511 evadat.
1787 1457 1938 1512 Tunc
1968 1474 2065 1512 au-

482 1554 592 1599 tem
632 1546 895 1601 veraciter
940 1546 1015 1601 ad
1059 1562 1238 1616 regem
1287 1555 1527 1602 nostrum
1574 1557 1925 1617 properantes
1964 1549 2066 1603 iter

396 1642 403 1647 '
481 1634 768 1706 incipimus
794 1677 808 1699 ,
852 1652 972 1691 cum
1025 1638 1185 1693 rudes
1230 1640 1443 1703 adhuc,
1484 1639 1714 1707 novique
1757 1639 1960 1693 tirones
2009 1641 2061 1693 in

480 1726 744 1796 spirituali
775 1727 963 1782 militia
994 1738 1330 1783 sacramenta
1352 1730 1621 1800 juramus.
1654 1728 1759 1785 Sed
1788 1730 1912 1799 quia
1940 1745 2063 1785 nec-

480 1816 607 1870 dum
657 1816 1013 1886 spiritualium
1058 1819 1360 1874 studiorum
1409 1821 1621 1890 agmine
1668 1820 2059 1875 circumfundi-

2169 640 2275 693 ciat
2305 637 2699 707 vitiis.|Lingua
2730 652 2860 692 vero
2900 638 3272 708 restringitur,
3305 639 3431 708 quia
3460 638 3755 708 indiseipii-

2167 739 2292 784 nate
2318 728 2516 793 laxata,
2548 742 2794 799 superna:
2827 730 3015 799 gratiae
3037 731 3222 802 vigore
3258 730 3493 783 animam
3533 740 3755 797 vacuat,

2165 817 2328 890 335
2355 826 2411 872 et
2437 834 2466 872 a
2525 827 2666 873 statu
2713 818 2976 874 salutiferi
3025 820 3220 891 rigoris
3244 831 3488 875 enervat.
3518 821 3756 876 Verum-

2169 921 2346 965 tamen
2379 911 2569 965 modus
2594 919 2755 979 atque
2790 911 3043 965 discretio
3078 913 3130 966 in
3159 912 3354 967 talibus
3382 920 3467 967 est
3493 912 3756 968 adhiben-

2167 1003 2266 1066 da;
2299 1017 2363 1056 ne
2397 1002 2539 1072 quod
2566 1001 2933 1056 indifferenter
2955 1004 3149 1072 agitur,
3182 1003 3329 1058 velut
3365 1017 3502 1057 onus
3543 1003 3754 1072 impor-

2169 1090 2363 1164 tabile,
2405 1106 2504 1160 per
2548 1090 2945 1145 intolerantiam
2992 1091 3404 1160 pusillanimiter
3431 1092 3752 1161 deponatur.

2168 1182 2321 1236 Sicut
2371 1196 2500 1251 ergo
2556 1197 2718 1251 supra
2767 1183 3113 1250 promisimus
3140 1223 3155 1247 ,
3189 1197 3309 1252 qua:
3339 1183 3395 1236 in
3436 1183 3538 1237 hac
3567 1197 3758 1237 eremo

2166 1272 2377 1327 vivendi
2424 1271 2604 1341 regula
2653 1281 2900 1326 teneatur
2927 1312 2943 1337 ,
3007 1272 3248 1327 breviter
3290 1271 3659 1341 explicemus:
3692 1281 3756 1326 ut

2166 1364 2291 1417 dum
2339 1363 2479 1417 hanc
2503 1363 2655 1431 quasi
2693 1364 2960 1432 quoddam
2991 1363 3201 1417 vivendi
3227 1371 3465 1418 metrum
3502 1363 3755 1417 conside-

2168 1457 2391 1512 rationis
2434 1466 2537 1511 ture
2572 1457 2743 1511 oculis
2772 1457 3084 1526 apposueris
3109 1497 3125 1521 ,
3154 1456 3268 1511 sive
3305 1457 3571 1511 excedens
3590 1496 3606 1521 ,
3636 1457 3756 1511 sive

2166 1547 2392 1602 inferius
2417 1548 2698 1617 gradiens,
2727 1548 2792 1601 ad
2840 1548 2981 1603 hanc
3028 1546 3209 1602 sedula
3241 1546 3539 1603 intentione
3567 1562 3757 1603 recur-

2166 1652 2313 1704 rens,
2336 1652 2522 1692 errare
2559 1653 2663 1692 uon
2687 1638 2882 1707 possis.

2784 1727 3013 1783 CAPUT
3051 1728 3138 1784 Vl.

2533 1814 2728 1885 Regula
2742 1816 2938 1885 jejunii
2967 1833 3030 1869 ac
3061 1816 3375 1886 refectionis.

480 1920 641 1971 mur,
693 1907 921 1961 necdum
972 1906 1320 1977 perfectionis
1364 1886 1653 1963 virtutibus
1701 1911 2060 1975 roborantur;
2097 1886 2139 1944 Β
2237 1908 2319 1963 Ab
2342 1907 2522 1962 Idibus
2548 1908 2730 1975 itaque
2752 1905 3085 1974 Septembris
3113 1921 3284 1976 usque
3303 1907 3370 1962 ad
3394 1907 3756 1962 resurrectio—

478 2002 609 2050 tunc
632 2006 945 2052 veternosus
970 1997 1137 2053 hostis
1164 2006 1289 2053 ante
1313 1999 1485 2069 ipsum
1516 2000 1839 2070 egressionis
1867 2010 2064 2056 nostra:

478 2085 804 2141 vestibulum
836 2086 1060 2143 insidias
1103 2098 1404 2158 praeparat,
1434 2088 1506 2142 ibi
1540 2088 1787 2143 versutia:
1817 2105 1927 2143 suae
1970 2090 2065 2144 do-

479 2176 591 2243 los,
623 2177 695 2232 ibi
726 2177 1074 2247 malignitatis
1121 2187 1267 2233 artes
1305 2188 1359 2234 et
1402 2180 1642 2247 laqueos,
1681 2179 1757 2232 ibi
1789 2179 2059 2248 deceptio-

478 2282 609 2321 num
639 2267 935 2331 machinas,
965 2276 1021 2321 et
1055 2270 1231 2322 omnia
1262 2268 1531 2338 pestiferae
1556 2268 1866 2323 calliditatis
1903 2285 2060 2339 argu-

478 2367 657 2412 menta
694 2359 986 2412 concinnat
1034 2379 1047 2412 :

478 2440 601 2496 boni
627 2444 806 2513 Operis
831 2445 1096 2511 obstruat,
1125 2457 1179 2502 et
1216 2450 1570 2518 gradientem,
1602 2462 1889 2518 antequam
1915 2466 2061 2505 com-

475 2535 775 2588 meantium
802 2538 1014 2604 agmine
1041 2537 1308 2600 fulciatur,
1342 2539 1666 2608 exstinguat.

547 2620 653 2676 Sed
700 2623 841 2679 inter
881 2627 979 2679 bas
1019 2624 1321 2693 jaculorum
1352 2629 1807 2682 erebrescentium
1838 2630 2058 2697 grandi-

476 2727 605 2776 nes,
640 2715 781 2767 intcr
812 2717 944 2768 istas
984 2717 1245 2769 bellorum
1293 2718 1662 2786 ingruentium
1690 2725 2054 2789 tempestates,

474 2801 674 2856 Christi
712 2804 868 2857 miles
901 2820 1008 2858 non
1041 2805 1327 2860 formidine
1353 2808 1701 2863 contabescat
1724 2849 1739 2872 ,
1794 2824 1897 2863 non
1948 2809 2058 2864 fra-

472 2902 596 2947 ctus
623 2892 807 2948 labore
831 2894 1077 2959 deficiat;
1108 2897 1201 2950 sed
1229 2897 1444 2952 invicta:
1468 2899 1588 2953 fidei
1616 2899 1800 2970 clypeo
1827 2918 2056 2970 praemu-

473 2985 640 3048 nltus,
664 2999 771 3053 quo
794 2985 1002 3039 acriora
1026 2986 1392 3041 infestantium
1418 2988 1737 3043 lnctatorum
1762 2992 2054 3046 certamina

474 3074 700 3141 tolerat,
725 3091 790 3131 eo
815 3078 1017 3132 certius
1056 3077 1123 3131 de
1150 3078 1327 3133 vicina
1369 3080 1461 3134 Dei
1510 3081 1820 3136 auxiliantis
1848 3082 2056 3151 aspira-

472 3165 621 3219 tione
648 3165 902 3220 confidat.
930 3165 1039 3221 Nec
1067 3181 1290 3238 prorsus
1319 3169 1617 3233 addubitet,
1642 3170 1767 3238 quia
1796 3170 1840 3223 si
1871 3172 2056 3240 prima:

471 3255 789 3310 tentationis
825 3256 1107 3311 articulum
1159 3259 1357 3313 illaesos
1391 3260 1627 3314 evaserit
1671 3277 1686 3312 :
1732 3261 1893 3329 paulo
1937 3271 2057 3329 post

475 3343 778 3409 roboratus,
811 3356 864 3399 et
889 3347 1119 3413 validus,
1148 3356 1294 3421 terga
1321 3351 1656 3407 vertentibus
1706 3368 1769 3407 ac
1803 3367 2053 3408 succum-

2168 2015 2291 2054 nem
2336 1998 2695 2064 Dominicam,
2725 1998 2962 2067 quinque
2991 2013 3089 2068 per
3133 1998 3520 2053 hebdomadam
3562 1998 3755 2054 diebus

2165 2099 2379 2146 tenetur
2424 2090 2513 2144 hic
2559 2105 2622 2144 ex
2677 2103 2829 2143 more
2872 2087 3153 2158 jejunium.
3202 2091 3286 2145 Ab
3333 2090 3540 2144 octavis
3568 2098 3754 2144 autem

2162 2180 2439 2235 Paschalis
2468 2180 2778 2234 festivitatis
2809 2193 2978 2247 usque
3024 2179 3091 2233 ad
3122 2188 3332 2233 sextum
3375 2180 3516 2233 diem
3561 2179 3752 2234 Pente-

2162 2279 2377 2333 coites,
2433 2280 2665 2339 quatuor
2711 2279 2917 2323 tantum
2970 2283 3068 2339 per
3121 2270 3510 2325 hebdomadam
3562 2270 3754 2326 diebus

1095 2370 1360 2430 quatenus
1403 2363 1576 2415 rivmn
1624 2363 1801 2416 adhuc
1847 2371 2058 2415 tenuem
2155 2364 2417 2434 jejunium
2447 2364 2768 2418 celebratur.
2810 2362 2922 2417 Hac
2966 2361 3215 2416 videlicet
3260 2362 3588 2417 discretione
3632 2378 3754 2417 ser-

2161 2465 2284 2509 vata
2312 2463 2371 2508 ut
2396 2462 2617 2523 propter
2642 2453 2979 2508 Dominicum
3007 2453 3147 2507 diem
3167 2493 3182 2517 ,
3215 2452 3282 2507 de
3332 2454 3485 2523 cujus
3529 2453 3753 2522 speciali

2160 2544 2458 2599 reverentia
2489 2543 2664 2597 nullus
2704 2543 3017 2608 addubitat,
3064 2543 3228 2595 etiam
3276 2543 3432 2596 tertia
3477 2551 3532 2597 et
3560 2543 3749 2612 quinta

2160 2634 2291 2688 feria
2324 2634 2407 2687 bis
2436 2634 2488 2687 in
2521 2634 2607 2687 die
2650 2632 2895 2686 reﬁciant
2935 2632 3151 2686 fratres.
3182 2631 3275 2685 Illo
3317 2631 3461 2685 enim
3511 2640 3753 2699 tempore

2160 2724 2284 2778 licet
2339 2723 2619 2793 aliquanto
2668 2722 2949 2776 remissius
2998 2722 3183 2774 vivere
3224 2720 3483 2774 :tamctsi
3532 2720 3755 2774 minime

2158 2817 2553 2886 prohibeantur
2598 2814 2849 2869 monachi
2892 2814 3215 2868 auctoritate
3265 2826 3543 2868 sacrorum
3586 2826 3789 2866 cano»

2160 2923 2287 2960 num
2312 2905 2577 2976 jejunare.
2611 2905 2691 2959 Ab
2720 2914 2913 2959 octava
2944 2920 3072 2959 vero
3112 2904 3461 2958 Pentecostes
3484 2916 3652 2970 usque
3680 2902 3753 2955 ad

2159 2996 2503 3051 Nativitatem
2530 2995 2590 3049 Β.
2620 2994 2865 3060 Joannis,
2895 2996 3052 3049 tertia
3085 2995 3303 3065 quidem
3338 2993 3468 3048 feria
3498 2992 3746 3062 pulmen-

2161 3096 2270 3141 tum
2297 3087 2556 3141 fratribus
2584 3087 2717 3140 liora
2753 3101 2894 3139 nona
2923 3085 3201 3149 tribuitur,
3231 3085 3417 3154 quinta
3450 3100 3576 3138 vero
3608 3082 3747 3136 feria

2161 3177 2384 3231 refectio
2410 3178 2655 3230 iteratur.
2684 3175 2851 3230 Porro
2877 3190 2907 3229 a
2929 3175 3224 3229 festivitate
3245 3174 3303 3229 S.
3327 3173 3549 3229 Joannis
3571 3187 3746 3243 usque

2161 3268 2229 3322 ad
2257 3268 2380 3322 ldus
2408 3265 2762 3337 Septembris,
2799 3266 2953 3319 tertia
2993 3275 3047 3319 et
3071 3265 3257 3333 quinta
3286 3263 3416 3318 feria
3447 3263 3569 3318 bina
3590 3261 3747 3327 ,refe-

2160 3358 2267 3412 ctio
2316 3354 2367 3410 in
2419 3357 2506 3411 die
2552 3365 2840 3410 teneatur:
2867 3355 3086 3425 reliquis
3116 3370 3246 3409 vero
3288 3362 3522 3423 quatuor
3555 3352 3758 3407 diebus

472 3438 727 3495 Dentibus
755 3440 867 3495 suis
895 3442 1239 3508 adversariis,
1272 3447 1606 3515 prtevalebit.
1634 3448 1839 3503 Idcirco
1866 3464 2057 3519 nempe
2154 3447 2416 3516 jejunium
2447 3463 2512 3501 ex
2549 3442 3007 3501 more‘servetur.'
3025 3445 3186 3500 Salvo
3214 3445 3465 3500 videlicet
3491 3458 3578 3505 eo.
3599 3442 3746 3512 quod

474 3530 760 3586 insidiator
781 3532 1003 3601 spiritus
1029 3543 1196 3588 totum
1228 3534 1301 3589 fel
1325 3552 1435 3590 sua:
1459 3538 1710 3606 nequitiae
1732 3538 1876 3593 circa
1906 3540 2056 3593 novi-

474 3621 579 3675 tios
603 3623 822 3677 evomit.
863 3622 992 3677 Ideo
1028 3638 1187 3679 omne
1213 3626 1360 3681 virus
1382 3627 1689 3682 artificiosa:
1718 3642 1779 3683 ac
1808 3629 2057 3697 decepto-

475 3712 573 3765 rite
597 3711 906 3767 calliditatis
929 3712 1153 3767 effundit
1184 3732 1198 3767 :
1231 3716 1356 3785 quia
1387 3732 1493 3771 non
1536 3716 1780 3785 ignorat,
1802 3719 2053 3785 quoniam

476 3801 522 3855 si
555 3808 681 3857 tunc
704 3800 950 3857 effectum
978 3804 1217 3873 perversi
1245 3812 1471 3859 conatus
1499 3804 1766 3870 amiserit,
1796 3814 2055 3875 opportu-

475 3891 703 3946 nitatem
748 3892 971 3948 ladendi
1002 3894 1342 3965 postmodum
1376 3909 1482 3948 non
1530 3894 1769 3949 habebit.
1820 3895 1929 3949 Imo
1964 3897 2053 3966 qni

477 3984 825 4055 supplantare
868 4001 975 4041 non
1004 3986 1208 4056 potuit,
1248 3986 1417 4040 ruinae
1457 3987 1795 4055 postmodum
1829 3987 2057 4056 turpiter

477 4072 809 4144 subjaeebit;
831 4081 886 4129 et
910 4074 1007 4146 qui
1029 4074 1148 4130 rudi
1179 4089 1282 4130 non
1307 4075 1582 4146 praevalet,
1609 4075 1906 4131 exercitato
1929 4090 2055 4132 sue-

477 4164 719 4220 eumbet.

1113 4255 1339 4314 CAPUT
1375 4257 1439 4312 Υ.

548 4346 636 4401 De
658 4347 848 4418 quiete,
878 4348 1110 4413 silentio,
1140 4360 1185 4401 et
1214 4349 1440 4431 jejunio,
1471 4349 1698 4403 eventitis
1728 4350 1987 4419 ptteciptte

1115 4434 1437 4472 ηεεεδειινηε.

550 4525 853 4581 Notandum
888 4536 1098 4588 autem,
1128 4528 1251 4596 quia
1291 4544 1412 4582 cum
1450 4528 1700 4583 omnibus
1743 4529 1809 4582 ad
1854 4538 2054 4585 aeterna

480 4616 863 4672 festinantibus
892 4615 1155 4671 universae
1184 4616 1409 4670 virtutes
1443 4617 1606 4669 animi
1642 4618 1748 4670 sint
1777 4618 2053 4686 habendae,

480 4706 735 4761 solitaria:
759 4706 880 4760 vita:
910 4706 1184 4777 proposito
1212 4705 1312 4760 tria
1340 4714 1463 4760 sunt
1492 4707 1757 4776 praecipue
1788 4708 2057 4763 exteriora

479 4799 753 4864 videlicet,
786 4814 1020 4869 congrua
1052 4798 1269 4868 speciali
1308 4815 1419 4869 pra:
1443 4800 1649 4854 caeteris
1684 4800 2057 4858 observatione

481 4888 748 4943 tenenda:
786 4889 941 4958 quies
966 4887 1191 4953 scilicet,
1223 4888 1491 4943 silentium
1517 4930 1531 4950 ,
1565 4898 1725 4958 atque
1746 4889 2006 4960 jejunium
2037 4910 2051 4946 :

480 4988 536 5032 et
578 4988 771 5033 caetera
802 4978 1019 5048 quidem
1068 4979 1423 5034 iusttutnenta
1449 4979 1670 5050 justitite
1716 4981 1769 5035 in
1800 4983 1915 5037 sola
1945 4984 2057 5052 plc-

480 5083 708 5138 rumque
735 5071 1053 5138 devotione,
1081 5071 1170 5126 vel
1195 5072 1415 5138 habitu;
1454 5073 1555 5128 ista
1598 5083 1775 5130 autem
1821 5076 1874 5131 in
1901 5091 2055 5132 exer-

480 5159 611 5215 citio
661 5161 855 5215 debent
912 5162 1162 5218 familiari
1217 5166 1444 5233 quadam
1498 5167 1780 5223 sedulitate
1824 5172 2053 5226 versari.

482 5250 636 5304 Sicut
672 5250 814 5303 enim
858 5252 1152 5308 sacerdotis
1181 5264 1267 5311 est
1294 5257 1571 5327 preprium
1608 5258 1890 5314 sacrificiis
1920 5258 2053 5315 offe-

482 5338 667 5393 rendis
710 5338 1001 5406 insistere,
1047 5342 1284 5400 doctoris
1328 5354 1413 5401 est
1459 5347 1787 5416 praedicare;
1840 5349 1913 5404 ita
1970 5350 2056 5404 ni-

481 5427 772 5482 hilominus
797 5431 1036 5484 eremita:
1063 5432 1294 5489 officium
1323 5446 1436 5501 est,
1468 5437 1521 5490 in
1553 5436 1757 5508 jejunio
1775 5479 1790 5503 ,
1819 5439 2057 5494 silentio-

482 5535 588 5588 que
613 5519 912 5590 quiescere.
948 5520 1099 5578 Unde
1137 5540 1242 5580 non
1286 5528 1487 5583 frustra
1528 5531 1795 5598 reperitur
1823 5530 1892 5584 ab
1920 5532 2059 5584 anti-

482 5611 603 5681 quis
631 5610 754 5665 vita
783 5610 941 5680 hujus
978 5611 1371 5675 institutoribus
1394 5621 1596 5676 dictum
1628 5640 1640 5675 :
1671 5620 1808 5676 Sede
1837 5622 1890 5675 in
1928 5621 2058 5677 cella

483 5715 595 5764 tua,
617 5710 665 5756 et
691 5702 852 5755 mine
871 5700 1103 5773 linguam
1130 5717 1295 5776 tuam,
1322 5719 1370 5766 et
1396 5720 1641 5776 ventrem,
1663 5722 1710 5767 et
1740 5712 1913 5766 salvus
1933 5714 2055 5767 eris.

485 5793 680 5849 Venter
712 5793 972 5863 siquidem
1004 5799 1371 5869 reprimendus
1410 5811 1512 5871 est,
1547 5819 1612 5859 ne
1655 5805 1779 5860 dum
1812 5804 1923 5876 ipse
1955 5805 2058 5860 ima

2158 3538 2201 3593 si
2232 3539 2351 3607 quis
2391 3539 2528 3591 inter
2557 3535 2753 3591 fratres
2788 3535 3052 3590 infirmari
3093 3534 3423 3603 conspicitur
3445 3574 3460 3597 ,
3494 3548 3616 3587 mox
3649 3531 3749 3598 illi,

2159 3639 2315 3698 prout
2360 3642 2581 3682 necesse
2626 3626 2825 3690 fuerit,
2856 3626 3276 3681 misericorditer
3313 3623 3652 3679 subvenitur.
3686 3620 3745 3673 ln

2159 3716 2544 3771 festivitatibus
2589 3714 2873 3769 duodecim
2925 3714 3215 3769 lectionum
3240 3754 3255 3777 ,
3286 3724 3620 3782 quaecunque
3651 3724 3749 3763 ve—

2159 3809 2313 3862 niunt
2338 3807 2405 3861 ab
2429 3806 2607 3861 Idibus
2627 3805 2964 3875 Septembris
2983 3819 3152 3873 usque
3177 3802 3242 3858 ad
3272 3802 3747 3857 Resurrectionem

2163 3898 2413 3963 Domini,
2464 3895 2632 3951 semel
2687 3904 2894 3949 tantum
2944 3895 3194 3949 reficiant
3245 3892 3472 3956 fratres;
3503 3889 3747 3958 exceptis

2156 3987 2411 4048 videlicet
2460 3986 2545 4040 bis
2597 3984 3067 4048 solemnitatibus,
3106 3981 3347 4038 omnium
3398 3988 3741 4040 sanctorum,

2160 4076 2217 4133 S.
2243 4076 2454 4131 Martini
2476 4086 2532 4131 et
2550 4074 2608 4131 S.
2637 4076 2888 4140 Andrem,
2916 4072 3249 4129 hebdomada
3280 4071 3481 4125 Natalis
3506 4067 3741 4127 Domini,

2158 4174 2214 4221 et
2236 4182 2345 4221 uno
2383 4166 2469 4221 die
2512 4163 2827 4234 Epiphania:
2853 4202 2868 4227 ,
2899 4172 2956 4217 et
2988 4159 3313 4232 Hypopauti.
3347 4158 3552 4224 Quibus
3583 4157 3748 4208 nimi-

2159 4271 2279 4310 rum
2331 4256 2520 4310 diebus
2564 4255 2795 4309 iteratur
2826 4267 2925 4322 pro
2960 4266 3109 4307 more
3155 4248 3398 4304 refectio.
3429 4248 3486 4302 ln
3529 4245 3744 4301 caeteris

2158 4355 2339 4401 autem
2368 4344 2752 4403 festivitatibus
2780 4358 2887 4398 una
2917 4341 3289 4398 tantummodo
3319 4339 3429 4395 sint
3450 4336 3741 4393 refectione

2158 4437 2421 4492 contenti.

2231 4527 2535 4583 Notandum
2566 4533 2767 4592 autem,
2792 4524 2918 4595 quia
2952 4538 3059 4578 non
3082 4536 3295 4587 omnes,
3322 4533 3442 4590 quae
3469 4517 3525 4571 in
3554 4529 3739 4570 mona-

2162 4606 2524 4683 sterio,etiam
2547 4617 2602 4671 in
2630 4630 2815 4671 eremo
2841 4614 3184 4670 celebrantur
3200 4609 3541 4665 festivitates.
3568 4605 3631 4658 Et
3658 4604 3742 4660 ha:

2161 4724 2282 4779 quae
2312 4708 2417 4764 illic
2447 4707 2610 4773 ﬁunt,
2635 4706 2951 4777 plerumque
2996 4708 3445 4764 transmutantur,
3484 4707 3543 4751 ut
3569 4702 3663 4749 aut
3687 4694 3739 4748 in

2164 4798 2344 4864 tertia,
2370 4806 2463 4851 aut
2488 4797 2542 4851 in
2573 4797 2759 4865 quinta
2791 4792 2926 4848 feria
2971 4792 3309 4848 celebrentur
3337 4807 3351 4843 :
3375 4786 3613 4855 exceptis
3652 4783 3739 4837 ni-

2162 4891 2357 4945 mirum
2382 4889 2666 4959 praecipuis
2693 4886 3105 4950 festivitatibus,
3138 4898 3258 4952 quae
3285 4882 3355 4937 ob
3383 4876 3740 4934 reverentiam

2162 4982 2438 5052 dignitatis
2462 4980 2658 5035 mutari
2685 4994 2790 5034 non
2813 4985 3055 5049 possunt.
3076 4975 3369 5042 Plerasque
3389 4979 3566 5025 autem
3590 4965 3743 5020 festi-

2122 5108 2129 5115 -
2159 5073 2374 5135 vitales,
2420 5085 2540 5139 quae
2576 5085 2680 5124 non
2710 5069 2846 5123 adeo
2871 5074 2997 5123 sunt
3024 5065 3305 5137 prtecipnte
3329 5102 3343 5127 ,
3371 5061 3485 5117 sive
3514 5059 3567 5112 in
3605 5072 3739 5126 qua-

2160 5163 2497 5235 dragesimali
2532 5172 2768 5232 tempore
2790 5202 2804 5225 ,
2838 5162 2950 5215 sive
2980 5175 3077 5228 per
3121 5158 3284 5213 totius
3328 5153 3456 5209 anni
3496 5149 3741 5206 curricu-

2161 5254 2268 5309 lum
2292 5293 2308 5320 ,
2337 5253 2650 5309 cellerarius
2699 5267 2818 5305 cum
2850 5251 2933 5304 bis
2958 5249 3047 5319 qui
3073 5249 3228 5321 juxta
3269 5243 3552 5301 ecclesiam
3585 5257 3735 5295 com-

2160 5352 2438 5399 morantur
2459 5383 2474 5407 ,
2505 5358 2624 5398 cum
2653 5342 2931 5396 duodecim
2977 5339 3250 5395 celebrent
3277 5335 3595 5393 lectionibus
3619 5349 3633 5384 :
3659 5341 3740 5384 at-

2158 5449 2264 5504 que
2289 5435 2331 5488 si
2361 5433 2526 5504 priori
2557 5433 2786 5497 videtur,
2829 5430 3007 5501 aliqua
3035 5429 3139 5485 illis
3164 5468 3181 5495 ,
3210 5426 3483 5482 rarissime
3514 5433 3694 5477 tamen
3720 5460 3736 5483 ,

2163 5528 2530 5586 misericordia
2586 5524 2898 5582 refcctionis
2957 5523 3316 5594 impendatur.
3373 5519 3639 5574 Caterum
3700 5514 3740 5569 ii

2159 5618 2250 5686 qui
2295 5633 2391 5687 per
2417 5618 2658 5672 diversas
2688 5626 2815 5675 sunt
2839 5616 3058 5672 cellulas
3096 5610 3375 5669 constituti
3402 5649 3418 5675 ,
3448 5609 3575 5663 dum
3605 5605 3740 5660 foris

2164 5710 2383 5764 minime
2424 5710 2710 5779 prodeant,
2742 5709 2883 5763 trina
2926 5708 3157 5763 lectione
3195 5702 3449 5764 contenti,
3469 5697 3735 5768 jejunium

2163 5819 2225 5856 ex
2260 5818 2406 5860 more
2432 5809 2769 5861 conservent.
2801 5802 3051 5873 Jejunat‘e
3090 5810 3269 5856 autem
3317 5794 3434 5852 illos
3480 5791 3734 5855 dicimus,
