4106 6320
313 423 404 477 ΞΗ

1156 423 1396 480 OPUSC.
1429 421 1544 480 XV.
1569 421 1739 477 —DE
1776 419 2164 478 INSTITUTIS
2203 422 2367 480 0RD.
2399 427 2675 483 EREMIT.

3460 433 3582 488 δεῖ

311 535 396 605 qui
426 549 460 604 p
497 547 621 588 nem
643 548 763 588 cum
796 533 907 588 sale
950 543 1004 589 et
1045 548 1184 605 aqua
1210 533 1531 607 percipiunt.
1560 533 1661 590 Ubi
1692 542 1886 601 prmter
1915 540 1962 595 Α
1988 533 2131 590 tibus
2158 575 2172 601 ,
2210 536 2385 592 sancti
2414 537 2618 593 scilicet
2647 537 2895 604 Andreae,
2941 535 3002 593 Β.
3035 538 3346 606 Benedicti,
3377 549 3432 595 et
3461 540 3568 596 Do-

311 627 423 682 haac
457 623 602 678 al'ud
650 624 777 692 quid
808 624 1044 691 additur,
1074 627 1130 681 in
1175 639 1354 680 eremo
1375 624 1635 695 jejunium
1664 638 1770 678 non
1796 638 1889 677 vo-

309 723 476 769 catur.
509 715 724 769 Duabus
761 725 940 768 autem
986 714 1090 768 illis
1135 715 1560 783 quadragesimis
1587 711 1746 784 335
1772 729 1890 781 quae

305 804 389 857 vel
419 800 465 856 N
501 803 608 856 tale
633 802 874 866 lfo.nini,
913 803 995 857 vel
1037 813 1280 858 sanctum
1322 803 1528 857 Pascha
1559 805 1888 873 praecedunt,

306 895 547 952 nonnulli
599 896 795 950 fratres
841 896 929 950 hic
975 904 1139 964 sunt,
1182 897 1271 965 qui
1304 904 1468 950 totam
1498 897 1890 952 hebdomadam

300 988 593 1059 jejnnando
622 994 995 1040 transcurrunt
1021 1003 1035 1047 ;
1064 995 1120 1041 et
1148 987 1418 1057 quotidie,
1447 986 1688 1056 exceptis
1712 986 1893 1040 Domi-

304 1080 466 1146 nicis,
499 1081 549 1133 in
581 1094 720 1150 pane
746 1088 796 1134 et
839 1095 975 1149 aqu)
1008 1079 1212 1133 vivunt.
1247 1080 1474 1146 Quidam
1505 1080 1670 1134 etiam
1697 1077 1894 1133 fratres

303 1171 362 1226 in
411 1173 691 1241 utriusque
744 1169 1169 1240 qna'r.igesini:e
1215 1184 1320 1224 non
1371 1169 1541 1224 solum
1592 1167 1894 1238 quibusque

302 1263 733 1327 fest'\it.itilms,
786 1264 880 1317 sed
954 1272 1008 1317 et
1080 1262 1374 1318 Domin'cis
1446 1261 1634 1314 diebus
1705 1259 1892 1327 coqui-

303 1356 523 1410 napibus
577 1356 867 1433 ab..tinent.
907 1355 1060 1422 Quod
1111 1372 1210 1410 nos
1254 1355 1308 1410 in
1362 1353 1654 1408 Dominicis
1707 1353 1895 1406 diebus

301 1448 483 1515 primo
513 1446 727 1516 quidem
769 1457 988 1516 propter
1031 1446 1402 1502 exrellcntiam
1453 1455 1657 1500 sancta:
1691 1444 1892 1498 Resur-

301 1537 567 1590 rectionis
614 1537 921 1591 curavimus
974 1537 1262 1606 prohibere
1289 1577 1303 1602 ,
1350 1536 1445 1590 sed
1488 1551 1674 1590 rursus
1719 1534 1894 1589 coacti

300 1641 497 1680 sumus
533 1625 768 1680 fraterna
798 1626 1191 1695 supplicatione
1225 1625 1560 1694 permittere.
1589 1622 1896 1678 Vescuntur

298 1725 488 1769 autem
533 1717 705 1784 pomis
731 1757 745 1781 ,
777 1725 830 1770 et
861 1717 1151 1771 herbarum
1181 1716 1452 1772 radicibus
1477 1757 1492 1782 ,
1520 1731 1583 1770 ac
1613 1714 1896 1782 legumini-

298 1806 410 1860 bus
441 1804 654 1871 infusis,
693 1807 774 1860 vel
801 1807 961 1861 etiam
987 1807 1162 1862 elixis.

1991 627 2187 682 minica
2210 629 2533 699 palmarum,
2561 637 2614 684 et
2635 629 2798 685 Coena
2822 630 3034 685 Domini
3059 647 3074 685 :
3098 631 3290 700 quibus
3315 632 3570 686 nimirum

1990 719 2369 774 sacratissimis
2420 719 2606 775 diebus
2652 721 2857 788 pisces,
2888 729 2943 775 et
2982 721 3163 775 vinum
3193 721 3573 777 excellentium

1992 809 2392 864 solemnitatum
2415 809 2596 863 laetitia
2627 809 2888 865 invitante
2915 810 3233 880 percipiunt.
3253 811 3308 866 lu
3335 811 3574 868 Sabhato
3636 860 3641 864 .

1993 906 2172 952 autem
2206 908 2428 966 sancto,
2479 913 2578 954 nec
2611 915 2716 954 non
2758 900 2812 954 e't
2843 899 3021 970 vigilia
3073 898 3278 955 Natalis
3322 900 3572 966 Domini,

1994 996 2052 1041 ut
2082 987 2232 1042 labor
2271 989 2627 1045 ecclesiastici
2668 989 2937 1045 relevetur
2968 991 3125 1045 ollicii
3158 1000 3323 1044 totum
3354 1007 3574 1062 panem,

1992 1077 2155 1149 336
2181 1078 2610 1148 qui,voluerint,
2643 1082 2931 1134 comedunt
2961 1099 2975 1134 :
3013 1081 3174 1134 alium
3204 1097 3330 1135 vero
3372 1082 3574 1150 cibum,

1994 1171 2107 1224 sive
2139 1171 2282 1237 laici,
2315 1171 2426 1226 sive
2457 1172 2707 1226 monachi
2739 1172 2952 1242 penitus
2976 1189 3080 1226 non
3107 1173 3415 1227 admittunt.
3443 1173 3578 1228 Tres

1994 1272 2173 1316 autem
2207 1261 2544 1316 solummodo
2574 1273 2777 1318 octava:
2807 1279 2902 1333 per
2937 1279 3133 1317 annum
3181 1264 3252 1317 ita
3294 1263 3577 1318 celebran—

1994 1359 2101 1412 tur.
2134 1360 2192 1405 ut
2215 1349 2461 1422 jejunare
2491 1353 2578 1408 hic
2609 1368 2766 1408 nemo
2801 1363 3045 1424 cogatur,
3095 1354 3145 1408 id
3175 1363 3256 1408 est
3287 1354 3580 1408 Dominicae

1995 1443 2410 1497 resurrectionis
2429 1484 2442 1508 ,
2471 1452 2524 1498 et
2551 1453 2752 1498 sanctae
2776 1444 3152 1510 Pcntecostes,
3181 1446 3343 1514 atque
3374 1443 3580 1499 Natalis

1994 1529 2227 1586 Domini.
2263 1533 2368 1587 Sed
2394 1534 2738 1602 quihusdam,
2775 1535 2899 1604 quia
2931 1544 3150 1605 prOpter
3174 1533 3583 1610 desuetudinem

1995 1638 2157 1692 grave
2187 1632 2270 1678 est
2307 1625 2469 1679 totius
2501 1625 2848 1680 hebdomadze
2882 1627 3060 1679 binam
3089 1627 3408 1681 continuare
3446 1624 3596 1680 refe-7

1994 1714 2229 1768 ctiouem
2251 1756 2264 1779 ,
2297 1717 2550 1784 quoniam
2583 1717 2798 1786 quidem
2846 1717 2949 1771 hoc
2997 1718 3272 1772 humiliter
3299 1725 3578 1787 expetunt.

1988 1803 2234 1876 jejunare
2256 1807 2648 1876 aliquantulum
2668 1823 2765 1878 pro
2789 1808 3158 1864 misericordia
3179 1810 3584 1864 conceduntur:

379 1897 491 1953 Nec
521 1898 648 1951 illud
677 1899 833 1968 plane
881 1898 1105 1954 silenter
1149 1899 1468 1965 omittimus,
1501 1899 1643 1969 quod
1671 1899 1723 1953 in
1755 1915 1890 1969 qua-
1921 1903 1966 1962 Β
1994 1912 2304 1966 quanquam
2355 1897 2408 1950 in
2457 1899 2663 1952 octavis
2722 1899 3069 1953 Pentecostes
3113 1907 3166 1953 et
3209 1899 3580 1953 ecclesiastica

298 1989 625 2058 dragesimae
652 1992 930 2060 utriusque
961 1991 1226 2060 principio
1255 1991 1744 2059 omnesmonachi,
1773 2005 1892 2045 nec-

297 2100 425 2140 non
463 2094 516 2140 et
557 2085 680 2141 laici
712 2087 1015 2142 triduanum
1058 2086 1322 2158 jejunium
1381 2087 1626 2142 districta
1669 2096 1890 2138 conser-

295 2183 442 2230 v-ant
469 2192 482 2228 :
511 2175 582 2228 ita
625 2184 684 2229 ut
709 2180 802 2246 qui
831 2193 859 2230 a
889 2178 1249 2248 percipiendis
1292 2176 1562 2232 alimentis
1588 2175 1808 2231 omnino
1834 2189 1893 2230 se

298 2280 655 2336 compescere
699 2279 1010 2338 nequeunt,
1061 2271 1176 2326 solo
1225 2281 1402 2326 tamen
1449 2285 1587 2340 pane
1631 2266 1790 2323 simul
1839 2275 1895 2322 et

299 2371 448 2426 aqua
495 2359 733 2413 contenti
783 2360 985 2414 vivant.
1032 2361 1126 2416 Est
1152 2370 1332 2416 autem
1356 2361 1691 2417 consuetudo
1714 2359 1893 2414 fratri-

298 2449 410 2503 bus
455 2450 602 2504 omni
633 2458 874 2520 tempore
917 2452 1024 2506 duo
1060 2453 1113 2506 in
1147 2452 1440 2508 Dominicis
1473 2452 1661 2508 diebus
1689 2451 1892 2506 habere

298 2538 584 2609 pulmenta
607 2581 622 2604 ,
657 2550 875 2610 propter
916 2542 1049 2598 duas
1096 2543 1301 2598 scilicet
1329 2543 1769 2613 quadragesimas
1799 2557 1891 2594 su-

299 2631 494 2700 perius
538 2632 842 2688 nominatas
875 2650 888 2686 :
919 2633 970 2686 in
1014 2634 1207 2704 quibus
1245 2650 1342 2704 per
1371 2650 1560 2689 omnes
1586 2674 1600 2700 ,
1631 2643 1684 2688 et
1715 2633 1895 2687 Domi-

301 2719 460 2774 nicas
494 2719 780 2788 videlicet,
809 2733 864 2776 et
903 2734 1213 2777 sanctorum
1241 2722 1562 2778 festivitates
1590 2764 1602 2788 ,
1634 2738 1740 2776 uno
1769 2723 1897 2778 dun-

305 2819 461 2866 taxat
487 2813 786 2881 probantur
811 2827 930 2868 esse
953 2813 1212 2868 contenti.
1230 2813 1451 2868 (laeteris
1480 2823 1661 2867 autem
1684 2814 1891 2879 diebus,

308 2902 506 2971 quibus
534 2903 791 2958 nimirum
818 2912 1115 2974 temperato
1129 2904 1336 2975 jejunio
1362 2905 1640 2959 remissius
1670 2903 1892 2971 vivunt,

309 2995 356 3049 si
391 2995 475 3050 bis
528 2996 584 3051 in
624 2996 710 3050 die
755 2997 1082 3060 comedunt,
1113 2998 1218 3052 duo
1265 2997 1369 3052 illis
1419 2996 1694 3066 pulmenta
1739 2995 1895 3061 fiunt,

307 3087 705 3155 prandentibus
726 3102 910 3152 unum,
933 3089 1233 3142 ctenaturis
1255 3088 1480 3142 alterunt
1509 3086 1893 3141 exhibendum.

312 3174 409 3230 Sin
437 3183 616 3229 autem
649 3192 755 3229 una
785 3176 856 3229 sit
884 3175 1107 3232 refectio
1138 3187 1343 3232 tantum
1370 3218 1385 3243 ,
1410 3193 1575 3231 unum
1599 3177 1670 3231 sit
1696 3176 1895 3230 nihilo-

1997 1990 2236 2053 traditio,
2266 1999 2319 2044 et
2349 1989 2568 2043 Patrum
2600 1989 2857 2044 decernat
2887 1990 3182 2045 auctoritas
3202 1988 3577 2060 jejunandum.

1994 2082 2052 2138 In
2099 2082 2320 2152 reliquis
2365 2097 2497 2137 vero
2545 2081 2750 2136 octavis
2795 2081 3160 2151 quarumlibet
3207 2080 3578 2145 festivitatum,

1995 2171 2421 2228 ecclesiasticum
2445 2171 2684 2240 quidem,
2703 2179 2863 2241 prout
2887 2169 3149 2240 regularis
3169 2169 3302 2224 ordo
3321 2169 3579 2239 postulat,
3609 2220 3612 2222 γ

1997 2271 2241 2316 tenemus
2267 2261 2524 2327 officium,
2557 2271 2800 2316 tenorem
2832 2276 2961 2316 vero
2987 2260 3231 2317 consueti
3255 2257 3442 2329 jejunii
3475 2274 3582 2314 non
3605 2308 3618 2312 _

1997 2363 2284 2410 mutamus.

2600 2442 2826 2500 CAPUT
2873 2441 2980 2497 V'll.

2439 2535 2515 2587 De
2550 2551 2815 2589 servorum
2853 2531 3149 2602 disciplina.

2071 2624 2142 2679 Ut
2172 2637 2349 2680 autem
2389 2633 2500 2679 tota
2542 2626 2733 2680 domus
2771 2623 2865 2678 Dei
2897 2625 2996 2678 sub
3040 2622 3271 2694 regulari
3317 2621 3592 2687 custodia,

1999 2726 2053 2772 ct
2081 2717 2362 2787 disciplina
2402 2726 2682 2782 teneatur,
2723 2724 2777 2770 ct
2821 2717 3237 2786 unumquodque
3282 2718 3588 2771 membrum

1999 2818 2254 2877 operetur
2283 2809 2334 2862 in
2365 2823 2614 2878 corpore,
2637 2805 2792 2874 juxta
2821 2822 2932 2860 suae
2961 2806 3308 2876 proprietatis
3330 2805 3586 2869 officium,

2002 2897 2186 2954 famuli
2233 2915 2480 2970 quoque,
2509 2900 2600 2970 qui
2648 2899 2772 2954 huic
2808 2899 2924 2953 loco
2957 2900 3308 2963 deserviunt,
3355 2899 3422 2952 ab
3455 2898 3588 2952 assic

2003 3004 2165 3064 gnato
2191 2994 2292 3048 sibi
2319 2994 2530 3048 vivendi
2559 2993 2748 3048 ordine
2794 3009 2899 3047 non
2943 2992 3201 3047 recedunt
3232 3011 3243 3046 :
3287 2994 3376 3062 qui
3423 2993 3589 3046 nimi-

2005 3101 2122 3138 rum
2153 3099 2251 3154 per
2281 3084 2444 3139 totius
2489 3084 2698 3140 annalis
2743 3084 2901 3153 spatii
2928 3099 3146 3138 cursum
3177 3083 3348 3137 tribus
3377 3099 3471 3152 per
3495 3083 3587 3134 he-

2004 3176 2323 3230 bdomadam
2352 3176 2542 3231 diebus
2577 3184 2760 3230 tenent
2785 3191 2850 3231 ex
2879 3190 3030 3230 more
3066 3173 3350 3244 jejunium.
3396 3175 3451 3228 lu
3486 3175 3590 3227 ill's

314 3268 496 3323 minus
545 3278 600 3324 et
655 3269 1011 3338 pulmentum.
1060 3270 1212 3338 Quod
1258 3281 1439 3325 autem
1486 3270 1539 3324 in
1602 3269 1896 3324 Dominicis
1924 3261 1968 3321 C
2001 3273 2178 3318 autem
2228 3264 2437 3319 duabus
2481 3264 2908 3336 quadragesimis
2955 3274 3187 3333 quatuor
3229 3265 3344 3319 dies
3381 3263 3593 3333 jejunio

315 3359 510 3416 diebus
553 3363 660 3416 duo
689 3363 777 3416 hic
823 3361 941 3416 ﬁeri
992 3361 1166 3417 solere
1211 3362 1484 3431 pulmenta
1532 3360 1900 3425 meminimus,

315 3459 536 3506 constat
579 3461 734 3506 extra
798 3452 1133 3506 eremilicam
1194 3451 1435 3522 regulam
1490 3451 1692 3505 idcirco
1739 3449 1904 3505 fuisse

313 3545 639 3611 permissum
667 3582 682 3607 ,
712 3543 835 3612 quia
868 3558 1091 3613 perraro
1119 3544 1224 3598 huc
1267 3543 1334 3596 ab
1379 3542 1650 3597 extraneis
1679 3540 1908 3595 oblatio-

313 3647 443 3686 num
500 3631 772 3686 deferatur
823 3633 1097 3687 exenium.
1149 3631 1412 3686 Caeterum
1453 3633 1541 3686 ubi
1595 3631 1746 3687 locus
1801 3630 1906 3684 fre-

315 3729 611 3790 quentatur
658 3720 940 3776 devotione
992 3721 1227 3776 fidelium
1256 3761 1270 3786 ,
1301 3730 1481 3776 cessat
1520 3721 1708 3793 procul
1741 3721 1902 3775 dubio

315 3812 607 3881 geminatio
633 3811 1048 3880 pulmentorum.

390 3899 542 3956 Unde
568 3903 625 3954 fit
664 3911 722 3956 ut
770 3904 822 3956 in
863 3904 948 3957 illa
979 3919 1161 3960 eremo
1185 3947 1198 3969 ,
1242 3921 1404 3977 quam
1441 3916 1662 3966 auctore
1690 3908 1801 3964 Deo
1848 3908 1902 3963 in

313 3990 486 4047 latere
518 3991 811 4048 Snavicinii
841 3996 1038 4052 montis
1066 3997 1165 4066 ipsi
1212 3999 1630 4066 construximus,
1661 4000 1904 4069 pulmen-

314 4090 430 4136 tum
457 4091 656 4152 praeter
681 4100 848 4139 unum
876 4126 891 4151 ,
919 4089 1128 4143 cunctis
1150 4104 1301 4160 aeque
1335 4091 1664 4160 temporibus
1688 4091 1904 4160 penitus

314 4172 616 4242 ignoretur.
656 4175 702 4228 A
730 4177 856 4232 vino
891 4186 1069 4232 autem
1115 4180 1390 4249 aliquanto
1439 4189 1682 4251 tempore
1731 4182 1906 4236 conti-

313 4265 650 4331 nuimus,.ita
676 4280 736 4320 ut
763 4283 939 4339 neque
963 4268 1104 4336 laici,
1132 4286 1306 4339 neque
1329 4270 1667 4325 extrinsecus
1687 4272 1905 4324 venien-

315 4364 425 4421 tes,
472 4357 553 4410 vel
582 4358 743 4412 etiam
777 4359 829 4413 in
861 4359 1068 4415 Pascha
1115 4362 1323 4416 Domini
1351 4361 1554 4433 aliquid
1593 4362 1681 4418 hic
1710 4370 1904 4432 praeter

315 4461 515 4514 aquam
563 4448 808 4503 biberent
835 4467 849 4504 :
874 4466 1047 4520 neque
1092 4453 1276 4507 vinum
1307 4453 1427 4518 hic,
1457 4452 1559 4507 nisi
1599 4467 1696 4522 pro
1737 4453 1904 4506 sacri-

314 4536 441 4591 ficio
469 4538 782 4594 haberetur.
825 4540 930 4596 Sed
959 4543 1215 4612 quoniam
1264 4555 1320 4599 et
1368 4544 1456 4598 hic
1483 4552 1763 4598 manentes
1792 4559 1902 4606 caa-

316 4636 512 4695 perunt
538 4631 852 4698 aegrotando
875 4610 1128 4698 deficere,
1154 4641 1209 4688 et
1231 4634 1446 4702 quidam
1473 4635 1539 4688 ad
1567 4633 1900 4688 eremilicam
1929 4610 1978 4668 D

316 4718 484 4770 vitam
528 4721 755 4774 trans're
783 4723 1079 4791 capientes,
1111 4723 1266 4791 hujus
1293 4725 1483 4795 rigoris
1505 4724 1901 4779 observantiam

316 4806 642 4864 videbantur
688 4811 902 4879 penitus
949 4814 1280 4880 abhorrere,
1320 4815 1571 4870 fraterna:
1603 4857 1615 4879 ,
1647 4817 1792 4880 sive,
1846 4823 1907 4869 ut

318 4899 498 4953 verius
546 4900 718 4954 dicam
752 4942 767 4966 ,
809 4907 1081 4958 communi
1130 4906 1481 4962 imbecillitati
1513 4907 1904 4976 dispensatoric

318 4992 814 5048 condescendentes
862 4995 1198 5064 indulsimus,
1232 5007 1291 5052 ut
1335 4998 1517 5052 vinum
1563 5006 1778 5052 servato
1811 5014 1902 5054 so-

319 5080 566 5136 brietatis
589 5083 954 5139 moderamine
978 5086 1268 5142 biberetur.
1304 5087 1371 5143 Ut
1391 5090 1530 5159 quod
1552 5105 1672 5143 cum
1695 5089 1900 5144 Joanne

319 5189 424 5227 non
475 5191 763 5245 possumus
806 5194 870 5232 ex
928 5187 1039 5234 toto
1089 5181 1392 5249 relinquere
1433 5181 1583 5253 (Luc.
1616 5181 1682 5253 ι),
1708 5181 1899 5236 saltem

320 5279 442 5317 cum
473 5265 757 5322 Timotheo
788 5265 936 5322 Pauli
965 5268 1229 5338 discipulo
1253 5271 1658 5325 meminerimus
1687 5272 1900 5326 infirmo

319 5359 599 5414 stomacho
612 5375 855 5429 parcere,
870 5368 924 5414 et
946 5360 1218 5414 humiliter
1241 5361 1545 5415 ministrare
1560 5359 1810 5430 (Timoth.
1829 5360 1867 5431 ι)
1883 5377 1897 5425 ;

319 5463 374 5506 et
418 5455 510 5523 qui
565 5469 788 5524 prorsus
817 5453 1062 5507 abstemii
1110 5467 1230 5508 esse
1278 5468 1752 5522 non-possumus.
1785 5467 1906 5507 esse

319 5545 512 5600 saltem
542 5531 706 5599 sobrii
755 5546 1082 5598 Studeamus.
1117 5543 1499 5599 Verumtamen
1535 5545 1586 5598 in
1637 5543 1907 5614 praedictis

320 5636 530 5690 duabus
581 5634 1009 5704 quadragesimis
1060 5637 1390 5690 consuetudo
1421 5635 1588 5689 tenuit
1607 5676 1620 5699 ,
1646 5643 1703 5688 ut
1731 5649 1906 5704 neque

320 5727 606 5782 monachis
631 5767 644 5790 ,
675 5742 850 5796 neque
878 5725 1028 5780 laicis
1068 5725 1180 5779 vini
1206 5766 1218 5788 ,
1247 5727 1331 5781 vel
1363 5727 1525 5781 etiam
1575 5725 1738 5794 piscis
1779 5741 1901 5795 per-

320 5824 496 5891 ceptio
548 5819 878 5876 concedatur
910 5834 925 5874 :
966 5818 1206 5890 exceptis
1245 5817 1328 5873 his
1361 5825 1590 5888 quatuor
1644 5816 1904 5872 festivita-

2006 3353 2280 3424 dedicant,
2311 3356 2552 3424 exceptis
2577 3355 2684 3420 his,
2716 3355 2808 3425 qui
2841 3355 2892 3409 in
2924 3354 3063 3408 viam
3107 3355 3318 3425 longius
3348 3355 3589 3425 dirigun-

2006 3460 2114 3505 tur.
2140 3451 2308 3507 Porro
2337 3465 2658 3520 quocunque
2692 3450 2985 3520 prodeant,
3019 3448 3167 3503 omni
3201 3457 3440 3517 tempore
3468 3462 3591 3501 car-

2005 3543 2163 3597 nibus
2187 3557 2293 3596 non
2320 3551 2610 3597 vescuntur
2634 3559 2646 3595 :
2677 3541 2952 3612 proprium
2979 3541 3139 3594 etiam
3163 3539 3362 3610 aliquid
3388 3538 3592 3594 habere

2005 3635 2377 3700 nihilominus,
2419 3635 2560 3689 sicut
2599 3643 2652 3690 et
2697 3634 2972 3698 monachi,
3019 3633 3392 3702 prohibentur.
3446 3629 3589 3684 Non-

2005 3725 2134 3780 nulli
2166 3739 2392 3796 quoque‘
2418 3725 2485 3779 ad
2523 3725 2771 3780 audiendi
2804 3723 3047 3778 Psalterii
3083 3723 3292 3793 vigilias
3326 3720 3592 3775 maturius

2003 3824 2252 3886 surgunt,
2281 3831 2404 3868 cum
2435 3814 2520 3868 his
2543 3813 2794 3868 videlicet
2826 3811 3105 3877 fratribus,
3131 3811 3223 3882 qui
3245 3811 3385 3881 apud
3413 3810 3593 3866 eccle-

2004 3907 2140 3962 siam
2174 3912 2598 3960 commorantur.
2623 3903 3046 3958 Promissionem
3079 3911 3256 3956 autem
3288 3901 3590 3972 ingredien-

2007 4006 2086 4054 tes
2131 3999 2271 4053 hanc
2306 3997 2510 4052 faciunt
2552 4015 2564 4051 :
2611 3996 2724 4066 Ego
2756 3995 2922 4064 frater
2964 3993 3036 4048 Ν.
3078 3994 3321 4065 promitto
3350 3992 3591 4046 obedien-

2004 4090 2131 4142 tiam
2162 4099 2208 4142 et
2249 4089 2684 4158 perseverantiam
2723 4087 2960 4145 munitius
3001 4085 3182 4138 diebus
3227 4084 3342 4138 vita:
3384 4098 3510 4135 mete
3536 4080 3590 4133 in

2004 4181 2106 4234 hac
2138 4197 2343 4244 eremo,
2385 4196 2502 4249 qua:
2535 4187 2610 4232 est
2659 4176 2922 4244 trtiiﬁcata
2966 4176 3034 4229 ad
3073 4175 3319 4228 honorem
3363 4171 3492 4236 Dei,
3541 4178 3589 4222 et

2004 4281 2199 4326 sancta:
2233 4269 2452 4335 Crucis;
2487 4285 2580 4340 pro
2617 4268 2800 4320 timore
2832 4264 3044 4318 Domini
3085 4264 3250 4316 nostri
3277 4261 3404 4316 Jesu
3437 4259 3587 4313 Chri-

2004 4361 2091 4426 sti,
2121 4369 2168 4414 et
2201 4359 2424 4414 remedio
2453 4359 2642 4412 anima:
2683 4372 2832 4409 mea).
2864 4354 3016 4420 Quod
3055 4355 3100 4408 si
3144 4352 3318 4422 aliqua
3359 4366 3602 4421 unquam-

1989 4462 2233 4522 .tempore
2262 4451 2382 4504 hinc
2412 4448 2610 4518 fugere,
2639 4445 2713 4501 vel
2742 4445 2886 4500 abire
2914 4454 3172 4499 tentavero
3190 4461 3208 4509 ;
3237 4443 3389 4497 liceat
3425 4441 3585 4494 servis

2011 4542 2104 4596 Dei
2133 4541 2220 4612 qui
2249 4542 2332 4594 hic
2365 4539 2574 4607 fuerint,
2607 4553 2685 4591 me
2722 4535 2874 4607 plena
2903 4537 2986 4589 sui
3006 4535 3148 4606 juris
3175 4533 3484 4588 auctoritate
3512 4547 3588 4584 re-

2006 4633 2240 4705 quirere,
2281 4640 2326 4685 ct
2374 4638 2579 4683 coarcte
2627 4645 2689 4682 ac
2746 4629 2992 4683 violenter
3033 4627 3089 4680 iu
3133 4642 3287 4680 suum
3323 4623 3588 4678 servitium

2005 4738 2267 4775 revocare.
2323 4719 2548 4788 Scripta:
2605 4733 2736 4787 ergo
2786 4717 2912 4772 huic
2973 4714 3317 4786 promissioni
3377 4713 3590 4780 signum

2005 4814 2181 4868 crucis
2230 4812 2330 4883 ipsi
2381 4810 2663 4881 praefigunt
2706 4828 2719 4864 :
2761 4817 2814 4863 et
2863 4809 2927 4862 ab
2971 4807 3149 4877 aliquo
3196 4806 3363 4857 fratre
3403 4817 3588 4855 coram

2007 4904 2254 4960 onmibus
2280 4903 2473 4958 lectam
2501 4907 2708 4971 ponunt
2737 4914 2897 4968 super
2921 4896 3106 4950 altare.
3133 4893 3378 4949 Monachi
3409 4899 3590 4944 autem

2010 4995 2208 5050 nullam
2247 4994 2659 5065 promissionem
2702 4989 2943 5053 faciunt,
2987 4995 3182 5055 prmter
3205 4999 3322 5039 eam
3357 4990 3586 5044 tantmn,

2008 5103 2127 5156 quae
2174 5086 2228 5140 in
2274 5083 2614 5140 monasteriis
2664 5081 2779 5134 fieri
2825 5076 3138 5141 consuevit;
3176 5075 3292 5129 solo
3326 5073 3590 5128 duntaxat

2009 5178 2174 5233 eremi
2206 5177 2421 5232 nomine
2457 5181 2781 5246 permutato.
2819 5170 3105 5224 Enimvero
3129 5175 3184 5222 et
3224 5165 3502 5220 monachis
3535 5171 3591 5218 et

2008 5268 2160 5324 laicis
2206 5269 2429 5322 introire
2473 5264 2814 5325 volentibus,
2872 5257 3050 5314 omnia
3097 5259 3228 5312 dura
3292 5265 3346 5311 et
3398 5269 3584 5324 aspera

2011 5368 2386 5430 proponuntur
2413 5377 2425 5412 :
2451 5355 2699 5410 videlicet
2724 5350 3058 5413 extremitas,
3081 5348 3162 5402 vel
3187 5348 3349 5402 etiam
3374 5345 3590 5400 nuditas

2009 5451 2258 5513 vestium,
2293 5463 2516 5520 penuria
2549 5447 2811 5507 ciborum,
2853 5441 3083 5511 propriae
3109 5439 3401 5494 voluntatis
3432 5451 3588 5490 aver-

2009 5541 2121 5606 sio,
2153 5538 2455 5594 durissimae
2492 5531 2847 5603 correptionis
2894 5530 3188 5600 asperitas,
3228 5524 3586 5588 contumeliae,

2010 5628 2506 5702 reprehensionum,
2538 5623 2768 5687 laboris,
2800 5628 2854 5675 et
2883 5619 3111 5674 assiduae
3140 5614 3465 5687 fatigationis
3503 5613 3588 5667 in-

2006 5723 2221 5778 stantia.
2254 5721 2396 5782 Haec,
2425 5727 2479 5772 et
2504 5715 2809 5788 hujusmodi
2840 5713 3024 5780 multa,
3058 5727 3175 5782 quae
3205 5709 3458 5765 nimirum
3489 5719 3588 5759 nos

2008 5816 2210 5871 idcirco
2238 5813 2510 5883 prosequi,
2534 5820 2590 5867 et
2615 5821 2932 5867 enumerare
2957 5802 3292 5875 negligimus,
3318 5797 3441 5868 quia
3471 5795 3588 5851 haec
