  <div class='ocr_page' id='page_1' title='image "/cluster/home/n/w/nwhite01/storage/ocr_20150623/145/hvd.32044015471824/179.png"; bbox 0 0 4106 6320; ppageno 0'>
   <div class='ocr_carea' id='block_1_1' title="bbox 523 355 628 383">
    <p class='ocr_par' dir='ltr' id='par_1_1' title="bbox 523 355 628 383">
     <span class='ocr_line' id='line_1_1' title="bbox 523 355 628 383; baseline 0 0"><span class='ocrx_word' id='word_1_1' title='bbox 523 355 628 383; x_wconf 65' lang='lat'><strong>&#39;2!!!</strong></span> 
     </span>
    </p>
   </div>
   <div class='ocr_carea' id='block_1_2' title="bbox 523 374 630 411">
    <p class='ocr_par' dir='ltr' id='par_1_2' title="bbox 523 374 630 411">
     <span class='ocr_line' id='line_1_2' title="bbox 523 374 630 411; baseline 0 0"><span class='ocrx_word' id='word_1_2' title='bbox 523 374 630 411; x_wconf 55' lang='grc' dir='ltr'><strong>οπο</strong></span> 
     </span>
    </p>
   </div>
   <div class='ocr_carea' id='block_1_3' title="bbox 990 355 3277 422">
    <p class='ocr_par' dir='ltr' id='par_1_3' title="bbox 990 355 3277 422">
     <span class='ocr_line' id='line_1_3' title="bbox 990 355 3277 422; baseline 0.003 -10"><span class='ocrx_word' id='word_1_3' title='bbox 990 355 1047 412; x_wconf 88' lang='lat' dir='ltr'><strong>S.</strong></span> <span class='ocrx_word' id='word_1_4' title='bbox 1073 356 1277 413; x_wconf 69' lang='lat' dir='ltr'><strong>PETRI</strong></span> <span class='ocrx_word' id='word_1_5' title='bbox 1307 357 1591 416; x_wconf 71' lang='lat' dir='ltr'><strong>DAMIAM</strong></span> <span class='ocrx_word' id='word_1_6' title='bbox 1626 358 1776 416; x_wconf 83' lang='lat' dir='ltr'><strong>OPP.</strong></span> <span class='ocrx_word' id='word_1_7' title='bbox 1807 357 2042 418; x_wconf 79' lang='lat' dir='ltr'>TOMUS</span> <span class='ocrx_word' id='word_1_8' title='bbox 2079 358 2208 417; x_wconf 88' lang='lat' dir='ltr'><strong>SEU</strong></span> <span class='ocrx_word' id='word_1_9' title='bbox 2248 360 2427 417; x_wconf 74' lang='lat' dir='ltr'><strong>PARS</strong></span> <span class='ocrx_word' id='word_1_10' title='bbox 2464 360 2549 418; x_wconf 83' lang='lat' dir='ltr'><strong>lli.</strong></span> <span class='ocrx_word' id='word_1_11' title='bbox 2571 391 2643 402; x_wconf 90' lang='lat'><strong>—</strong></span> <span class='ocrx_word' id='word_1_12' title='bbox 2663 359 3026 422; x_wconf 72' lang='lat' dir='ltr'><strong>OPUSCULA</strong></span> <span class='ocrx_word' id='word_1_13' title='bbox 3049 364 3277 420; x_wconf 76' lang='lat' dir='ltr'><strong>VABIA.</strong></span> 
     </span>
    </p>
   </div>
   <div class='ocr_carea' id='block_1_4' title="bbox 3672 369 3779 425">
    <p class='ocr_par' dir='ltr' id='par_1_4' title="bbox 3672 369 3779 425">
     <span class='ocr_line' id='line_1_4' title="bbox 3672 369 3779 425; baseline 0.009 -1"><span class='ocrx_word' id='word_1_14' title='bbox 3672 369 3779 425; x_wconf 70' lang='lat' dir='ltr'><strong>3N</strong></span> 
     </span>
    </p>
   </div>
   <div class='ocr_carea' id='block_1_5' title="bbox 523 468 3781 542">
    <p class='ocr_par' dir='ltr' id='par_1_5' title="bbox 523 468 3781 542">
     <span class='ocr_line' id='line_1_5' title="bbox 523 468 3781 542; baseline 0.003 -18"><span class='ocrx_word' id='word_1_15' title='bbox 523 469 714 524; x_wconf 78' lang='lat' dir='ltr'><strong>eadem</strong></span> <span class='ocrx_word' id='word_1_16' title='bbox 755 468 808 525; x_wconf 91' lang='lat' dir='ltr'><strong>in</strong></span> <span class='ocrx_word' id='word_1_17' title='bbox 845 468 1184 526; x_wconf 73' lang='lat' dir='ltr'><strong>monasteriis</strong></span> <span class='ocrx_word' id='word_1_18' title='bbox 1214 468 1333 526; x_wconf 81' lang='lat' dir='ltr'><strong>ﬁeri</strong></span> <span class='ocrx_word' id='word_1_19' title='bbox 1371 471 1602 542; x_wconf 80' lang='lat' dir='ltr'><strong>regulari</strong></span> <span class='ocrx_word' id='word_1_20' title='bbox 1654 471 1940 528; x_wconf 90' lang='lat' dir='ltr'><strong>traditione</strong></span> <span class='ocrx_word' id='word_1_21' title='bbox 1988 487 2105 527; x_wconf 84' lang='lat' dir='ltr'><strong>me-</strong></span> <span class='ocrx_word' id='word_1_22' title='bbox 2131 478 2177 536; x_wconf 82' lang='grc' dir='ltr'><strong>Α</strong></span> <span class='ocrx_word' id='word_1_23' title='bbox 2209 471 2487 537; x_wconf 85' lang='lat' dir='ltr'><strong>nicalibus,</strong></span> <span class='ocrx_word' id='word_1_24' title='bbox 2519 488 2617 529; x_wconf 88' lang='lat' dir='ltr'><strong>nec</strong></span> <span class='ocrx_word' id='word_1_25' title='bbox 2642 488 2746 529; x_wconf 90' lang='lat' dir='ltr'><strong>non</strong></span> <span class='ocrx_word' id='word_1_26' title='bbox 2773 480 2827 527; x_wconf 90' lang='lat' dir='ltr'><strong>et</strong></span> <span class='ocrx_word' id='word_1_27' title='bbox 2856 474 3023 528; x_wconf 93' lang='lat' dir='ltr'><strong>totius</strong></span> <span class='ocrx_word' id='word_1_28' title='bbox 3056 475 3401 531; x_wconf 68' lang='lat' dir='ltr'><strong>hebdomadis</strong></span> <span class='ocrx_word' id='word_1_29' title='bbox 3427 477 3653 534; x_wconf 86' lang='lat' dir='ltr'><strong>canticis</strong></span> <span class='ocrx_word' id='word_1_30' title='bbox 3680 497 3781 535; x_wconf 73' lang='lat' dir='ltr'><strong>ex-</strong></span> 
     </span>
    </p>
   </div>
   <div class='ocr_carea' id='block_1_6' title="bbox 525 559 796 614">
    <p class='ocr_par' dir='ltr' id='par_1_6' title="bbox 525 559 796 614">
     <span class='ocr_line' id='line_1_6' title="bbox 525 559 796 614; baseline -0.007 -1"><span class='ocrx_word' id='word_1_31' title='bbox 525 559 796 614; x_wconf 88' lang='lat' dir='ltr'><strong>minimus.</strong></span> 
     </span>
    </p>
   </div>
   <div class='ocr_carea' id='block_1_7' title="bbox 1018 649 1612 722">
    <p class='ocr_par' dir='ltr' id='par_1_7' title="bbox 1018 649 1612 722">
     <span class='ocr_line' id='line_1_7' title="bbox 1018 649 1612 722; baseline 0.003 -17"><span class='ocrx_word' id='word_1_32' title='bbox 1018 649 1181 722; x_wconf 82' lang='lat'><strong>337</strong></span> <span class='ocrx_word' id='word_1_33' title='bbox 1217 649 1444 708; x_wconf 83' lang='lat' dir='ltr'><strong>CAPUT</strong></span> <span class='ocrx_word' id='word_1_34' title='bbox 1480 652 1612 708; x_wconf 82' lang='lat' dir='ltr'><strong>vui.</strong></span> 
     </span>
    </p>
   </div>
   <div class='ocr_carea' id='block_1_8' title="bbox 646 740 1987 814">
    <p class='ocr_par' dir='ltr' id='par_1_8' title="bbox 646 740 1987 814">
     <span class='ocr_line' id='line_1_8' title="bbox 646 740 1987 814; baseline 0.004 -20"><span class='ocrx_word' id='word_1_35' title='bbox 646 740 721 796; x_wconf 88' lang='lat' dir='ltr'><strong>De</strong></span> <span class='ocrx_word' id='word_1_36' title='bbox 756 742 909 811; x_wconf 85' lang='lat' dir='ltr'><strong>panis</strong></span> <span class='ocrx_word' id='word_1_37' title='bbox 953 758 1220 808; x_wconf 76' lang='lat' dir='ltr'><strong>mensura,</strong></span> <span class='ocrx_word' id='word_1_38' title='bbox 1251 753 1299 798; x_wconf 89' lang='lat' dir='ltr'><strong>et</strong></span> <span class='ocrx_word' id='word_1_39' title='bbox 1326 743 1685 814; x_wconf 83' lang='lat' dir='ltr'><strong>spiritualibus</strong></span> <span class='ocrx_word' id='word_1_40' title='bbox 1710 746 1987 800; x_wconf 68' lang='lat' dir='ltr'><strong>exercitiis.</strong></span> 
     </span>
    </p>
   </div>
   <div class='ocr_carea' id='block_1_9' title="bbox 597 831 2106 907">
    <p class='ocr_par' dir='ltr' id='par_1_9' title="bbox 597 831 2106 907">
     <span class='ocr_line' id='line_1_9' title="bbox 597 831 2106 907; baseline 0.004 -19"><span class='ocrx_word' id='word_1_41' title='bbox 597 831 765 890; x_wconf 86' lang='lat' dir='ltr'><strong>Panis</strong></span> <span class='ocrx_word' id='word_1_42' title='bbox 789 843 969 890; x_wconf 88' lang='lat' dir='ltr'><strong>autem</strong></span> <span class='ocrx_word' id='word_1_43' title='bbox 997 838 1183 893; x_wconf 83' lang='lat' dir='ltr'><strong>eadem</strong></span> <span class='ocrx_word' id='word_1_44' title='bbox 1210 837 1260 891; x_wconf 90' lang='lat' dir='ltr'><strong>in</strong></span> <span class='ocrx_word' id='word_1_45' title='bbox 1284 851 1488 903; x_wconf 84' lang='lat' dir='ltr'><strong>eremo,</strong></span> <span class='ocrx_word' id='word_1_46' title='bbox 1519 853 1636 907; x_wconf 68' lang='lat' dir='ltr'><strong>quae</strong></span> <span class='ocrx_word' id='word_1_47' title='bbox 1666 847 1723 893; x_wconf 91' lang='lat' dir='ltr'><strong>et</strong></span> <span class='ocrx_word' id='word_1_48' title='bbox 1757 839 1808 892; x_wconf 91' lang='lat' dir='ltr'><strong>in</strong></span> <span class='ocrx_word' id='word_1_49' title='bbox 1832 846 2106 894; x_wconf 86' lang='lat' dir='ltr'><strong>monaste-</strong></span> 
     </span>
    </p>
   </div>
   <div class='ocr_carea' id='block_1_10' title="bbox 524 924 2108 997">
    <p class='ocr_par' dir='ltr' id='par_1_10' title="bbox 524 924 2108 997">
     <span class='ocr_line' id='line_1_10' title="bbox 524 924 2108 997; baseline 0.004 -17"><span class='ocrx_word' id='word_1_50' title='bbox 524 924 608 981; x_wconf 87' lang='lat' dir='ltr'><strong>rio</strong></span> <span class='ocrx_word' id='word_1_51' title='bbox 629 934 711 981; x_wconf 87' lang='lat' dir='ltr'><strong>est</strong></span> <span class='ocrx_word' id='word_1_52' title='bbox 755 943 1029 993; x_wconf 76' lang='lat' dir='ltr'><strong>mensura,</strong></span> <span class='ocrx_word' id='word_1_53' title='bbox 1069 929 1171 984; x_wconf 89' lang='lat' dir='ltr'><strong>hac</strong></span> <span class='ocrx_word' id='word_1_54' title='bbox 1202 938 1382 985; x_wconf 89' lang='lat' dir='ltr'><strong>tamen</strong></span> <span class='ocrx_word' id='word_1_55' title='bbox 1427 931 1748 987; x_wconf 77' lang='lat' dir='ltr'><strong>discretione</strong></span> <span class='ocrx_word' id='word_1_56' title='bbox 1774 940 1984 987; x_wconf 90' lang='lat' dir='ltr'><strong>servata</strong></span> <span class='ocrx_word' id='word_1_57' title='bbox 2004 973 2020 997; x_wconf 98' lang='lat'><strong>,</strong></span> <span class='ocrx_word' id='word_1_58' title='bbox 2048 939 2108 987; x_wconf 83' lang='lat' dir='ltr'><strong>ut</strong></span> 
     </span>
    </p>
   </div>
   <div class='ocr_carea' id='block_1_11' title="bbox 525 1017 2102 1091">
    <p class='ocr_par' dir='ltr' id='par_1_11' title="bbox 525 1017 2102 1091">
     <span class='ocr_line' id='line_1_11' title="bbox 525 1017 2102 1091; baseline 0.004 -20"><span class='ocrx_word' id='word_1_59' title='bbox 525 1017 582 1072; x_wconf 91' lang='lat' dir='ltr'><strong>in</strong></span> <span class='ocrx_word' id='word_1_60' title='bbox 612 1019 801 1074; x_wconf 88' lang='lat' dir='ltr'><strong>diebus</strong></span> <span class='ocrx_word' id='word_1_61' title='bbox 823 1019 1038 1089; x_wconf 78' lang='lat' dir='ltr'><strong>quidem</strong></span> <span class='ocrx_word' id='word_1_62' title='bbox 1067 1019 1374 1077; x_wconf 89' lang='lat' dir='ltr'><strong>refectionis</strong></span> <span class='ocrx_word' id='word_1_63' title='bbox 1400 1022 1513 1077; x_wconf 87' lang='lat' dir='ltr'><strong>sive</strong></span> <span class='ocrx_word' id='word_1_64' title='bbox 1541 1022 1785 1091; x_wconf 65' lang='lat' dir='ltr'><strong>singula).</strong></span> <span class='ocrx_word' id='word_1_65' title='bbox 1814 1023 1928 1078; x_wconf 84' lang='lat' dir='ltr'><strong>sive</strong></span> <span class='ocrx_word' id='word_1_66' title='bbox 1944 1022 2102 1088; x_wconf 78' lang='lat' dir='ltr'><strong>bime,</strong></span> 
     </span>
    </p>
   </div>
   <div class='ocr_carea' id='block_1_12' title="bbox 528 1111 2105 1186">
    <p class='ocr_par' dir='ltr' id='par_1_12' title="bbox 528 1111 2105 1186">
     <span class='ocr_line' id='line_1_12' title="bbox 528 1111 2105 1186; baseline 0.003 -21"><span class='ocrx_word' id='word_1_67' title='bbox 528 1111 572 1165; x_wconf 88' lang='lat' dir='ltr'><strong>si</strong></span> <span class='ocrx_word' id='word_1_68' title='bbox 609 1118 780 1166; x_wconf 90' lang='lat' dir='ltr'><strong>totum</strong></span> <span class='ocrx_word' id='word_1_69' title='bbox 829 1111 943 1167; x_wconf 90' lang='lat' dir='ltr'><strong>vult</strong></span> <span class='ocrx_word' id='word_1_70' title='bbox 992 1112 1158 1169; x_wconf 91' lang='lat' dir='ltr'><strong>frater</strong></span> <span class='ocrx_word' id='word_1_71' title='bbox 1202 1113 1508 1179; x_wconf 87' lang='lat' dir='ltr'><strong>comedere,</strong></span> <span class='ocrx_word' id='word_1_72' title='bbox 1558 1115 1964 1186; x_wconf 84' lang='lat' dir='ltr'><strong>reprehensioni</strong></span> <span class='ocrx_word' id='word_1_73' title='bbox 1997 1129 2105 1169; x_wconf 89' lang='lat' dir='ltr'><strong>non</strong></span> 
     </span>
    </p>
   </div>
   <div class='ocr_carea' id='block_1_13' title="bbox 526 1202 2103 1277">
    <p class='ocr_par' dir='ltr' id='par_1_13' title="bbox 526 1202 2103 1277">
     <span class='ocr_line' id='line_1_13' title="bbox 526 1202 2103 1277; baseline 0.005 -23"><span class='ocrx_word' id='word_1_74' title='bbox 526 1202 741 1270; x_wconf 83' lang='lat' dir='ltr'><strong>cogitur</strong></span> <span class='ocrx_word' id='word_1_75' title='bbox 764 1203 1062 1272; x_wconf 85' lang='lat' dir='ltr'><strong>subjacere.</strong></span> <span class='ocrx_word' id='word_1_76' title='bbox 1093 1203 1150 1258; x_wconf 88' lang='lat' dir='ltr'><strong>in</strong></span> <span class='ocrx_word' id='word_1_77' title='bbox 1176 1205 1363 1260; x_wconf 89' lang='lat' dir='ltr'><strong>diebus</strong></span> <span class='ocrx_word' id='word_1_78' title='bbox 1394 1220 1522 1261; x_wconf 86' lang='lat' dir='ltr'><strong>vero</strong></span> <span class='ocrx_word' id='word_1_79' title='bbox 1542 1205 1752 1276; x_wconf 80' lang='lat' dir='ltr'><strong>jejuuii,</strong></span> <span class='ocrx_word' id='word_1_80' title='bbox 1776 1207 1902 1277; x_wconf 86' lang='lat' dir='ltr'><strong>quia</strong></span> <span class='ocrx_word' id='word_1_81' title='bbox 1935 1221 2103 1262; x_wconf 81' lang='lat' dir='ltr'><strong>unus—</strong></span> 
     </span>
    </p>
   </div>
   <div class='ocr_carea' id='block_1_14' title="bbox 525 1281 2122 1367">
    <p class='ocr_par' dir='ltr' id='par_1_14' title="bbox 525 1281 2122 1367">
     <span class='ocr_line' id='line_1_14' title="bbox 525 1281 2122 1367; baseline 0.006 -24"><span class='ocrx_word' id='word_1_82' title='bbox 525 1292 755 1361; x_wconf 84' lang='lat' dir='ltr'><strong>quisque</strong></span> <span class='ocrx_word' id='word_1_83' title='bbox 797 1292 967 1348; x_wconf 92' lang='lat' dir='ltr'><strong>frater</strong></span> <span class='ocrx_word' id='word_1_84' title='bbox 1015 1294 1198 1351; x_wconf 87' lang='lat' dir='ltr'><strong>lances</strong></span> <span class='ocrx_word' id='word_1_85' title='bbox 1252 1296 1417 1350; x_wconf 83' lang='lat' dir='ltr'><strong>habet</strong></span> <span class='ocrx_word' id='word_1_86' title='bbox 1469 1296 1521 1350; x_wconf 92' lang='lat' dir='ltr'><strong>in</strong></span> <span class='ocrx_word' id='word_1_87' title='bbox 1563 1296 1719 1364; x_wconf 87' lang='lat' dir='ltr'><strong>cella,</strong></span> <span class='ocrx_word' id='word_1_88' title='bbox 1760 1296 1863 1351; x_wconf 89' lang='lat' dir='ltr'><strong>illis</strong></span> <span class='ocrx_word' id='word_1_89' title='bbox 1890 1281 2122 1367; x_wconf 80' lang='lat' dir='ltr'><strong>semper</strong></span> 
     </span>
    </p>
   </div>
   <div class='ocr_carea' id='block_1_15' title="bbox 524 1380 2105 1458">
    <p class='ocr_par' dir='ltr' id='par_1_15' title="bbox 524 1380 2105 1458">
     <span class='ocr_line' id='line_1_15' title="bbox 524 1380 2105 1458; baseline 0.004 -23"><span class='ocrx_word' id='word_1_90' title='bbox 524 1380 708 1448; x_wconf 85' lang='lat' dir='ltr'><strong>librat,</strong></span> <span class='ocrx_word' id='word_1_91' title='bbox 740 1385 882 1453; x_wconf 87' lang='lat' dir='ltr'><strong>quod</strong></span> <span class='ocrx_word' id='word_1_92' title='bbox 926 1384 1142 1439; x_wconf 89' lang='lat' dir='ltr'><strong>sibimet</strong></span> <span class='ocrx_word' id='word_1_93' title='bbox 1187 1394 1498 1442; x_wconf 73' lang='lat' dir='ltr'><strong>coenaturus</strong></span> <span class='ocrx_word' id='word_1_94' title='bbox 1546 1396 1803 1458; x_wconf 84' lang='lat' dir='ltr'><strong>apponat.</strong></span> <span class='ocrx_word' id='word_1_95' title='bbox 1854 1386 2105 1442; x_wconf 78' lang='lat' dir='ltr'><strong>Mensura</strong></span> 
     </span>
    </p>
   </div>
   <div class='ocr_carea' id='block_1_16' title="bbox 526 1476 2106 1550">
    <p class='ocr_par' dir='ltr' id='par_1_16' title="bbox 526 1476 2106 1550">
     <span class='ocr_line' id='line_1_16' title="bbox 526 1476 2106 1550; baseline 0.004 -22"><span class='ocrx_word' id='word_1_96' title='bbox 526 1483 708 1529; x_wconf 88' lang='lat' dir='ltr'><strong>autem</strong></span> <span class='ocrx_word' id='word_1_97' title='bbox 760 1476 848 1531; x_wconf 89' lang='lat' dir='ltr'><strong>illa</strong></span> <span class='ocrx_word' id='word_1_98' title='bbox 879 1477 1019 1533; x_wconf 85' lang='lat' dir='ltr'><strong>hunc</strong></span> <span class='ocrx_word' id='word_1_99' title='bbox 1044 1477 1209 1533; x_wconf 83' lang='lat' dir='ltr'><strong>habet</strong></span> <span class='ocrx_word' id='word_1_100' title='bbox 1236 1479 1477 1544; x_wconf 87' lang='lat' dir='ltr'><strong>modum,</strong></span> <span class='ocrx_word' id='word_1_101' title='bbox 1513 1489 1573 1534; x_wconf 91' lang='lat' dir='ltr'><strong>ut</strong></span> <span class='ocrx_word' id='word_1_102' title='bbox 1597 1480 1946 1550; x_wconf 89' lang='lat' dir='ltr'><strong>superaddito</strong></span> <span class='ocrx_word' id='word_1_103' title='bbox 1974 1496 2106 1550; x_wconf 81' lang='lat' dir='ltr'><strong>qua-</strong></span> 
     </span>
    </p>
   </div>
   <div class='ocr_carea' id='block_1_17' title="bbox 525 1567 2100 1642">
    <p class='ocr_par' dir='ltr' id='par_1_17' title="bbox 525 1567 2100 1642">
     <span class='ocr_line' id='line_1_17' title="bbox 525 1567 2100 1642; baseline 0.002 -20"><span class='ocrx_word' id='word_1_104' title='bbox 525 1567 637 1623; x_wconf 74' lang='lat' dir='ltr'><strong>dra:</strong></span> <span class='ocrx_word' id='word_1_105' title='bbox 680 1569 902 1623; x_wconf 80' lang='lat' dir='ltr'><strong>dimidio</strong></span> <span class='ocrx_word' id='word_1_106' title='bbox 946 1570 1225 1625; x_wconf 89' lang='lat' dir='ltr'><strong>dimidium</strong></span> <span class='ocrx_word' id='word_1_107' title='bbox 1277 1571 1531 1626; x_wconf 79' lang='lat' dir='ltr'><strong>buccellze</strong></span> <span class='ocrx_word' id='word_1_108' title='bbox 1570 1572 1737 1627; x_wconf 85' lang='lat' dir='ltr'><strong>totius</strong></span> <span class='ocrx_word' id='word_1_109' title='bbox 1786 1570 2100 1642; x_wconf 89' lang='lat' dir='ltr'><strong>appendat:</strong></span> 
     </span>
    </p>
   </div>
   <div class='ocr_carea' id='block_1_18' title="bbox 526 1660 2104 1735">
    <p class='ocr_par' dir='ltr' id='par_1_18' title="bbox 526 1660 2104 1735">
     <span class='ocr_line' id='line_1_18' title="bbox 526 1660 2104 1735; baseline 0.004 -24"><span class='ocrx_word' id='word_1_110' title='bbox 526 1660 733 1729; x_wconf 76' lang='lat' dir='ltr'><strong>quadra</strong></span> <span class='ocrx_word' id='word_1_111' title='bbox 779 1660 1027 1717; x_wconf 79' lang='lat' dir='ltr'><strong>videlicet</strong></span> <span class='ocrx_word' id='word_1_112' title='bbox 1080 1671 1395 1718; x_wconf 86' lang='lat' dir='ltr'><strong>remanente</strong></span> <span class='ocrx_word' id='word_1_113' title='bbox 1444 1665 1652 1735; x_wconf 82' lang='lat' dir='ltr'><strong>integra</strong></span> <span class='ocrx_word' id='word_1_114' title='bbox 1705 1664 1890 1719; x_wconf 89' lang='lat' dir='ltr'><strong>semis.</strong></span> <span class='ocrx_word' id='word_1_115' title='bbox 1936 1663 2005 1718; x_wconf 89' lang='lat' dir='ltr'><strong>Et</strong></span> <span class='ocrx_word' id='word_1_116' title='bbox 2044 1673 2104 1718; x_wconf 93' lang='lat' dir='ltr'><strong>ut</strong></span> 
     </span>
    </p>
   </div>
   <div class='ocr_carea' id='block_1_19' title="bbox 523 1746 2102 1821">
    <p class='ocr_par' dir='ltr' id='par_1_19' title="bbox 523 1746 2102 1821">
     <span class='ocr_line' id='line_1_19' title="bbox 523 1746 2102 1821; baseline 0.006 -21"><span class='ocrx_word' id='word_1_117' title='bbox 523 1746 668 1801; x_wconf 88' lang='lat' dir='ltr'><strong>nulla</strong></span> <span class='ocrx_word' id='word_1_118' title='bbox 708 1748 954 1805; x_wconf 88' lang='lat' dir='ltr'><strong>dubietas</strong></span> <span class='ocrx_word' id='word_1_119' title='bbox 990 1766 1153 1821; x_wconf 81' lang='lat' dir='ltr'><strong>super</strong></span> <span class='ocrx_word' id='word_1_120' title='bbox 1190 1751 1494 1821; x_wconf 86' lang='lat' dir='ltr'><strong>hujusmodi</strong></span> <span class='ocrx_word' id='word_1_121' title='bbox 1522 1769 1775 1809; x_wconf 87' lang='lat' dir='ltr'><strong>mensura</strong></span> <span class='ocrx_word' id='word_1_122' title='bbox 1800 1763 2102 1821; x_wconf 83' lang='lat' dir='ltr'><strong>remaneat,</strong></span> 
     </span>
    </p>
   </div>
   <div class='ocr_carea' id='block_1_20' title="bbox 521 1833 2181 1907">
    <p class='ocr_par' dir='ltr' id='par_1_20' title="bbox 521 1833 2181 1907">
     <span class='ocr_line' id='line_1_20' title="bbox 521 1833 2181 1907; baseline 0.006 -17"><span class='ocrx_word' id='word_1_123' title='bbox 521 1851 715 1891; x_wconf 80' lang='lat' dir='ltr'><strong>novem</strong></span> <span class='ocrx_word' id='word_1_124' title='bbox 747 1839 1012 1907; x_wconf 90' lang='lat' dir='ltr'><strong>oruicum,</strong></span> <span class='ocrx_word' id='word_1_125' title='bbox 1045 1840 1127 1895; x_wconf 90' lang='lat' dir='ltr'><strong>vel</strong></span> <span class='ocrx_word' id='word_1_126' title='bbox 1159 1841 1258 1895; x_wconf 83' lang='lat' dir='ltr'><strong>tria</strong></span> <span class='ocrx_word' id='word_1_127' title='bbox 1289 1857 1540 1896; x_wconf 89' lang='lat' dir='ltr'><strong>anserum</strong></span> <span class='ocrx_word' id='word_1_128' title='bbox 1564 1859 1661 1897; x_wconf 89' lang='lat' dir='ltr'><strong>ova</strong></span> <span class='ocrx_word' id='word_1_129' title='bbox 1692 1843 1903 1900; x_wconf 86' lang='lat' dir='ltr'><strong>libratis</strong></span> <span class='ocrx_word' id='word_1_130' title='bbox 1940 1844 2104 1900; x_wconf 84' lang='lat' dir='ltr'><strong>lanci-</strong></span> <span class='ocrx_word' id='word_1_131' title='bbox 2138 1833 2181 1891; x_wconf 82' lang='grc' dir='ltr'><strong><em>Β</em></strong></span> 
     </span>
    </p>
   </div>
   <div class='ocr_carea' id='block_1_21' title="bbox 520 1926 2107 2005">
    <p class='ocr_par' dir='ltr' id='par_1_21' title="bbox 520 1926 2107 2005">
     <span class='ocr_line' id='line_1_21' title="bbox 520 1926 2107 2005; baseline 0.005 -22"><span class='ocrx_word' id='word_1_132' title='bbox 520 1926 625 1983; x_wconf 84' lang='lat' dir='ltr'><strong>bus</strong></span> <span class='ocrx_word' id='word_1_133' title='bbox 652 1930 981 2005; x_wconf 80' lang='lat' dir='ltr'><strong>tantumdem</strong></span> <span class='ocrx_word' id='word_1_134' title='bbox 1006 1941 1253 2000; x_wconf 86' lang='lat' dir='ltr'><strong>pensant.</strong></span> <span class='ocrx_word' id='word_1_135' title='bbox 1287 1932 1354 1986; x_wconf 82' lang='lat' dir='ltr'><strong>Et</strong></span> <span class='ocrx_word' id='word_1_136' title='bbox 1372 1933 1437 1986; x_wconf 89' lang='lat' dir='ltr'><strong>de</strong></span> <span class='ocrx_word' id='word_1_137' title='bbox 1455 1931 1675 2004; x_wconf 83' lang='lat' dir='ltr'><strong>jejuniis</strong></span> <span class='ocrx_word' id='word_1_138' title='bbox 1701 1937 1941 2005; x_wconf 90' lang='lat' dir='ltr'><strong>quidem,</strong></span> <span class='ocrx_word' id='word_1_139' title='bbox 1972 1937 2107 1991; x_wconf 90' lang='lat' dir='ltr'><strong>etde</strong></span> 
     </span>
    </p>
   </div>
   <div class='ocr_carea' id='block_1_22' title="bbox 522 2018 1478 2080">
    <p class='ocr_par' dir='ltr' id='par_1_22' title="bbox 522 2018 1478 2080">
     <span class='ocr_line' id='line_1_22' title="bbox 522 2018 1478 2080; baseline 0.004 -9"><span class='ocrx_word' id='word_1_140' title='bbox 522 2032 774 2073; x_wconf 82' lang='lat' dir='ltr'><strong>mensura</strong></span> <span class='ocrx_word' id='word_1_141' title='bbox 798 2018 1040 2075; x_wconf 86' lang='lat' dir='ltr'><strong>ciborum</strong></span> <span class='ocrx_word' id='word_1_142' title='bbox 1069 2021 1167 2080; x_wconf 82' lang='lat' dir='ltr'><strong>ista</strong></span> <span class='ocrx_word' id='word_1_143' title='bbox 1192 2019 1478 2078; x_wconf 66' lang='lat' dir='ltr'><strong>subiciant.</strong></span> 
     </span>
    </p>
   </div>
   <div class='ocr_carea' id='block_1_23' title="bbox 593 2108 2107 2187">
    <p class='ocr_par' dir='ltr' id='par_1_23' title="bbox 593 2108 2107 2187">
     <span class='ocr_line' id='line_1_23' title="bbox 593 2108 2107 2187; baseline 0.006 -24"><span class='ocrx_word' id='word_1_144' title='bbox 593 2108 651 2163; x_wconf 90' lang='lat' dir='ltr'><strong>ln</strong></span> <span class='ocrx_word' id='word_1_145' title='bbox 682 2109 899 2165; x_wconf 67' lang='lat' dir='ltr'><strong>caeteris</strong></span> <span class='ocrx_word' id='word_1_146' title='bbox 935 2121 1115 2166; x_wconf 92' lang='lat' dir='ltr'><strong>autem</strong></span> <span class='ocrx_word' id='word_1_147' title='bbox 1138 2112 1439 2182; x_wconf 88' lang='lat' dir='ltr'><strong>spiritualis</strong></span> <span class='ocrx_word' id='word_1_148' title='bbox 1468 2114 1710 2169; x_wconf 80' lang='lat' dir='ltr'><strong>exercitii</strong></span> <span class='ocrx_word' id='word_1_149' title='bbox 1743 2116 1954 2182; x_wconf 90' lang='lat' dir='ltr'><strong>studiis,</strong></span> <span class='ocrx_word' id='word_1_150' title='bbox 1985 2131 2107 2187; x_wconf 75' lang='lat' dir='ltr'><strong>qua:</strong></span> 
     </span>
    </p>
   </div>
   <div class='ocr_carea' id='block_1_24' title="bbox 521 2200 2103 2277">
    <p class='ocr_par' dir='ltr' id='par_1_24' title="bbox 521 2200 2103 2277">
     <span class='ocr_line' id='line_1_24' title="bbox 521 2200 2103 2277; baseline 0.006 -22"><span class='ocrx_word' id='word_1_151' title='bbox 521 2200 594 2255; x_wconf 90' lang='lat' dir='ltr'><strong>sit</strong></span> <span class='ocrx_word' id='word_1_152' title='bbox 620 2200 710 2256; x_wconf 85' lang='lat' dir='ltr'><strong>hic</strong></span> <span class='ocrx_word' id='word_1_153' title='bbox 748 2202 987 2257; x_wconf 88' lang='lat' dir='ltr'><strong>continui</strong></span> <span class='ocrx_word' id='word_1_154' title='bbox 1016 2202 1244 2258; x_wconf 82' lang='lat' dir='ltr'><strong>fervoris</strong></span> <span class='ocrx_word' id='word_1_155' title='bbox 1298 2204 1552 2259; x_wconf 86' lang='lat' dir='ltr'><strong>instantia</strong></span> <span class='ocrx_word' id='word_1_156' title='bbox 1572 2245 1588 2272; x_wconf 94' lang='lat'><strong>,</strong></span> <span class='ocrx_word' id='word_1_157' title='bbox 1614 2222 1734 2277; x_wconf 68' lang='lat' dir='ltr'><strong>qua!</strong></span> <span class='ocrx_word' id='word_1_158' title='bbox 1778 2207 2103 2275; x_wconf 78' lang='lat' dir='ltr'><strong>sollicitudo,</strong></span> 
     </span>
    </p>
   </div>
   <div class='ocr_carea' id='block_1_25' title="bbox 523 2292 2103 2366">
    <p class='ocr_par' dir='ltr' id='par_1_25' title="bbox 523 2292 2103 2366">
     <span class='ocr_line' id='line_1_25' title="bbox 523 2292 2103 2366; baseline 0.007 -23"><span class='ocrx_word' id='word_1_159' title='bbox 523 2305 685 2361; x_wconf 89' lang='lat' dir='ltr'><strong>quam</strong></span> <span class='ocrx_word' id='word_1_160' title='bbox 718 2292 843 2363; x_wconf 82' lang='lat' dir='ltr'><strong>vigil</strong></span> <span class='ocrx_word' id='word_1_161' title='bbox 877 2301 934 2347; x_wconf 88' lang='lat' dir='ltr'><strong>et</strong></span> <span class='ocrx_word' id='word_1_162' title='bbox 981 2307 1204 2363; x_wconf 89' lang='lat' dir='ltr'><strong>operosa</strong></span> <span class='ocrx_word' id='word_1_163' title='bbox 1231 2292 1564 2365; x_wconf 79' lang='lat' dir='ltr'><strong>frequentia,</strong></span> <span class='ocrx_word' id='word_1_164' title='bbox 1610 2297 1775 2352; x_wconf 90' lang='lat' dir='ltr'><strong>timeo</strong></span> <span class='ocrx_word' id='word_1_165' title='bbox 1823 2298 2103 2366; x_wconf 85' lang='lat' dir='ltr'><strong>scribere;</strong></span> 
     </span>
    </p>
   </div>
   <div class='ocr_carea' id='block_1_26' title="bbox 521 2381 2105 2457">
    <p class='ocr_par' dir='ltr' id='par_1_26' title="bbox 521 2381 2105 2457">
     <span class='ocr_line' id='line_1_26' title="bbox 521 2381 2105 2457; baseline 0.008 -25"><span class='ocrx_word' id='word_1_166' title='bbox 521 2394 593 2434; x_wconf 88' lang='lat' dir='ltr'><strong>ne</strong></span> <span class='ocrx_word' id='word_1_167' title='bbox 618 2389 674 2435; x_wconf 89' lang='lat' dir='ltr'><strong>et</strong></span> <span class='ocrx_word' id='word_1_168' title='bbox 726 2381 988 2452; x_wconf 89' lang='lat' dir='ltr'><strong>meipsum</strong></span> <span class='ocrx_word' id='word_1_169' title='bbox 1042 2381 1268 2441; x_wconf 86' lang='lat' dir='ltr'><strong>forsitan</strong></span> <span class='ocrx_word' id='word_1_170' title='bbox 1310 2385 1390 2439; x_wconf 91' lang='lat' dir='ltr'><strong>eis</strong></span> <span class='ocrx_word' id='word_1_171' title='bbox 1417 2384 1844 2457; x_wconf 84' lang='lat' dir='ltr'><strong>cobabitantem,</strong></span> <span class='ocrx_word' id='word_1_172' title='bbox 1866 2390 1967 2444; x_wconf 89' lang='lat' dir='ltr'><strong>etsi</strong></span> <span class='ocrx_word' id='word_1_173' title='bbox 1998 2406 2105 2445; x_wconf 91' lang='lat' dir='ltr'><strong>non</strong></span> 
     </span>
    </p>
   </div>
   <div class='ocr_carea' id='block_1_27' title="bbox 524 2473 2109 2546">
    <p class='ocr_par' dir='ltr' id='par_1_27' title="bbox 524 2473 2109 2546">
     <span class='ocr_line' id='line_1_27' title="bbox 524 2473 2109 2546; baseline 0.008 -23"><span class='ocrx_word' id='word_1_174' title='bbox 524 2479 926 2538; x_wconf 87' lang='lat' dir='ltr'><strong>cooperantem,</strong></span> <span class='ocrx_word' id='word_1_175' title='bbox 980 2487 1119 2527; x_wconf 88' lang='lat' dir='ltr'><strong>vana</strong></span> <span class='ocrx_word' id='word_1_176' title='bbox 1192 2473 1380 2528; x_wconf 89' lang='lat' dir='ltr'><strong>videar</strong></span> <span class='ocrx_word' id='word_1_177' title='bbox 1438 2474 1670 2530; x_wconf 85' lang='lat' dir='ltr'><strong>elatione</strong></span> <span class='ocrx_word' id='word_1_178' title='bbox 1708 2474 1942 2546; x_wconf 72' lang='lat' dir='ltr'><strong>jactare.</strong></span> <span class='ocrx_word' id='word_1_179' title='bbox 1994 2477 2109 2536; x_wconf 86' lang='lat' dir='ltr'><strong>Hoc</strong></span> 
     </span>
    </p>
   </div>
   <div class='ocr_carea' id='block_1_28' title="bbox 524 2561 2109 2638">
    <p class='ocr_par' dir='ltr' id='par_1_28' title="bbox 524 2561 2109 2638">
     <span class='ocr_line' id='line_1_28' title="bbox 524 2561 2109 2638; baseline 0.007 -25"><span class='ocrx_word' id='word_1_180' title='bbox 524 2568 736 2615; x_wconf 83' lang='lat' dir='ltr'><strong>tantum</strong></span> <span class='ocrx_word' id='word_1_181' title='bbox 771 2561 1108 2619; x_wconf 87' lang='lat' dir='ltr'><strong>mibidicere</strong></span> <span class='ocrx_word' id='word_1_182' title='bbox 1135 2562 1317 2630; x_wconf 89' lang='lat' dir='ltr'><strong>liceat,</strong></span> <span class='ocrx_word' id='word_1_183' title='bbox 1360 2564 1485 2636; x_wconf 87' lang='lat' dir='ltr'><strong>quia</strong></span> <span class='ocrx_word' id='word_1_184' title='bbox 1524 2582 1629 2621; x_wconf 91' lang='lat' dir='ltr'><strong>non</strong></span> <span class='ocrx_word' id='word_1_185' title='bbox 1671 2583 1835 2638; x_wconf 88' lang='lat' dir='ltr'><strong>parva</strong></span> <span class='ocrx_word' id='word_1_186' title='bbox 1860 2569 1949 2624; x_wconf 81' lang='lat' dir='ltr'><strong>hic</strong></span> <span class='ocrx_word' id='word_1_187' title='bbox 1989 2570 2109 2624; x_wconf 89' lang='lat' dir='ltr'><strong>dili-</strong></span> 
     </span>
    </p>
   </div>
   <div class='ocr_carea' id='block_1_29' title="bbox 524 2653 2110 2732">
    <p class='ocr_par' dir='ltr' id='par_1_29' title="bbox 524 2653 2110 2732">
     <span class='ocr_line' id='line_1_29' title="bbox 524 2653 2110 2732; baseline 0.008 -28"><span class='ocrx_word' id='word_1_188' title='bbox 524 2653 714 2720; x_wconf 80' lang='lat' dir='ltr'><strong>gentia</strong></span> <span class='ocrx_word' id='word_1_189' title='bbox 737 2654 897 2708; x_wconf 92' lang='lat' dir='ltr'><strong>estin</strong></span> <span class='ocrx_word' id='word_1_190' title='bbox 928 2654 1250 2709; x_wconf 80' lang='lat' dir='ltr'><strong>flexionibus</strong></span> <span class='ocrx_word' id='word_1_191' title='bbox 1278 2673 1533 2726; x_wconf 85' lang='lat' dir='ltr'><strong>genuum,</strong></span> <span class='ocrx_word' id='word_1_192' title='bbox 1563 2659 1614 2713; x_wconf 91' lang='lat' dir='ltr'><strong>in</strong></span> <span class='ocrx_word' id='word_1_193' title='bbox 1665 2660 1961 2732; x_wconf 88' lang='lat' dir='ltr'><strong>disciplinis</strong></span> <span class='ocrx_word' id='word_1_194' title='bbox 1990 2678 2110 2718; x_wconf 83' lang='lat' dir='ltr'><strong>sco-</strong></span> 
     </span>
    </p>
   </div>
   <div class='ocr_carea' id='block_1_30' title="bbox 524 2732 2110 2820">
    <p class='ocr_par' dir='ltr' id='par_1_30' title="bbox 524 2732 2110 2820">
     <span class='ocr_line' id='line_1_30' title="bbox 524 2732 2110 2820; baseline 0.008 -26"><span class='ocrx_word' id='word_1_195' title='bbox 524 2756 736 2809; x_wconf 81' lang='lat' dir='ltr'><strong>parum,</strong></span> <span class='ocrx_word' id='word_1_196' title='bbox 767 2745 894 2798; x_wconf 86' lang='lat' dir='ltr'><strong>etin</strong></span> <span class='ocrx_word' id='word_1_197' title='bbox 927 2746 1136 2800; x_wconf 69' lang='lat' dir='ltr'><strong>caneris</strong></span> <span class='ocrx_word' id='word_1_198' title='bbox 1166 2744 1476 2814; x_wconf 76' lang='lat' dir='ltr'><strong>hujusmodi</strong></span> <span class='ocrx_word' id='word_1_199' title='bbox 1503 2764 1517 2802; x_wconf 90' lang='lat'><strong>:</strong></span> <span class='ocrx_word' id='word_1_200' title='bbox 1550 2732 1671 2820; x_wconf 68' lang='lat' dir='ltr'><strong>qua:</strong></span> <span class='ocrx_word' id='word_1_201' title='bbox 1696 2750 1970 2817; x_wconf 90' lang='lat' dir='ltr'><strong>nimirum,</strong></span> <span class='ocrx_word' id='word_1_202' title='bbox 2001 2754 2110 2807; x_wconf 88' lang='lat' dir='ltr'><strong>fra-</strong></span> 
     </span>
    </p>
   </div>
   <div class='ocr_carea' id='block_1_31' title="bbox 526 2832 2111 2910">
    <p class='ocr_par' dir='ltr' id='par_1_31' title="bbox 526 2832 2111 2910">
     <span class='ocr_line' id='line_1_31' title="bbox 526 2832 2111 2910; baseline 0.008 -27"><span class='ocrx_word' id='word_1_203' title='bbox 526 2841 611 2886; x_wconf 89' lang='lat' dir='ltr'><strong>ter</strong></span> <span class='ocrx_word' id='word_1_204' title='bbox 640 2832 975 2897; x_wconf 75' lang='lat' dir='ltr'><strong>charissima,</strong></span> <span class='ocrx_word' id='word_1_205' title='bbox 1005 2837 1131 2908; x_wconf 82' lang='lat' dir='ltr'><strong>quia</strong></span> <span class='ocrx_word' id='word_1_206' title='bbox 1161 2836 1475 2891; x_wconf 82' lang='lat' dir='ltr'><strong>eorumde</strong></span> <span class='ocrx_word' id='word_1_207' title='bbox 1509 2838 1623 2893; x_wconf 81' lang='lat' dir='ltr'><strong>haec</strong></span> <span class='ocrx_word' id='word_1_208' title='bbox 1645 2841 1999 2910; x_wconf 83' lang='lat' dir='ltr'><strong>satagentium</strong></span> <span class='ocrx_word' id='word_1_209' title='bbox 2030 2841 2111 2896; x_wconf 81' lang='lat' dir='ltr'><strong>vi-</strong></span> 
     </span>
    </p>
   </div>
   <div class='ocr_carea' id='block_1_32' title="bbox 528 2921 2110 3000">
    <p class='ocr_par' dir='ltr' id='par_1_32' title="bbox 528 2921 2110 3000">
     <span class='ocr_line' id='line_1_32' title="bbox 528 2921 2110 3000; baseline 0.008 -26"><span class='ocrx_word' id='word_1_210' title='bbox 528 2921 610 2975; x_wconf 87' lang='lat' dir='ltr'><strong>vis</strong></span> <span class='ocrx_word' id='word_1_211' title='bbox 633 2923 855 2979; x_wconf 80' lang='lat' dir='ltr'><strong>vocibus</strong></span> <span class='ocrx_word' id='word_1_212' title='bbox 878 2924 1077 2980; x_wconf 87' lang='lat' dir='ltr'><strong>clarius</strong></span> <span class='ocrx_word' id='word_1_213' title='bbox 1121 2936 1274 2994; x_wconf 86' lang='lat' dir='ltr'><strong>potes</strong></span> <span class='ocrx_word' id='word_1_214' title='bbox 1301 2927 1602 2994; x_wconf 87' lang='lat' dir='ltr'><strong>addiscere,</strong></span> <span class='ocrx_word' id='word_1_215' title='bbox 1623 2944 1729 2984; x_wconf 91' lang='lat' dir='ltr'><strong>non</strong></span> <span class='ocrx_word' id='word_1_216' title='bbox 1760 2931 1976 3000; x_wconf 81' lang='lat' dir='ltr'><strong>expedit</strong></span> <span class='ocrx_word' id='word_1_217' title='bbox 2023 2931 2110 2987; x_wconf 84' lang='lat' dir='ltr'><strong>hic</strong></span> 
     </span>
    </p>
   </div>
   <div class='ocr_carea' id='block_1_33' title="bbox 527 3012 1248 3070">
    <p class='ocr_par' dir='ltr' id='par_1_33' title="bbox 527 3012 1248 3070">
     <span class='ocr_line' id='line_1_33' title="bbox 527 3012 1248 3070; baseline 0.006 -4"><span class='ocrx_word' id='word_1_218' title='bbox 527 3012 712 3068; x_wconf 88' lang='lat' dir='ltr'><strong>omnia</strong></span> <span class='ocrx_word' id='word_1_219' title='bbox 751 3013 944 3070; x_wconf 88' lang='lat' dir='ltr'><strong>litteris</strong></span> <span class='ocrx_word' id='word_1_220' title='bbox 969 3017 1248 3070; x_wconf 76' lang='lat' dir='ltr'><strong>adnotare.</strong></span> 
     </span>
    </p>
   </div>
   <div class='ocr_carea' id='block_1_34' title="bbox 1134 3110 1493 3168">
    <p class='ocr_par' dir='ltr' id='par_1_34' title="bbox 1134 3110 1493 3168">
     <span class='ocr_line' id='line_1_34' title="bbox 1134 3110 1493 3168; baseline 0.006 -2"><span class='ocrx_word' id='word_1_221' title='bbox 1134 3110 1362 3167; x_wconf 77' lang='lat' dir='ltr'><strong>CAPUT</strong></span> <span class='ocrx_word' id='word_1_222' title='bbox 1399 3112 1493 3168; x_wconf 82' lang='lat' dir='ltr'><strong>lX.</strong></span> 
     </span>
    </p>
   </div>
   <div class='ocr_carea' id='block_1_35' title="bbox 1096 3199 1543 3271">
    <p class='ocr_par' dir='ltr' id='par_1_35' title="bbox 1096 3199 1543 3271">
     <span class='ocr_line' id='line_1_35' title="bbox 1096 3199 1543 3271; baseline 0.007 -17"><span class='ocrx_word' id='word_1_223' title='bbox 1096 3199 1177 3255; x_wconf 82' lang='lat' dir='ltr'><strong>De</strong></span> <span class='ocrx_word' id='word_1_224' title='bbox 1226 3201 1543 3271; x_wconf 84' lang='lat' dir='ltr'><strong>psalmodia.</strong></span> 
     </span>
    </p>
   </div>
   <div class='ocr_carea' id='block_1_36' title="bbox 600 3290 2112 3363">
    <p class='ocr_par' dir='ltr' id='par_1_36' title="bbox 600 3290 2112 3363">
     <span class='ocr_line' id='line_1_36' title="bbox 600 3290 2112 3363; baseline 0.009 -21"><span class='ocrx_word' id='word_1_225' title='bbox 600 3290 673 3342; x_wconf 89' lang='lat' dir='ltr'><strong>De</strong></span> <span class='ocrx_word' id='word_1_226' title='bbox 721 3290 1017 3360; x_wconf 82' lang='lat' dir='ltr'><strong>psalmodia</strong></span> <span class='ocrx_word' id='word_1_227' title='bbox 1051 3308 1179 3350; x_wconf 91' lang='lat' dir='ltr'><strong>vero</strong></span> <span class='ocrx_word' id='word_1_228' title='bbox 1208 3294 1325 3350; x_wconf 62' lang='lat' dir='ltr'><strong>haec</strong></span> <span class='ocrx_word' id='word_1_229' title='bbox 1377 3297 1710 3352; x_wconf 88' lang='lat' dir='ltr'><strong>consuetudo</strong></span> <span class='ocrx_word' id='word_1_230' title='bbox 1762 3307 1868 3363; x_wconf 90' lang='lat' dir='ltr'><strong>est,</strong></span> <span class='ocrx_word' id='word_1_231' title='bbox 1894 3307 1953 3353; x_wconf 90' lang='lat' dir='ltr'><strong>ut</strong></span> <span class='ocrx_word' id='word_1_232' title='bbox 1989 3315 2112 3355; x_wconf 88' lang='lat' dir='ltr'><strong>cum</strong></span> 
     </span>
    </p>
   </div>
   <div class='ocr_carea' id='block_1_37' title="bbox 529 3380 2111 3462">
    <p class='ocr_par' dir='ltr' id='par_1_37' title="bbox 529 3380 2111 3462">
     <span class='ocr_line' id='line_1_37' title="bbox 529 3380 2111 3462; baseline 0.009 -30"><span class='ocrx_word' id='word_1_233' title='bbox 529 3380 637 3457; x_wconf 83' lang='lat' dir='ltr'><strong>duo</strong></span> <span class='ocrx_word' id='word_1_234' title='bbox 665 3381 825 3435; x_wconf 89' lang='lat' dir='ltr'><strong>simul</strong></span> <span class='ocrx_word' id='word_1_235' title='bbox 854 3395 1263 3440; x_wconf 88' lang='lat' dir='ltr'><strong>commorantur</strong></span> <span class='ocrx_word' id='word_1_236' title='bbox 1293 3386 1347 3441; x_wconf 93' lang='lat' dir='ltr'><strong>iu</strong></span> <span class='ocrx_word' id='word_1_237' title='bbox 1377 3387 1532 3454; x_wconf 86' lang='lat' dir='ltr'><strong>cella,</strong></span> <span class='ocrx_word' id='word_1_238' title='bbox 1570 3390 1677 3443; x_wconf 91' lang='lat' dir='ltr'><strong>duo</strong></span> <span class='ocrx_word' id='word_1_239' title='bbox 1724 3391 2033 3462; x_wconf 87' lang='lat' dir='ltr'><strong>persolvant</strong></span> <span class='ocrx_word' id='word_1_240' title='bbox 2060 3391 2111 3446; x_wconf 90' lang='lat' dir='ltr'><strong>in</strong></span> 
     </span>
    </p>
   </div>
   <div class='ocr_carea' id='block_1_38' title="bbox 527 3472 2116 3554">
    <p class='ocr_par' dir='ltr' id='par_1_38' title="bbox 527 3472 2116 3554">
     <span class='ocr_line' id='line_1_38' title="bbox 527 3472 2116 3554; baseline 0.009 -29"><span class='ocrx_word' id='word_1_241' title='bbox 527 3472 617 3528; x_wconf 85' lang='lat' dir='ltr'><strong>die</strong></span> <span class='ocrx_word' id='word_1_242' title='bbox 641 3473 901 3530; x_wconf 86' lang='lat' dir='ltr'><strong>Psalteria</strong></span> <span class='ocrx_word' id='word_1_243' title='bbox 926 3494 1138 3543; x_wconf 88' lang='lat' dir='ltr'><strong>;.unum</strong></span> <span class='ocrx_word' id='word_1_244' title='bbox 1187 3494 1285 3548; x_wconf 90' lang='lat' dir='ltr'><strong>pro</strong></span> <span class='ocrx_word' id='word_1_245' title='bbox 1327 3481 1482 3547; x_wconf 84' lang='lat' dir='ltr'><strong>vivis,</strong></span> <span class='ocrx_word' id='word_1_246' title='bbox 1515 3482 1742 3537; x_wconf 91' lang='lat' dir='ltr'><strong>alterum</strong></span> <span class='ocrx_word' id='word_1_247' title='bbox 1796 3500 1895 3554; x_wconf 87' lang='lat' dir='ltr'><strong>pro</strong></span> <span class='ocrx_word' id='word_1_248' title='bbox 1925 3484 2116 3539; x_wconf 87' lang='lat' dir='ltr'><strong>defun—</strong></span> 
     </span>
    </p>
   </div>
   <div class='ocr_carea' id='block_1_39' title="bbox 526 3568 2116 3639">
    <p class='ocr_par' dir='ltr' id='par_1_39' title="bbox 526 3568 2116 3639">
     <span class='ocr_line' id='line_1_39' title="bbox 526 3568 2116 3639; baseline 0.004 -17"><span class='ocrx_word' id='word_1_249' title='bbox 526 3568 652 3622; x_wconf 86' lang='lat' dir='ltr'><strong>ctis.</strong></span> <span class='ocrx_word' id='word_1_250' title='bbox 705 3568 771 3621; x_wconf 86' lang='lat' dir='ltr'><strong>Et</strong></span> <span class='ocrx_word' id='word_1_251' title='bbox 812 3568 938 3623; x_wconf 90' lang='lat' dir='ltr'><strong>illud</strong></span> <span class='ocrx_word' id='word_1_252' title='bbox 972 3569 1186 3638; x_wconf 79' lang='lat' dir='ltr'><strong>quidem</strong></span> <span class='ocrx_word' id='word_1_253' title='bbox 1212 3572 1355 3639; x_wconf 80' lang='lat' dir='ltr'><strong>quod</strong></span> <span class='ocrx_word' id='word_1_254' title='bbox 1401 3581 1484 3626; x_wconf 86' lang='lat' dir='ltr'><strong>est</strong></span> <span class='ocrx_word' id='word_1_255' title='bbox 1509 3574 1774 3637; x_wconf 88' lang='lat' dir='ltr'><strong>vivorum,</strong></span> <span class='ocrx_word' id='word_1_256' title='bbox 1832 3590 1955 3629; x_wconf 90' lang='lat' dir='ltr'><strong>cum</strong></span> <span class='ocrx_word' id='word_1_257' title='bbox 2009 3576 2116 3629; x_wconf 88' lang='lat' dir='ltr'><strong>illis</strong></span> 
     </span>
    </p>
   </div>
   <div class='ocr_carea' id='block_1_40' title="bbox 529 3656 2112 3735">
    <p class='ocr_par' dir='ltr' id='par_1_40' title="bbox 529 3656 2112 3735">
     <span class='ocr_line' id='line_1_40' title="bbox 529 3656 2112 3735; baseline 0.006 -27"><span class='ocrx_word' id='word_1_258' title='bbox 529 3656 729 3710; x_wconf 87' lang='lat' dir='ltr'><strong>dicitur</strong></span> <span class='ocrx_word' id='word_1_259' title='bbox 759 3658 1165 3724; x_wconf 85' lang='lat' dir='ltr'><strong>additamentis,</strong></span> <span class='ocrx_word' id='word_1_260' title='bbox 1210 3676 1329 3730; x_wconf 66' lang='lat' dir='ltr'><strong>quae</strong></span> <span class='ocrx_word' id='word_1_261' title='bbox 1384 3661 1445 3716; x_wconf 86' lang='grc' dir='ltr'><strong>Β.</strong></span> <span class='ocrx_word' id='word_1_262' title='bbox 1496 3662 1826 3718; x_wconf 83' lang='lat' dir='ltr'><strong>Romualdus</strong></span> <span class='ocrx_word' id='word_1_263' title='bbox 1874 3667 2112 3735; x_wconf 89' lang='lat' dir='ltr'><strong>apponit,</strong></span> 
     </span>
    </p>
   </div>
   <div class='ocr_carea' id='block_1_41' title="bbox 529 3750 2117 3823">
    <p class='ocr_par' dir='ltr' id='par_1_41' title="bbox 529 3750 2117 3823">
     <span class='ocr_line' id='line_1_41' title="bbox 529 3750 2117 3823; baseline 0.008 -24"><span class='ocrx_word' id='word_1_264' title='bbox 529 3761 651 3815; x_wconf 75' lang='lat' dir='ltr'><strong>qua:</strong></span> <span class='ocrx_word' id='word_1_265' title='bbox 675 3750 839 3802; x_wconf 79' lang='lat' dir='ltr'><strong>etiam</strong></span> <span class='ocrx_word' id='word_1_266' title='bbox 877 3765 977 3804; x_wconf 88' lang='lat' dir='ltr'><strong>nos</strong></span> <span class='ocrx_word' id='word_1_267' title='bbox 1005 3767 1109 3805; x_wconf 89' lang='lat' dir='ltr'><strong>non</strong></span> <span class='ocrx_word' id='word_1_268' title='bbox 1139 3768 1427 3823; x_wconf 88' lang='lat' dir='ltr'><strong>gravemur</strong></span> <span class='ocrx_word' id='word_1_269' title='bbox 1467 3754 1740 3819; x_wconf 87' lang='lat' dir='ltr'><strong>inserere;</strong></span> <span class='ocrx_word' id='word_1_270' title='bbox 1773 3772 1840 3811; x_wconf 91' lang='lat' dir='ltr'><strong>ne</strong></span> <span class='ocrx_word' id='word_1_271' title='bbox 1870 3773 1967 3810; x_wconf 85' lang='lat' dir='ltr'><strong>nos</strong></span> <span class='ocrx_word' id='word_1_272' title='bbox 1990 3773 2117 3811; x_wconf 84' lang='lat' dir='ltr'><strong>con-</strong></span> 
     </span>
    </p>
   </div>
   <div class='ocr_carea' id='block_1_42' title="bbox 529 3839 2116 3917">
    <p class='ocr_par' dir='ltr' id='par_1_42' title="bbox 529 3839 2116 3917">
     <span class='ocr_line' id='line_1_42' title="bbox 529 3839 2116 3917; baseline 0.008 -29"><span class='ocrx_word' id='word_1_273' title='bbox 529 3846 791 3907; x_wconf 80' lang='lat' dir='ltr'><strong>queratur</strong></span> <span class='ocrx_word' id='word_1_274' title='bbox 840 3839 978 3895; x_wconf 87' lang='lat' dir='ltr'><strong>forte</strong></span> <span class='ocrx_word' id='word_1_275' title='bbox 1017 3842 1270 3905; x_wconf 84' lang='lat' dir='ltr'><strong>novitius,</strong></span> <span class='ocrx_word' id='word_1_276' title='bbox 1321 3858 1440 3913; x_wconf 76' lang='lat' dir='ltr'><strong>quae</strong></span> <span class='ocrx_word' id='word_1_277' title='bbox 1485 3844 1586 3899; x_wconf 91' lang='lat' dir='ltr'><strong>sibi</strong></span> <span class='ocrx_word' id='word_1_278' title='bbox 1645 3860 1972 3917; x_wconf 77' lang='lat' dir='ltr'><strong>magnopere</strong></span> <span class='ocrx_word' id='word_1_279' title='bbox 2020 3864 2116 3901; x_wconf 91' lang='lat' dir='ltr'><strong>uo-</strong></span> 
     </span>
    </p>
   </div>
   <div class='ocr_carea' id='block_1_43' title="bbox 530 3934 2115 4011">
    <p class='ocr_par' dir='ltr' id='par_1_43' title="bbox 530 3934 2115 4011">
     <span class='ocr_line' id='line_1_43' title="bbox 530 3934 2115 4011; baseline 0.006 -25"><span class='ocrx_word' id='word_1_280' title='bbox 530 3934 730 3987; x_wconf 80' lang='lat' dir='ltr'><strong>sccnda</strong></span> <span class='ocrx_word' id='word_1_281' title='bbox 773 3943 917 3998; x_wconf 90' lang='lat' dir='ltr'><strong>sunt,</strong></span> <span class='ocrx_word' id='word_1_282' title='bbox 982 3937 1307 4006; x_wconf 68' lang='lat' dir='ltr'><strong>prieterisse.</strong></span> <span class='ocrx_word' id='word_1_283' title='bbox 1359 3937 1614 3992; x_wconf 87' lang='lat' dir='ltr'><strong>Decursis</strong></span> <span class='ocrx_word' id='word_1_284' title='bbox 1670 3938 1829 4009; x_wconf 87' lang='lat' dir='ltr'><strong>plane</strong></span> <span class='ocrx_word' id='word_1_285' title='bbox 1876 3940 2115 4011; x_wconf 88' lang='lat' dir='ltr'><strong>quinque</strong></span> 
     </span>
    </p>
   </div>
   <div class='ocr_carea' id='block_1_44' title="bbox 530 4023 2112 4097">
    <p class='ocr_par' dir='ltr' id='par_1_44' title="bbox 530 4023 2112 4097">
     <span class='ocr_line' id='line_1_44' title="bbox 530 4023 2112 4097; baseline 0.004 -17"><span class='ocrx_word' id='word_1_286' title='bbox 530 4023 772 4093; x_wconf 84' lang='lat' dir='ltr'><strong>psalmis,</strong></span> <span class='ocrx_word' id='word_1_287' title='bbox 802 4026 1048 4095; x_wconf 88' lang='lat' dir='ltr'><strong>protinus</strong></span> <span class='ocrx_word' id='word_1_288' title='bbox 1078 4027 1412 4082; x_wconf 85' lang='lat' dir='ltr'><strong>subiufertur</strong></span> <span class='ocrx_word' id='word_1_289' title='bbox 1442 4046 1452 4083; x_wconf 87' lang='lat'><strong>:</strong></span> <span class='ocrx_word' id='word_1_290' title='bbox 1489 4028 1672 4084; x_wconf 81' lang='lat' dir='ltr'><strong>Gloria</strong></span> <span class='ocrx_word' id='word_1_291' title='bbox 1719 4032 1833 4097; x_wconf 82' lang='lat' dir='ltr'><strong>tibi,</strong></span> <span class='ocrx_word' id='word_1_292' title='bbox 1862 4031 2112 4095; x_wconf 78' lang='lat' dir='ltr'><strong>Trinitas,</strong></span> 
     </span>
    </p>
   </div>
   <div class='ocr_carea' id='block_1_45' title="bbox 532 4115 2116 4187">
    <p class='ocr_par' dir='ltr' id='par_1_45' title="bbox 532 4115 2116 4187">
     <span class='ocr_line' id='line_1_45' title="bbox 532 4115 2116 4187; baseline 0.004 -17"><span class='ocrx_word' id='word_1_293' title='bbox 532 4115 751 4187; x_wconf 63' lang='lat' dir='ltr'><strong>a’qualis</strong></span> <span class='ocrx_word' id='word_1_294' title='bbox 782 4132 887 4170; x_wconf 88' lang='lat' dir='ltr'><strong>una</strong></span> <span class='ocrx_word' id='word_1_295' title='bbox 941 4117 1143 4183; x_wconf 85' lang='lat' dir='ltr'><strong>Deitas,</strong></span> <span class='ocrx_word' id='word_1_296' title='bbox 1180 4128 1227 4172; x_wconf 83' lang='lat' dir='ltr'><strong>et</strong></span> <span class='ocrx_word' id='word_1_297' title='bbox 1258 4128 1378 4174; x_wconf 86' lang='lat' dir='ltr'><strong>ante</strong></span> <span class='ocrx_word' id='word_1_298' title='bbox 1407 4135 1556 4174; x_wconf 90' lang='lat' dir='ltr'><strong>omne</strong></span> <span class='ocrx_word' id='word_1_299' title='bbox 1601 4121 1873 4187; x_wconf 68' lang='lat' dir='ltr'><strong>saeculum,</strong></span> <span class='ocrx_word' id='word_1_300' title='bbox 1901 4133 1947 4176; x_wconf 84' lang='lat' dir='ltr'><strong>et</strong></span> <span class='ocrx_word' id='word_1_301' title='bbox 1977 4140 2116 4177; x_wconf 79' lang='lat' dir='ltr'><strong>nunc</strong></span> 
     </span>
    </p>
   </div>
   <div class='ocr_carea' id='block_1_46' title="bbox 530 4208 2114 4280">
    <p class='ocr_par' dir='ltr' id='par_1_46' title="bbox 530 4208 2114 4280">
     <span class='ocr_line' id='line_1_46' title="bbox 530 4208 2114 4280; baseline 0.003 -17"><span class='ocrx_word' id='word_1_302' title='bbox 530 4218 579 4263; x_wconf 71' lang='lat' dir='ltr'><strong>et</strong></span> <span class='ocrx_word' id='word_1_303' title='bbox 611 4208 663 4261; x_wconf 87' lang='lat' dir='ltr'><strong>in</strong></span> <span class='ocrx_word' id='word_1_304' title='bbox 701 4218 1022 4277; x_wconf 78' lang='lat' dir='ltr'><strong>perpetuum.</strong></span> <span class='ocrx_word' id='word_1_305' title='bbox 1059 4208 1222 4263; x_wconf 84' lang='lat' dir='ltr'><strong>Orate</strong></span> <span class='ocrx_word' id='word_1_306' title='bbox 1252 4226 1347 4280; x_wconf 83' lang='lat' dir='ltr'><strong>pro</strong></span> <span class='ocrx_word' id='word_1_307' title='bbox 1393 4211 1564 4277; x_wconf 85' lang='lat' dir='ltr'><strong>nobis,</strong></span> <span class='ocrx_word' id='word_1_308' title='bbox 1596 4229 1771 4267; x_wconf 82' lang='lat' dir='ltr'><strong>omnes</strong></span> <span class='ocrx_word' id='word_1_309' title='bbox 1794 4216 1965 4267; x_wconf 83' lang='lat' dir='ltr'><strong>sancti</strong></span> <span class='ocrx_word' id='word_1_310' title='bbox 1997 4214 2114 4279; x_wconf 80' lang='lat' dir='ltr'><strong>Dei,</strong></span> 
     </span>
    </p>
   </div>
   <div class='ocr_carea' id='block_1_47' title="bbox 532 4296 2114 4369">
    <p class='ocr_par' dir='ltr' id='par_1_47' title="bbox 532 4296 2114 4369">
     <span class='ocr_line' id='line_1_47' title="bbox 532 4296 2114 4369; baseline 0.005 -20"><span class='ocrx_word' id='word_1_311' title='bbox 532 4308 587 4350; x_wconf 81' lang='lat' dir='ltr'><strong>ut</strong></span> <span class='ocrx_word' id='word_1_312' title='bbox 613 4296 760 4367; x_wconf 82' lang='lat' dir='ltr'><strong>digni</strong></span> <span class='ocrx_word' id='word_1_313' title='bbox 786 4298 1073 4368; x_wconf 65' lang='lat' dir='ltr'><strong>efﬁciamur</strong></span> <span class='ocrx_word' id='word_1_314' title='bbox 1111 4301 1544 4369; x_wconf 59' lang='lat' dir='ltr'><strong>promiesionibus</strong></span> <span class='ocrx_word' id='word_1_315' title='bbox 1584 4302 1795 4356; x_wconf 79' lang='lat' dir='ltr'><strong>Domini</strong></span> <span class='ocrx_word' id='word_1_316' title='bbox 1824 4300 1922 4357; x_wconf 82' lang='lat' dir='ltr'><strong>Dei</strong></span> <span class='ocrx_word' id='word_1_317' title='bbox 1950 4305 2114 4357; x_wconf 86' lang='lat' dir='ltr'><strong>nostri</strong></span> 
     </span>
    </p>
   </div>
   <div class='ocr_carea' id='block_1_48' title="bbox 533 4389 2113 4464">
    <p class='ocr_par' dir='ltr' id='par_1_48' title="bbox 533 4389 2113 4464">
     <span class='ocr_line' id='line_1_48' title="bbox 533 4389 2113 4464; baseline 0.004 -21"><span class='ocrx_word' id='word_1_318' title='bbox 533 4389 665 4443; x_wconf 85' lang='lat' dir='ltr'><strong>Jesu</strong></span> <span class='ocrx_word' id='word_1_319' title='bbox 686 4389 899 4444; x_wconf 79' lang='lat' dir='ltr'><strong>Christi.</strong></span> <span class='ocrx_word' id='word_1_320' title='bbox 933 4389 1094 4446; x_wconf 83' lang='lat' dir='ltr'><strong>Pater</strong></span> <span class='ocrx_word' id='word_1_321' title='bbox 1125 4402 1318 4446; x_wconf 87' lang='lat' dir='ltr'><strong>noster.</strong></span> <span class='ocrx_word' id='word_1_322' title='bbox 1359 4392 1454 4447; x_wconf 78' lang='lat' dir='ltr'><strong>llis</strong></span> <span class='ocrx_word' id='word_1_323' title='bbox 1501 4394 1746 4464; x_wconf 83' lang='lat' dir='ltr'><strong>expletis,</strong></span> <span class='ocrx_word' id='word_1_324' title='bbox 1775 4410 1896 4449; x_wconf 84' lang='lat' dir='ltr'><strong>mox</strong></span> <span class='ocrx_word' id='word_1_325' title='bbox 1929 4395 2113 4450; x_wconf 79' lang='lat' dir='ltr'><strong>subdi-</strong></span> 
     </span>
    </p>
   </div>
   <div class='ocr_carea' id='block_1_49' title="bbox 537 4481 2192 4568">
    <p class='ocr_par' dir='ltr' id='par_1_49' title="bbox 537 4481 2192 4568">
     <span class='ocr_line' id='line_1_49' title="bbox 537 4481 2192 4568; baseline 0.005 -37"><span class='ocrx_word' id='word_1_326' title='bbox 537 4491 667 4534; x_wconf 88' lang='lat' dir='ltr'><strong>tur:</strong></span> <span class='ocrx_word' id='word_1_327' title='bbox 705 4499 722 4531; x_wconf 88' lang='grc'>‹</span> <span class='ocrx_word' id='word_1_328' title='bbox 761 4481 1099 4549; x_wconf 83' lang='lat' dir='ltr'><strong>Adjutorium</strong></span> <span class='ocrx_word' id='word_1_329' title='bbox 1151 4493 1394 4537; x_wconf 83' lang='lat' dir='ltr'><strong>nostrum</strong></span> <span class='ocrx_word' id='word_1_330' title='bbox 1443 4485 1727 4540; x_wconf 90' lang='lat' dir='ltr'><strong>innomine</strong></span> <span class='ocrx_word' id='word_1_331' title='bbox 1755 4486 1988 4550; x_wconf 84' lang='lat' dir='ltr'><strong>Domini,</strong></span> <span class='ocrx_word' id='word_1_332' title='bbox 2021 4487 2112 4557; x_wconf 90' lang='lat' dir='ltr'><strong>qui</strong></span> <span class='ocrx_word' id='word_1_333' title='bbox 2146 4511 2192 4568; x_wconf 78' lang='grc' dir='ltr'>υ</span> 
     </span>
    </p>
   </div>
   <div class='ocr_carea' id='block_1_50' title="bbox 536 4572 2114 4648">
    <p class='ocr_par' dir='ltr' id='par_1_50' title="bbox 536 4572 2114 4648">
     <span class='ocr_line' id='line_1_50' title="bbox 536 4572 2114 4648; baseline 0.006 -24"><span class='ocrx_word' id='word_1_334' title='bbox 536 4572 667 4627; x_wconf 82' lang='lat' dir='ltr'><strong>fecit</strong></span> <span class='ocrx_word' id='word_1_335' title='bbox 696 4573 889 4626; x_wconf 77' lang='lat' dir='ltr'><strong>cmlum</strong></span> <span class='ocrx_word' id='word_1_336' title='bbox 938 4583 992 4628; x_wconf 89' lang='lat' dir='ltr'><strong>et</strong></span> <span class='ocrx_word' id='word_1_337' title='bbox 1038 4584 1236 4629; x_wconf 88' lang='lat' dir='ltr'><strong>terram</strong></span> <span class='ocrx_word' id='word_1_338' title='bbox 1268 4573 1440 4639; x_wconf 78' lang='lat' dir='ltr'><strong>(Psal.</strong></span> <span class='ocrx_word' id='word_1_339' title='bbox 1470 4577 1683 4648; x_wconf 78' lang='lat' dir='ltr'><strong>cxxm).</strong></span> <span class='ocrx_word' id='word_1_340' title='bbox 1724 4599 1742 4631; x_wconf 70' lang='grc' dir='ltr'><strong><em>ι</em></strong></span> <span class='ocrx_word' id='word_1_341' title='bbox 1776 4578 1840 4632; x_wconf 88' lang='lat' dir='ltr'><strong>Et</strong></span> <span class='ocrx_word' id='word_1_342' title='bbox 1887 4578 2114 4633; x_wconf 84' lang='lat' dir='ltr'><strong>evolutis</strong></span> 
     </span>
    </p>
   </div>
   <div class='ocr_carea' id='block_1_51' title="bbox 538 4663 2112 4737">
    <p class='ocr_par' dir='ltr' id='par_1_51' title="bbox 538 4663 2112 4737">
     <span class='ocr_line' id='line_1_51' title="bbox 538 4663 2112 4737; baseline 0.006 -22"><span class='ocrx_word' id='word_1_343' title='bbox 538 4663 659 4718; x_wconf 84' lang='lat' dir='ltr'><strong>aliis</strong></span> <span class='ocrx_word' id='word_1_344' title='bbox 689 4664 924 4733; x_wconf 87' lang='lat' dir='ltr'><strong>quinque</strong></span> <span class='ocrx_word' id='word_1_345' title='bbox 984 4665 1221 4737; x_wconf 86' lang='lat' dir='ltr'><strong>psalmis,</strong></span> <span class='ocrx_word' id='word_1_346' title='bbox 1263 4675 1390 4721; x_wconf 90' lang='lat' dir='ltr'><strong>tunc</strong></span> <span class='ocrx_word' id='word_1_347' title='bbox 1443 4667 1640 4722; x_wconf 87' lang='lat' dir='ltr'><strong>dicitur</strong></span> <span class='ocrx_word' id='word_1_348' title='bbox 1668 4687 1680 4722; x_wconf 90' lang='lat'><strong>:</strong></span> <span class='ocrx_word' id='word_1_349' title='bbox 1715 4668 1784 4722; x_wconf 89' lang='lat' dir='ltr'><strong>Te</strong></span> <span class='ocrx_word' id='word_1_350' title='bbox 1813 4669 1976 4723; x_wconf 86' lang='lat' dir='ltr'><strong>Deum</strong></span> <span class='ocrx_word' id='word_1_351' title='bbox 2002 4667 2112 4724; x_wconf 85' lang='lat' dir='ltr'><strong>Pa-</strong></span> 
     </span>
    </p>
   </div>
   <div class='ocr_carea' id='block_1_52' title="bbox 538 4754 2115 4830">
    <p class='ocr_par' dir='ltr' id='par_1_52' title="bbox 538 4754 2115 4830">
     <span class='ocr_line' id='line_1_52' title="bbox 538 4754 2115 4830; baseline 0.003 -19"><span class='ocrx_word' id='word_1_352' title='bbox 538 4767 667 4811; x_wconf 82' lang='lat' dir='ltr'><strong>trem</strong></span> <span class='ocrx_word' id='word_1_353' title='bbox 690 4756 997 4827; x_wconf 79' lang='lat' dir='ltr'><strong>ingenitum,</strong></span> <span class='ocrx_word' id='word_1_354' title='bbox 1021 4766 1069 4810; x_wconf 84' lang='lat' dir='ltr'><strong>te</strong></span> <span class='ocrx_word' id='word_1_355' title='bbox 1094 4754 1349 4827; x_wconf 82' lang='lat' dir='ltr'><strong>Spiritum</strong></span> <span class='ocrx_word' id='word_1_356' title='bbox 1364 4769 1598 4812; x_wconf 76' lang='lat' dir='ltr'><strong>sanctum</strong></span> <span class='ocrx_word' id='word_1_357' title='bbox 1625 4761 1969 4830; x_wconf 81' lang='lat' dir='ltr'><strong>paracletum,</strong></span> <span class='ocrx_word' id='word_1_358' title='bbox 1992 4779 2115 4815; x_wconf 87' lang='lat' dir='ltr'><strong>san-</strong></span> 
     </span>
    </p>
   </div>
   <div class='ocr_carea' id='block_1_53' title="bbox 538 4846 2115 4911">
    <p class='ocr_par' dir='ltr' id='par_1_53' title="bbox 538 4846 2115 4911">
     <span class='ocr_line' id='line_1_53' title="bbox 538 4846 2115 4911; baseline 0.004 -12"><span class='ocrx_word' id='word_1_359' title='bbox 538 4855 675 4900; x_wconf 83' lang='lat' dir='ltr'><strong>ctam</strong></span> <span class='ocrx_word' id='word_1_360' title='bbox 720 4856 766 4899; x_wconf 87' lang='lat' dir='ltr'><strong>et</strong></span> <span class='ocrx_word' id='word_1_361' title='bbox 817 4846 1141 4900; x_wconf 83' lang='lat' dir='ltr'><strong>individuam</strong></span> <span class='ocrx_word' id='word_1_362' title='bbox 1187 4846 1523 4911; x_wconf 84' lang='lat' dir='ltr'><strong>Trinitatem,</strong></span> <span class='ocrx_word' id='word_1_363' title='bbox 1566 4859 1673 4903; x_wconf 84' lang='lat' dir='ltr'><strong>toto</strong></span> <span class='ocrx_word' id='word_1_364' title='bbox 1716 4852 1871 4906; x_wconf 82' lang='lat' dir='ltr'><strong>corde</strong></span> <span class='ocrx_word' id='word_1_365' title='bbox 1927 4862 1975 4906; x_wconf 86' lang='lat' dir='ltr'><strong>et</strong></span> <span class='ocrx_word' id='word_1_366' title='bbox 2026 4869 2115 4906; x_wconf 87' lang='lat' dir='ltr'><strong>ore</strong></span> 
     </span>
    </p>
   </div>
   <div class='ocr_carea' id='block_1_54' title="bbox 539 4937 2115 5013">
    <p class='ocr_par' dir='ltr' id='par_1_54' title="bbox 539 4937 2115 5013">
     <span class='ocr_line' id='line_1_54' title="bbox 539 4937 2115 5013; baseline 0.003 -20"><span class='ocrx_word' id='word_1_367' title='bbox 539 4938 866 5008; x_wconf 75' lang='lat' dir='ltr'><strong>conﬁtentur,</strong></span> <span class='ocrx_word' id='word_1_368' title='bbox 915 4937 1216 5003; x_wconf 83' lang='lat' dir='ltr'><strong>laudamus,</strong></span> <span class='ocrx_word' id='word_1_369' title='bbox 1247 4949 1398 5008; x_wconf 80' lang='lat' dir='ltr'><strong>atque</strong></span> <span class='ocrx_word' id='word_1_370' title='bbox 1440 4939 1806 5008; x_wconf 84' lang='lat' dir='ltr'><strong>benedicimus,</strong></span> <span class='ocrx_word' id='word_1_371' title='bbox 1835 4944 1925 4997; x_wconf 88' lang='lat' dir='ltr'><strong>tibi</strong></span> <span class='ocrx_word' id='word_1_372' title='bbox 1948 4944 2115 5013; x_wconf 78' lang='lat' dir='ltr'><strong>gloria</strong></span> 
     </span>
    </p>
   </div>
   <div class='ocr_carea' id='block_1_55' title="bbox 540 5027 2115 5100">
    <p class='ocr_par' dir='ltr' id='par_1_55' title="bbox 540 5027 2115 5100">
     <span class='ocr_line' id='line_1_55' title="bbox 540 5027 2115 5100; baseline 0.003 -19"><span class='ocrx_word' id='word_1_373' title='bbox 540 5027 595 5081; x_wconf 85' lang='lat' dir='ltr'><strong>in</strong></span> <span class='ocrx_word' id='word_1_374' title='bbox 623 5027 838 5081; x_wconf 75' lang='lat' dir='ltr'><strong>sa&#39;cula.</strong></span> <span class='ocrx_word' id='word_1_375' title='bbox 889 5028 1075 5082; x_wconf 80' lang='lat' dir='ltr'><strong>Amen.</strong></span> <span class='ocrx_word' id='word_1_376' title='bbox 1128 5048 1147 5079; x_wconf 70' lang='grc' dir='ltr'><strong><em>ο</em></strong></span> <span class='ocrx_word' id='word_1_377' title='bbox 1188 5028 1434 5083; x_wconf 74' lang='grc' dir='ltr'><strong>ιῡοηιίιιθ</strong></span> <span class='ocrx_word' id='word_1_378' title='bbox 1487 5030 1645 5094; x_wconf 84' lang='lat' dir='ltr'><strong>Deus,</strong></span> <span class='ocrx_word' id='word_1_379' title='bbox 1682 5032 1733 5085; x_wconf 93' lang='lat' dir='ltr'><strong>in</strong></span> <span class='ocrx_word' id='word_1_380' title='bbox 1772 5030 2115 5100; x_wconf 78' lang='lat' dir='ltr'><strong>’adjutorium</strong></span> 
     </span>
    </p>
   </div>
   <div class='ocr_carea' id='block_1_56' title="bbox 541 5117 2115 5190">
    <p class='ocr_par' dir='ltr' id='par_1_56' title="bbox 541 5117 2115 5190">
     <span class='ocr_line' id='line_1_56' title="bbox 541 5117 2115 5190; baseline 0.002 -19"><span class='ocrx_word' id='word_1_381' title='bbox 541 5131 719 5172; x_wconf 82' lang='lat' dir='ltr'><strong>meum</strong></span> <span class='ocrx_word' id='word_1_382' title='bbox 752 5117 985 5181; x_wconf 85' lang='lat' dir='ltr'><strong>intenoe,</strong></span> <span class='ocrx_word' id='word_1_383' title='bbox 1017 5117 1265 5186; x_wconf 82' lang='lat' dir='ltr'><strong>Domine,</strong></span> <span class='ocrx_word' id='word_1_384' title='bbox 1304 5118 1370 5173; x_wconf 85' lang='lat' dir='ltr'><strong>ad</strong></span> <span class='ocrx_word' id='word_1_385' title='bbox 1402 5117 1761 5190; x_wconf 69' lang='lat' dir='ltr'><strong>adiuvandum</strong></span> <span class='ocrx_word' id='word_1_386' title='bbox 1795 5136 1879 5174; x_wconf 88' lang='lat' dir='ltr'><strong>me</strong></span> <span class='ocrx_word' id='word_1_387' title='bbox 1903 5120 2115 5175; x_wconf 84' lang='lat' dir='ltr'><strong>festina.</strong></span> 
     </span>
    </p>
   </div>
   <div class='ocr_carea' id='block_1_57' title="bbox 541 5207 2115 5282">
    <p class='ocr_par' dir='ltr' id='par_1_57' title="bbox 541 5207 2115 5282">
     <span class='ocr_line' id='line_1_57' title="bbox 541 5207 2115 5282; baseline 0.001 -17"><span class='ocrx_word' id='word_1_388' title='bbox 541 5207 974 5273; x_wconf 77' lang='lat' dir='ltr'><strong>Coufundantur,</strong></span> <span class='ocrx_word' id='word_1_389' title='bbox 996 5219 1049 5264; x_wconf 89' lang='lat' dir='ltr'><strong>et</strong></span> <span class='ocrx_word' id='word_1_390' title='bbox 1079 5221 1435 5266; x_wconf 86' lang='lat' dir='ltr'><strong>revereantur</strong></span> <span class='ocrx_word' id='word_1_391' title='bbox 1456 5212 1658 5267; x_wconf 89' lang='lat' dir='ltr'><strong>inimici</strong></span> <span class='ocrx_word' id='word_1_392' title='bbox 1699 5212 1823 5277; x_wconf 88' lang='lat' dir='ltr'><strong>mei,</strong></span> <span class='ocrx_word' id='word_1_393' title='bbox 1855 5213 1945 5281; x_wconf 90' lang='lat' dir='ltr'><strong>qui</strong></span> <span class='ocrx_word' id='word_1_394' title='bbox 1969 5228 2115 5282; x_wconf 65' lang='lat' dir='ltr'><strong>quae-</strong></span> 
     </span>
    </p>
   </div>
   <div class='ocr_carea' id='block_1_58' title="bbox 543 5288 2122 5374">
    <p class='ocr_par' dir='ltr' id='par_1_58' title="bbox 543 5288 2122 5374">
     <span class='ocr_line' id='line_1_58' title="bbox 543 5288 2122 5374; baseline 0.001 -19"><span class='ocrx_word' id='word_1_395' title='bbox 543 5288 669 5356; x_wconf 77' lang='lat' dir='ltr'><strong>runt</strong></span> <span class='ocrx_word' id='word_1_396' title='bbox 714 5301 949 5356; x_wconf 83' lang='lat' dir='ltr'><strong>animam</strong></span> <span class='ocrx_word' id='word_1_397' title='bbox 1026 5317 1218 5357; x_wconf 87' lang='lat' dir='ltr'><strong>meam.</strong></span> <span class='ocrx_word' id='word_1_398' title='bbox 1276 5302 1505 5374; x_wconf 81' lang='lat' dir='ltr'><strong>Adjutor</strong></span> <span class='ocrx_word' id='word_1_399' title='bbox 1552 5317 1723 5368; x_wconf 87' lang='lat' dir='ltr'><strong>meus,</strong></span> <span class='ocrx_word' id='word_1_400' title='bbox 1764 5312 1818 5357; x_wconf 92' lang='lat' dir='ltr'><strong>et</strong></span> <span class='ocrx_word' id='word_1_401' title='bbox 1866 5302 2122 5358; x_wconf 87' lang='lat' dir='ltr'><strong>liberator</strong></span> 
     </span>
    </p>
   </div>
   <div class='ocr_carea' id='block_1_59' title="bbox 458 5375 2116 5465">
    <p class='ocr_par' dir='ltr' id='par_1_59' title="bbox 458 5375 2116 5465">
     <span class='ocr_line' id='line_1_59' title="bbox 458 5375 2116 5465; baseline -0.002 -19"><span class='ocrx_word' id='word_1_402' title='bbox 458 5375 468 5383; x_wconf 60' lang='grc'><em>’</em></span> <span class='ocrx_word' id='word_1_403' title='bbox 510 5405 698 5464; x_wconf 40' lang='grc' dir='ltr'><strong>,ηιθυε</strong></span> <span class='ocrx_word' id='word_1_404' title='bbox 750 5400 889 5456; x_wconf 86' lang='lat' dir='ltr'><strong>esto,</strong></span> <span class='ocrx_word' id='word_1_405' title='bbox 918 5391 1157 5458; x_wconf 85' lang='lat' dir='ltr'><strong>Domine,</strong></span> <span class='ocrx_word' id='word_1_406' title='bbox 1192 5405 1257 5446; x_wconf 92' lang='lat' dir='ltr'><strong>ne</strong></span> <span class='ocrx_word' id='word_1_407' title='bbox 1307 5391 1606 5447; x_wconf 87' lang='lat' dir='ltr'><strong>tardaveris</strong></span> <span class='ocrx_word' id='word_1_408' title='bbox 1659 5390 1831 5465; x_wconf 86' lang='lat' dir='ltr'><strong>(Psal.</strong></span> <span class='ocrx_word' id='word_1_409' title='bbox 1887 5392 2056 5461; x_wconf 78' lang='lat' dir='ltr'><strong>uix).</strong></span> <span class='ocrx_word' id='word_1_410' title='bbox 2099 5412 2116 5442; x_wconf 74' lang='grc' dir='ltr'>ι</span> 
     </span>
    </p>
   </div>
   <div class='ocr_carea' id='block_1_60' title="bbox 546 5481 2122 5562">
    <p class='ocr_par' dir='ltr' id='par_1_60' title="bbox 546 5481 2122 5562">
     <span class='ocr_line' id='line_1_60' title="bbox 546 5481 2122 5562; baseline -0.001 -24"><span class='ocrx_word' id='word_1_411' title='bbox 546 5482 730 5538; x_wconf 71' lang='lat' dir='ltr'><strong>Gloria</strong></span> <span class='ocrx_word' id='word_1_412' title='bbox 746 5481 918 5547; x_wconf 75' lang='lat' dir='ltr'><strong>Patri,</strong></span> <span class='ocrx_word' id='word_1_413' title='bbox 933 5494 981 5537; x_wconf 88' lang='lat' dir='ltr'><strong>et</strong></span> <span class='ocrx_word' id='word_1_414' title='bbox 999 5482 1158 5562; x_wconf 62' lang='lat' dir='ltr'><strong>Filio,</strong></span> <span class='ocrx_word' id='word_1_415' title='bbox 1175 5494 1221 5540; x_wconf 89' lang='lat' dir='ltr'><strong>et</strong></span> <span class='ocrx_word' id='word_1_416' title='bbox 1251 5483 1473 5554; x_wconf 82' lang='lat' dir='ltr'><strong>Spiritui</strong></span> <span class='ocrx_word' id='word_1_417' title='bbox 1488 5494 1689 5539; x_wconf 84' lang='lat' dir='ltr'><strong>sancto.</strong></span> <span class='ocrx_word' id='word_1_418' title='bbox 1706 5483 1991 5562; x_wconf 70' lang='lat' dir='ltr'><strong>Quoﬁuito</strong></span> <span class='ocrx_word' id='word_1_419' title='bbox 2005 5499 2122 5536; x_wconf 89' lang='lat' dir='ltr'><strong>rur-</strong></span> 
     </span>
    </p>
   </div>
   <div class='ocr_carea' id='block_1_61' title="bbox 544 5558 2117 5646">
    <p class='ocr_par' dir='ltr' id='par_1_61' title="bbox 544 5558 2117 5646">
     <span class='ocr_line' id='line_1_61' title="bbox 544 5558 2117 5646; baseline -0.003 -14"><span class='ocrx_word' id='word_1_420' title='bbox 544 5590 636 5632; x_wconf 87' lang='lat' dir='ltr'><strong>sus</strong></span> <span class='ocrx_word' id='word_1_421' title='bbox 664 5573 864 5630; x_wconf 89' lang='lat' dir='ltr'><strong>dicitur</strong></span> <span class='ocrx_word' id='word_1_422' title='bbox 892 5594 903 5628; x_wconf 92' lang='lat'>:</span> <span class='ocrx_word' id='word_1_423' title='bbox 941 5558 1274 5646; x_wconf 79' lang='lat' dir='ltr'><strong>Adjutorium</strong></span> <span class='ocrx_word' id='word_1_424' title='bbox 1302 5585 1534 5630; x_wconf 86' lang='lat' dir='ltr'><strong>nostrum</strong></span> <span class='ocrx_word' id='word_1_425' title='bbox 1560 5576 1613 5628; x_wconf 88' lang='lat' dir='ltr'><strong>in</strong></span> <span class='ocrx_word' id='word_1_426' title='bbox 1644 5558 1849 5630; x_wconf 76' lang='lat' dir='ltr'><strong>nomine</strong></span> <span class='ocrx_word' id='word_1_427' title='bbox 1892 5574 2117 5628; x_wconf 86' lang='lat' dir='ltr'><strong>Domini.</strong></span> 
     </span>
    </p>
   </div>
   <div class='ocr_carea' id='block_1_62' title="bbox 545 5664 2121 5740">
    <p class='ocr_par' dir='ltr' id='par_1_62' title="bbox 545 5664 2121 5740">
     <span class='ocr_line' id='line_1_62' title="bbox 545 5664 2121 5740; baseline 0 -21"><span class='ocrx_word' id='word_1_428' title='bbox 545 5664 712 5740; x_wconf 74' lang='lat'><strong>338</strong></span> <span class='ocrx_word' id='word_1_429' title='bbox 732 5665 856 5722; x_wconf 67' lang='lat' dir='ltr'><strong>Haec</strong></span> <span class='ocrx_word' id='word_1_430' title='bbox 881 5666 1043 5736; x_wconf 82' lang='lat' dir='ltr'><strong>igitur</strong></span> <span class='ocrx_word' id='word_1_431' title='bbox 1066 5683 1161 5738; x_wconf 89' lang='lat' dir='ltr'><strong>per</strong></span> <span class='ocrx_word' id='word_1_432' title='bbox 1184 5667 1522 5738; x_wconf 90' lang='lat' dir='ltr'><strong>quinquenos</strong></span> <span class='ocrx_word' id='word_1_433' title='bbox 1553 5664 1787 5737; x_wconf 88' lang='lat' dir='ltr'><strong>psalmos</strong></span> <span class='ocrx_word' id='word_1_434' title='bbox 1815 5666 2121 5722; x_wconf 88' lang='lat' dir='ltr'><strong>alternatim</strong></span> 
     </span>
    </p>
   </div>
   <div class='ocr_carea' id='block_1_63' title="bbox 553 5755 2122 5828">
    <p class='ocr_par' dir='ltr' id='par_1_63' title="bbox 553 5755 2122 5828">
     <span class='ocr_line' id='line_1_63' title="bbox 553 5755 2122 5828; baseline -0.001 -16"><span class='ocrx_word' id='word_1_435' title='bbox 553 5771 767 5828; x_wconf 81' lang='lat' dir='ltr'><strong>semper</strong></span> <span class='ocrx_word' id='word_1_436' title='bbox 785 5757 1076 5827; x_wconf 90' lang='lat' dir='ltr'><strong>adduntur,</strong></span> <span class='ocrx_word' id='word_1_437' title='bbox 1092 5759 1258 5814; x_wconf 85' lang='lat' dir='ltr'><strong>donec</strong></span> <span class='ocrx_word' id='word_1_438' title='bbox 1279 5755 1596 5814; x_wconf 71' lang='lat' dir='ltr'><strong>Psalterium</strong></span> <span class='ocrx_word' id='word_1_439' title='bbox 1619 5773 1739 5815; x_wconf 89' lang='lat' dir='ltr'><strong>cum</strong></span> <span class='ocrx_word' id='word_1_440' title='bbox 1758 5757 1928 5815; x_wconf 89' lang='lat' dir='ltr'><strong>tribus</strong></span> <span class='ocrx_word' id='word_1_441' title='bbox 1942 5757 2122 5813; x_wconf 89' lang='lat' dir='ltr'><strong>Domi-</strong></span> 
     </span>
    </p>
   </div>
   <div class='ocr_carea' id='block_1_64' title="bbox 2207 561 3781 640">
    <p class='ocr_par' dir='ltr' id='par_1_64' title="bbox 2207 561 3781 640">
     <span class='ocr_line' id='line_1_64' title="bbox 2207 561 3781 640; baseline 0.004 -26"><span class='ocrx_word' id='word_1_442' title='bbox 2207 561 2435 640; x_wconf 84' lang='lat' dir='ltr'><strong>pleatur.</strong></span> <span class='ocrx_word' id='word_1_443' title='bbox 2471 561 2564 616; x_wconf 86' lang='lat' dir='ltr'><strong>His</strong></span> <span class='ocrx_word' id='word_1_444' title='bbox 2589 562 2754 617; x_wconf 88' lang='lat' dir='ltr'><strong>etiam</strong></span> <span class='ocrx_word' id='word_1_445' title='bbox 2785 578 2890 618; x_wconf 93' lang='lat' dir='ltr'><strong>non</strong></span> <span class='ocrx_word' id='word_1_446' title='bbox 2939 563 3220 631; x_wconf 80' lang='lat' dir='ltr'><strong>neglectis,</strong></span> <span class='ocrx_word' id='word_1_447' title='bbox 3249 578 3370 634; x_wconf 66' lang='lat' dir='ltr'><strong>qua:</strong></span> <span class='ocrx_word' id='word_1_448' title='bbox 3398 565 3450 621; x_wconf 91' lang='lat' dir='ltr'><strong>in</strong></span> <span class='ocrx_word' id='word_1_449' title='bbox 3480 565 3585 621; x_wconf 84' lang='lat' dir='ltr'><strong>line</strong></span> <span class='ocrx_word' id='word_1_450' title='bbox 3624 566 3781 621; x_wconf 83' lang='lat' dir='ltr'><strong>Psal-</strong></span> 
     </span>
    </p>
   </div>
   <div class='ocr_carea' id='block_1_65' title="bbox 2208 652 3782 724">
    <p class='ocr_par' dir='ltr' id='par_1_65' title="bbox 2208 652 3782 724">
     <span class='ocr_line' id='line_1_65' title="bbox 2208 652 3782 724; baseline 0.004 -19"><span class='ocrx_word' id='word_1_451' title='bbox 2208 652 2327 707; x_wconf 88' lang='lat' dir='ltr'><strong>terii</strong></span> <span class='ocrx_word' id='word_1_452' title='bbox 2354 653 2604 708; x_wconf 89' lang='lat' dir='ltr'><strong>videntur</strong></span> <span class='ocrx_word' id='word_1_453' title='bbox 2623 654 2851 724; x_wconf 89' lang='lat' dir='ltr'><strong>adjecta,</strong></span> <span class='ocrx_word' id='word_1_454' title='bbox 2877 654 3157 720; x_wconf 85' lang='lat' dir='ltr'><strong>videlicet,</strong></span> <span class='ocrx_word' id='word_1_455' title='bbox 3184 653 3254 709; x_wconf 82' lang='lat' dir='ltr'><strong>Te</strong></span> <span class='ocrx_word' id='word_1_456' title='bbox 3273 655 3440 709; x_wconf 84' lang='lat' dir='ltr'><strong>Deum</strong></span> <span class='ocrx_word' id='word_1_457' title='bbox 3466 656 3782 720; x_wconf 85' lang='lat' dir='ltr'><strong>laudamus;</strong></span> 
     </span>
    </p>
   </div>
   <div class='ocr_carea' id='block_1_66' title="bbox 2209 743 3785 818">
    <p class='ocr_par' dir='ltr' id='par_1_66' title="bbox 2209 743 3785 818">
     <span class='ocr_line' id='line_1_66' title="bbox 2209 743 3785 818; baseline 0.003 -20"><span class='ocrx_word' id='word_1_458' title='bbox 2209 743 2370 798; x_wconf 86' lang='lat' dir='ltr'><strong>Nunc</strong></span> <span class='ocrx_word' id='word_1_459' title='bbox 2397 744 2616 800; x_wconf 75' lang='lat' dir='ltr'><strong>dimittis</strong></span> <span class='ocrx_word' id='word_1_460' title='bbox 2635 787 2650 810; x_wconf 94' lang='lat'><strong>,</strong></span> <span class='ocrx_word' id='word_1_461' title='bbox 2678 745 2917 812; x_wconf 83' lang='lat' dir='ltr'><strong>Domine,</strong></span> <span class='ocrx_word' id='word_1_462' title='bbox 2943 762 3148 800; x_wconf 76' lang='lat' dir='ltr'><strong>servum</strong></span> <span class='ocrx_word' id='word_1_463' title='bbox 3172 756 3360 811; x_wconf 83' lang='lat' dir='ltr'><strong>tuum;</strong></span> <span class='ocrx_word' id='word_1_464' title='bbox 3401 746 3609 803; x_wconf 89' lang='lat' dir='ltr'><strong>duobus</strong></span> <span class='ocrx_word' id='word_1_465' title='bbox 3633 763 3785 818; x_wconf 84' lang='lat' dir='ltr'><strong>sym-</strong></span> 
     </span>
    </p>
   </div>
   <div class='ocr_carea' id='block_1_67' title="bbox 2208 836 3791 904">
    <p class='ocr_par' dir='ltr' id='par_1_67' title="bbox 2208 836 3791 904">
     <span class='ocr_line' id='line_1_67' title="bbox 2208 836 3791 904; baseline 0.002 -12"><span class='ocrx_word' id='word_1_466' title='bbox 2208 837 2372 903; x_wconf 86' lang='lat' dir='ltr'><strong>bolis;</strong></span> <span class='ocrx_word' id='word_1_467' title='bbox 2406 836 2589 894; x_wconf 85' lang='lat' dir='ltr'><strong>Cloria</strong></span> <span class='ocrx_word' id='word_1_468' title='bbox 2614 839 2667 893; x_wconf 86' lang='lat' dir='ltr'><strong>in</strong></span> <span class='ocrx_word' id='word_1_469' title='bbox 2697 838 2912 893; x_wconf 77' lang='lat' dir='ltr'><strong>excelsis</strong></span> <span class='ocrx_word' id='word_1_470' title='bbox 2944 837 3086 904; x_wconf 85' lang='lat' dir='ltr'><strong>Deo;</strong></span> <span class='ocrx_word' id='word_1_471' title='bbox 3119 838 3276 892; x_wconf 89' lang='lat' dir='ltr'><strong>Pater</strong></span> <span class='ocrx_word' id='word_1_472' title='bbox 3306 848 3499 903; x_wconf 81' lang='lat' dir='ltr'><strong>noster,</strong></span> <span class='ocrx_word' id='word_1_473' title='bbox 3526 855 3646 893; x_wconf 93' lang='lat' dir='ltr'><strong>cum</strong></span> <span class='ocrx_word' id='word_1_474' title='bbox 3678 838 3791 895; x_wconf 81' lang='lat' dir='ltr'><strong>title</strong></span> 
     </span>
    </p>
   </div>
   <div class='ocr_carea' id='block_1_68' title="bbox 2207 930 3787 1003">
    <p class='ocr_par' dir='ltr' id='par_1_68' title="bbox 2207 930 3787 1003">
     <span class='ocr_line' id='line_1_68' title="bbox 2207 930 3787 1003; baseline -0.002 -16"><span class='ocrx_word' id='word_1_475' title='bbox 2207 932 2503 999; x_wconf 85' lang='lat' dir='ltr'><strong>catholica;</strong></span> <span class='ocrx_word' id='word_1_476' title='bbox 2548 941 2826 1003; x_wconf 90' lang='lat' dir='ltr'><strong>postremo</strong></span> <span class='ocrx_word' id='word_1_477' title='bbox 2865 932 3063 986; x_wconf 70' lang='lat' dir='ltr'><strong>litania:</strong></span> <span class='ocrx_word' id='word_1_478' title='bbox 3117 947 3239 987; x_wconf 91' lang='lat' dir='ltr'><strong>cum</strong></span> <span class='ocrx_word' id='word_1_479' title='bbox 3279 930 3618 985; x_wconf 89' lang='lat' dir='ltr'><strong>orationibus</strong></span> <span class='ocrx_word' id='word_1_480' title='bbox 3667 930 3787 984; x_wconf 79' lang='lat' dir='ltr'><strong>haec</strong></span> 
     </span>
    </p>
   </div>
   <div class='ocr_carea' id='block_1_69' title="bbox 2206 1022 3789 1091">
    <p class='ocr_par' dir='ltr' id='par_1_69' title="bbox 2206 1022 3789 1091">
     <span class='ocr_line' id='line_1_69' title="bbox 2206 1022 3789 1091; baseline -0.003 -12"><span class='ocrx_word' id='word_1_481' title='bbox 2206 1025 2383 1079; x_wconf 91' lang='lat' dir='ltr'><strong>omnia</strong></span> <span class='ocrx_word' id='word_1_482' title='bbox 2407 1034 2663 1080; x_wconf 88' lang='lat' dir='ltr'><strong>consueto</strong></span> <span class='ocrx_word' id='word_1_483' title='bbox 2684 1025 2788 1079; x_wconf 84' lang='lat' dir='ltr'><strong>ﬁne</strong></span> <span class='ocrx_word' id='word_1_484' title='bbox 2814 1023 3160 1081; x_wconf 89' lang='lat' dir='ltr'><strong>concludunt.</strong></span> <span class='ocrx_word' id='word_1_485' title='bbox 3188 1022 3508 1078; x_wconf 86' lang='lat' dir='ltr'><strong>Psalterium</strong></span> <span class='ocrx_word' id='word_1_486' title='bbox 3536 1035 3665 1076; x_wconf 90' lang='lat' dir='ltr'><strong>vero</strong></span> <span class='ocrx_word' id='word_1_487' title='bbox 3684 1036 3789 1091; x_wconf 91' lang='lat' dir='ltr'><strong>pro</strong></span> 
     </span>
    </p>
   </div>
   <div class='ocr_carea' id='block_1_70' title="bbox 2206 1113 3790 1176">
    <p class='ocr_par' dir='ltr' id='par_1_70' title="bbox 2206 1113 3790 1176">
     <span class='ocr_line' id='line_1_70' title="bbox 2206 1113 3790 1176; baseline -0.001 -7"><span class='ocrx_word' id='word_1_488' title='bbox 2206 1114 2474 1171; x_wconf 87' lang='lat' dir='ltr'><strong>defunctis</strong></span> <span class='ocrx_word' id='word_1_489' title='bbox 2513 1133 2634 1171; x_wconf 87' lang='lat' dir='ltr'><strong>cum</strong></span> <span class='ocrx_word' id='word_1_490' title='bbox 2667 1132 2857 1172; x_wconf 89' lang='lat' dir='ltr'><strong>novem</strong></span> <span class='ocrx_word' id='word_1_491' title='bbox 2897 1116 3220 1171; x_wconf 85' lang='lat' dir='ltr'><strong>lectionibus</strong></span> <span class='ocrx_word' id='word_1_492' title='bbox 3251 1115 3467 1176; x_wconf 89' lang='lat' dir='ltr'><strong>dicitur.</strong></span> <span class='ocrx_word' id='word_1_493' title='bbox 3499 1114 3671 1168; x_wconf 86' lang='lat' dir='ltr'><strong>tribus</strong></span> <span class='ocrx_word' id='word_1_494' title='bbox 3699 1113 3790 1167; x_wconf 87' lang='lat' dir='ltr'><strong>ni-</strong></span> 
     </span>
    </p>
   </div>
   <div class='ocr_carea' id='block_1_71' title="bbox 2206 1201 3789 1275">
    <p class='ocr_par' dir='ltr' id='par_1_71' title="bbox 2206 1201 3789 1275">
     <span class='ocr_line' id='line_1_71' title="bbox 2206 1201 3789 1275; baseline -0.002 -16"><span class='ocrx_word' id='word_1_495' title='bbox 2206 1205 2400 1259; x_wconf 88' lang='lat' dir='ltr'><strong>mirum</strong></span> <span class='ocrx_word' id='word_1_496' title='bbox 2429 1219 2526 1275; x_wconf 90' lang='lat' dir='ltr'><strong>per</strong></span> <span class='ocrx_word' id='word_1_497' title='bbox 2553 1205 2958 1275; x_wconf 84' lang='lat' dir='ltr'><strong>quinquagenos</strong></span> <span class='ocrx_word' id='word_1_498' title='bbox 2986 1204 3222 1275; x_wconf 86' lang='lat' dir='ltr'><strong>psalmos</strong></span> <span class='ocrx_word' id='word_1_499' title='bbox 3251 1220 3265 1257; x_wconf 93' lang='lat'><strong>:</strong></span> <span class='ocrx_word' id='word_1_500' title='bbox 3297 1203 3390 1272; x_wconf 86' lang='lat' dir='ltr'><strong>qui</strong></span> <span class='ocrx_word' id='word_1_501' title='bbox 3420 1210 3596 1257; x_wconf 90' lang='lat' dir='ltr'><strong>autem</strong></span> <span class='ocrx_word' id='word_1_502' title='bbox 3637 1201 3789 1256; x_wconf 86' lang='lat' dir='ltr'><strong>solus</strong></span> 
     </span>
    </p>
   </div>
   <div class='ocr_carea' id='block_1_72' title="bbox 2206 1291 3793 1363">
    <p class='ocr_par' dir='ltr' id='par_1_72' title="bbox 2206 1291 3793 1363">
     <span class='ocr_line' id='line_1_72' title="bbox 2206 1291 3793 1363; baseline -0.003 -16"><span class='ocrx_word' id='word_1_503' title='bbox 2206 1307 2451 1348; x_wconf 76' lang='lat' dir='ltr'><strong>moratur</strong></span> <span class='ocrx_word' id='word_1_504' title='bbox 2490 1291 2688 1360; x_wconf 69' lang='lat' dir='ltr'><strong>frater,</strong></span> <span class='ocrx_word' id='word_1_505' title='bbox 2733 1293 3057 1350; x_wconf 87' lang='lat' dir='ltr'><strong>Psalterium</strong></span> <span class='ocrx_word' id='word_1_506' title='bbox 3093 1292 3312 1363; x_wconf 91' lang='lat' dir='ltr'><strong>quidem</strong></span> <span class='ocrx_word' id='word_1_507' title='bbox 3342 1293 3585 1345; x_wconf 88' lang='lat' dir='ltr'><strong>vivorum</strong></span> <span class='ocrx_word' id='word_1_508' title='bbox 3613 1298 3793 1344; x_wconf 85' lang='lat' dir='ltr'><strong>totum</strong></span> 
     </span>
    </p>
   </div>
   <div class='ocr_carea' id='block_1_73' title="bbox 2204 1379 3792 1454">
    <p class='ocr_par' dir='ltr' id='par_1_73' title="bbox 2204 1379 3792 1454">
     <span class='ocr_line' id='line_1_73' title="bbox 2204 1379 3792 1454; baseline -0.001 -17"><span class='ocrx_word' id='word_1_509' title='bbox 2204 1397 2303 1453; x_wconf 90' lang='lat' dir='ltr'><strong>per</strong></span> <span class='ocrx_word' id='word_1_510' title='bbox 2330 1382 2569 1454; x_wconf 86' lang='lat' dir='ltr'><strong>singulos</strong></span> <span class='ocrx_word' id='word_1_511' title='bbox 2591 1384 2707 1439; x_wconf 83' lang='lat' dir='ltr'><strong>dies</strong></span> <span class='ocrx_word' id='word_1_512' title='bbox 2728 1383 3019 1454; x_wconf 86' lang='lat' dir='ltr'><strong>adimplet;</strong></span> <span class='ocrx_word' id='word_1_513' title='bbox 3051 1381 3429 1437; x_wconf 83' lang='lat' dir='ltr'><strong>defunctorum</strong></span> <span class='ocrx_word' id='word_1_514' title='bbox 3457 1388 3637 1435; x_wconf 89' lang='lat' dir='ltr'><strong>autem</strong></span> <span class='ocrx_word' id='word_1_515' title='bbox 3671 1379 3792 1435; x_wconf 89' lang='lat' dir='ltr'><strong>sive</strong></span> 
     </span>
    </p>
   </div>
   <div class='ocr_carea' id='block_1_74' title="bbox 2207 1472 3790 1546">
    <p class='ocr_par' dir='ltr' id='par_1_74' title="bbox 2207 1472 3790 1546">
     <span class='ocr_line' id='line_1_74' title="bbox 2207 1472 3790 1546; baseline -0.003 -14"><span class='ocrx_word' id='word_1_516' title='bbox 2207 1476 2439 1532; x_wconf 89' lang='lat' dir='ltr'><strong>medium</strong></span> <span class='ocrx_word' id='word_1_517' title='bbox 2463 1517 2479 1543; x_wconf 90' lang='lat'><strong>,</strong></span> <span class='ocrx_word' id='word_1_518' title='bbox 2508 1478 2634 1532; x_wconf 83' lang='lat' dir='ltr'><strong>sive</strong></span> <span class='ocrx_word' id='word_1_519' title='bbox 2660 1486 2850 1543; x_wconf 89' lang='lat' dir='ltr'><strong>totum,</strong></span> <span class='ocrx_word' id='word_1_520' title='bbox 2869 1475 3024 1545; x_wconf 82' lang='lat' dir='ltr'><strong>juxta</strong></span> <span class='ocrx_word' id='word_1_521' title='bbox 3054 1476 3196 1546; x_wconf 90' lang='lat' dir='ltr'><strong>quod</strong></span> <span class='ocrx_word' id='word_1_522' title='bbox 3226 1474 3421 1529; x_wconf 87' lang='lat' dir='ltr'><strong>virium</strong></span> <span class='ocrx_word' id='word_1_523' title='bbox 3459 1472 3790 1543; x_wconf 71' lang='lat' dir='ltr'><strong>possibilitas</strong></span> 
     </span>
    </p>
   </div>
   <div class='ocr_carea' id='block_1_75' title="bbox 2207 1563 3792 1636">
    <p class='ocr_par' dir='ltr' id='par_1_75' title="bbox 2207 1563 3792 1636">
     <span class='ocr_line' id='line_1_75' title="bbox 2207 1563 3792 1636; baseline -0.003 -15"><span class='ocrx_word' id='word_1_524' title='bbox 2207 1567 2573 1622; x_wconf 89' lang='lat' dir='ltr'><strong>administrat.</strong></span> <span class='ocrx_word' id='word_1_525' title='bbox 2621 1566 2887 1624; x_wconf 82' lang='lat' dir='ltr'><strong>Horarum</strong></span> <span class='ocrx_word' id='word_1_526' title='bbox 2945 1575 3126 1622; x_wconf 91' lang='lat' dir='ltr'><strong>autem</strong></span> <span class='ocrx_word' id='word_1_527' title='bbox 3174 1564 3469 1636; x_wconf 86' lang='lat' dir='ltr'><strong>psalmodia</strong></span> <span class='ocrx_word' id='word_1_528' title='bbox 3524 1563 3792 1620; x_wconf 83' lang='lat' dir='ltr'><strong>canonica</strong></span> 
     </span>
    </p>
   </div>
   <div class='ocr_carea' id='block_1_76' title="bbox 2206 1649 3803 1723">
    <p class='ocr_par' dir='ltr' id='par_1_76' title="bbox 2206 1649 3803 1723">
     <span class='ocr_line' id='line_1_76' title="bbox 2206 1649 3803 1723; baseline -0.003 -12"><span class='ocrx_word' id='word_1_529' title='bbox 2206 1655 2428 1711; x_wconf 92' lang='lat' dir='ltr'><strong>omnino</strong></span> <span class='ocrx_word' id='word_1_530' title='bbox 2468 1649 2609 1711; x_wconf 80' lang='lat' dir='ltr'><strong>sicut</strong></span> <span class='ocrx_word' id='word_1_531' title='bbox 2658 1655 2713 1710; x_wconf 92' lang='lat' dir='ltr'><strong>in</strong></span> <span class='ocrx_word' id='word_1_532' title='bbox 2746 1655 3112 1722; x_wconf 87' lang='lat' dir='ltr'><strong>monasterio,</strong></span> <span class='ocrx_word' id='word_1_533' title='bbox 3164 1655 3237 1710; x_wconf 88' lang='lat' dir='ltr'><strong>ita</strong></span> <span class='ocrx_word' id='word_1_534' title='bbox 3264 1653 3353 1709; x_wconf 88' lang='lat' dir='ltr'><strong>hic</strong></span> <span class='ocrx_word' id='word_1_535' title='bbox 3400 1666 3500 1723; x_wconf 83' lang='lat' dir='ltr'><strong>per</strong></span> <span class='ocrx_word' id='word_1_536' title='bbox 3542 1651 3803 1707; x_wconf 85' lang='lat' dir='ltr'><strong>ordinem.</strong></span> 
     </span>
    </p>
   </div>
   <div class='ocr_carea' id='block_1_77' title="bbox 2206 1745 3066 1816">
    <p class='ocr_par' dir='ltr' id='par_1_77' title="bbox 2206 1745 3066 1816">
     <span class='ocr_line' id='line_1_77' title="bbox 2206 1745 3066 1816; baseline -0.002 -15"><span class='ocrx_word' id='word_1_537' title='bbox 2206 1745 2557 1802; x_wconf 79' lang='lat' dir='ltr'><strong>nihilominus</strong></span> <span class='ocrx_word' id='word_1_538' title='bbox 2582 1754 2691 1801; x_wconf 80' lang='lat' dir='ltr'><strong>tota</strong></span> <span class='ocrx_word' id='word_1_539' title='bbox 2718 1746 3066 1816; x_wconf 89' lang='lat' dir='ltr'><strong>persolvitur.</strong></span> 
     </span>
    </p>
   </div>
   <div class='ocr_carea' id='block_1_78' title="bbox 2837 1833 3171 1891">
    <p class='ocr_par' dir='ltr' id='par_1_78' title="bbox 2837 1833 3171 1891">
     <span class='ocr_line' id='line_1_78' title="bbox 2837 1833 3171 1891; baseline -0.009 -1"><span class='ocrx_word' id='word_1_540' title='bbox 2837 1835 3066 1891; x_wconf 79' lang='lat' dir='ltr'><strong>CAPUT</strong></span> <span class='ocrx_word' id='word_1_541' title='bbox 3101 1833 3171 1889; x_wconf 81' lang='grc' dir='ltr'><strong>Χ.</strong></span> 
     </span>
    </p>
   </div>
   <div class='ocr_carea' id='block_1_79' title="bbox 2745 1925 3236 1995">
    <p class='ocr_par' dir='ltr' id='par_1_79' title="bbox 2745 1925 3236 1995">
     <span class='ocr_line' id='line_1_79' title="bbox 2745 1925 3236 1995; baseline -0.002 -16"><span class='ocrx_word' id='word_1_542' title='bbox 2745 1925 2818 1979; x_wconf 88' lang='lat' dir='ltr'><strong>De</strong></span> <span class='ocrx_word' id='word_1_543' title='bbox 2844 1925 3036 1980; x_wconf 87' lang='lat' dir='ltr'><strong>silentii</strong></span> <span class='ocrx_word' id='word_1_544' title='bbox 3067 1927 3236 1995; x_wconf 83' lang='lat' dir='ltr'><strong>rigore</strong></span> 
     </span>
    </p>
   </div>
   <div class='ocr_carea' id='block_1_80' title="bbox 2279 2015 3804 2087">
    <p class='ocr_par' dir='ltr' id='par_1_80' title="bbox 2279 2015 3804 2087">
     <span class='ocr_line' id='line_1_80' title="bbox 2279 2015 3804 2087; baseline -0.004 -15"><span class='ocrx_word' id='word_1_545' title='bbox 2279 2016 2394 2073; x_wconf 80' lang='lat' dir='ltr'><strong>Hoc</strong></span> <span class='ocrx_word' id='word_1_546' title='bbox 2418 2026 2599 2072; x_wconf 89' lang='lat' dir='ltr'><strong>autem</strong></span> <span class='ocrx_word' id='word_1_547' title='bbox 2622 2016 2766 2072; x_wconf 89' lang='lat' dir='ltr'><strong>inter</strong></span> <span class='ocrx_word' id='word_1_548' title='bbox 2790 2026 2985 2072; x_wconf 65' lang='lat' dir='ltr'><strong>caetera</strong></span> <span class='ocrx_word' id='word_1_549' title='bbox 3008 2015 3527 2087; x_wconf 68' lang='lat' dir='ltr'><strong>praetermittendum</strong></span> <span class='ocrx_word' id='word_1_550' title='bbox 3553 2030 3656 2068; x_wconf 90' lang='lat' dir='ltr'><strong>non</strong></span> <span class='ocrx_word' id='word_1_551' title='bbox 3685 2022 3804 2077; x_wconf 71' lang='lat' dir='ltr'><strong>est,</strong></span> 
     </span>
    </p>
   </div>
   <div class='ocr_carea' id='block_1_81' title="bbox 2209 2105 3797 2181">
    <p class='ocr_par' dir='ltr' id='par_1_81' title="bbox 2209 2105 3797 2181">
     <span class='ocr_line' id='line_1_81' title="bbox 2209 2105 3797 2181; baseline -0.003 -19"><span class='ocrx_word' id='word_1_552' title='bbox 2209 2109 2336 2181; x_wconf 86' lang='lat' dir='ltr'><strong>quia</strong></span> <span class='ocrx_word' id='word_1_553' title='bbox 2381 2108 2437 2163; x_wconf 91' lang='lat' dir='ltr'><strong>in</strong></span> <span class='ocrx_word' id='word_1_554' title='bbox 2480 2106 2685 2163; x_wconf 85' lang='lat' dir='ltr'><strong>cellulis</strong></span> <span class='ocrx_word' id='word_1_555' title='bbox 2722 2108 3037 2163; x_wconf 85' lang='lat' dir='ltr'><strong>continuum</strong></span> <span class='ocrx_word' id='word_1_556' title='bbox 3072 2116 3313 2172; x_wconf 90' lang='lat' dir='ltr'><strong>tenetur,</strong></span> <span class='ocrx_word' id='word_1_557' title='bbox 3342 2105 3482 2161; x_wconf 89' lang='lat' dir='ltr'><strong>sicut</strong></span> <span class='ocrx_word' id='word_1_558' title='bbox 3523 2121 3711 2161; x_wconf 88' lang='lat' dir='ltr'><strong>revera</strong></span> <span class='ocrx_word' id='word_1_559' title='bbox 3735 2105 3797 2158; x_wconf 86' lang='lat' dir='ltr'><strong>in</strong></span> 
     </span>
    </p>
   </div>
   <div class='ocr_carea' id='block_1_82' title="bbox 2209 2195 3801 2267">
    <p class='ocr_par' dir='ltr' id='par_1_82' title="bbox 2209 2195 3801 2267">
     <span class='ocr_line' id='line_1_82' title="bbox 2209 2195 3801 2267; baseline -0.003 -13"><span class='ocrx_word' id='word_1_560' title='bbox 2209 2197 2469 2262; x_wconf 90' lang='lat' dir='ltr'><strong>oratorio,</strong></span> <span class='ocrx_word' id='word_1_561' title='bbox 2501 2212 2566 2252; x_wconf 81' lang='lat' dir='ltr'><strong>ex</strong></span> <span class='ocrx_word' id='word_1_562' title='bbox 2594 2212 2747 2253; x_wconf 89' lang='lat' dir='ltr'><strong>more</strong></span> <span class='ocrx_word' id='word_1_563' title='bbox 2768 2197 3075 2252; x_wconf 86' lang='lat' dir='ltr'><strong>silentium:</strong></span> <span class='ocrx_word' id='word_1_564' title='bbox 3099 2211 3201 2252; x_wconf 86' lang='lat' dir='ltr'><strong>nec</strong></span> <span class='ocrx_word' id='word_1_565' title='bbox 3220 2195 3573 2267; x_wconf 85' lang='lat' dir='ltr'><strong>permittitur,</strong></span> <span class='ocrx_word' id='word_1_566' title='bbox 3600 2203 3660 2251; x_wconf 89' lang='lat' dir='ltr'><strong>ut</strong></span> <span class='ocrx_word' id='word_1_567' title='bbox 3683 2195 3801 2250; x_wconf 85' lang='lat' dir='ltr'><strong>illic</strong></span> 
     </span>
    </p>
   </div>
   <div class='ocr_carea' id='block_1_83' title="bbox 2210 2285 3802 2357">
    <p class='ocr_par' dir='ltr' id='par_1_83' title="bbox 2210 2285 3802 2357">
     <span class='ocr_line' id='line_1_83' title="bbox 2210 2285 3802 2357; baseline -0.002 -15"><span class='ocrx_word' id='word_1_568' title='bbox 2210 2287 2348 2343; x_wconf 88' lang='lat' dir='ltr'><strong>alter</strong></span> <span class='ocrx_word' id='word_1_569' title='bbox 2377 2287 2608 2342; x_wconf 88' lang='lat' dir='ltr'><strong>alterum</strong></span> <span class='ocrx_word' id='word_1_570' title='bbox 2635 2286 2722 2343; x_wconf 88' lang='lat' dir='ltr'><strong>vel</strong></span> <span class='ocrx_word' id='word_1_571' title='bbox 2761 2301 2860 2357; x_wconf 93' lang='lat' dir='ltr'><strong>pro</strong></span> <span class='ocrx_word' id='word_1_572' title='bbox 2898 2285 3241 2342; x_wconf 79' lang='lat' dir='ltr'><strong>confessione</strong></span> <span class='ocrx_word' id='word_1_573' title='bbox 3264 2285 3536 2355; x_wconf 89' lang='lat' dir='ltr'><strong>loquatur,</strong></span> <span class='ocrx_word' id='word_1_574' title='bbox 3566 2292 3802 2354; x_wconf 76' lang='lat' dir='ltr'><strong>excepto</strong></span> 
     </span>
    </p>
   </div>
   <div class='ocr_carea' id='block_1_84' title="bbox 2210 2377 3799 2449">
    <p class='ocr_par' dir='ltr' id='par_1_84' title="bbox 2210 2377 3799 2449">
     <span class='ocr_line' id='line_1_84' title="bbox 2210 2377 3799 2449; baseline -0.003 -15"><span class='ocrx_word' id='word_1_575' title='bbox 2210 2379 2255 2434; x_wconf 92' lang='lat' dir='ltr'><strong>si</strong></span> <span class='ocrx_word' id='word_1_576' title='bbox 2280 2378 2445 2449; x_wconf 89' lang='lat' dir='ltr'><strong>priori</strong></span> <span class='ocrx_word' id='word_1_577' title='bbox 2475 2380 2647 2435; x_wconf 88' lang='lat' dir='ltr'><strong>visum</strong></span> <span class='ocrx_word' id='word_1_578' title='bbox 2678 2377 2862 2443; x_wconf 80' lang='lat' dir='ltr'><strong>fuerit,</strong></span> <span class='ocrx_word' id='word_1_579' title='bbox 2889 2388 2947 2432; x_wconf 94' lang='lat' dir='ltr'><strong>ut</strong></span> <span class='ocrx_word' id='word_1_580' title='bbox 2973 2379 3212 2443; x_wconf 76' lang='lat' dir='ltr'><strong>novitiis,</strong></span> <span class='ocrx_word' id='word_1_581' title='bbox 3247 2392 3543 2448; x_wconf 89' lang='lat' dir='ltr'><strong>eorumque</strong></span> <span class='ocrx_word' id='word_1_582' title='bbox 3577 2378 3799 2432; x_wconf 84' lang='lat' dir='ltr'><strong>institu-</strong></span> 
     </span>
    </p>
   </div>
   <div class='ocr_carea' id='block_1_85' title="bbox 2213 2466 3798 2538">
    <p class='ocr_par' dir='ltr' id='par_1_85' title="bbox 2213 2466 3798 2538">
     <span class='ocr_line' id='line_1_85' title="bbox 2213 2466 3798 2538; baseline -0.004 -13"><span class='ocrx_word' id='word_1_583' title='bbox 2213 2469 2423 2525; x_wconf 89' lang='lat' dir='ltr'><strong>toribus</strong></span> <span class='ocrx_word' id='word_1_584' title='bbox 2471 2468 2538 2524; x_wconf 88' lang='lat' dir='ltr'><strong>ad</strong></span> <span class='ocrx_word' id='word_1_585' title='bbox 2587 2477 2800 2538; x_wconf 88' lang='lat' dir='ltr'><strong>tempus</strong></span> <span class='ocrx_word' id='word_1_586' title='bbox 2834 2467 3228 2537; x_wconf 85' lang='lat' dir='ltr'><strong>aliquantulum</strong></span> <span class='ocrx_word' id='word_1_587' title='bbox 3282 2466 3531 2537; x_wconf 88' lang='lat' dir='ltr'><strong>loquendi</strong></span> <span class='ocrx_word' id='word_1_588' title='bbox 3574 2466 3798 2521; x_wconf 86' lang='lat' dir='ltr'><strong>licentia</strong></span> 
     </span>
    </p>
   </div>
   <div class='ocr_carea' id='block_1_86' title="bbox 2211 2556 3811 2630">
    <p class='ocr_par' dir='ltr' id='par_1_86' title="bbox 2211 2556 3811 2630">
     <span class='ocr_line' id='line_1_86' title="bbox 2211 2556 3811 2630; baseline -0.002 -15"><span class='ocrx_word' id='word_1_589' title='bbox 2211 2560 2558 2616; x_wconf 86' lang='lat' dir='ltr'><strong>concedatur.</strong></span> <span class='ocrx_word' id='word_1_590' title='bbox 2585 2559 2642 2614; x_wconf 89' lang='lat' dir='ltr'><strong>Si</strong></span> <span class='ocrx_word' id='word_1_591' title='bbox 2673 2558 2802 2630; x_wconf 89' lang='lat' dir='ltr'><strong>quid</strong></span> <span class='ocrx_word' id='word_1_592' title='bbox 2826 2568 3005 2613; x_wconf 88' lang='lat' dir='ltr'><strong>autem</strong></span> <span class='ocrx_word' id='word_1_593' title='bbox 3036 2558 3181 2627; x_wconf 91' lang='lat' dir='ltr'><strong>loqui</strong></span> <span class='ocrx_word' id='word_1_594' title='bbox 3214 2557 3489 2629; x_wconf 82' lang='lat' dir='ltr'><strong>indigent,</strong></span> <span class='ocrx_word' id='word_1_595' title='bbox 3515 2557 3582 2612; x_wconf 89' lang='lat' dir='ltr'><strong>ad</strong></span> <span class='ocrx_word' id='word_1_596' title='bbox 3606 2556 3811 2612; x_wconf 76' lang='lat' dir='ltr'><strong>Eccle-</strong></span> 
     </span>
    </p>
   </div>
   <div class='ocr_carea' id='block_1_87' title="bbox 2211 2647 3803 2721">
    <p class='ocr_par' dir='ltr' id='par_1_87' title="bbox 2211 2647 3803 2721">
     <span class='ocr_line' id='line_1_87' title="bbox 2211 2647 3803 2721; baseline -0.001 -17"><span class='ocrx_word' id='word_1_597' title='bbox 2211 2651 2346 2705; x_wconf 90' lang='lat' dir='ltr'><strong>siam</strong></span> <span class='ocrx_word' id='word_1_598' title='bbox 2375 2651 2723 2721; x_wconf 88' lang='lat' dir='ltr'><strong>prodeuntes,</strong></span> <span class='ocrx_word' id='word_1_599' title='bbox 2765 2664 2990 2720; x_wconf 63' lang='lat' dir='ltr'><strong>quaeque</strong></span> <span class='ocrx_word' id='word_1_600' title='bbox 3024 2658 3152 2703; x_wconf 90' lang='lat' dir='ltr'><strong>sunt</strong></span> <span class='ocrx_word' id='word_1_601' title='bbox 3194 2649 3526 2713; x_wconf 85' lang='lat' dir='ltr'><strong>necessaria,</strong></span> <span class='ocrx_word' id='word_1_602' title='bbox 3568 2647 3803 2702; x_wconf 83' lang='lat' dir='ltr'><strong>manife-</strong></span> 
     </span>
    </p>
   </div>
   <div class='ocr_carea' id='block_1_88' title="bbox 2211 2739 3803 2810">
    <p class='ocr_par' dir='ltr' id='par_1_88' title="bbox 2211 2739 3803 2810">
     <span class='ocr_line' id='line_1_88' title="bbox 2211 2739 3803 2810; baseline -0.003 -14"><span class='ocrx_word' id='word_1_603' title='bbox 2211 2750 2376 2796; x_wconf 84' lang='lat' dir='ltr'><strong>stant.</strong></span> <span class='ocrx_word' id='word_1_604' title='bbox 2407 2741 2501 2796; x_wconf 87' lang='lat' dir='ltr'><strong>Est</strong></span> <span class='ocrx_word' id='word_1_605' title='bbox 2522 2741 2665 2795; x_wconf 89' lang='lat' dir='ltr'><strong>enim</strong></span> <span class='ocrx_word' id='word_1_606' title='bbox 2697 2756 2906 2805; x_wconf 84' lang='lat' dir='ltr'><strong>revera,</strong></span> <span class='ocrx_word' id='word_1_607' title='bbox 2935 2749 2994 2794; x_wconf 93' lang='lat' dir='ltr'><strong>ut</strong></span> <span class='ocrx_word' id='word_1_608' title='bbox 3027 2739 3400 2810; x_wconf 79' lang='lat' dir='ltr'><strong>experimento</strong></span> <span class='ocrx_word' id='word_1_609' title='bbox 3421 2739 3803 2810; x_wconf 83' lang='lat' dir='ltr'><strong>cognovimus,</strong></span> 
     </span>
    </p>
   </div>
   <div class='ocr_carea' id='block_1_89' title="bbox 2212 2826 3804 2902">
    <p class='ocr_par' dir='ltr' id='par_1_89' title="bbox 2212 2826 3804 2902">
     <span class='ocr_line' id='line_1_89' title="bbox 2212 2826 3804 2902; baseline -0.002 -17"><span class='ocrx_word' id='word_1_610' title='bbox 2212 2832 2515 2885; x_wconf 90' lang='lat' dir='ltr'><strong>animarum</strong></span> <span class='ocrx_word' id='word_1_611' title='bbox 2546 2846 2738 2902; x_wconf 85' lang='lat' dir='ltr'><strong>magna</strong></span> <span class='ocrx_word' id='word_1_612' title='bbox 2764 2830 3097 2894; x_wconf 89' lang='lat' dir='ltr'><strong>destructio,</strong></span> <span class='ocrx_word' id='word_1_613' title='bbox 3127 2827 3217 2883; x_wconf 89' lang='lat' dir='ltr'><strong>ubi</strong></span> <span class='ocrx_word' id='word_1_614' title='bbox 3246 2827 3448 2898; x_wconf 89' lang='lat' dir='ltr'><strong>passim</strong></span> <span class='ocrx_word' id='word_1_615' title='bbox 3494 2828 3609 2882; x_wconf 83' lang='lat' dir='ltr'><strong>fieri</strong></span> <span class='ocrx_word' id='word_1_616' title='bbox 3634 2826 3804 2883; x_wconf 89' lang='lat' dir='ltr'><strong>collo—</strong></span> 
     </span>
    </p>
   </div>
   <div class='ocr_carea' id='block_1_90' title="bbox 2212 2917 3807 2991">
    <p class='ocr_par' dir='ltr' id='par_1_90' title="bbox 2212 2917 3807 2991">
     <span class='ocr_line' id='line_1_90' title="bbox 2212 2917 3807 2991; baseline -0.003 -15"><span class='ocrx_word' id='word_1_617' title='bbox 2212 2923 2396 2990; x_wconf 90' lang='lat' dir='ltr'><strong>quium</strong></span> <span class='ocrx_word' id='word_1_618' title='bbox 2421 2922 2474 2975; x_wconf 91' lang='lat' dir='ltr'><strong>in</strong></span> <span class='ocrx_word' id='word_1_619' title='bbox 2503 2921 2634 2975; x_wconf 89' lang='lat' dir='ltr'><strong>cella</strong></span> <span class='ocrx_word' id='word_1_620' title='bbox 2664 2921 3012 2991; x_wconf 87' lang='lat' dir='ltr'><strong>permittitur.</strong></span> <span class='ocrx_word' id='word_1_621' title='bbox 3038 2919 3172 2974; x_wconf 77' lang='lat' dir='ltr'><strong>Nam</strong></span> <span class='ocrx_word' id='word_1_622' title='bbox 3210 2919 3338 2973; x_wconf 90' lang='lat' dir='ltr'><strong>dum</strong></span> <span class='ocrx_word' id='word_1_623' title='bbox 3363 2918 3561 2973; x_wconf 78' lang='lat' dir='ltr'><strong>inﬁrmi</strong></span> <span class='ocrx_word' id='word_1_624' title='bbox 3595 2917 3807 2989; x_wconf 86' lang='lat' dir='ltr'><strong>quique</strong></span> 
     </span>
    </p>
   </div>
   <div class='ocr_carea' id='block_1_91' title="bbox 2216 3007 3801 3081">
    <p class='ocr_par' dir='ltr' id='par_1_91' title="bbox 2216 3007 3801 3081">
     <span class='ocr_line' id='line_1_91' title="bbox 2216 3007 3801 3081; baseline -0.001 -15"><span class='ocrx_word' id='word_1_625' title='bbox 2216 3010 2431 3078; x_wconf 88' lang='lat' dir='ltr'><strong>fratres,</strong></span> <span class='ocrx_word' id='word_1_626' title='bbox 2462 3012 2553 3081; x_wconf 92' lang='lat' dir='ltr'><strong>qui</strong></span> <span class='ocrx_word' id='word_1_627' title='bbox 2583 3013 2683 3067; x_wconf 92' lang='lat' dir='ltr'><strong>sub</strong></span> <span class='ocrx_word' id='word_1_628' title='bbox 2712 3010 3068 3068; x_wconf 85' lang='lat' dir='ltr'><strong>confessionis</strong></span> <span class='ocrx_word' id='word_1_629' title='bbox 3096 3010 3278 3080; x_wconf 88' lang='lat' dir='ltr'><strong>specie</strong></span> <span class='ocrx_word' id='word_1_630' title='bbox 3305 3025 3363 3064; x_wconf 87' lang='lat' dir='ltr'><strong>se</strong></span> <span class='ocrx_word' id='word_1_631' title='bbox 3390 3007 3618 3064; x_wconf 83' lang='lat' dir='ltr'><strong>in&#39;vicem</strong></span> <span class='ocrx_word' id='word_1_632' title='bbox 3659 3009 3801 3064; x_wconf 53' lang='lat' dir='ltr'><strong>visis</strong></span> 
     </span>
    </p>
   </div>
   <div class='ocr_carea' id='block_1_92' title="bbox 2217 3101 3807 3175">
    <p class='ocr_par' dir='ltr' id='par_1_92' title="bbox 2217 3101 3807 3175">
     <span class='ocr_line' id='line_1_92' title="bbox 2217 3101 3807 3175; baseline -0.001 -16"><span class='ocrx_word' id='word_1_633' title='bbox 2217 3115 2355 3170; x_wconf 87' lang='lat' dir='ltr'><strong>tant,</strong></span> <span class='ocrx_word' id='word_1_634' title='bbox 2381 3106 2619 3161; x_wconf 90' lang='lat' dir='ltr'><strong>breviter</strong></span> <span class='ocrx_word' id='word_1_635' title='bbox 2639 3105 2853 3175; x_wconf 80' lang='lat' dir='ltr'><strong>explent</strong></span> <span class='ocrx_word' id='word_1_636' title='bbox 2878 3104 3016 3174; x_wconf 89' lang='lat' dir='ltr'><strong>quod</strong></span> <span class='ocrx_word' id='word_1_637' title='bbox 3041 3112 3338 3174; x_wconf 63' lang='lat' dir='ltr'><strong>coeperant,</strong></span> <span class='ocrx_word' id='word_1_638' title='bbox 3363 3102 3428 3156; x_wconf 88' lang='lat' dir='ltr'><strong>ad</strong></span> <span class='ocrx_word' id='word_1_639' title='bbox 3456 3101 3557 3155; x_wconf 89' lang='lat' dir='ltr'><strong>alia</strong></span> <span class='ocrx_word' id='word_1_640' title='bbox 3588 3116 3649 3156; x_wconf 90' lang='lat' dir='ltr'><strong>se</strong></span> <span class='ocrx_word' id='word_1_641' title='bbox 3669 3116 3807 3157; x_wconf 77' lang='lat' dir='ltr'><strong>mox</strong></span> 
     </span>
    </p>
   </div>
   <div class='ocr_carea' id='block_1_93' title="bbox 2143 3169 3808 3264">
    <p class='ocr_par' dir='ltr' id='par_1_93' title="bbox 2143 3169 3808 3264">
     <span class='ocr_line' id='line_1_93' title="bbox 2143 3169 3808 3264; baseline -0.004 -11"><span class='ocrx_word' id='word_1_642' title='bbox 2143 3169 2186 3228; x_wconf 78' lang='lat' dir='ltr'><strong>C</strong></span> <span class='ocrx_word' id='word_1_643' title='bbox 2222 3169 2409 3254; x_wconf 87' lang='lat' dir='ltr'><strong>frivola</strong></span> <span class='ocrx_word' id='word_1_644' title='bbox 2433 3212 2487 3254; x_wconf 90' lang='lat' dir='ltr'><strong>et</strong></span> <span class='ocrx_word' id='word_1_645' title='bbox 2506 3169 2855 3262; x_wconf 29' lang='lat' dir='ltr'><strong>otiosa,‘data</strong></span> <span class='ocrx_word' id='word_1_646' title='bbox 2881 3169 3048 3252; x_wconf 79' lang='lat' dir='ltr'><strong>semel</strong></span> <span class='ocrx_word' id='word_1_647' title='bbox 3076 3169 3291 3264; x_wconf 76' lang='lat' dir='ltr'><strong>procaci</strong></span> <span class='ocrx_word' id='word_1_648' title='bbox 3327 3193 3521 3264; x_wconf 82' lang='lat' dir='ltr'><strong>linguae</strong></span> <span class='ocrx_word' id='word_1_649' title='bbox 3546 3191 3808 3247; x_wconf 89' lang='lat' dir='ltr'><strong>libertate</strong></span> 
     </span>
    </p>
   </div>
   <div class='ocr_carea' id='block_1_94' title="bbox 2218 3285 3804 3359">
    <p class='ocr_par' dir='ltr' id='par_1_94' title="bbox 2218 3285 3804 3359">
     <span class='ocr_line' id='line_1_94' title="bbox 2218 3285 3804 3359; baseline -0.004 -13"><span class='ocrx_word' id='word_1_650' title='bbox 2218 3291 2446 3346; x_wconf 87' lang='lat' dir='ltr'><strong>dilatant</strong></span> <span class='ocrx_word' id='word_1_651' title='bbox 2474 3309 2486 3344; x_wconf 89' lang='lat'>:</span> <span class='ocrx_word' id='word_1_652' title='bbox 2515 3299 2567 3346; x_wconf 89' lang='lat' dir='ltr'><strong>et</strong></span> <span class='ocrx_word' id='word_1_653' title='bbox 2592 3290 2741 3346; x_wconf 88' lang='lat' dir='ltr'><strong>obliti</strong></span> <span class='ocrx_word' id='word_1_654' title='bbox 2788 3298 3010 3359; x_wconf 86' lang='lat' dir='ltr'><strong>repente</strong></span> <span class='ocrx_word' id='word_1_655' title='bbox 3036 3302 3209 3359; x_wconf 89' lang='lat' dir='ltr'><strong>quare</strong></span> <span class='ocrx_word' id='word_1_656' title='bbox 3252 3285 3636 3349; x_wconf 82' lang='lat' dir='ltr'><strong>convenerint,</strong></span> <span class='ocrx_word' id='word_1_657' title='bbox 3670 3299 3804 3340; x_wconf 76' lang='lat' dir='ltr'><strong>mox</strong></span> 
     </span>
    </p>
   </div>
   <div class='ocr_carea' id='block_1_95' title="bbox 2218 3376 3807 3449">
    <p class='ocr_par' dir='ltr' id='par_1_95' title="bbox 2218 3376 3807 3449">
     <span class='ocr_line' id='line_1_95' title="bbox 2218 3376 3807 3449; baseline -0.004 -14"><span class='ocrx_word' id='word_1_658' title='bbox 2218 3381 2477 3436; x_wconf 83' lang='lat' dir='ltr'><strong>fratribus</strong></span> <span class='ocrx_word' id='word_1_659' title='bbox 2521 3382 2665 3441; x_wconf 88' lang='lat' dir='ltr'><strong>suis,</strong></span> <span class='ocrx_word' id='word_1_660' title='bbox 2716 3380 2801 3435; x_wconf 87' lang='lat' dir='ltr'><strong>vel</strong></span> <span class='ocrx_word' id='word_1_661' title='bbox 2849 3380 3016 3435; x_wconf 89' lang='lat' dir='ltr'><strong>etiam</strong></span> <span class='ocrx_word' id='word_1_662' title='bbox 3065 3376 3338 3449; x_wconf 88' lang='lat' dir='ltr'><strong>prioribus</strong></span> <span class='ocrx_word' id='word_1_663' title='bbox 3378 3377 3709 3432; x_wconf 84' lang='lat' dir='ltr'><strong>detrahunt:</strong></span> <span class='ocrx_word' id='word_1_664' title='bbox 3746 3383 3807 3429; x_wconf 78' lang='lat' dir='ltr'><strong>et</strong></span> 
     </span>
    </p>
   </div>
   <div class='ocr_carea' id='block_1_96' title="bbox 2217 3467 3805 3546">
    <p class='ocr_par' dir='ltr' id='par_1_96' title="bbox 2217 3467 3805 3546">
     <span class='ocr_line' id='line_1_96' title="bbox 2217 3467 3805 3546; baseline -0.004 -19"><span class='ocrx_word' id='word_1_665' title='bbox 2217 3491 2354 3546; x_wconf 83' lang='lat' dir='ltr'><strong>quos</strong></span> <span class='ocrx_word' id='word_1_666' title='bbox 2395 3489 2577 3529; x_wconf 86' lang='lat' dir='ltr'><strong>amare</strong></span> <span class='ocrx_word' id='word_1_667' title='bbox 2607 3473 2924 3537; x_wconf 84' lang='lat' dir='ltr'><strong>sinceriter,</strong></span> <span class='ocrx_word' id='word_1_668' title='bbox 2968 3479 3023 3527; x_wconf 91' lang='lat' dir='ltr'><strong>et</strong></span> <span class='ocrx_word' id='word_1_669' title='bbox 3061 3486 3195 3541; x_wconf 90' lang='lat' dir='ltr'><strong>pure</strong></span> <span class='ocrx_word' id='word_1_670' title='bbox 3225 3470 3524 3526; x_wconf 87' lang='lat' dir='ltr'><strong>debuerant</strong></span> <span class='ocrx_word' id='word_1_671' title='bbox 3553 3508 3568 3533; x_wconf 89' lang='lat'><strong>,</strong></span> <span class='ocrx_word' id='word_1_672' title='bbox 3597 3467 3805 3531; x_wconf 73' lang='lat' dir='ltr'><strong>dente,</strong></span> 
     </span>
    </p>
   </div>
   <div class='ocr_carea' id='block_1_97' title="bbox 2218 3556 3803 3634">
    <p class='ocr_par' dir='ltr' id='par_1_97' title="bbox 2218 3556 3803 3634">
     <span class='ocr_line' id='line_1_97' title="bbox 2218 3556 3803 3634; baseline -0.006 -14"><span class='ocrx_word' id='word_1_673' title='bbox 2218 3574 2275 3620; x_wconf 90' lang='lat' dir='ltr'><strong>ut</strong></span> <span class='ocrx_word' id='word_1_674' title='bbox 2306 3565 2377 3619; x_wconf 87' lang='lat' dir='ltr'><strong>ita</strong></span> <span class='ocrx_word' id='word_1_675' title='bbox 2410 3565 2632 3634; x_wconf 87' lang='lat' dir='ltr'><strong>loquar,</strong></span> <span class='ocrx_word' id='word_1_676' title='bbox 2661 3563 2828 3618; x_wconf 89' lang='lat' dir='ltr'><strong>livido</strong></span> <span class='ocrx_word' id='word_1_677' title='bbox 2857 3562 3189 3618; x_wconf 88' lang='lat' dir='ltr'><strong>mordaciter</strong></span> <span class='ocrx_word' id='word_1_678' title='bbox 3233 3560 3452 3615; x_wconf 89' lang='lat' dir='ltr'><strong>rodunt.</strong></span> <span class='ocrx_word' id='word_1_679' title='bbox 3500 3557 3704 3614; x_wconf 90' lang='lat' dir='ltr'><strong>Deinde</strong></span> <span class='ocrx_word' id='word_1_680' title='bbox 3730 3556 3803 3611; x_wconf 88' lang='lat' dir='ltr'><strong>ad</strong></span> 
     </span>
    </p>
   </div>
   <div class='ocr_carea' id='block_1_98' title="bbox 2217 3645 3806 3721">
    <p class='ocr_par' dir='ltr' id='par_1_98' title="bbox 2217 3645 3806 3721">
     <span class='ocr_line' id='line_1_98' title="bbox 2217 3645 3806 3721; baseline -0.008 -10"><span class='ocrx_word' id='word_1_681' title='bbox 2217 3653 2497 3711; x_wconf 61' lang='lat' dir='ltr'><strong>saecularia</strong></span> <span class='ocrx_word' id='word_1_682' title='bbox 2528 3661 2844 3718; x_wconf 87' lang='lat' dir='ltr'><strong>transeunt,</strong></span> <span class='ocrx_word' id='word_1_683' title='bbox 2876 3660 2932 3706; x_wconf 90' lang='lat' dir='ltr'><strong>et</strong></span> <span class='ocrx_word' id='word_1_684' title='bbox 2975 3650 3234 3721; x_wconf 87' lang='lat' dir='ltr'><strong>quidquid</strong></span> <span class='ocrx_word' id='word_1_685' title='bbox 3260 3657 3359 3712; x_wconf 89' lang='lat' dir='ltr'><strong>est,</strong></span> <span class='ocrx_word' id='word_1_686' title='bbox 3400 3648 3545 3719; x_wconf 90' lang='lat' dir='ltr'><strong>quod</strong></span> <span class='ocrx_word' id='word_1_687' title='bbox 3570 3646 3623 3700; x_wconf 92' lang='lat' dir='ltr'><strong>in</strong></span> <span class='ocrx_word' id='word_1_688' title='bbox 3652 3645 3806 3699; x_wconf 78' lang='lat' dir='ltr'><strong>urbi-</strong></span> 
     </span>
    </p>
   </div>
   <div class='ocr_carea' id='block_1_99' title="bbox 2215 3734 3803 3819">
    <p class='ocr_par' dir='ltr' id='par_1_99' title="bbox 2215 3734 3803 3819">
     <span class='ocr_line' id='line_1_99' title="bbox 2215 3734 3803 3819; baseline -0.007 -18"><span class='ocrx_word' id='word_1_689' title='bbox 2215 3749 2317 3803; x_wconf 87' lang='lat' dir='ltr'><strong>bus</strong></span> <span class='ocrx_word' id='word_1_690' title='bbox 2344 3747 2552 3819; x_wconf 88' lang='lat' dir='ltr'><strong>agitur,</strong></span> <span class='ocrx_word' id='word_1_691' title='bbox 2584 3746 2649 3799; x_wconf 90' lang='lat' dir='ltr'><strong>de</strong></span> <span class='ocrx_word' id='word_1_692' title='bbox 2679 3757 2745 3798; x_wconf 90' lang='lat' dir='ltr'><strong>eo</strong></span> <span class='ocrx_word' id='word_1_693' title='bbox 2776 3743 2831 3797; x_wconf 87' lang='lat' dir='ltr'><strong>in</strong></span> <span class='ocrx_word' id='word_1_694' title='bbox 2877 3742 3066 3797; x_wconf 87' lang='lat' dir='ltr'><strong>cellula</strong></span> <span class='ocrx_word' id='word_1_695' title='bbox 3106 3742 3431 3811; x_wconf 88' lang='lat' dir='ltr'><strong>disputatur.</strong></span> <span class='ocrx_word' id='word_1_696' title='bbox 3470 3737 3709 3793; x_wconf 85' lang='lat' dir='ltr'><strong>Necdum</strong></span> <span class='ocrx_word' id='word_1_697' title='bbox 3747 3734 3803 3790; x_wconf 85' lang='lat' dir='ltr'><strong>id</strong></span> 
     </span>
    </p>
   </div>
   <div class='ocr_carea' id='block_1_100' title="bbox 2217 3829 3801 3905">
    <p class='ocr_par' dir='ltr' id='par_1_100' title="bbox 2217 3829 3801 3905">
     <span class='ocr_line' id='line_1_100' title="bbox 2217 3829 3801 3905; baseline -0.008 -14"><span class='ocrx_word' id='word_1_698' title='bbox 2217 3839 2285 3892; x_wconf 90' lang='lat' dir='ltr'><strong>ad</strong></span> <span class='ocrx_word' id='word_1_699' title='bbox 2318 3851 2476 3892; x_wconf 87' lang='lat' dir='ltr'><strong>aures</strong></span> <span class='ocrx_word' id='word_1_700' title='bbox 2508 3835 2650 3905; x_wconf 86' lang='lat' dir='ltr'><strong>vulgi</strong></span> <span class='ocrx_word' id='word_1_701' title='bbox 2686 3832 2826 3888; x_wconf 87' lang='lat' dir='ltr'><strong>fama</strong></span> <span class='ocrx_word' id='word_1_702' title='bbox 2850 3832 3105 3902; x_wconf 88' lang='lat' dir='ltr'><strong>pertulit,</strong></span> <span class='ocrx_word' id='word_1_703' title='bbox 3136 3832 3276 3885; x_wconf 88' lang='lat' dir='ltr'><strong>unde</strong></span> <span class='ocrx_word' id='word_1_704' title='bbox 3300 3829 3616 3900; x_wconf 90' lang='lat' dir='ltr'><strong>plerumque</strong></span> <span class='ocrx_word' id='word_1_705' title='bbox 3646 3840 3801 3881; x_wconf 81' lang='lat' dir='ltr'><strong>mon-</strong></span> 
     </span>
    </p>
   </div>
   <div class='ocr_carea' id='block_1_101' title="bbox 2219 3917 3801 3993">
    <p class='ocr_par' dir='ltr' id='par_1_101' title="bbox 2219 3917 3801 3993">
     <span class='ocr_line' id='line_1_101' title="bbox 2219 3917 3801 3993; baseline -0.009 -11"><span class='ocrx_word' id='word_1_706' title='bbox 2219 3927 2351 3982; x_wconf 91' lang='lat' dir='ltr'><strong>tium</strong></span> <span class='ocrx_word' id='word_1_707' title='bbox 2373 3924 2484 3993; x_wconf 88' lang='lat' dir='ltr'><strong>jam</strong></span> <span class='ocrx_word' id='word_1_708' title='bbox 2507 3933 2715 3980; x_wconf 89' lang='lat' dir='ltr'><strong>secreta</strong></span> <span class='ocrx_word' id='word_1_709' title='bbox 2745 3922 3054 3992; x_wconf 86' lang='lat' dir='ltr'><strong>complevit.</strong></span> <span class='ocrx_word' id='word_1_710' title='bbox 3083 3919 3237 3976; x_wconf 89' lang='lat' dir='ltr'><strong>Adde</strong></span> <span class='ocrx_word' id='word_1_711' title='bbox 3258 3961 3273 3987; x_wconf 94' lang='lat'><strong>,</strong></span> <span class='ocrx_word' id='word_1_712' title='bbox 3302 3921 3447 3990; x_wconf 88' lang='lat' dir='ltr'><strong>quod</strong></span> <span class='ocrx_word' id='word_1_713' title='bbox 3483 3917 3801 3973; x_wconf 89' lang='lat' dir='ltr'><strong>absentibus</strong></span> 
     </span>
    </p>
   </div>
   <div class='ocr_carea' id='block_1_102' title="bbox 2216 4010 3798 4085">
    <p class='ocr_par' dir='ltr' id='par_1_102' title="bbox 2216 4010 3798 4085">
     <span class='ocr_line' id='line_1_102' title="bbox 2216 4010 3798 4085; baseline -0.009 -12"><span class='ocrx_word' id='word_1_714' title='bbox 2216 4018 2477 4074; x_wconf 87' lang='lat' dir='ltr'><strong>arbitris.</strong></span> <span class='ocrx_word' id='word_1_715' title='bbox 2526 4023 2731 4085; x_wconf 89' lang='lat' dir='ltr'><strong>quanto</strong></span> <span class='ocrx_word' id='word_1_716' title='bbox 2776 4011 3213 4084; x_wconf 86' lang='lat' dir='ltr'><strong>reprehensionis</strong></span> <span class='ocrx_word' id='word_1_717' title='bbox 3274 4010 3579 4065; x_wconf 87' lang='lat' dir='ltr'><strong>securiores</strong></span> <span class='ocrx_word' id='word_1_718' title='bbox 3626 4014 3754 4061; x_wconf 90' lang='lat' dir='ltr'><strong>sunt</strong></span> <span class='ocrx_word' id='word_1_719' title='bbox 3781 4044 3798 4069; x_wconf 88' lang='lat'><strong>,</strong></span> 
     </span>
    </p>
   </div>
   <div class='ocr_carea' id='block_1_103' title="bbox 2220 4093 3802 4181">
    <p class='ocr_par' dir='ltr' id='par_1_103' title="bbox 2220 4093 3802 4181">
     <span class='ocr_line' id='line_1_103' title="bbox 2220 4093 3802 4181; baseline -0.013 -13"><span class='ocrx_word' id='word_1_720' title='bbox 2220 4121 2403 4175; x_wconf 88' lang='lat' dir='ltr'><strong>tanto,</strong></span> <span class='ocrx_word' id='word_1_721' title='bbox 2432 4109 2694 4181; x_wconf 86' lang='lat' dir='ltr'><strong>quidquid</strong></span> <span class='ocrx_word' id='word_1_722' title='bbox 2744 4107 2938 4175; x_wconf 66' lang='lat' dir='ltr'><strong>lingua:</strong></span> <span class='ocrx_word' id='word_1_723' title='bbox 2983 4101 3343 4159; x_wconf 78' lang='lat' dir='ltr'><strong>confluxerint</strong></span> <span class='ocrx_word' id='word_1_724' title='bbox 3367 4140 3384 4165; x_wconf 92' lang='lat'><strong>,</strong></span> <span class='ocrx_word' id='word_1_725' title='bbox 3415 4098 3638 4153; x_wconf 88' lang='lat' dir='ltr'><strong>liberius</strong></span> <span class='ocrx_word' id='word_1_726' title='bbox 3663 4093 3802 4149; x_wconf 70' lang='lat' dir='ltr'><strong>luu-</strong></span> 
     </span>
    </p>
   </div>
   <div class='ocr_carea' id='block_1_104' title="bbox 2217 4193 3809 4271">
    <p class='ocr_par' dir='ltr' id='par_1_104' title="bbox 2217 4193 3809 4271">
     <span class='ocr_line' id='line_1_104' title="bbox 2217 4193 3809 4271; baseline -0.013 -12"><span class='ocrx_word' id='word_1_727' title='bbox 2217 4204 2371 4259; x_wconf 90' lang='lat' dir='ltr'><strong>dunt.</strong></span> <span class='ocrx_word' id='word_1_728' title='bbox 2407 4200 2606 4271; x_wconf 90' lang='lat' dir='ltr'><strong>Sicque</strong></span> <span class='ocrx_word' id='word_1_729' title='bbox 2639 4199 2728 4263; x_wconf 85' lang='lat' dir='ltr'><strong>fit,</strong></span> <span class='ocrx_word' id='word_1_730' title='bbox 2768 4206 2828 4251; x_wconf 93' lang='lat' dir='ltr'><strong>ut</strong></span> <span class='ocrx_word' id='word_1_731' title='bbox 2847 4197 2937 4266; x_wconf 90' lang='lat' dir='ltr'><strong>qui</strong></span> <span class='ocrx_word' id='word_1_732' title='bbox 2965 4193 3227 4265; x_wconf 82' lang='lat' dir='ltr'><strong>purgandi</strong></span> <span class='ocrx_word' id='word_1_733' title='bbox 3253 4205 3375 4246; x_wconf 88' lang='lat' dir='ltr'><strong>sese</strong></span> <span class='ocrx_word' id='word_1_734' title='bbox 3413 4204 3579 4245; x_wconf 88' lang='lat' dir='ltr'><strong>causa</strong></span> <span class='ocrx_word' id='word_1_735' title='bbox 3604 4200 3809 4242; x_wconf 53' lang='lat' dir='ltr'><strong>conveu</strong></span> 
     </span>
    </p>
   </div>
   <div class='ocr_carea' id='block_1_105' title="bbox 2218 4278 3800 4358">
    <p class='ocr_par' dir='ltr' id='par_1_105' title="bbox 2218 4278 3800 4358">
     <span class='ocr_line' id='line_1_105' title="bbox 2218 4278 3800 4358; baseline -0.011 -10"><span class='ocrx_word' id='word_1_736' title='bbox 2218 4300 2446 4356; x_wconf 79' lang='lat' dir='ltr'><strong>nerant,</strong></span> <span class='ocrx_word' id='word_1_737' title='bbox 2474 4289 2750 4346; x_wconf 89' lang='lat' dir='ltr'><strong>cumulato</strong></span> <span class='ocrx_word' id='word_1_738' title='bbox 2779 4288 2975 4358; x_wconf 61' lang='lat' dir='ltr'><strong>lingua:</strong></span> <span class='ocrx_word' id='word_1_739' title='bbox 2999 4278 3249 4355; x_wconf 85' lang='lat' dir='ltr'><strong>contagio</strong></span> <span class='ocrx_word' id='word_1_740' title='bbox 3282 4297 3312 4337; x_wconf 89' lang='lat' dir='ltr'><strong>a</strong></span> <span class='ocrx_word' id='word_1_741' title='bbox 3341 4297 3401 4336; x_wconf 89' lang='lat' dir='ltr'><strong>se</strong></span> <span class='ocrx_word' id='word_1_742' title='bbox 3428 4280 3657 4335; x_wconf 85' lang='lat' dir='ltr'><strong>invicem</strong></span> <span class='ocrx_word' id='word_1_743' title='bbox 3683 4291 3800 4331; x_wconf 85' lang='lat' dir='ltr'><strong>sor-</strong></span> 
     </span>
    </p>
   </div>
   <div class='ocr_carea' id='block_1_106' title="bbox 2218 4382 2823 4440">
    <p class='ocr_par' dir='ltr' id='par_1_106' title="bbox 2218 4382 2823 4440">
     <span class='ocr_line' id='line_1_106' title="bbox 2218 4382 2823 4440; baseline -0.008 -1"><span class='ocrx_word' id='word_1_744' title='bbox 2218 4384 2454 4440; x_wconf 90' lang='lat' dir='ltr'><strong>didiores</strong></span> <span class='ocrx_word' id='word_1_745' title='bbox 2481 4382 2823 4438; x_wconf 88' lang='lat' dir='ltr'><strong>abscindant.</strong></span> 
     </span>
    </p>
   </div>
   <div class='ocr_carea' id='block_1_107' title="bbox 2482 4467 3184 4527">
    <p class='ocr_par' dir='ltr' id='par_1_107' title="bbox 2482 4467 3184 4527">
     <span class='ocr_line' id='line_1_107' title="bbox 2482 4467 3184 4527; baseline -0.014 6"><span class='ocrx_word' id='word_1_746' title='bbox 2482 4486 2489 4492; x_wconf 83' lang='lat'><strong><em>&#39;</em></strong></span> <span class='ocrx_word' id='word_1_747' title='bbox 2833 4468 3060 4527; x_wconf 88' lang='lat' dir='ltr'><strong>CAPUT</strong></span> <span class='ocrx_word' id='word_1_748' title='bbox 3098 4467 3184 4523; x_wconf 85' lang='lat' dir='ltr'><strong>XI.</strong></span> 
     </span>
    </p>
   </div>
   <div class='ocr_carea' id='block_1_108' title="bbox 2420 4556 3599 4620">
    <p class='ocr_par' dir='ltr' id='par_1_108' title="bbox 2420 4556 3599 4620">
     <span class='ocr_line' id='line_1_108' title="bbox 2420 4556 3599 4620; baseline -0.012 0"><span class='ocrx_word' id='word_1_749' title='bbox 2420 4565 2498 4620; x_wconf 87' lang='lat' dir='ltr'><strong>De</strong></span> <span class='ocrx_word' id='word_1_750' title='bbox 2527 4564 2829 4618; x_wconf 77' lang='lat' dir='ltr'><strong>monastica:</strong></span> <span class='ocrx_word' id='word_1_751' title='bbox 2855 4561 3195 4616; x_wconf 85' lang='lat' dir='ltr'><strong>institutionis</strong></span> <span class='ocrx_word' id='word_1_752' title='bbox 3228 4556 3599 4612; x_wconf 85' lang='lat' dir='ltr'><strong>observatione.</strong></span> 
     </span>
    </p>
   </div>
   <div class='ocr_carea' id='block_1_109' title="bbox 2289 4644 3811 4721">
    <p class='ocr_par' dir='ltr' id='par_1_109' title="bbox 2289 4644 3811 4721">
     <span class='ocr_line' id='line_1_109' title="bbox 2289 4644 3811 4721; baseline -0.007 -11"><span class='ocrx_word' id='word_1_753' title='bbox 2289 4655 2422 4711; x_wconf 87' lang='lat' dir='ltr'><strong>Illud</strong></span> <span class='ocrx_word' id='word_1_754' title='bbox 2451 4654 2615 4709; x_wconf 89' lang='lat' dir='ltr'><strong>etiam</strong></span> <span class='ocrx_word' id='word_1_755' title='bbox 2639 4669 2742 4708; x_wconf 90' lang='lat' dir='ltr'><strong>non</strong></span> <span class='ocrx_word' id='word_1_756' title='bbox 2771 4653 2991 4708; x_wconf 90' lang='lat' dir='ltr'><strong>minima</strong></span> <span class='ocrx_word' id='word_1_757' title='bbox 3021 4666 3148 4721; x_wconf 91' lang='lat' dir='ltr'><strong>pars</strong></span> <span class='ocrx_word' id='word_1_758' title='bbox 3174 4648 3509 4719; x_wconf 64' lang='lat' dir='ltr'><strong>paenitentiae</strong></span> <span class='ocrx_word' id='word_1_759' title='bbox 3530 4654 3635 4708; x_wconf 88' lang='lat' dir='ltr'><strong>est,</strong></span> <span class='ocrx_word' id='word_1_760' title='bbox 3656 4644 3811 4714; x_wconf 73' lang='lat' dir='ltr'><strong>quod</strong></span> 
     </span>
    </p>
   </div>
   <div class='ocr_carea' id='block_1_110' title="bbox 2219 4734 3801 4814">
    <p class='ocr_par' dir='ltr' id='par_1_110' title="bbox 2219 4734 3801 4814">
     <span class='ocr_line' id='line_1_110' title="bbox 2219 4734 3801 4814; baseline -0.011 -11"><span class='ocrx_word' id='word_1_761' title='bbox 2219 4746 2365 4803; x_wconf 91' lang='lat' dir='ltr'><strong>omni</strong></span> <span class='ocrx_word' id='word_1_762' title='bbox 2399 4754 2641 4814; x_wconf 88' lang='lat' dir='ltr'><strong>tempore</strong></span> <span class='ocrx_word' id='word_1_763' title='bbox 2665 4744 2779 4798; x_wconf 89' lang='lat' dir='ltr'><strong>sive</strong></span> <span class='ocrx_word' id='word_1_764' title='bbox 2809 4750 3026 4804; x_wconf 71' lang='lat' dir='ltr'><strong>testate,</strong></span> <span class='ocrx_word' id='word_1_765' title='bbox 3057 4741 3170 4795; x_wconf 91' lang='lat' dir='ltr'><strong>sive</strong></span> <span class='ocrx_word' id='word_1_766' title='bbox 3208 4739 3385 4793; x_wconf 88' lang='lat' dir='ltr'><strong>hieme</strong></span> <span class='ocrx_word' id='word_1_767' title='bbox 3413 4751 3518 4791; x_wconf 91' lang='lat' dir='ltr'><strong>nou</strong></span> <span class='ocrx_word' id='word_1_768' title='bbox 3565 4734 3764 4790; x_wconf 86' lang='lat' dir='ltr'><strong>calceis</strong></span> <span class='ocrx_word' id='word_1_769' title='bbox 3783 4773 3801 4796; x_wconf 91' lang='lat'><strong>,</strong></span> 
     </span>
    </p>
   </div>
   <div class='ocr_carea' id='block_1_111' title="bbox 2223 4829 3806 4917">
    <p class='ocr_par' dir='ltr' id='par_1_111' title="bbox 2223 4829 3806 4917">
     <span class='ocr_line' id='line_1_111' title="bbox 2223 4829 3806 4917; baseline -0.009 -25"><span class='ocrx_word' id='word_1_770' title='bbox 2223 4854 2332 4893; x_wconf 93' lang='lat' dir='ltr'><strong>non</strong></span> <span class='ocrx_word' id='word_1_771' title='bbox 2362 4839 2539 4894; x_wconf 88' lang='lat' dir='ltr'><strong>ocreis</strong></span> <span class='ocrx_word' id='word_1_772' title='bbox 2590 4844 2822 4890; x_wconf 92' lang='lat' dir='ltr'><strong>utuntur</strong></span> <span class='ocrx_word' id='word_1_773' title='bbox 2850 4834 2902 4888; x_wconf 91' lang='lat' dir='ltr'><strong>in</strong></span> <span class='ocrx_word' id='word_1_774' title='bbox 2951 4832 3192 4896; x_wconf 88' lang='lat' dir='ltr'><strong>cellulis;</strong></span> <span class='ocrx_word' id='word_1_775' title='bbox 3239 4830 3334 4917; x_wconf 66' lang='lat' dir='ltr'><strong>sed</strong></span> <span class='ocrx_word' id='word_1_776' title='bbox 3388 4829 3546 4884; x_wconf 92' lang='lat' dir='ltr'><strong>nudis</strong></span> <span class='ocrx_word' id='word_1_777' title='bbox 3585 4839 3806 4896; x_wconf 87' lang='lat' dir='ltr'><strong>semper</strong></span> 
     </span>
    </p>
   </div>
   <div class='ocr_carea' id='block_1_112' title="bbox 2221 4926 3807 4997">
    <p class='ocr_par' dir='ltr' id='par_1_112' title="bbox 2221 4926 3807 4997">
     <span class='ocr_line' id='line_1_112' title="bbox 2221 4926 3807 4997; baseline -0.007 -14"><span class='ocrx_word' id='word_1_778' title='bbox 2221 4928 2493 4992; x_wconf 90' lang='lat' dir='ltr'><strong>cruribus,</strong></span> <span class='ocrx_word' id='word_1_779' title='bbox 2535 4935 2589 4982; x_wconf 89' lang='lat' dir='ltr'><strong>et</strong></span> <span class='ocrx_word' id='word_1_780' title='bbox 2619 4927 2845 4997; x_wconf 87' lang='lat' dir='ltr'><strong>pedibus</strong></span> <span class='ocrx_word' id='word_1_781' title='bbox 2871 4926 3205 4980; x_wconf 86' lang='lat' dir='ltr'><strong>consuetudo</strong></span> <span class='ocrx_word' id='word_1_782' title='bbox 3229 4933 3314 4978; x_wconf 89' lang='lat' dir='ltr'><strong>est</strong></span> <span class='ocrx_word' id='word_1_783' title='bbox 3339 4936 3685 4993; x_wconf 85' lang='lat' dir='ltr'><strong>permanere,</strong></span> <span class='ocrx_word' id='word_1_784' title='bbox 3709 4934 3807 4974; x_wconf 76' lang='lat' dir='ltr'><strong>ex-</strong></span> 
     </span>
    </p>
   </div>
   <div class='ocr_carea' id='block_1_113' title="bbox 2221 5014 3803 5090">
    <p class='ocr_par' dir='ltr' id='par_1_113' title="bbox 2221 5014 3803 5090">
     <span class='ocr_line' id='line_1_113' title="bbox 2221 5014 3803 5090; baseline -0.009 -14"><span class='ocrx_word' id='word_1_785' title='bbox 2221 5020 2393 5089; x_wconf 86' lang='lat' dir='ltr'><strong>ceptis</strong></span> <span class='ocrx_word' id='word_1_786' title='bbox 2424 5021 2529 5086; x_wconf 87' lang='lat' dir='ltr'><strong>his,</strong></span> <span class='ocrx_word' id='word_1_787' title='bbox 2546 5020 2634 5090; x_wconf 89' lang='lat' dir='ltr'><strong>qui</strong></span> <span class='ocrx_word' id='word_1_788' title='bbox 2657 5020 2889 5088; x_wconf 83' lang='lat' dir='ltr'><strong>graviori</strong></span> <span class='ocrx_word' id='word_1_789' title='bbox 2909 5018 3149 5073; x_wconf 89' lang='lat' dir='ltr'><strong>molestia</strong></span> <span class='ocrx_word' id='word_1_790' title='bbox 3171 5014 3500 5070; x_wconf 83' lang='lat' dir='ltr'><strong>inﬁrmitatis</strong></span> <span class='ocrx_word' id='word_1_791' title='bbox 3523 5021 3803 5082; x_wconf 84' lang='lat' dir='ltr'><strong>urgentur.</strong></span> 
     </span>
    </p>
   </div>
   <div class='ocr_carea' id='block_1_114' title="bbox 2226 5101 3802 5183">
    <p class='ocr_par' dir='ltr' id='par_1_114' title="bbox 2226 5101 3802 5183">
     <span class='ocr_line' id='line_1_114' title="bbox 2226 5101 3802 5183; baseline -0.007 -17"><span class='ocrx_word' id='word_1_792' title='bbox 2226 5112 2489 5183; x_wconf 75' lang='lat' dir='ltr'><strong>Regulare</strong></span> <span class='ocrx_word' id='word_1_793' title='bbox 2546 5122 2727 5166; x_wconf 89' lang='lat' dir='ltr'><strong>autem</strong></span> <span class='ocrx_word' id='word_1_794' title='bbox 2774 5121 2858 5167; x_wconf 88' lang='lat' dir='ltr'><strong>est</strong></span> <span class='ocrx_word' id='word_1_795' title='bbox 2909 5109 3254 5166; x_wconf 90' lang='lat' dir='ltr'><strong>monasteriis</strong></span> <span class='ocrx_word' id='word_1_796' title='bbox 3301 5109 3381 5179; x_wconf 90' lang='lat' dir='ltr'><strong>(S.</strong></span> <span class='ocrx_word' id='word_1_797' title='bbox 3427 5107 3629 5161; x_wconf 70' lang='lat' dir='ltr'><strong>Bauer).</strong></span> <span class='ocrx_word' id='word_1_798' title='bbox 3673 5101 3802 5171; x_wconf 80' lang='lat' dir='ltr'><strong>Reg.</strong></span> 
     </span>
    </p>
   </div>
   <div class='ocr_carea' id='block_1_115' title="bbox 2223 5192 3804 5269">
    <p class='ocr_par' dir='ltr' id='par_1_115' title="bbox 2223 5192 3804 5269">
     <span class='ocr_line' id='line_1_115' title="bbox 2223 5192 3804 5269; baseline -0.006 -15"><span class='ocrx_word' id='word_1_799' title='bbox 2223 5215 2344 5269; x_wconf 88' lang='lat' dir='ltr'><strong>cap.</strong></span> <span class='ocrx_word' id='word_1_800' title='bbox 2379 5200 2489 5269; x_wconf 73' lang='grc'><strong>51),</strong></span> <span class='ocrx_word' id='word_1_801' title='bbox 2540 5212 2597 5254; x_wconf 91' lang='lat' dir='ltr'><strong>ut</strong></span> <span class='ocrx_word' id='word_1_802' title='bbox 2624 5201 2698 5266; x_wconf 91' lang='lat' dir='ltr'><strong>ii,</strong></span> <span class='ocrx_word' id='word_1_803' title='bbox 2729 5202 2820 5269; x_wconf 91' lang='lat' dir='ltr'><strong>qui</strong></span> <span class='ocrx_word' id='word_1_804' title='bbox 2864 5200 2917 5254; x_wconf 90' lang='lat' dir='ltr'><strong>in</strong></span> <span class='ocrx_word' id='word_1_805' title='bbox 2967 5201 3110 5255; x_wconf 87' lang='lat' dir='ltr'><strong>viam</strong></span> <span class='ocrx_word' id='word_1_806' title='bbox 3146 5198 3485 5267; x_wconf 87' lang='lat' dir='ltr'><strong>diriguntur,</strong></span> <span class='ocrx_word' id='word_1_807' title='bbox 3519 5192 3650 5249; x_wconf 91' lang='lat' dir='ltr'><strong>foris</strong></span> <span class='ocrx_word' id='word_1_808' title='bbox 3692 5207 3804 5246; x_wconf 88' lang='lat' dir='ltr'><strong>nou</strong></span> 
     </span>
    </p>
   </div>
   <div class='ocr_carea' id='block_1_116' title="bbox 2223 5281 3810 5359">
    <p class='ocr_par' dir='ltr' id='par_1_116' title="bbox 2223 5281 3810 5359">
     <span class='ocr_line' id='line_1_116' title="bbox 2223 5281 3810 5359; baseline -0.008 -12"><span class='ocrx_word' id='word_1_809' title='bbox 2223 5292 2526 5356; x_wconf 88' lang='lat' dir='ltr'><strong>eomedant,</strong></span> <span class='ocrx_word' id='word_1_810' title='bbox 2558 5292 2600 5344; x_wconf 89' lang='lat' dir='ltr'><strong>si</strong></span> <span class='ocrx_word' id='word_1_811' title='bbox 2636 5305 2702 5346; x_wconf 91' lang='lat' dir='ltr'><strong>eo</strong></span> <span class='ocrx_word' id='word_1_812' title='bbox 2731 5292 2817 5346; x_wconf 89' lang='lat' dir='ltr'><strong>die</strong></span> <span class='ocrx_word' id='word_1_813' title='bbox 2843 5301 3062 5359; x_wconf 85' lang='lat' dir='ltr'><strong>sperant</strong></span> <span class='ocrx_word' id='word_1_814' title='bbox 3090 5287 3253 5359; x_wconf 79' lang='lat'><strong>339</strong></span> <span class='ocrx_word' id='word_1_815' title='bbox 3277 5287 3491 5341; x_wconf 90' lang='lat' dir='ltr'><strong>reverti.</strong></span> <span class='ocrx_word' id='word_1_816' title='bbox 3524 5283 3623 5340; x_wconf 89' lang='lat' dir='ltr'><strong>Cui</strong></span> <span class='ocrx_word' id='word_1_817' title='bbox 3656 5281 3810 5335; x_wconf 84' lang='lat' dir='ltr'><strong>vide-</strong></span> 
     </span>
    </p>
   </div>
   <div class='ocr_carea' id='block_1_117' title="bbox 2223 5375 3809 5449">
    <p class='ocr_par' dir='ltr' id='par_1_117' title="bbox 2223 5375 3809 5449">
     <span class='ocr_line' id='line_1_117' title="bbox 2223 5375 3809 5449; baseline -0.006 -13"><span class='ocrx_word' id='word_1_818' title='bbox 2223 5382 2351 5437; x_wconf 74' lang='lat' dir='ltr'><strong>licet</strong></span> <span class='ocrx_word' id='word_1_819' title='bbox 2377 5381 2741 5437; x_wconf 81' lang='lat' dir='ltr'><strong>observantia:</strong></span> <span class='ocrx_word' id='word_1_820' title='bbox 2778 5381 2905 5436; x_wconf 88' lang='lat' dir='ltr'><strong>illud</strong></span> <span class='ocrx_word' id='word_1_821' title='bbox 2946 5381 3111 5435; x_wconf 89' lang='lat' dir='ltr'><strong>etiam</strong></span> <span class='ocrx_word' id='word_1_822' title='bbox 3159 5380 3298 5449; x_wconf 84' lang='lat' dir='ltr'><strong>apud</strong></span> <span class='ocrx_word' id='word_1_823' title='bbox 3326 5394 3425 5433; x_wconf 91' lang='lat' dir='ltr'><strong>uos</strong></span> <span class='ocrx_word' id='word_1_824' title='bbox 3463 5375 3809 5437; x_wconf 85' lang='lat' dir='ltr'><strong>additur,ut</strong></span> 
     </span>
    </p>
   </div>
   <div class='ocr_carea' id='block_1_118' title="bbox 2224 5464 3809 5545">
    <p class='ocr_par' dir='ltr' id='par_1_118' title="bbox 2224 5464 3809 5545">
     <span class='ocr_line' id='line_1_118' title="bbox 2224 5464 3809 5545; baseline -0.006 -16"><span class='ocrx_word' id='word_1_825' title='bbox 2224 5476 2337 5529; x_wconf 89' lang='lat' dir='ltr'><strong>sive</strong></span> <span class='ocrx_word' id='word_1_826' title='bbox 2367 5476 2501 5545; x_wconf 89' lang='lat' dir='ltr'><strong>ipso,</strong></span> <span class='ocrx_word' id='word_1_827' title='bbox 2527 5475 2641 5528; x_wconf 88' lang='lat' dir='ltr'><strong>sive</strong></span> <span class='ocrx_word' id='word_1_828' title='bbox 2667 5473 2775 5528; x_wconf 87' lang='lat' dir='ltr'><strong>alio</strong></span> <span class='ocrx_word' id='word_1_829' title='bbox 2801 5474 2887 5528; x_wconf 87' lang='lat' dir='ltr'><strong>die</strong></span> <span class='ocrx_word' id='word_1_830' title='bbox 2922 5472 3094 5527; x_wconf 78' lang='lat' dir='ltr'><strong>fuerit</strong></span> <span class='ocrx_word' id='word_1_831' title='bbox 3109 5472 3232 5541; x_wconf 88' lang='lat' dir='ltr'><strong>quis</strong></span> <span class='ocrx_word' id='word_1_832' title='bbox 3265 5484 3537 5540; x_wconf 77' lang='lat' dir='ltr'><strong>egressus,</strong></span> <span class='ocrx_word' id='word_1_833' title='bbox 3562 5464 3809 5535; x_wconf 77' lang='lat' dir='ltr'><strong>exceptis</strong></span> 
     </span>
    </p>
   </div>
   <div class='ocr_carea' id='block_1_119' title="bbox 2225 5560 3843 5636">
    <p class='ocr_par' dir='ltr' id='par_1_119' title="bbox 2225 5560 3843 5636">
     <span class='ocr_line' id='line_1_119' title="bbox 2225 5560 3843 5636; baseline -0.005 -19"><span class='ocrx_word' id='word_1_834' title='bbox 2225 5567 2509 5636; x_wconf 68' lang='lat' dir='ltr'><strong>praaciputs</strong></span> <span class='ocrx_word' id='word_1_835' title='bbox 2540 5564 2938 5629; x_wconf 65' lang='lat' dir='ltr'><strong>festivitatibus,</strong></span> <span class='ocrx_word' id='word_1_836' title='bbox 2960 5562 3178 5633; x_wconf 82' lang='lat' dir='ltr'><strong>jejunus</strong></span> <span class='ocrx_word' id='word_1_837' title='bbox 3209 5576 3425 5631; x_wconf 87' lang='lat' dir='ltr'><strong>semper</strong></span> <span class='ocrx_word' id='word_1_838' title='bbox 3452 5560 3520 5615; x_wconf 88' lang='lat' dir='ltr'><strong>ad</strong></span> <span class='ocrx_word' id='word_1_839' title='bbox 3558 5571 3809 5613; x_wconf 88' lang='lat' dir='ltr'><strong>eremum</strong></span> <span class='ocrx_word' id='word_1_840' title='bbox 3835 5573 3843 5582; x_wconf 92' lang='grc'>·</span> 
     </span>
    </p>
   </div>
   <div class='ocr_carea' id='block_1_120' title="bbox 2226 5656 3547 5731">
    <p class='ocr_par' dir='ltr' id='par_1_120' title="bbox 2226 5656 3547 5731">
     <span class='ocr_line' id='line_1_120' title="bbox 2226 5656 3547 5731; baseline -0.006 -14"><span class='ocrx_word' id='word_1_841' title='bbox 2226 5672 2528 5719; x_wconf 85' lang='lat' dir='ltr'><strong>revertatur</strong></span> <span class='ocrx_word' id='word_1_842' title='bbox 2556 5682 2566 5715; x_wconf 89' lang='lat'><strong>:</strong></span> <span class='ocrx_word' id='word_1_843' title='bbox 2597 5661 2677 5716; x_wconf 88' lang='lat' dir='ltr'><strong>sin</strong></span> <span class='ocrx_word' id='word_1_844' title='bbox 2714 5661 2847 5716; x_wconf 84' lang='lat' dir='ltr'><strong>alias</strong></span> <span class='ocrx_word' id='word_1_845' title='bbox 2872 5659 3187 5731; x_wconf 64' lang='lat' dir='ltr'><strong>pruitentia</strong></span> <span class='ocrx_word' id='word_1_846' title='bbox 3218 5675 3321 5713; x_wconf 91' lang='lat' dir='ltr'><strong>non</strong></span> <span class='ocrx_word' id='word_1_847' title='bbox 3355 5656 3547 5712; x_wconf 88' lang='lat' dir='ltr'><strong>deerit.</strong></span> 
     </span>
    </p>
   </div>
   <div class='ocr_carea' id='block_1_121' title="bbox 2299 5747 3803 5810">
    <p class='ocr_par' dir='ltr' id='par_1_121' title="bbox 2299 5747 3803 5810">
     <span class='ocr_line' id='line_1_121' title="bbox 2299 5747 3803 5810; baseline -0.009 0"><span class='ocrx_word' id='word_1_848' title='bbox 2299 5755 2373 5810; x_wconf 89' lang='lat' dir='ltr'><strong>De</strong></span> <span class='ocrx_word' id='word_1_849' title='bbox 2415 5756 2623 5810; x_wconf 63' lang='lat' dir='ltr'><strong>caeteris</strong></span> <span class='ocrx_word' id='word_1_850' title='bbox 2648 5772 2773 5810; x_wconf 83' lang='lat' dir='ltr'><strong>vero</strong></span> <span class='ocrx_word' id='word_1_851' title='bbox 2803 5754 3112 5809; x_wconf 71' lang='lat' dir='ltr'><strong>monasticae</strong></span> <span class='ocrx_word' id='word_1_852' title='bbox 3141 5749 3497 5807; x_wconf 70' lang='lat' dir='ltr'><strong>institutionis</strong></span> <span class='ocrx_word' id='word_1_853' title='bbox 3541 5747 3803 5803; x_wconf 75' lang='lat' dir='ltr'><strong>observa.-</strong></span> 
     </span>
    </p>
   </div>
  </div>
