4106 6320
338 382 443 439 545

1146 379 1388 438 OPUSC.
1422 377 1535 435 XV.
1566 409 1636 418 —
1672 377 1760 433 DE
1798 375 2185 434 INSTI'I‘UTIS
2225 379 2385 435 ΟΜ).
2427 379 2706 437 EREMI’I‘.

3483 387 3592 442 5I6

341 493 596 556 tionibus,
622 487 879 562 quidquid
905 489 959 542 in
983 487 1215 560 regulari
1243 499 1300 545 et
1319 490 1565 544 districto
1587 488 1918 544 monasterio
1941 493 1992 552 Α
2019 489 2406 545 hebdomadam
2448 490 2741 559 jejunaudo
2799 489 2955 546 facile
3007 494 3330 564 transigunt,
3371 497 3590 565 quidam

342 592 579 647 tenetur,
614 583 753 636 idem
798 581 960 635 etiam
992 580 1078 636 hic
1114 590 1271 635 caule
1306 590 1361 635 et
1386 581 1614 636 solerter
1643 581 1914 636 nihilomi-

340 690 443 729 nus
476 671 780 728 custoditur
810 689 822 723 :
852 670 1103 725 videlicet
1131 672 1194 726 de
1223 672 1624 740 promptissima
1660 671 1914 725 obedien-

341 765 440 830 tia,
471 773 526 817 ut
555 762 912 832 quodcunque
941 762 1280 830 przecipitur,
1311 762 1587 816 humiliter
1619 771 1674 815 et
1702 761 1915 815 ferven-

339 853 551 908 tissime
590 861 916 923 peragatur;
972 851 1037 904 de
1083 867 1188 904 non
1233 851 1442 914 dando,
1491 849 1573 903 vel
1600 849 1915 919 accipiendo

339 945 458 1000 sine
489 942 732 1012 jussione
776 942 992 1011 prioris,
1029 941 1094 995 de
1127 941 1347 1011 proprio
1384 957 1488 995 non
1545 941 1823 1005 habendo;
1858 949 1916 994 ut

337 1040 464 1094 dum
527 1045 653 1091 sunt
708 1036 762 1089 in
812 1034 1068 1098 claustro,
1101 1035 1238 1102 quod
1275 1042 1357 1087 est
1392 1033 1546 1103 juxta
1603 1031 1913 1096 ecclesiam,

336 1129 453 1184 sive
487 1129 536 1180 iu
562 1126 714 1182 festis
747 1125 968 1189 diebus,
1000 1125 1114 1179 sive
1141 1123 1389 1177 omnibus
1430 1122 1917 1192 incompetentibus

335 1220 488 1275 horis
515 1217 786 1274 silentium
818 1226 1066 1281 teneant;
1096 1216 1227 1270 utin
1267 1214 1500 1285 capitulo
1521 1255 1535 1280 ,
1559 1215 1608 1267 in
1644 1214 1912 1278 oratorio,

335 1312 393 1365 in
421 1310 708 1364 refectorio
741 1308 1040 1379 regularem
1071 1307 1514 1364 consuetudinem
1562 1323 1666 1361 non
1698 1317 1919 1374 postpo-

333 1411 498 1468 nant;
533 1411 590 1455 ut
615 1417 738 1456 cum
768 1401 1068 1470 hospitibus
1101 1416 1204 1453 non
1244 1399 1573 1469 loquantur;
1604 1409 1765 1468 atque
1795 1399 1915 1453 ideo

331 1508 364 1547 a
397 1491 601 1546 cellulis
647 1506 816 1559 usque
864 1491 930 1543 ad
975 1489 1260 1544 ecclesiam
1312 1490 1426 1544 sive
1473 1489 1768 1548 venientes,
1801 1488 1915 1541 sive

330 1583 645 1643 redeuntes,
679 1595 708 1632 a
741 1595 965 1633 censura
1007 1579 1322 1633 silentiiuon
1337 1577 1682 1649 reccdaut(S.
1710 1577 1909 1630 Besso.

328 1671 460 1740 Reg.
477 1687 592 1740 cap.
612 1671 663 1732 5,
679 1670 870 1734 55,54;
887 1671 941 1732 ’5,
959 1670 1047 1733 5'5,
1063 1670 1152 1733 4‘2,
1167 1669 1234 1723 52
1248 1669 1399 1737 0155)
1420 1685 1764 1723 :enumerare
1776 1678 1916 1738 post-

327 1763 606 1836 ponimus,
635 1763 760 1832 quia
797 1762 1041 1816 laciniosi
1070 1761 1192 1831 styli
1235 1760 1512 1814 fastidium
1533 1761 1855 1816 devitamus.

944 1853 1172 1909 CAPUT
1211 1853 1324 1908 XII.

750 1945 824 1999 De
848 1945 1037 2014 pietate
1055 1962 1178 2015 erga
1204 1944 1498 2013 defunctos.

403 2037 534 2093 lllud
575 2048 741 2092 etiam
789 2037 1003 2091 silentio
1052 2037 1314 2106 praeteriri
1371 2037 1589 2106 dignum
1642 2053 1764 2092 esse
1810 2054 1916 2092 non

324 2130 598 2193 ducimus,
630 2128 758 2198 quia
788 2143 909 2181 cum
939 2127 1107 2182 frater
1135 2127 1400 2198 quispiam
1444 2143 1511 2182 ex
1543 2127 1742 2182 nostris
1767 2129 1918 2183 obie-

324 2224 424 2287 rit,
453 2221 542 2290 qui
567 2219 814 2274 videlicet
841 2219 1119 2273 nobiscum
1151 2219 1370 2288 degunt,
1399 2233 1495 2288 pro
1523 2234 1588 2272 eo
1619 2221 1914 2288 unusquis-

323 2329 439 2385 que
488 2321 691 2382 septem
737 2311 852 2365 dies
895 2309 1105 2378 jejunat
1134 2350 1148 2375 ,
1188 2318 1393 2378 septem
1441 2308 1754 2377 disciplinas
1791 2325 1915 2364 cum

327 2405 568 2461 millenis
599 2418 889 2472 scoparum
929 2401 1123 2454 ictibus
1151 2400 1377 2468 accipit,
1410 2400 1777 2468 scptingentas
1805 2413 1919 2453 me-

327 2509 546 2552 tanmas
570 2495 721 2560 facit,
764 2494 986 2563 triginta
1015 2493 1233 2560 insuper
1258 2492 1520 2545 Psalteria
1549 2507 1613 2545 ex
1646 2505 1796 2544 more
1827 2491 1920 2544 de-

324 2597 553 2653 cantat,
590 2597 643 2642 et
681 2579 1050 2655 unu'Squisque
1093 2583 1347 2638 sacerdos
1377 2593 1580 2652 septem
1620 2583 1813 2637 missas
1845 2582 1918 2636 illi

327 2697 432 2750 pro
459 2695 556 2733 sua
585 2693 815 2748 persona
847 2676 1134 2745 persolvit,
1166 2675 1314 2729 salvo
1345 2691 1410 2729 eo
1433 2718 1445 2740 ,
1476 2676 1616 2744 quo-l
1646 2675 1920 2728 coutinuis

327 2783 549 2839 quoque
574 2767 794 2836 triginta
824 2766 1013 2820 diebus
1039 2781 1136 2835 pro
1162 2781 1226 2818 co
1262 2767 1547 2818 missarum
1579 2765 1838 2818 solemnia
1868 2765 1918 2818 in

337 2867 606 2913 conventu
640 2857 1001 2913 communiter
1023 2855 1386 2910 celebrantur.
1424 2855 1547 2908 ll:cc
1575 2855 1738 2923 igitur
1763 2855 1922 2924 lmjus

336 2949 441 3004 loci
485 2948 666 3019 regula
714 2947 858 3001 nulla
905 2951 1012 3000 voti
1056 2947 1320 3001 varietate
1379 2947 1750 3015 postponitur;
1807 2948 1922 3001 haec

336 3026 673 3094 consuetudd
715 3038 860 3092 circa
901 3037 1188 3092 defunctos
1243 3039 1489 3091 districta
1547 3055 1814 3107 prorsus,
1866 3048 1922 3092 et

339 3131 633 3186 inviolabili
662 3145 875 3199 semper
897 3131 1272 3184 observatione
1302 3140 1531 3184 tenetur.

410 3225 466 3279 Si
493 3232 670 3276 autem
701 3221 821 3292 quis
845 3221 1071 3278 for:a.<se
1103 3222 1356 3281 uovilius,
1391 3223 1470 3272 vel
1498 3221 1736 3288 quolibet
1764 3223 1920 3275 modo

340 3315 639 3385 injunctam
686 3313 1061 3383 patuitentiam
1119 3323 1292 3367 morte
1319 3324 1624 3382 praeventus
1669 3328 1922 3367 consum-

334 3422 490 3462 mare
537 3421 644 3460 non
690 3405 880 3476 potuit,
913 3420 1034 3458 mox
1069 3414 1126 3458 ut
1169 3405 1234 3459 ad
1279 3405 1506 3458 fratrum
1557 3406 1800 3460 notitiam
1835 3419 1922 3458 res

333 3498 609 3568 patefacta
638 3496 965 3566 pervenerit,
993 3512 1115 3549 cum
1145 3512 1338 3563 magno
1367 3495 1578 3549 fervore
1610 3505 1717 3549 tota
1749 3495 1924 3564 poeni-

333 3590 531 3652 tentia,
556 3587 713 3658 parili
741 3586 882 3642 facta
913 3586 1054 3639 inter
1078 3601 1170 3640 eos
1195 3585 1457 3639 divisione
1488 3585 1781 3653 suscipitur
1814 3603 1826 3638 :
1869 3594 1921 3638 et

332 3677 679 3750 quantalibet.
704 3676 795 3741 sit,
841 3676 990 3730 brevi
1019 3676 1193 3744 spatio
1221 3690 1316 3744 per
1347 3675 1591 3729 diversos
1616 3675 1922 3728 alIlictionis

337 3767 531 3820 modos
573 3774 797 3818 ovautcr
842 3764 1108 3833 expletur.
1152 3763 1328 3817 l’auca
1375 3765 1535 3833 igitur
1563 3765 1629 3818 de
1675 3779 1770 3826 ea,
1803 3781 1922 3833 qua:

338 3873 491 3912 nunc
530 3864 640 3920 est,
688 3856 846 3924 hujus
869 3857 1035 3910 eremi
1083 3856 1498 3910 conversatione
1532 3854 1795 3909 sulliciant
1825 3875 1836 3908 :
1866 3869 1921 3911 ut

337 3963 440 4017 per
487 3949 620 4008 hzec,
671 3963 790 4015 qua:
834 3948 1073 4000 breviter
1114 3947 1482 4013 adnotantur,
1529 3948 1703 4001 valeat
1745 3949 1919 4016 colligi

336 4038 470 4107 quid
499 4052 561 4091 ex
591 4037 693 4102 his,
723 4053 841 4106 qum
885 4037 1100 4091 silentio
1143 4039 1508 4107 prtetermissa
1541 4048 1688 4104 sunt,
1731 4041 1923 4093 debeat

335 4126 620 4182 testimari.

923 4217 1151 4273 CAPUT
1191 4217 1324 4271 Xlll.

980 4311 1327 4363 Adhortatio.‘

411 4403 538 4458 "me
566 4403 768 4472 itaque,
797 4401 1143 4457 dilectissime
1175 4401 1246 4454 fili
1268 4443 1280 4464 ,
1324 4417 1443 4470 quzc
1467 4403 1531 4456 de
1561 4400 1784 4456 fratrum
1829 4419 1924 4456 no-

2016 596 2144 656 vero
2173 583 2336 636 etiam
2366 582 2510 635 bidui
2535 581 2795 652 jejunium
2838 584 3211 640 molestissime
3241 586 3419 640 ferunt
3454 605 3466 640 :
3498 590 3591 640 sed

2014 672 2069 726 in
2099 672 2185 727 his
2212 673 2530 727 exhibendis
2563 688 2666 726 non
2717 673 2899 742 dispar
2928 675 3175 728 meritum
3212 685 3436 744 uterque
3476 692 3593 730 sor-

2017 765 2164 827 titur,
2207 773 2264 818 et
2309 766 2561 818 robustus
2601 764 2870 828 videlicet,
2927 765 3016 832 qui
3065 765 3224 819 fortia
3273 767 3595 837 peragit;ct

2013 857 2228 921 debilis,
2282 859 2372 926 qui
2425 872 2520 921 ea,
2579 873 2698 927 quae
2745 858 3030 927 prmvalet,
3093 859 3316 912 minima
3347 875 3451 913 non
3503 875 3591 913 re-

2012 947 2226 1019 linquit.

2084 1039 2428 1110 Quapropter
2454 1039 2666 1094 diflicile
2690 1049 2771 1094 est
2797 1039 3130 1094 definitivam
3150 1055 3594 1108 communemque

2015 1132 2259 1200 regulam
2291 1146 2454 1201 super
2480 1131 2703 1200 jejuniis
2727 1133 3076 1196 constituere,
3102 1148 3170 1187 ne
3191 1147 3382 1201 cogere
3407 1132 3593 1187 videa-

2014 1237 2137 1275 mur
2159 1220 2239 1276 vel
2269 1219 2521 1275 fortiores
2559 1236 2586 1272 a
2615 1236 2709 1274 sua
2751 1221 3083 1290 perfectione
3122 1222 3488 1292 languescere,
3512 1223 3596 1277 vel

2015 1311 2217 1366 debiles
2270 1310 2474 1364 viribus
2521 1311 2634 1365 suis
2684 1310 2886 1378 majora
2944 1321 3154 1378 tentare
3193 1311 3598 1381 :Umtsqnisqttc

2015 1404 2158 1457 enim
2187 1404 2454 1473 praprinm
2501 1402 2694 1454 donum
2721 1403 2871 1456 habet
2897 1420 2960 1456 ex
3000 1403 3125 1467 Deo,
3157 1404 3295 1456 alius
3320 1404 3415 1469 sic,
3461 1401 3598 1456 alius

2015 1505 2188 1546 autem
2240 1494 2334 1545 sic.
2375 1491 2508 1546 Nam
2556 1502 2612 1546 et
2660 1493 2796 1562 apud
2841 1492 3095 1562 antiquos
3131 1492 3323 1546 Patres
3361 1501 3598 1551 nostros,

2015 1583 2301 1651 plerosque
2326 1581 2554 1651 legimus
2579 1582 2874 1646 exstitisse,
2897 1581 2988 1651 qui
3007 1583 3168 1636 etiam
3193 1580 3351 1636 simul
3379 1580 3430 1634 in
3448 1573 3599 1634 com'-

2017 1674 2163 1736 muni
2214 1672 2634 1738 congregatione
2673 1671 2940 1733 viventes,
2983 1687 3086 1725 non
3140 1685 3483 1724 communem
3523 1669 3604 1722 vi-

2015 1764 2173 1818 vendi
2205 1763 2440 1832 regulam
2469 1771 2774 1818 tenuerunt.
2823 1761 2979 1818 Vires
3007 1779 3137 1832 ergo
3160 1777 3284 1817 suas
3311 1761 3603 1829 unusquis-

1946 1840 1996 1900 Β
2022 1870 2126 1928 que
2171 1857 2542 1912 considerans.
2597 1871 2704 1909 non
2755 1856 3104 1924 semetipsum
3138 1855 3370 1908 inaniter
3411 1852 3598 1906 fallat:

2017 1963 2124 2002 non
2153 1962 2211 2002 se
2241 1946 2492 2001 simulata
2512 1947 2791 2001 debilitate
2823 1947 3058 2015 decipiat
3087 1963 3099 1998 :
3131 1945 3223 1998 sed
3265 1952 3427 2013 prout
3455 1943 3604 1996 vide-

2017 2038 2090 2091 rit
2115 2052 2172 2091 se
2201 2050 2385 2106 posse,
2417 2037 2516 2090 sub
2561 2035 2876 2091 sobrietatis
2909 2035 3136 2107 legibus,
3165 2043 3220 2090 et
3261 2033 3604 2089 abstinentia:

2016 2143 2076 2183 se
2099 2127 2280 2196 rigore
2303 2127 2660 2196 constringat.

2607 2215 2834 2271 CAPUT
2875 2214 3012 2270 XIV.

2062 2307 2140 2361 De
2163 2308 2228 2362 iis
2247 2308 2338 2377 qui
2385 2308 2604 2361 arcliori
2632 2308 2833 2362 vivendi
2859 2325 3042 2377 genere
3067 2324 3121 2361 se
3149 2306 3559 2360 obstrinxerunt.

2088 2397 2260 2452 Porro
2293 2407 2347 2451 et
2373 2399 2514 2453 inter
2561 2413 2660 2453 nos
2687 2414 2900 2468 quoque
2932 2398 3171 2452 nonnulli
3214 2397 3410 2450 fratres
3457 2403 3601 2456 sunt,

2019 2490 2112 2558 qui
2150 2489 2306 2558 longe
2354 2489 2482 2553 alia,
2530 2505 2690 2560 quam
2731 2491 2816 2544 hic
2849 2490 3108 2558 scriptum
3131 2497 3233 2552 est,
3266 2487 3348 2540 via
3380 2501 3605 2540 conver-

2020 2581 2246 2635 sationis
2278 2581 2556 2644 incedunt,
2605 2589 2660 2634 et
2697 2580 2918 2634 arctiori
2975 2594 3033 2633 se
3069 2595 3174 2632 non
3218 2577 3498 2631 minimum
3532 2574 3606 2626 vi-

2018 2669 2174 2723 vendi
2203 2669 2319 2740 lege
2350 2671 2746 2739 constringunt.
2771 2671 2873 2724 Alii
2905 2669 3168 2738 siquidem
3195 2667 3338 2720 nullo
3369 2682 3602 2734 unquam

2023 2770 2265 2830 tempore
2313 2761 2496 2814 vinmn
2541 2763 2752 2826 bibunt,
2819 2762 2902 2816 vel
2948 2771 3158 2816 acetum
3204 2757 3607 2830 quomodolibet

2023 2852 2280 2906 hauriunt
2309 2872 2321 2908 :
2351 2853 2441 2907 alii
2472 2869 2601 2906 vero
2629 2854 2766 2917 ovis,
2805 2853 2944 2908 lacte
2977 2853 3135 2908 simul
3163 2862 3217 2905 et
3245 2865 3424 2912 caseo,
3450 2849 3605 2903 sui-ua

2022 2961 2239 3014 quoque
2269 2945 2593 3015 pinguedine
2633 2963 2738 3000 non
2768 2956 3097 3010 vescuntur;
3129 2944 3375 3014 plerique
3410 2949 3606 2994 malta—

2024 3052 2142 3089 rum
2176 3037 2321 3089 velut
2371 3037 2550 3089 mollia
2578 3047 2746 3090 strata
2772 3037 3099 3106 despiciunt,
3129 3043 3183 3089 et
3234 3031 3509 3103 papyrinis
3537 3029 3605 3083 ad

2026 3131 2414 3199 quiescendum
2442 3134 2680 3185 contenti
2715 3141 2840 3185 sunt
2869 3132 3086 3196 stereis,
3118 3131 3189 3183 ita
3224 3137 3281 3181 ut
3327 3125 3602 3195 palearum

2025 3239 2239 3292 quoque
2263 3233 2564 3278 stramenta
2615 3223 2802 3291 subjici
2849 3239 3074 3294 prorsus
3118 3221 3485 3274 abhorreant:
3516 3215 3603 3268 alii

2026 3314 2324 3381 asperrima
2371 3329 2600 3382 quzeque
2645 3314 2821 3368 cilicia
2857 3309 3352 3382 tanquam-mollia,
3381 3323 3443 3360 ac
3474 3305 3606 3358 deli-

2024 3414 2142 3456 cata
2177 3404 2487 3458 indumenta
2522 3413 2896 3464 contemnunt.
2951 3411 3004 3456 ct
3038 3401 3220 3455 loricis
3271 3400 3336 3452 ad
3385 3410 3604 3450 carnem

2025 3494 2217 3550 ferreis
2273 3496 2588 3549 induttntur.
2633 3495 2749 3549 Non
2781 3497 2953 3559 deest,
3003 3495 3092 3563 qui
3129 3495 3291 3546 totius
3322 3489 3446 3543 anni
3480 3497 3610 3540 tem-

2024 3603 2154 3656 pore
2193 3602 2289 3656 per
2337 3588 2580 3657 singulos
2609 3603 2714 3640 non
2768 3588 2925 3641 modo
2952 3600 3286 3647 communes,
3318 3581 3409 3634 sed
3441 3578 3609 3633 etiam

2023 3680 2264 3740 festivos,
2290 3689 2451 3748 atque
2480 3679 2788 3734 Dominicos
2813 3679 2954 3742 dies,
2979 3677 3199 3731 dimidio
3223 3675 3292 3728 sit
3330 3688 3465 3742 pane
3484 3687 3610 3724 con-

2025 3777 2228 3823 tentus.
2261 3769 2360 3822 llic
2404 3769 2542 3822 idetn
2577 3768 2749 3822 frater
2780 3783 2877 3836 per
2923 3768 3190 3834 integrum
3237 3771 3293 3817 et
3326 3760 3608 3816 dimidium

2022 3860 2248 3913 circiter
2301 3877 2502 3913 annum
2535 3861 2779 3929 quinque
2823 3858 3016 3912 diebus
3046 3855 3393 3912 hebdomada:
3426 3853 3607 3906 cibum

2023 3965 2131 4002 non
2161 3951 2355 4020 tetigit,
2409 3950 2540 4004 solis
2587 3959 2768 4004 autem
2819 3948 3120 4009 Dominiea,
3171 3955 3225 3998 et
3253 3944 3440 4013 quinta
3473 3941 3609 3993 feria

2023 4043 2308 4094 comedere
2343 4051 2629 4094 contentus
2650 4040 2770 4094 fuit.
2806 4038 2958 4092 Nunc
2987 4038 3148 4091 etiam
3175 4033 3468 4087 Dominicis
3496 4031 3610 4084 die-

2024 4130 2144 4195 bus,
2192 4141 2246 4183 et
2291 4133 2477 4199 quinta
2512 4130 2660 4184 feria
2719 4139 2839 4198 post
2888 4130 3075 4181 horam
3114 4125 3363 4177 videlicet
3409 4137 3606 4173 nouam

2024 4221 2103 4274 sic
2137 4238 2241 4272 uno
2296 4221 2575 4290 pulmento
2627 4221 2891 4281 reficitur,
2955 4230 3011 4270 ut
3043 4217 3338 4271 secundum
3386 4228 3610 4282 prorsus

2026 4314 2256 4383 ignoret.

2097 4405 2193 4458 Est
2231 4404 2396 4456 etiam
2447 4403 2540 4472 qui
2595 4400 2946 4457 continentire
2992 4409 3047 4454 et
3089 4395 3396 4454 sobrietatis
3424 4409 3611 4448 amore

335 4505 576 4550 strorum
604 4495 698 4548 tibi
727 4493 1138 4547 conversatione
1152 4494 1496 4562 protulimus,
1525 4495 1816 4566 diligenter
1839 4497 1919 4549 in-
1954 4526 2001 4586 θ
2030 4516 2135 4553 non
2163 4498 2320 4552 modo
2361 4498 2556 4566 pomis,
2587 4498 2680 4552 sed
2711 4505 2762 4550 et
2788 4495 2950 4563 cmpis
2981 4503 3037 4548 et
3064 4494 3260 4565 porris,
3293 4488 3505 4545 cunctis
3530 4487 3622 4538 vi-.

337 4588 538 4643 tuenda
569 4603 680 4657 prae
722 4586 894 4640 oculis
935 4601 1105 4655 pone;
1142 4587 1287 4640 vires
1323 4589 1488 4641 etiam
1523 4597 1642 4641 tuas
1674 4588 1818 4642 velut
1868 4589 1918 4641 in

335 4687 540 4733 statera
561 4676 817 4731 districta:
841 4677 1259 4730 examinatiouis
1281 4677 1554 4746 appende:
1584 4685 1641 4730 ut
1661 4678 1774 4732 sive
1797 4679 1922 4732 sub-

336 4770 510 4833 sidas,
543 4768 656 4822 sive
690 4769 859 4838 magis
888 4767 1149 4829 eminens,
1187 4768 1313 4821 dum
1346 4768 1455 4822 triti
1484 4777 1681 4822 metam
1721 4769 1924 4839 jugiter

339 4860 726 4931 contemplaris
775 4859 1024 4924 itineris,
1076 4874 1174 4928 per
1219 4860 1558 4914 anfractuum
1601 4861 1922 4915 diverticula

338 4967 564 5022 prorsus
587 4950 841 5005 oberrarc
867 4967 972 5003 non
997 4951 1188 5019 possis.
1208 4949 1340 5002 Nam
1359 4959 1411 5004 ct
1427 4952 1606 5019 pictor
1631 4950 1919 5022 imaginem

339 5043 506 5116 3&0
529 5042 926 5110 compilationis
955 5042 1129 5112 gratia
1163 5042 1383 5095 sibimet
1431 5057 1530 5112 pro
1562 5043 1757 5098 scheda
1790 5061 1923 5098 con-

339 5135 537 5198 stituit,
571 5133 662 5203 qui
693 5141 872 5186 tameu
921 5133 987 5186 ad
1017 5149 1323 5186 mensuram
1359 5133 1572 5197 tabulzc,
1599 5150 1718 5203 qum
1748 5151 1923 5190 versa-

342 5227 501 5280 turin
534 5224 806 5288 mauilms,
831 5225 1010 5277 omnia
1047 5223 1258 5294 redigit,
1291 5233 1344 5276 et
1371 5223 1496 5279 huic
1526 5235 1772 5295 coaptata
1807 5243 1923 5279 ruu-

342 5318 475 5372 tuati
505 5318 686 5388 operis
719 5318 1032 5371 libramenta
1063 5318 1335 5386 componit
1392 5316 1470 5370 Tu
1521 5321 1684 5374 etiam
1724 5321 1920 5374 nihilo-

341 5410 520 5464 minus
566 5419 721 5479 juxta
756 5408 971 5462 modum
1009 5407 1228 5471 virium,
1279 5423 1437 5476 quem
1486 5409 1582 5463 tibi
1622 5409 1923 5464 cwlestiutn

341 5501 730 5555 charismatum
763 5499 1010 5569 Largitor
1032 5497 1306 5564 infuderit,
1335 5501 1447 5555 haec
1476 5503 1568 5555 tibi
1597 5503 1674 5556 sic
1699 5504 1748 5556 in
1777 5518 1926 5557 excr-

341 5594 531 5646 citium
567 5592 767 5660 arripe,
799 5601 856 5645 ut
893 5592 1129 5654 noveris,
1156 5603 1416 5661 quantum
1444 5595 1656 5663 cogaris
1711 5611 1777 5649 ex
1831 5612 1926 5650 nc-

342 5685 600 5739 cessitate
635 5686 899 5748 minuere,
937 5685 1017 5738 vel
1077 5693 1335 5752 quantum
1392 5686 1502 5739 luce
1535 5688 1587 5739 in
1633 5696 1683 5740 te
1711 5703 1806 5756 per
1836 5703 1925 5740 ae—

345 5791 554 5831 cessum
585 5775 768 5846 gratiae
802 5774 974 5844 possis
1001 5790 1214 5842 augere.
1250 5774 1498 5830 Nonnulli
1530 5792 1722 5844 nempe
1755 5786 1920 5831 totam

2027 4591 2224 4644 delicct
2253 4590 2544 4644 herbarum
2574 4588 2944 4643 acrtuninibus
2982 4603 3041 4642 se
3094 4583 3397 4640 decreverit
3441 4579 3610 4634 absti-

2027 4695 2179 4735 nere.
2205 4680 2270 4734 Et
2301 4681 2392 4748 qui
2426 4688 2659 4750 utroque
2713 4679 3162 4750 quadragesimali
3211 4688 3450 4744 tempore
3500 4675 3612 4726 siu-

2029 4769 2170 4840 gulis
2196 4771 2503 4839 quibusque
2528 4771 2742 4836 diebus,
2771 4770 2911 4823 alliis
2947 4770 3220 4840 geminato
3245 4765 3444 4836 pugillo
3463 4763 3609 4816 eice-

2031 4864 2106 4917 ris
2133 4863 2306 4927 vivat,
2357 4864 2547 4932 quinta
2599 4879 2728 4916 vero
2777 4862 2910 4916 feria
2964 4877 3195 4929 semper,
3233 4858 3392 4912 tertia
3425 4865 3618 4907 autem

2030 4971 2154 5008 raro
2177 4970 2370 5024 panem
2401 4954 2737 5009 solummodo
2765 4954 3029 5007 comedat.
3070 4952 3166 5005 llic
3195 4951 3356 5003 etiam
3397 4946 3618 5000 lumbos.

2029 5065 2158 5103 suos
2208 5048 2383 5102 ferrea
2434 5049 2590 5120 341
2647 5062 2858 5114 semper
2915 5054 3105 5099 catena
3155 5040 3476 5105 circumdat,
3540 5052 3620 5096 ne,

2030 5141 2243 5210 quando
2274 5139 2488 5194 modum
2517 5139 2711 5192 sobri-.e
2740 5137 3049 5191 refcctionis
3070 5135 3313 5189 excedat.

2102 5233 2392 5288 Confessus
2437 5241 2520 5284 est
2543 5231 2674 5284 mihi
2718 5229 2935 5298 quidam
2959 5244 3024 5282 cx
3055 5227 3358 5282 senioribus
3389 5224 3605 5285 nostris,

2033 5325 2158 5393 quia
2190 5339 2311 5376 cum
2367 5321 2513 5376 solus
2539 5321 2590 5373 in
2621 5320 2754 5373 cella
2783 5320 3114 5382 comederet,
3154 5334 3258 5371 non
3307 5306 3408 5370 sibi
3453 5316 3607 5384 juxta

2032 5413 2300 5484 prurittnn
2329 5410 2487 5464 famis
2535 5409 2791 5463 alimenta
2826 5409 2986 5464 citius
3032 5408 3353 5477 indulgeret,
3402 5406 3494 5458 sed
3529 5420 3611 5456 rc-

2033 5503 2315 5564 tnoraudo,
2385 5517 2448 5554 ac
2497 5498 2890 5569 protrahendo,
2942 5515 3066 5552 raro
3125 5497 3393 5556 videlicet,
3447 5504 3610 5562 atque

2032 5595 2291 5648 minutius
2343 5594 2513 5646 micas
2561 5593 2739 5662 potius
2775 5609 2937 5662 qttam
2998 5592 3194 5644 frustra
3240 5588 3394 5659 panis
3448 5585 3499 5638 in
3547 5600 3612 5638 os

2033 5686 2293 5749 mitteret,
2323 5693 2372 5735 ct
2403 5684 2479 5735 sic
2513 5699 2570 5737 se
2609 5684 2751 5736 inter
2780 5683 2893 5751 ipsa
2923 5682 3168 5751 corporis
3218 5680 3469 5731 alimenta
3510 5674 3611 5725 du-

2033 5778 2142 5831 t'ius
2198 5793 2291 5846 per
2339 5775 2572 5845 inopiam
2627 5775 2932 5829 cruciaret:
2977 5785 3034 5828 ut
3081 5774 3192 5841 ipse
3241 5756 3402 5823 etiam
3454 5763 3608 5824 cibus
