4106 6320
524 399 628 456 3&7

1003 399 1060 456 S.
1079 398 1281 457 PETRI
1306 397 1588 456 DAMIANI
1627 398 1779 457 ΟΡΡ.
1807 396 2043 455 TOMUS
2074 396 2203 454 SEU
2232 395 2412 453 PARS
2441 395 2530 453 Ill.
2562 426 2634 439 —
2656 396 3020 456 OPUSCULA
3050 390 3279 455 VARIA'.

3677 406 3784 462 348

524 525 634 563 nun
677 519 784 564 tam
817 503 1117 565 resolveret
1136 526 1296 582 quam
1324 510 1562 579 puniit-et,
1596 518 1649 564 et
1671 508 1893 564 refectio
1922 508 2101 576 potius
2130 512 2177 571 Α
2203 517 2438 578 aegrotus
2466 508 2556 574 sit,
2583 508 2656 565 ita
2684 518 2743 564 ut
2778 509 3063 566 decumbat
3102 511 3320 581 quidem
3348 510 3400 566 in
3430 509 3644 581 lectulo,
3674 526 3789 572 toto

523 605 577 658 νζ
618 611 804 659 eretur
855 617 976 658 esse
1026 602 1254 658 d’cenla
1304 601 1576 665 defectio,
1626 601 1754 655 dum
1798 615 1906 656 non
1955 598 2106 655 dele-

526 694 725 748 ctando
778 693 1052 761 reﬁceret,
1108 692 1201 747 sed
1233 691 1516 762 aflligeudo
1563 691 1743 761 potius
1789 691 2103 760 castigaret.

525 784 774 855 Corripui
806 783 1202 841 adolescentem
1232 792 1476 837 nostrum
1500 780 1695 836 indolis
1724 780 1898 835 adhuc
1942 779 2107 850 ephe-

525 875 631 941 bce,
673 877 873 931 acriori
912 875 1137 946 insuper
1184 876 1410 930 verbere
1458 872 1739 945 castigavi,
1793 873 1919 942 quia
1976 886 2108 927 cau-

527 966 736 1021 tibricii
793 968 950 1037 [anis
1001 968 1205 1035 quadra
1257 966 1471 1020 vivebat
1519 965 1570 1019 in
1623 965 1740 1028 die,
1800 975 1854 1019 et
1899 965 1973 1019 ita
2016 964 2107 1017 vix

523 1057 765 1122 dearum,
795 1069 855 1113 ιιι
893 1059 959 1114 ad
982 1058 1218 1112 medium
1266 1071 1435 1124 usque
1464 1055 1823 1119 relaxaretur,
1852 1054 2057 1109 obtinui
2088 1068 2103 1117 ;

523 1149 615 1217 qui
645 1149 901 1202 nimirum
951 1159 1079 1202 tunc
1121 1146 1296 1201 ferrea
1341 1144 1601 1199 loricatus
1657 1144 1889 1198 interula
1942 1161 1971 1199 a
2005 1144 2125 1198 Πυα-Δ

525 1238 724 1292 minico
763 1239 849 1293 die
886 1253 1057 1307 usque
1080 1238 1133 1292 in
1168 1238 1411 1306 quintam
1464 1236 1655 1290 feriam
1705 1234 1912 1289 nullum
1958 1234 2109 1305 peni.

526 1326 816 1381 tustibum
873 1335 1202 1395 surpsrrat,
1242 1325 1412 1379 tribus
1465 1340 1594 1379 vero
1639 1323 1716 1377 rrl
1739 1325 1859 1393 quis
1907 1324 2111 1378 hebdou

526 1418 700 1470 maria:
752 1417 943 1473 die'us
993 1414 1107 1471 solo
1162 1431 1301 1485 pane
1362 1413 1602 1469 vivebat.
1651 1413 1922 1467 Habemus
1969 1415 2109 1467 inter

524 1523 623 1562 nos
662 1505 887 1561 fratrem
937 1506 1117 1561 adhuc
1165 1514 1219 1559 et
1268 1514 1427 1560 :ctatc
1476 1505 1841 1573 juveneulum,
1873 1512 1929 1559 et.
1973 1520 2109 1560 con-

528 1599 784 1653 Versione
830 1599 1115 1661 novitium,
1153 1598 1245 1667 qui
1292 1605 1463 1651 totum
1513 1596 1736 1665 implere
1782 1596 2107 1652 Psalterium

524 1688 759 1742 extensis
792 1688 842 1742 in
870 1687 1039 1741 altum
1066 1687 1308 1742 brachiis
1356 1686 1673 1751 consuevit;
1708 1701 1804 1755 per
1846 1684 2110 1755 quinqua-

524 1794 687 1850 genos
708 1779 960 1833 videlicet
994 1778 1231 1850 psalmos
1276 1777 1495 1833 brachia
1539 1776 1761 1848 fatigata
1805 1777 2105 1846 deponens,

2208 598 2334 654 anni
2382 608 2622 670 tempore
2649 640 2664 664 ,
2705 600 2817 656 sive
2860 610 3047 658 astate
3099 602 3386 670 videlicet,
3434 604 3546 659 sive
3586 607 3788 674 hieme,

2208 691 2381 746 tribus
2412 707 2507 761 per
2533 690 2922 749 hebdomadam
2969 694 3158 750 diebus
3194 693 3442 765 jejunare
3487 698 3540 751 in
3568 713 3709 768 pane
3734 707 3791 754 et

2208 796 2346 851 aqua
2368 797 2488 836 cum
2520 782 2615 837 Dei
2644 782 2912 852 adjutorio
2939 783 3190 841 facillime
3216 802 3377 858 posse
3408 806 3422 843 :
3446 797 3501 844 et
3530 791 3787 860 quoniam

2210 872 2447 928 Sabbato
2462 872 2710 944 jejunare
2741 875 2902 930 etiam
2935 880 3210 932 canonica:
3236 880 3539 936 traditionis
3564 882 3794 936 authen-

2211 962 2374 1015 ticum
2403 973 2507 1029 est,
2535 979 2641 1017 non
2680 980 2843 1035 grave
2881 968 3128 1021 videatur
3166 967 3317 1023 fratri
3353 969 3514 1022 etiam
3548 968 3791 1025 Sabbato

2209 1053 2560 1110 refectionem
2588 1057 2653 1111 ad
2682 1074 2878 1114 nonam
2908 1061 3095 1116 horam
3123 1053 3295 1132 usque
3318 1062 3533 1119 differre
3558 1081 3572 1130 ;
3617 1074 3673 1118 ut
3697 1080 3790 1120 se—

2210 1147 2313 1201 mel
2356 1147 2574 1216 quidem
2616 1149 2730 1218 ipso
2761 1150 2848 1205 die
2896 1151 3195 1219 reficiatur,
3244 1156 3335 1210 sed
3388 1163 3562 1209 tamen
3598 1157 3788 1209 vinum

2208 1250 2371 1311 atque
2397 1243 2729 1313 pulmentum
2770 1243 3046 1312 percipere
3068 1260 3132 1299 ex
3157 1244 3315 1315 hujus
3347 1257 3544 1301 nostrae
3574 1248 3794 1306 institu-

2210 1332 2370 1386 tionis
2427 1331 2752 1407 indulgenlia
2817 1348 2922 1387 non
2978 1343 3211 1388 vetetur.
3278 1335 3345 1390 Et
3408 1337 3510 1391 hoc
3569 1340 3797 1407 quidem

2210 1433 2414 1477 :esmte.
2441 1421 2573 1477 Nam
2600 1423 2668 1476 ab
2691 1423 2871 1478 Idibus
2897 1422 3232 1493 Septembris
3257 1428 3426 1497 usque
3444 1430 3509 1483 ad
3531 1429 3796 1488 Paschale

2212 1513 2486 1583 gaudium,
2524 1522 2754 1582 quatuor
2793 1530 2891 1584 per
2934 1516 3327 1570 hebdomadam
3359 1518 3544 1573 diebus
3578 1524 3796 1577 noverit

2205 1602 2556 1674 jejunandum
2586 1622 2598 1657 :
2629 1605 2722 1659 sed
2753 1604 2852 1659 etsi
2879 1605 3168 1674 aliquando
3195 1615 3343 1662 tanta
3378 1609 3622 1664 debilitas
3646 1612 3798 1665 acci-

2212 1697 2371 1763 derit,
2395 1697 2623 1751 hiberno
2647 1698 2808 1750 etiam
2835 1707 3075 1767 tempore
3097 1697 3183 1754 die
3203 1696 3424 1753 Sabbati
3449 1709 3542 1753 aut
3566 1700 3805 1772 legumi-

2212 1789 2371 1844 nibus
2422 1787 2632 1850 infusis,
2668 1795 2761 1842 aut
2808 1790 3098 1844 herbarum
3150 1789 3445 1854 radicibus,
3480 1790 3593 1845 sive
3624 1792 3795 1846 etiam

524 1871 617 1926 sed
669 1878 963 1941 antequam
1028 1870 1111 1924 "el
1165 1884 1332 1922 "num
1378 1866 1780 1938 Ρτοάυείίοτθῐη
1840 1864 2107 1935 Psalmum
2145 1856 2183 1915 Β
2212 1882 2386 1951 pomis
2421 1881 2637 1936 solitum
2666 1881 2851 1936 licebit
2889 1881 3275 1953 aliquantisper
3319 1894 3621 1954 temperare
3647 1884 3799 1954 jeju-

523 1961 819 2015 deeurrere
869 1961 1070 2024 valeat,
1129 1960 1326 2013 iterum
1378 1958 1680 2027 subrigens.
1737 1955 2012 2010 Habemus
2053 1962 2109 2009 et

525 2053 692 2106 alium
722 2053 1002 2107 incurvum
1028 2050 1143 2120 jam
1179 2064 1386 2115 senem,
1425 2049 1517 2117 qui
1556 2048 1662 2102 duo
1711 2045 1977 2101 Psalteria
2009 2045 2109 2100 sub

524 2159 629 2195 una
659 2143 1006 2197 brachiorum
1057 2141 1375 2195 extensione
1406 2140 1699 2192 decantat:
1751 2152 1917 2191 unum
1968 2135 2113 2190 vide-

525 2232 655 2286 licet
701 2246 824 2286 cum
882 2231 1111 2287 canticis
1164 2240 1220 2285 et
1266 2229 1505 2294 litaniis,
1559 2229 1850 2297 multisque
1904 2227 2109 2282 oratio-

524 2322 688 2377 nibus
720 2337 735 2387 ;
775 2321 1004 2375 alterum
1037 2335 1166 2374 vero
1196 2335 1295 2390 pro
1344 2317 1615 2372 defunctis
1657 2331 1781 2371 cum
1812 2330 2008 2371 novem
2036 2314 2114 2369 le-

528 2414 819 2469 etionibus.

598 2505 807 2570 Dicam,
834 2506 928 2561 sed
966 2504 1089 2575 quis
1118 2503 1278 2568 sciat,
1303 2511 1484 2557 utrum
1530 2500 1663 2555 fides
1711 2497 1994 2556 assertioni
2051 2497 2115 2551 ti-

529 2597 821 2651 delissima‘.
868 2600 1174 2667 prmbeatur
1215 2596 1238 2649 ?
1293 2594 1401 2650 Sed
1459 2594 1954 2665 parvipeudendum
1997 2600 2109 2656 est,

527 2691 573 2743 si
607 2690 839 2743 humana
870 2689 1151 2744 temeritas
1191 2699 1406 2758 arguat,
1451 2702 1614 2758 quem
1655 2701 1865 2741 summa
1899 2686 2113 2742 Veritas

528 2780 781 2836 falsitatis
811 2790 1054 2836 excusat.
1109 2781 1253 2835 ldem
1290 2795 1477 2846 senex,
1520 2777 1833 2833 Dominicus
1872 2776 2110 2842 nomine,

526 2885 915 2941 nonnunquam
944 2887 1051 2927 uno
1074 2871 1161 2926 die
1191 2870 1510 2926 continuato
1538 2884 1660 2923 cum
1707 2877 1888 2930 nocte,
1917 2880 2111 2920 novem

525 2961 791 3017 Psalteria
826 2962 1135 3016 meditando
1181 2960 1443 3025 decurrit,
1469 2968 1525 3014 et
1553 2959 1771 3013 interim
1807 2972 1947 3027 pene
1979 2972 2116 3013 sem-

527 3067 626 3123 per
677 3062 906 3122 utraque
956 3069 1119 3106 manu
1162 3053 1341 3122 scopis
1399 3058 1610 3106 armata
1666 3051 1870 3103 nudum
1910 3052 2115 3116 ’corpus

529 3143 712 3198 allicit.
737 3143 1044 3199 Notandum
1072 3153 1278 3206 autem,
1308 3142 1435 3212 quia
1460 3141 1585 3195 dum
1612 3153 1870 3209 peragere
1892 3137 2110 3207 satagit,

528 3246 709 3300 nocte,
740 3237 824 3290 vel
847 3237 932 3291 die
961 3237 1060 3292 sibi
1093 3209 1340 3291 dormire
1355 3251 1461 3289 nou
1486 3242 1667 3299 vacat,
1694 3233 1789 3287 sed
1821 3230 2111 3301 aliquando
2139 3209 2182 3270 (ἶ

529 3343 703 3395 genua
729 3326 973 3393 flectens,
1012 3329 1136 3382 dum
1188 3336 1349 3396 caput
1381 3333 1541 3379 terrae
1581 3323 1818 3393 deponit,
1864 3322 1943 3375 sic
1971 3320 2112 3374 nudo

529 3430 753 3490 repente
805 3436 1028 3475 somnus
1078 3419 1312 3489 obrepit,
1368 3432 1475 3488 quo
1518 3415 1768 3471 videlicet
1819 3412 1934 3468 solo
1980 3426 2112 3467 con-

531 3522 713 3567 tentus
744 3521 846 3569 est.
904 3512 1002 3566 llic
1033 3511 1163 3565 Inibi
1205 3509 1494 3578 aliquando
1539 3507 1801 3575 fraterna
1836 3502 2113 3557 familiari-

531 3613 643 3657 tate
679 3611 1008 3671 conquestus
1038 3610 1144 3663 est,
1178 3603 1303 3670 quia
1336 3615 1459 3654 cum
1493 3611 1685 3652 novem
1732 3595 1814 3650 sic
1847 3592 2111 3648 Psalteria

525 3709 669 3762 sepe
696 3693 1017 3749 modulanda
1047 3694 1352 3762 perliceret,
1404 3690 1470 3743 ad
1523 3689 1795 3765 decimum
1839 3700 2110 3754 nunquam

529 3785 768 3853 potuerit
825 3784 1134 3853 pervenire.
1187 3782 1321 3836 bovi
1374 3781 1618 3844 fratrem,
1675 3777 1766 3847 qui
1820 3793 1877 3831 se
1916 3776 2112 3831 fatere-

528 3884 615 3929 tur
639 3875 796 3930 toties
835 3875 1113 3944 psailenJo
1143 3889 1315 3944 genua
1357 3873 1593 3934 flectere,
1625 3877 1756 3939 quot
1787 3869 1841 3922 in
1874 3883 1931 3921 se
1992 3882 2113 3921 ver-

530 3981 625 4020 sus
681 3975 852 4020 totum
913 3966 1232 4021 Psalterium
1287 3965 1645 4029 contineret;
1702 3976 1824 4015 cum
1865 3959 2113 4015 videlicet

532 4057 853 4113 Psalterium
883 4070 1116 4129 quatuor
1147 4058 1261 4113 fere
1287 4056 1449 4111 millia
1501 4070 1754 4109 versuum
1803 4054 2005 4109 habere
2030 4052 2116 4106 di-

525 4161 705 4216 catur,
745 4151 886 4207 sicut
937 4161 1189 4207 asserunt
1233 4149 1323 4220 qui
1369 4147 1728 4219 supputandis
1770 4160 1989 4217 operam
2020 4145 2112 4200 de-

522 4248 737 4303 derunt.

598 4338 704 4394 Sed
762 4350 817 4395 et
863 4339 980 4395 haec
1033 4337 1299 4407 prolixius
1348 4336 1555 4390 idcirco
1611 4348 1715 4388 non
1765 4344 2108 4402 prosequor,

528 4428 656 4497 quia
684 4436 740 4483 et
791 4444 909 4491 eos,
955 4430 1021 4483 de
1072 4427 1268 4497 quibus
1318 4426 1532 4496 loquor,
1573 4421 1848 4478 offendere
1903 4423 2108 4476 timeo:

525 4528 582 4573 et
621 4519 726 4573 illis
750 4519 1085 4582 cohabitare,
1128 4518 1324 4586 quibus
1372 4531 1479 4571 non
1528 4527 1810 4582 ceuperor,
1858 4511 2113 4565 aliorum-

528 4622 637 4679 que
685 4622 913 4663 narrare
968 4607 1239 4662 fervorem
1293 4605 1522 4675 frigidus
1567 4604 1849 4658 erubesco.
1884 4593 2132 4672 Dignum

530 4707 711 4756 autem
744 4701 906 4756 credo
962 4698 1198 4754 robustis
1252 4713 1317 4752 ac
1367 4694 1783 4767 perfectioribus
1830 4693 1960 4747 viris
2006 4693 2110 4748 ista

535 4793 883 4862 relinquere:
920 4791 1013 4846 sed
1039 4800 1093 4846 et
1145 4791 1261 4844 haec
1308 4789 1422 4859 ipsa
1455 4787 1669 4841 mitiora
1716 4800 1836 4856 qum
1861 4784 2112 4855 superius

530 4884 731 4952 scripta
757 4892 907 4949 sunt,
954 4882 1348 4952 aliquantisper
1378 4880 1477 4934 sub
1502 4879 1745 4932 modesto
1768 4875 2112 4932 discretionis

524 4975 814 5030 libramine
871 4985 1219 5046 temperare;
1271 4981 1329 5026 ut
1379 4974 1505 5026 dum
1535 4970 1864 5025 valentiores
1910 4969 2112 5038 quique

528 5082 624 5136 per
650 5066 818 5121 altum
845 5069 1104 5123 virtutum
1145 5066 1392 5137 pelagum
1423 5065 1593 5119 citato
1629 5060 1839 5116 fervent
1882 5060 2108 5127 remigio

531 5174 777 5223 currere,
810 5159 1108 5213 imbecilles
1155 5160 1321 5214 etiam
1362 5156 1558 5211 littoris
1611 5155 1785 5210 vicina
1833 5160 2105 5217 secantes,

529 5269 637 5306 non
665 5252 1058 5321 compellantur
1077 5253 1303 5307 hterenti
1330 5251 1507 5306 lembo
1528 5249 1581 5303 in
1605 5248 1849 5303 arenosis
1870 5246 2108 5316 syrtibus

527 5357 832 5398 remanere.
1219 5386 1223 5390 .

1025 5433 1186 5506 342
1230 5432 1459 5490 CAPUT
1496 5432 1614 5489 XV.

960 5524 1038 5580 De
1083 5526 1417 5581 eremitarum
1455 5524 1682 5596 jejunio.

598 5640 985 5697 Verumtamen
1017 5655 1085 5695 ne
1113 5640 1256 5711 quod
1281 5639 1585 5703 scribimus,
1611 5652 1830 5708 prorsus
1856 5650 1888 5690 a
1912 5634 2109 5704 regulae

525 5734 763 5789 solutum
798 5733 913 5804 lege
943 5744 1134 5789 nutare
1165 5732 1428 5799 videatur,
1459 5730 1729 5786 credimus
1751 5742 2108 5796 unumquem-

529 5840 635 5893 quc
668 5823 891 5879 fratrem
926 5823 978 5879 in
1026 5821 1215 5879 cellula
1247 5830 1695 5885 commorantem,
1736 5818 1837 5873 nisi
1885 5817 2107 5874 omnino

2212 1973 2375 2027 nium.
2407 1972 2483 2027 lta
2515 1981 2692 2026 tamen
2722 1980 2778 2025 ut
2804 1972 2846 2026 si
2871 1988 3033 2025 unum
3062 1972 3336 2042 quodlibet
3379 1974 3569 2027 horum
3592 1984 3797 2039 sumat,

2212 2063 2380 2128 aliud,
2421 2062 2521 2118 nisi
2569 2078 2712 2117 verte
2765 2063 3105 2119 necessitatis
3148 2079 3307 2119 causa
3356 2064 3659 2131 dictaverit,
3686 2080 3799 2119 non

2214 2154 2451 2225 adjiciat.
2477 2153 2759 2209 Postremo
2780 2164 2957 2209 tamen
2986 2165 3205 2226 propter
3225 2155 3609 2227 pusillanimes,
3633 2157 3677 2212 si
3706 2156 3807 2212 hic

2214 2245 2512 2301 necessitas
2563 2245 2784 2299 omnino
2814 2247 3156 2316 poposcerit,
3196 2261 3317 2315 quae
3368 2246 3481 2301 fieri
3530 2247 3799 2316 permissa

2214 2345 2299 2390 est
2328 2337 2381 2389 in
2422 2323 2633 2401 aestate,
2662 2336 2851 2390 eadem
2883 2334 3241 2391 Sabbatorum
3271 2337 3522 2392 discretio
3547 2346 3807 2392 servetur

2212 2431 2269 2485 in
2297 2428 2500 2484 hieme.

2283 2519 2361 2573 De
2409 2517 2795 2573 festivitatibus
2841 2511 3095 2588 quoque,
3136 2533 3256 2588 quae
3292 2517 3509 2574 hiemali
3555 2527 3805 2590 tempore

2214 2607 2578 2672 celebrantur,
2613 2608 2665 2662 in
2697 2609 2896 2677 quibus
2923 2623 3022 2662 nos
3052 2610 3383 2664 asseruitnus
3419 2610 3583 2665 semel
3624 2611 3676 2663 in
3708 2611 3802 2666 die

2213 2699 2387 2755 solere
2424 2701 2727 2764 comedere,
2767 2699 2925 2755 lieeat
2968 2700 3241 2770 geminare
3268 2701 3470 2767 cibum,
3505 2702 3645 2756 sicut
3678 2717 3800 2759 mos

2212 2796 2297 2844 est
2338 2789 2753 2844 cmnobitarum.
2802 2790 2967 2862 l‘orro
3015 2791 3066 2845 in
3113 2791 3321 2846 duabus
3346 2791 3807 2862 quadragesimis,

2214 2881 2482 2947 videlicet,
2512 2897 2630 2950 qua:
2657 2880 2990 2935 Dominicam
3017 2881 3389 2949 Nativitatem,
3421 2883 3802 2939 Resurrectio—

2215 2986 2446 3040 nemque
2479 2973 2809 3041 praecedunt,
2842 2973 3002 3027 tertia
3042 2975 3261 3043 quidem
3324 2974 3479 3039 feria,
3519 2983 3576 3029 et
3598 2977 3789 3045 quinta

2215 3061 2550 3131 pulmentum
2582 3071 2793 3127 sumat;
2838 3061 3136 3117 Dominicis
3164 3074 3343 3119 autem
3372 3062 3559 3118 diebus
3584 3073 3641 3119 et
3662 3080 3800 3133 pra:-

2216 3152 2389 3221 cipuis
2431 3150 2813 3206 festivitatibus
2840 3193 2856 3217 ,
2905 3154 3086 3207 addita
3139 3153 3359 3222 insuper
3400 3152 3586 3223 quinta
3634 3153 3800 3221 feria,

2215 3243 2376 3296 etiam
2400 3241 2585 3296 vinum
2613 3241 2779 3296 bibat.
2828 3242 3114 3298 Pulmento
3144 3252 3325 3298 autem
3352 3260 3461 3299 uno
3497 3245 3803 3316 quadrage-

2213 3333 2389 3388 simali
2428 3342 2666 3404 tempore
2704 3335 2942 3389 contenti
2986 3335 3094 3389 sint
3123 3335 3338 3399 fratres,
3373 3337 3590 3407 quando
3629 3337 3800 3393 semel

2213 3425 2494 3490 reficiunt;
2537 3428 2750 3495 quando
2780 3442 2910 3481 vero
2955 3427 3304 3484 refectionem
3336 3430 3631 3499 geminant,
3663 3429 3801 3483 alte-

2212 3529 2332 3568 rum
2362 3515 2709 3583 prandentes,
2742 3514 2973 3570 alterum
3012 3524 3292 3570 ctenantes
3330 3518 3617 3587 accipiant.
3651 3517 3813 3572 Reli‘

2212 3618 2320 3673 quo
2343 3612 2524 3659 autem
2552 3603 2678 3658 anni
2706 3612 2946 3673 tempore
2968 3604 3076 3659 duo
3101 3620 3314 3675 semper
3337 3606 3590 3663 habeant.
3616 3607 3800 3663 Domi-

2211 3695 2349 3751 nicis
2378 3710 2591 3764 quoque
2633 3695 2840 3758 diebus,
2892 3705 2947 3751 et
2992 3696 3285 3765 majoribus
3325 3696 3727 3767 festivitatibus,
3751 3699 3811 3754 si

2212 3784 2439 3841 facultas
2466 3783 2700 3851 affuerit,
2731 3786 2893 3840 etiam
2916 3786 3132 3841 tertium
3162 3802 3269 3842 non
3298 3802 3581 3859 negamus.

2803 3897 2889 3951 CA
2899 3895 3033 3952 PUT
3071 3896 3211 3952 XVI.

2385 3985 2638 4041 Discretio
2676 3985 2881 4057 praelati
2920 3988 2973 4040 in
3011 3986 3345 4042 moderandis
3385 3987 3627 4042 subditis.

2285 4076 2671 4132 Discretionem
2713 4086 2895 4132 tamen
2945 4078 3203 4133 debilium
3249 4078 3303 4132 in
3335 4078 3534 4148 prioris
3569 4077 3813 4135 arbitrio

2211 4167 2487 4238 ponimus,
2535 4169 2790 4222 nimirum
2837 4179 2894 4221 ut
2931 4168 3047 4239 ipse
3077 4168 3496 4240 possibilitatem
3538 4167 3798 4224 uniuscu-

2205 4259 2404 4329 jusque
2431 4261 2738 4315 consideret
2764 4277 2776 4313 :
2810 4269 2865 4315 et
2885 4270 3044 4331 prout
3073 4260 3269 4331 cuique
3292 4260 3489 4315 viderit
3517 4260 3798 4330 expedire,

2211 4349 2298 4419 pie
2323 4350 2428 4405 illis
2452 4350 2706 4404 alimenta
2729 4350 3023 4418 dispenset.
3054 4349 3191 4404 Nam
3214 4359 3268 4404 et
3291 4365 3390 4404 nos
3411 4350 3798 4419 approbemus,

2211 4443 2352 4510 quod
2385 4442 2497 4497 suis
2527 4457 2669 4512 saepe
2691 4441 2971 4512 discipulis
2998 4441 3059 4495 Β.
3085 4442 3417 4497 [lomualdus
3445 4441 3645 4495 dixisse
3673 4454 3807 4510 per-

2217 4530 2476 4585 hibetur:
2509 4531 2846 4596 Dummodo,
2885 4531 3093 4600 inquit,
3134 4528 3307 4584 frater
3333 4529 3560 4598 quilibet
3606 4526 3801 4581 cellam

2214 4635 2321 4674 non
2352 4619 2593 4685 deserat,
2642 4620 2804 4674 etiam
2849 4636 3045 4676 carnes
3085 4621 3432 4692 permittatur
3480 4634 3547 4673 ex
3593 4618 3796 4674 discre-

2213 4710 2357 4764 tione
2379 4711 2681 4776 comedere,
2716 4712 2759 4765 si
2795 4721 2902 4767 tam
2941 4711 3270 4767 inevitabilis
3303 4712 3547 4766 videatur
3570 4709 3802 4766 necessi-

2211 4810 2295 4857 tas
2323 4803 2626 4858 imminere.
2674 4802 2924 4859 Addebat
2970 4804 3192 4875 insuper
3220 4819 3234 4860 :
3273 4803 3399 4857 Tale
3428 4803 3571 4858 enim
3601 4816 3804 4873 prope-

2210 4894 2428 4948 modum
2470 4907 2555 4948 est
2580 4895 2644 4949 de
2666 4912 2849 4951 eremo
2881 4896 2948 4950 ad
2972 4899 3362 4953 monasterium
3393 4896 3611 4959 reverti,
3636 4893 3800 4963 quale

2210 4986 2276 5040 de
2301 4987 2668 5041 mouasteriali
2698 4989 2889 5043 ordine
2927 4989 2997 5044 ad
3033 4989 3288 5045 sarculum
3320 4987 3608 5059 asportari.
3642 4985 3802 5041 Unde

2210 5092 2432 5133 necesse
2459 5088 2540 5133 est
2563 5120 2577 5144 ,
2627 5090 2685 5134 ut
2729 5080 2889 5153 343
2919 5082 3229 5153 quicunque
3267 5081 3561 5136 eremitica:
3601 5088 3806 5148 praeest

2211 5168 2565 5234 fraternitati,
2609 5175 2774 5227 robur
2808 5174 3070 5245 cujusque
3096 5174 3383 5243 diligenter
3416 5171 3709 5236 examinet,
3743 5180 3804 5226 et

2203 5263 2360 5333 juxta
2391 5266 2589 5321 virimu
2623 5266 2934 5326 facultatem
2973 5270 3282 5326 necessaria
3311 5269 3704 5325 subministret.
3731 5266 3804 5321 Et

2210 5356 2427 5428 quidem
2456 5358 2500 5413 si
2538 5374 2728 5416 omnes
2758 5363 2860 5417 sub
2903 5362 3065 5417 unius
3103 5363 3301 5432 regulae
3332 5377 3585 5419 mensura
3612 5361 3802 5416 vivere

2214 5450 2528 5519 praevalent,
2563 5452 2826 5522 optimum
2854 5463 2968 5521 est;
3002 5455 3238 5526 alioquin
3270 5456 3314 5510 si
3360 5471 3518 5520 unus,
3559 5463 3651 5509 aut
3680 5453 3799 5508 for-

2214 5549 2360 5599 tasse
2401 5544 2585 5614 plures
2632 5545 2894 5619 indigent,
2939 5549 3081 5619 quod
3112 5550 3170 5617 ii,
3215 5549 3307 5619 qui
3344 5550 3643 5605 incolumes
3669 5555 3804 5602 sunt

2218 5648 2445 5689 necesse
2481 5650 2587 5689 non
2631 5635 2857 5704 habent,
2885 5637 3024 5693 clam
3054 5639 3322 5704 videlicet,
3361 5647 3415 5693 et
3463 5637 3671 5694 occulte
3715 5635 3802 5692 sic

2211 5724 2441 5795 infirmis
2480 5728 2565 5797 pia
2615 5730 2937 5785 exhibeatur
2966 5733 3290 5796 humanitas,
3321 5743 3381 5787 ut
3409 5730 3645 5785 valentes
3676 5729 3800 5783 sine

2212 5807 2428 5872 invidiae
2456 5819 2672 5875 stimulo
2700 5820 2855 5876 insui
2892 5822 3084 5893 rigoris
3107 5829 3459 5892 permaneant
3488 5819 3793 5885 disciplina.
