4106 6320
242 417 351 478 349

1196 422 1440 484 OPUSC.
1473 425 1589 483 XV.
1622 456 1693 468 ——
1722 424 1813 481 DE
1839 421 2233 481 INSTITUTIS
2270 426 2432 483 ΟΜ).
2471 426 2752 484 EREMIT.

3304 422 3311 426 ’
3399 429 3508 487 350

242 529 429 601 Neque
473 529 618 586 enim
666 543 887 588 necesse
927 540 1040 598 est,
1089 536 1234 604 quod
1277 537 1372 593 nni
1400 553 1559 594 casus
1596 538 1818 609 irrogat,
1852 540 1894 596 Α
1927 533 2165 606 ingluvie
2200 538 2408 609 prandii
2448 540 2789 596 manifestum
2827 548 2912 596 est
2955 542 3264 611 provenire.
3304 544 3436 600 Nam
3461 548 3504 603 si

244 621 393 676 illico
417 621 666 691 regulare
686 623 936 681 omnibus
963 625 1053 680 fiat
1081 640 1095 679 :
1129 642 1251 682 cum
1276 638 1331 683 et
1356 629 1496 684 idem
1522 628 1704 691 frater,
1729 628 1820 698 qui

245 712 408 767 hodie
445 714 720 769 subveniri
749 713 852 790 sibi
877 730 974 785 per
1001 715 1393 774 humanitatem
1438 718 1699 790 postulat,
1729 734 1819 776 se-

248 803 427 859 cunda
470 803 719 861 fortassis
768 805 1104 865 confortatus
1158 810 1489 867 hebdomada
1518 852 1534 878 ,
1581 812 1823 883 ejusdem

248 896 609 952 humanitatis
637 899 907 969 impendia
944 916 1051 956 non
1091 904 1353 974 requirat.
1404 904 1539 959 Nam
1589 915 1643 960 et
1682 906 1823 960 idem

246 982 311 1038 B.
333 984 685 1054 Romualdus,
709 999 768 1044 ut
792 990 874 1045 sui
902 1003 1300 1050 consueverunt
1323 995 1526 1052 referre
1551 996 1826 1066 discipuli,

246 1074 347 1130 sic'
370 1079 542 1134 ως»ιίνὶ
576 1081 833 1149 temporis
870 1081 1236 1139 hebdomadas
1262 1085 1597 1152 alternabat,
1632 1098 1690 1141 ut
1720 1101 1825 1140 una

244 1171 467 1240 quidem
496 1186 527 1224 a
558 1171 834 1226 Dominica
879 1173 933 1227 in
962 1173 1294 1230 Dominicam
1342 1177 1397 1231 in
1437 1192 1575 1246 pane
1603 1186 1659 1231 et
1686 1192 1825 1247 aqua

239 1260 539 1331 jejunando
588 1263 950 1335 transigeret;
1001 1262 1225 1320 alterius
1280 1280 1409 1322 vero
1477 1266 1828 1322 hebdomada:

244 1350 585 1420 pulmentum
613 1352 796 1421 quinta
839 1351 975 1407 feria
1025 1355 1393 1412 manducarct.
1435 1356 1512 1410 De
1554 1356 1828 1411 conversis

246 1453 467 1510 quoque
490 1450 750 1511 quantum
769 1440 1038 1513 jejunent,
1062 1443 1300 1514 ejusdem
1326 1444 1524 1515 prioris
1550 1445 1831 1516 provideat

245 1531 550 1603 diligentia.

829 1626 1061 1683 CAPUT
1098 1626 1259 1682 XVII.

781 1718 857 1773 De
884 1720 1052 1774 somni
1086 1722 1304 1775 ratione.

310 1806 397 1861 De
431 1821 621 1862 somno
657 1822 872 1877 quoque
914 1826 1020 1864 non
1061 1818 1168 1864 tam
1215 1811 1347 1865 dura
1388 1811 1704 1881 quibusdam
1748 1812 1829 1867 di-

236 1895 460 1951 strictio
484 1911 647 1965 quam
678 1896 922 1953 modesta
948 1899 1205 1954 discretio
1251 1901 1557 1956 necessaria
1593 1909 1694 1956 est.
1722 1901 1831 1957 Me-
1858 1905 1907 1965 Β

236 1986 354 2041 lius
395 1988 594 2059 quippe
636 2000 720 2045 est
756 2004 1007 2044 somnum
1056 1991 1208 2046 carni
1258 2000 1554 2063 temperata
1597 1993 1825 2062 quadam

236 2076 652 2146 dispensatione
700 2079 1026 2145 concedere,
1071 2089 1125 2134 et
1162 2079 1435 2136 ferventer
1486 2083 1828 2150 postmodum

237 2165 292 2220 in
328 2165 433 2222 Dei
469 2167 723 2225 laudibus
751 2170 1041 2236 excubare,
1079 2186 1243 2240 quam
1271 2182 1646 2227 summotenus
1672 2187 1829 2240 sopo—

237 2265 431 2311 ratum
466 2257 744 2314 dissolutis
779 2268 887 2315 tota
923 2260 1008 2315 die
1043 2259 1199 2316 labiis
1239 2261 1493 2316 oscitare.
1542 2261 1830 2317 Enimvero

236 2350 581 2419 nuperrimis
610 2352 771 2406 etiam
818 2350 1310 2421 przedeccssoribus
1355 2352 1557 2406 nostris
1599 2367 1829 2407 consue-

238 2439 380 2493 tudo
410 2455 518 2495 non
547 2450 688 2507 erat,
712 2450 773 2495 ut
799 2442 979 2510 aliquo
1009 2451 1249 2511 tempore
1272 2442 1571 2497 dormirent
1618 2441 1671 2497 in
1702 2443 1825 2508 die;

238 2544 347 2584 nos
371 2540 557 2586 autem
596 2530 797 2588 aestivis
827 2534 1019 2589 diebus
1055 2533 1353 2588 dormimus
1381 2535 1622 2603 quidem,
1650 2536 1744 2592 sed
1774 2546 1831 2590 ut

241 2618 619 2675 indubitanter
659 2623 867 2692 experti
914 2638 1118 2686 sumus,
1153 2624 1414 2694 quidquid
1458 2635 1748 2695 provectus
1774 2626 1830 2681 in

243 2711 331 2766 die
364 2711 705 2766 dormientes
737 2712 1071 2777 amittimus,
1117 2712 1222 2767 hoc
1264 2723 1320 2767 et
1364 2716 1626 2769 maturius
1671 2727 1831 2770 nocte

243 2814 557 2874 surgentes,
584 2813 639 2858 et
665 2800 966 2875 eipeditius
992 2803 1189 2859 divinis
1221 2803 1536 2862 insistentes
1557 2806 1830 2877 obsequiis

244 2910 692 2964 compensamus.

311 2985 629 3042 Notandum
676 2996 893 3052 autem,
937 2988 1065 3057 quia
1114 2995 1242 3044 ante
1288 2995 1568 3042 nocturnae
1613 2987 1831 3059 synasis

243 3077 517 3142 ollicism,
546 3077 592 3133 si
640 3078 723 3132 vel
762 3096 838 3148 pr.
861 3078 1078 3134 fundior
1120 3080 1296 3134 adhuc
1325 3095 1453 3143 nox,
1482 3079 1566 3133 vel
1593 3079 1832 3148 quolibet

244 3167 416 3222 modo
440 3183 631 3237 graves
661 3169 910 3223 videntur
945 3184 1066 3224 esse
1098 3169 1311 3239 vigilia,
1340 3176 1588 3239 repetere
1615 3168 1835 3223 accubi-

1924 627 2254 699 lrugalitatis
2297 642 2493 686 metam
2537 632 2591 686 in
2626 633 2855 702 prandio
2883 649 2991 687 non
3030 635 3382 702 excederent,
3416 652 3507 693 ve-

1926 718 2224 788 spertinam
2280 735 2523 774 mensam
2577 735 2683 774 non
2733 728 3016 791 tantopere
3062 722 3387 781 fastidirent.
3438 726 3511 782 Ut

1929 822 2059 879 ergo
2085 824 2305 865 caenare
2338 810 2460 880 quis
2508 809 2704 875 valeat,
2746 826 2810 866 ac
2856 827 2980 865 mox
3023 812 3318 881 quiescenti
3349 829 3512 885 snpor

1926 898 2223 964 incumbat,
2255 908 2309 953 et
2360 900 2543 955 sobrie
2582 901 2868 970 prandeat,
2908 910 2963 957 et
2990 904 3389 959 dm'mitationis
3433 906 3513 975 ig-

1928 989 2143 1043 naviam
2172 1004 2279 1045 non
2337 990 2607 1045 admittat.
2645 990 2898 1047 Nonnulli
2947 1003 3147 1059 autem,
3185 997 3327 1064 quod
3375 1012 3511 1065 pra:-

1928 1079 2247 1135 tereundum
2278 1096 2382 1135 non
2432 1090 2538 1148 est,
2600 1091 2659 1137 ut
2711 1091 2869 1139 nocte
2925 1087 3168 1141 securius
3219 1089 3510 1153 dormiant,

1928 1176 1984 1222 et
2035 1185 2206 1238 usque
2273 1170 2343 1224 ad
2396 1172 2704 1227 satietatem
2765 1172 2938 1243 longis
2995 1175 3246 1243 profundi
3302 1178 3511 1247 soporis

1930 1261 2327 1316 stertitionibus
2375 1261 2775 1326 intumescant,
2832 1264 2957 1318 dum
3018 1267 3193 1321 adhuc
3239 1268 3353 1323 dies
3404 1278 3509 1334 est,

1931 1351 2287 1421 psalmodiam
2358 1353 2661 1422 anticipare
2714 1353 2973 1409 festinant
3028 1375 3040 1411 :
3109 1358 3301 1427 quibus
3356 1359 3513 1413 nimi-

1933 1454 2057 1493 rum
2127 1440 2373 1496 districte
2435 1442 2829 1511 prohibendum
2891 1454 3028 1511 est,
3100 1461 3168 1503 ne
3222 1457 3510 1517 antequam

1930 1545 2029 1585 suo
2071 1538 2312 1601 tempore
2348 1531 2775 1603 Complctorium
2813 1534 3038 1603 dicant,
3077 1539 3314 1608 psalmos
3369 1541 3508 1595 inci-

1926 1619 2098 1690 piant.

2500 1715 2727 1772 CAPUT
2768 1714 2952 1770 XVIII.

1930 1802 2010 1858 De
2031 1805 2329 1875 psalmodia
2353 1808 2558 1890 privata
2612 1825 2673 1862 ac
2724 1809 2961 1890 publica,
2994 1825 3086 1863 nec
3125 1826 3229 1864 non
3252 1809 3372 1865 aliis
3395 1825 3510 1866 ere-

2451 1888 2697 1932 mttarttm
2726 1888 3007 1932 επενειιιέε.

2002 1980 2324 2039 Psalterium
2377 1995 2558 2043 autem
2631 1990 2997 2059 unusquisque
3062 1990 3228 2047 frater
3276 1993 3516 2062 quotidie

1930 2086 2096 2127 unum
2145 2074 2426 2140 decantet,
2452 2076 2497 2130 si
2537 2093 2666 2133 vero
2705 2093 2802 2146 pro
2845 2078 3113 2134 defunctis
3162 2080 3275 2134 vult
3319 2081 3516 2136 addere

1929 2160 2013 2214 vel
2055 2170 2222 2216 totum
2254 2163 2604 2229 Psalterium,
2638 2167 2720 2221 vel
2748 2168 2980 2221 medium
3002 2208 3015 2228 .
3046 2169 3159 2224 sive
3189 2170 3378 2224 saltem
3409 2180 3517 2226 ter-

1931 2250 2062 2303 tiam
2093 2263 2336 2321 partem,
2369 2263 2460 2308 aut
2489 2272 2555 2309 ex
2591 2264 2701 2310 toto
2730 2257 3031 2321 dimittere,
3065 2257 3302 2326 ejusdem
3336 2258 3520 2314 fratris

1930 2343 2267 2415 relinquatur
2291 2347 2556 2413 arbitrio;
2595 2349 2722 2402 dum
2768 2357 2944 2403 tamen
2973 2350 3278 2404 meminerit
3302 2365 3517 2405 omnem

1927 2431 2240 2502 psalmodiae
2291 2436 2579 2502 ordinem,
2621 2438 2916 2493 viventium
2982 2440 3191 2495 scilicet
3257 2449 3313 2495 et
3369 2456 3516 2496 mor-

1932 2533 2164 2585 tuorum,
2195 2525 2332 2580 sicut
2363 2526 2415 2580 in
2439 2529 2785 2584 monasteriis
2810 2530 3085 2594 actitatur,
3111 2530 3347 2599 explere.
3376 2529 3521 2598 Qua.
3568 2536 3574 2542 '

1933 2622 2054 2669 tuor
2103 2625 2284 2671 autem
2336 2617 2442 2674 illis
2493 2620 2722 2685 diebus,
2762 2622 2956 2689 quibus
2998 2622 3350 2692 jejunandum
3399 2638 3521 2678 esse

1928 2705 2238 2761 censuimus
2260 2746 2274 2770 ,
2303 2707 2575 2763 silentium
2609 2719 2826 2764 teneant
2854 2751 2869 2776 ,
2915 2711 3015 2766 nisi
3042 2710 3181 2766 forte
3222 2713 3521 2768 necessitas

1930 2798 2315 2866 superveniens
2340 2800 2499 2856 aliter
2529 2802 2901 2872 imperaverit.
2932 2802 2988 2857 In
3030 2803 3161 2872 ipsis
3195 2813 3376 2858 autem
3407 2804 3520 2860 cel-

1930 2887 2052 2943 lulis
2088 2904 2364 2959 nunquam
2404 2890 2699 2960 loquantur
2736 2892 2937 2959 alicui,
2983 2894 3086 2949 nisi
3112 2893 3254 2949 forte
3289 2903 3383 2948 aut
3410 2909 3523 2950 om-

1931 2981 2059 3035 nino
2102 2990 2384 3036 morentur
2432 2982 2658 3049 inclusi,
2707 2993 2801 3039 aut
2848 2985 3011 3039 etiam
3048 2985 3159 3040 sint
3197 2984 3351 3054 juxta
3408 3001 3526 3039 mo-

1932 3070 2230 3125 nasterium
2262 3072 2564 3127 constituti.
2598 3071 2706 3127 Sed
2734 3089 2833 3128 nec
2859 3074 3025 3127 alium
3057 3090 3179 3129 cum
3221 3074 3327 3129 alio
3355 3074 3523 3128 fratre

1932 3176 1959 3215 s
1982 3175 2046 3215 ve
2082 3161 2148 3215 de
2192 3163 2410 3231 proprio
2447 3173 2737 3228 conventu,
2779 3164 2893 3219 sive
2936 3179 3058 3218 cum
3086 3172 3349 3220 extraneo
3386 3181 3526 3234 pra:-

247 3270 365 3313 tum
395 3258 524 3314 licet
552 3273 566 3313 :
596 3269 716 3330 post
747 3270 1066 3315 nocturnmu
1100 3271 1279 3316 autem
1309 3262 1531 3316 omnino
1560 3276 1664 3314 non
1688 3259 1832 3315 licet.

1938 3259 2117 3305 smnat
2157 3250 2445 3321 aliquando
2482 3253 2642 3308 simul
2691 3255 2743 3308 in
2783 3253 2917 3309 cella
2947 3254 3270 3319 comedere,
3319 3255 3401 3310 vel
3448 3256 3515 3311 ad

252 3350 413 3408 Unde
440 3366 560 3416 nos,
592 3360 650 3406 ut
684 3351 799 3406 haec
826 3352 1087 3421 regularis
1124 3352 1467 3408 observantia
1497 3360 1680 3421 posset
1708 3352 1835 3406 faci-

248 3440 356 3497 lius
400 3441 686 3505 custodiri,
725 3442 827 3497 ltoc
868 3442 1221 3508 instituimus,
1258 3453 1317 3497 ut
1346 3444 1588 3513 quotidie
1623 3445 1834 3514 signum

246 3535 507 3603 primitus
535 3534 603 3589 ad
628 3534 838 3605 vigilias
874 3542 1064 3600 sonet,
1109 3536 1303 3591 deinde
1331 3536 1544 3605 expleto
1587 3551 1654 3591 cz
1688 3549 1838 3589 more

250 3629 541 3692 Psalterio,
575 3630 661 3683 vel
703 3638 964 3698 quantum
1010 3630 1149 3684 ratio
1195 3630 1448 3699 temporis
1496 3630 1838 3684 considerata

249 3719 556 3790 permittit.
599 3726 831 3774 sonante
860 3718 1059 3772 iterum
1121 3717 1307 3787 signo,
1346 3717 1665 3772 nocturnale
1718 3731 1840 3787 per-

252 3820 454 3881 agatur
485 3810 720 3866 cilicium
753 3827 767 3863 :
804 3817 864 3863 ut
896 3807 1055 3877 juxta
1084 3808 1397 3871 diluculum,
1441 3824 1549 3878 quo
1590 3808 1840 3862 videlicet

252 3914 504 3972 tempore
520 3901 737 3974 gravius
765 3901 1025 3956 incumbit
1050 3899 1276 3963 accidia,
1302 3907 1512 3955 stantes
1539 3914 1638 3953 nos
1666 3908 1720 3952 et
1745 3913 1839 3953 ca-

256 3989 473 4044 nonicis
493 3988 733 4045 inveniat
760 3997 1053 4058 occupatos
1095 3986 1305 4043 olliciis.
1341 3988 1496 4043 Absit
1538 3988 1681 4042 enim
1714 3996 1841 4042 tunc

254 4098 359 4140 nos
383 4084 568 4155 sopori
596 4084 683 4139 vel
732 4083 959 4156 ignavia:
997 4084 1222 4148 cedere,
1269 4097 1375 4152 qua
1422 4081 1672 4136 videlicet
1708 4082 1840 4136 hora

256 4181 477 4227 constat
522 4172 937 4243 Redemptorem
1001 4181 1246 4227 nostrum
1311 4170 1592 4225 destructo
1652 4170 1841 4223 mortis

258 4262 490 4333 imperio
518 4263 852 4330 surrexisse;
890 4278 959 4319 ne
994 4264 1039 4318 si
1072 4272 1199 4318 tunc
1238 4261 1591 4325 dormiamus,
1628 4260 1844 4330 quando

258 4354 476 4409 oriente
518 4356 633 4410 solo
663 4370 924 4426 corporeo
944 4396 959 4419 .
999 4356 1163 4411 etiam
1210 4354 1436 4411 interior
1465 4361 1649 4409 noster
1682 4354 1844 4409 homo

258 4444 438 4501 lucem
461 4445 618 4501 debet
642 4447 976 4503 inocciduam
998 4455 1338 4516 exspectare,
1361 4445 1504 4517 quod
1530 4445 1691 4509 absit,
1714 4445 1844 4500 irri-

259 4536 344 4592 sio
392 4535 550 4591 nobis
586 4538 835 4594 videatur
876 4538 963 4592 illa
1013 4553 1310 4608 congruere
1342 4554 1356 4590 :
1394 4554 1412 4587 ι
1442 4535 1701 4606 Discipuli
1727 4535 1844 4606 ejus

1935 3344 2323 3399 comedendum
2366 3345 2504 3402 alios
2544 3347 2816 3411 invitare,
2869 3347 2955 3401 ubi
2997 3347 3250 3401 nimirum
3296 3363 3402 3401 non
3454 3347 3524 3400 li-

1935 3444 2021 3491 cet
2047 3436 2215 3490 etiam
2263 3437 2658 3494 confessionem
2685 3454 2808 3493 cum
2845 3438 2949 3494 alio
2994 3437 3163 3494 fratre
3192 3438 3372 3495 verbis
3402 3438 3525 3493 vul-

1936 3531 2155 3600 garibus
2184 3546 2364 3600 agere.

2011 3620 2071 3676 Si
2105 3621 2212 3678 duo
2264 3620 2426 3677 simul
2474 3621 2680 3683 fratres
2723 3622 2776 3677 in
2825 3621 2960 3678 cella
3015 3620 3351 3686 cobabitant,
3384 3635 3527 3675 unus

1938 3726 2152 3781 semper
2205 3713 2408 3783 praesit,
2456 3721 2513 3768 et
2548 3712 2687 3768 alter
2745 3712 2979 3775 obediat,
3020 3711 3176 3780 juxta
3223 3710 3527 3765 communis

1938 3800 2191 3856 videlicet
2219 3803 2415 3872 prioris
2449 3803 2766 3872 imperium:
2796 3801 2937 3871 quod
2977 3802 3020 3856 si
3055 3799 3308 3855 uterlibet
3335 3814 3526 3852 eorum

1940 3893 2178 3948 novitius
2231 3905 2338 3960 est,
2395 3895 2584 3959 semel,
2642 3902 2736 3948 aut
2774 3894 2856 3948 bis
2904 3893 2957 3947 in
3015 3891 3351 3948 bebdomada
3406 3898 3529 3961 post

1944 3998 2229 4052 vesperam
2255 3983 2598 4055 colloquendi
2652 3983 2925 4039 licentiam
2956 3983 3229 4038 habeant:
3271 3990 3327 4035 at
3380 3990 3528 4052 post-

1940 4089 2103 4144 quam
2141 4075 2375 4139 novitius
2409 4089 2531 4129 esse
2585 4074 2828 4138 desierit,
2859 4088 2896 4129 a
2922 4083 3108 4128 mutua
3134 4074 3387 4142 deinceps
3412 4073 3526 4128 col-

1941 4164 2216 4220 locutione
2259 4167 2568 4219 cessabunt.
2626 4163 2669 4218 A
2727 4163 2932 4219 cellulis
2982 4163 3280 4227 venientes,
3323 4162 3407 4217 vel
3462 4162 3527 4216 atl

1942 4254 2160 4308 easdem
2198 4254 2509 4319 redeuntes,
2541 4253 2682 4308 sicut
2712 4253 2963 4322 superius
2991 4252 3192 4306 dictmu
3223 4260 3325 4315 est,
3373 4266 3523 4305 sem-

1942 4360 2040 4415 per
2092 4343 2366 4399 silentium
2416 4351 2654 4398 teneant.
2711 4342 2844 4397 Cum
2899 4342 3112 4411 signum
3166 4340 3409 4395 sonuerit
3456 4340 3525 4393 ad

1946 4433 2358 4506 congregandos
2396 4432 2621 4498 fratres,
2668 4432 2979 4503 quicunque
3026 4430 3373 4498 intellexerit,
3422 4445 3527 4484 non

1946 4524 2144 4579 habeat
2174 4523 2469 4589 licentiam,
2508 4522 2636 4577 dum
2691 4537 2749 4577 se
2796 4529 3089 4592 praeparat,
3137 4521 3444 4575 remorandi
3473 4519 3528 4573 in

262 4634 424 4681 nocte
459 4637 740 4692 venerunt,
785 4636 841 4683 et
870 4627 1022 4683 nobis
1050 4602 1460 4692 dormientibus,
1511 4602 1676 4679 furati
1716 4602 1845 4680 sunt
1874 4602 1920 4660 ί)
1947 4616 2162 4682 cellula,
2196 4616 2336 4672 ultra
2368 4631 2531 4687 quam
2579 4615 2816 4686 quinque
2854 4615 3090 4684 psalmos
3130 4614 3303 4669 valeat
3330 4615 3528 4669 decan-

263 4734 389 4772 eum
416 4717 634 4790 (Matth.
668 4718 882 4790 xxvut).
916 4738 933 4766 ι

336 4807 647 4865 Cavendum
689 4820 774 4864 est.
815 4819 1015 4876 autem,
1047 4824 1114 4863 ne
1143 4822 1336 4862 somno
1371 4805 1495 4876 quis
1524 4804 1605 4859 vel
1634 4804 1701 4860 ad
1726 4820 1842 4860 mo—

265 4908 509 4954 mentum
553 4900 774 4969 quidem
823 4899 1309 4971 incompetenzibus
1355 4896 1511 4953 boris
1556 4895 1839 4950 assentiat.

266 4990 400 5046 Nam
447 4992 493 5048 si
541 4994 747 5049 sedenti
789 4994 1025 5063 quidem,
1070 4993 1155 5047 vel
1199 4982 1362 5047 etiam
1400 4990 1567 5046 stanti
1599 4988 1844 5059 frequen-

266 5089 353 5134 tcr
415 5082 765 5152 obrepserit,
837 5081 1175 5153 postmodum
1253 5095 1377 5134 cum
1457 5078 1695 5133 dormire
1758 5091 1854 5131 vo-

268 5169 454 5236 luerit,
500 5171 666 5245 344
712 5174 782 5228 ab
829 5173 947 5239 ejus
988 5157 1174 5227 oculis
1194 5158 1383 5241 ’δοροῖ-
1438 5169 1704 5225 abscedit.
1757 5167 1849 5222 Sic

271 5260 528 5316 nimirum
579 5264 893 5319 dormitatio
950 5263 1210 5332 vigiliam,
1256 5271 1311 5317 et
1365 5260 1547 5330 vigilia
1585 5259 1849 5313 dormita-

271 5353 475 5409 tionem
506 5354 691 5426 parit:
740 5364 946 5411 cumet
980 5356 1071 5423 qui
1119 5353 1403 5417 dormitat,
1451 5352 1652 5406 invitus
1699 5360 1850 5419 pos:-

268 5444 489 5498 modum
529 5445 733 5516 vigilet,
783 5453 837 5499 et
894 5460 1080 5498 rursus
1134 5442 1225 5511 qui
1272 5441 1472 5496 diutius
1518 5439 1724 5510 vigilat,
1778 5455 1845 5494 ex

271 5537 597 5592 necessitate
625 5536 901 5591 dormitet.
931 5534 1030 5588 Cui
1072 5534 1303 5589 similem
1349 5535 1513 5588 etiam
1560 5534 1849 5589 indiscrete

271 5625 683 5679 comedentibus
703 5639 843 5694 saepe
864 5622 1111 5693 contigit.
1140 5623 1277 5678 llinc
1310 5626 1543 5693 uanique
1572 5634 1674 5687 est,
1706 5623 1848 5691 quod

273 5714 512 5770 nonnulli
566 5714 790 5771 ri.Iicule
839 5715 1148 5778 delirantes,
1188 5714 1459 5786 superfluo
1507 5729 1849 5783 conqueran-

276 5814 367 5863 tur
387 5823 445 5865 se
468 5823 683 5866 camare
709 5825 815 5865 non
846 5824 1025 5881 posse,
1057 5809 1200 5878 quod
1228 5817 1373 5863 certe
1411 5824 1476 5864 cx
1508 5808 1847 5864 immoderati

1951 4718 2087 4763 tare.

2018 4798 2219 4852 Caveat
2244 4806 2423 4853 autem
2452 4798 2597 4852 utilis
2630 4796 2815 4862 frater,
2867 4812 2936 4852 ne
2977 4812 3063 4851 res
3094 4796 3205 4850 suis
3232 4795 3527 4849 necessita-

1950 4895 2091 4950 tibus
2122 4895 2425 4965 deputatas,
2457 4911 2553 4949 sen
2574 4894 2823 4963 quaelibet
2852 4892 3100 4946 utensilia
3124 4890 3370 4944 deterere
3394 4905 3530 4957 pra:-

1949 4997 2150 5051 smnat,
2169 4988 2252 5042 vel
2277 4989 2491 5042 incaute
2518 4996 2789 5041 tractare:
2814 4994 2997 5054 utpote
3020 4994 3219 5046 vestes,
3235 4981 3532 5035 ferramen-

1959 5077 2303 5142 la,vasa,vel
2330 5078 2413 5131 his
2439 5077 2656 5131 similia.
2684 5075 2993 5129 Praesertim
3021 5072 3188 5126 libros
3217 5079 3435 5125 sanctos
3457 5072 3531 5124 ita

1958 5168 2254 5232 custodiat,
2291 5177 2641 5237 utnuuquatn
2672 5181 2889 5229 manum
2914 5179 3078 5233 super
3098 5163 3306 5217 litteras
3331 5171 3531 5222 teneat,

1956 5272 2233 5328 nunquam
2265 5257 2414 5311 fumo
2444 5252 2874 5327 nigrescere,vel
2898 5253 3034 5322 ignis
3059 5253 3279 5306 odorem
3296 5249 3536 5321 [Lardo-

1965 5349 2104 5422 rem]
2132 5349 2293 5421 34,5
2319 5350 2613 5418 permittat.
2648 5346 2817 5401 Ponat
2856 5354 3034 5399 autem
3057 5342 3208 5413 juxta
3231 5359 3290 5398 se
3309 5359 3536 5412 qua:th

1959 5442 2060 5496 sibi
2086 5440 2544 5495 suntlamiliarius
2570 5439 2895 5504 neCessaria,
2922 5446 2981 5492 ttt
3005 5453 3126 5491 cum
3157 5454 3311 5492 usum
3342 5436 3533 5488 horum

1955 5534 2251 5589 necessitas
2293 5531 2549 5603 postulat,
2600 5532 2711 5600 ipse
2756 5530 2821 5584 ad
2873 5529 3233 5587 exhibendum
3282 5526 3383 5581 sibi
3428 5525 3537 5578 frc-

1954 5626 2208 5696 quentius
2254 5631 2458 5693 surgat.
2494 5622 2798 5691 'l‘antopere
2842 5620 3042 5690 quippe
3066 5618 3280 5688 vagatio
3317 5625 3401 5672 est
3451 5615 3531 5668 vi-

1957 5718 2144 5781 tanda,
2176 5725 2233 5769 ut
2281 5731 2378 5770 nec
2410 5731 2505 5785 per
2558 5714 2728 5783 ipsam
2761 5714 3005 5768 cellulam
3042 5710 3263 5780 spatiari
3302 5707 3534 5761 inaniter

1956 5807 2135 5862 liceat.
2162 5806 2331 5862 Porro
2356 5806 2397 5859 si
2428 5804 2677 5871 voluerit,
2708 5803 2904 5859 calceis
2957 5811 3139 5857 utatur
3168 5799 3221 5854 in
3249 5794 3461 5884 cellula.
