4148 5358
569 338 671 395 33!

1028 338 1088 395 S.
1115 338 1320 396 PETRI
1357 340 1642 400 DAMIANI
1670 343 1822 403 OPP.
1857 344 2095 403 TOMUS
2135 347 2270 406 SEU
2309 349 2490 408 PARS
2519 351 2604 408 lll.
2629 384 2699 395 —
2721 351 3089 413 OPUSCULA
3118 360 3349 417 VARIA.

3734 368 3843 425 352

645 451 821 521 Super
866 451 1151 507 metanoeis
1189 468 1318 507 vero
1344 453 1644 525 disciplinis
1689 465 1854 527 atque
1882 457 2157 529 palmatis,
2191 473 2236 530 Α
2268 467 2640 521 tantummodo
2669 466 2841 523 frater
2866 469 2922 524 in
2969 472 3136 539 cella;
3172 474 3258 528 illa
3289 476 3648 537 habitatorem
3683 499 3842 540 suum

573 540 689 597 sive
710 542 870 597 etiam
899 540 1140 598 brachiis
1164 547 1525 601 extendendis
1541 547 1595 601 in
1617 548 1974 614 orationibus,
2002 559 2160 605 cazte-

573 636 759 700 risque
780 632 955 687 sancti
1004 631 1239 690 fervoris
1282 637 1583 703 exercitiis,
1624 639 1766 693 nulla
1790 638 2013 695 fratrem
2044 640 2160 712 lege

573 724 1023 794 constringimus,
1050 727 1181 796 quin
1208 729 1387 798 potius
1415 744 1527 784 suae
1555 731 1942 785 committenda
1973 732 2157 801 provi-

573 819 744 876 sionis
785 821 1012 876 arbitrio
1036 822 1364 892 judicamns.
1395 823 1535 879 Sunt
1559 824 1702 880 enim
1731 825 1928 895 quibus
1966 825 2159 880 horum

572 912 752 982 aliqua
781 927 886 968 non
935 915 1280 978 conveniunt.
1324 924 1489 986 atque
1536 916 1660 972 ideo
1691 924 1866 971 tutum
1923 917 2158 983 videtur,

570 1012 738 1071 atque
764 1001 1007 1066 liberius,
1043 1013 1102 1058 ιιι
1131 1003 1185 1058 in
1210 1005 1408 1060 talibus
1435 1005 1605 1077 magis
1630 1008 1778 1077 optio
1799 1014 2157 1077 proponatur,

573 1109 739 1163 quam
766 1092 1039 1149 definitiva
1066 1095 1268 1165 regulae
1310 1099 1577 1153 sententia
1622 1099 2025 1169 prescribatur.
2048 1098 2158 1153 Ra-

572 1183 707 1236 dant
751 1192 932 1236 autem
980 1193 1145 1254 caput
1190 1200 1289 1255 per
1339 1203 1552 1244 menses
1606 1189 1868 1260 singulos,
1920 1191 2160 1260 exceptis

570 1273 1003 1344 quadragesimis
1039 1275 1266 1341 duabus,
1311 1292 1432 1347 quae
1485 1280 1738 1335 nimirum
1776 1281 1897 1336 sine
1940 1280 2160 1335 lavacro

573 1364 812 1434 capitum
859 1366 1221 1438 transigenda:
1267 1379 1414 1424 sunt.
1447 1370 1663 1427 Balneis
1706 1387 1833 1428 vero
1877 1374 1922 1429 si
1958 1372 2163 1429 fuerint

574 1455 898 1520 incolumes,
941 1470 1047 1510 non
1081 1466 1326 1513 utantur.
1383 1458 1510 1514 llam
1566 1460 1749 1530 itaque
1798 1476 1897 1517 nos
1953 1472 2162 1517 remoto

574 1544 723 1599 omni
772 1545 1110 1601 austeritatis
1155 1548 1356 1619 rigore,
1421 1550 1543 1606 ideo
1589 1551 1689 1607 sub
1742 1562 1852 1606 tam
1909 1553 2163 1607 modesta:

575 1636 925 1693 discretionis
949 1637 1235 1694 libramine
1284 1641 1693 1706 constituimus,
1740 1651 1802 1696 ut
1848 1641 2038 1707 frater,
2066 1643 2161 1712 qui

570 1728 647 1783 de
674 1743 770 1783 sua
809 1736 895 1783 est
935 1729 1111 1784 salute
1161 1730 1451 1798 sollicitus,
1480 1732 1876 1789 institutionem
1916 1733 2163 1791 salutife-

2263 570 2481 613 omnem
2512 559 2729 616 vivendi
2756 561 3003 618 ordinem
3027 565 3238 635 plenius
3259 568 3521 627 edocebit.

2844 653 3073 711 CAPUT
3106 656 3245 715 XIX.

2262 739 2342 797 De
2385 742 2789 814 cogitationibus
2818 734 2965 827 sanis
3015 750 3290 827 etunoeuis
3335 768 3440 808 non
3476 754 3843 827 suscipiendis,

2831 815 2912 868 vel
2937 817 3275 886 expellendis.

2332 900 2484 959 Nunc
2508 914 2687 959 autem
2712 919 2779 959 ex
2810 905 2897 961 bis
2923 920 3044 976 quae
3072 918 3361 964 versantur
3398 910 3455 966 in
3499 922 3701 980 mente,
3745 931 3845 987 pro

2261 996 2387 1068 styli
2420 997 2742 1068 compendio
2789 998 3031 1054 breviter
3069 1000 3438 1071 disputemus;
3477 1013 3539 1061 ut
3584 1007 3639 1062 in
3685 1009 3848 1079 spiri-

2265 1086 2391 1141 tuali
2440 1089 2739 1145 certamine
2789 1089 3135 1145 dimicantem
3192 1093 3451 1150 adversus
3494 1098 3846 1169 cogitationes

2260 1177 2527 1247 proprias,
2566 1186 2622 1233 et
2660 1193 2867 1249 pugnas
2914 1179 3159 1236 diversas
3177 1182 3333 1251 quasi
3373 1184 3691 1253 quibusdam
3724 1188 3847 1245 telis

2262 1267 2719 1338 insuperabilibus
2771 1268 3126 1326 instruamus.
3185 1270 3242 1327 In
3290 1273 3482 1343 primis
3517 1276 3701 1347 igitur,
3746 1277 3845 1341 illi.

2260 1362 2574 1434 quicunque
2614 1378 2807 1419 manus
2835 1364 2903 1420 ad
2941 1363 3333 1437 confligendum
3359 1381 3520 1436 paras
3548 1385 3668 1424 cum
3708 1370 3851 1425 invi-

2261 1453 2404 1509 sibili
2431 1454 2587 1510 hoste
2627 1469 2934 1521 conserere,
2967 1464 3154 1525 satage
3177 1466 3413 1512 mentem
3439 1467 3584 1513 tuam
3606 1458 3675 1515 ab
3697 1458 3851 1514 omni

2263 1545 2669 1617 suggestionnm
2698 1545 3074 1615 obrepentium
3099 1546 3299 1616 impetu
3334 1548 3578 1617 pervigili
3607 1547 3850 1604 custodia

2263 1636 2602 1692 communire
2631 1654 2644 1691 :
2681 1643 2738 1694 et
2766 1636 2906 1691 sicut
2931 1637 3275 1708 quisquilias,
3306 1646 3612 1709 etquaeque
3643 1653 3851 1711 purga-

2265 1734 2466 1793 menta,
2490 1742 2609 1798 quae
2634 1727 2701 1783 de
2728 1728 2983 1799 operibus
3011 1743 3269 1783 manuum
3312 1737 3527 1785 tuarum
3573 1730 3849 1796 decidunt,

575 1833 692 1872 ram
726 1834 830 1873 non
871 1819 1203 1874 abhorreat:
1236 1830 1291 1876 et
1330 1829 1511 1878 tamen
1565 1822 1610 1879 si
1668 1824 1784 1877 haec
1816 1821 2007 1878 fecerit
2049 1824 2161 1895 ple-
2188 1826 2237 1888 B
2266 1816 2320 1870 in
2349 1815 2526 1887 ignem
2556 1816 2803 1886 Pl‘OlimIS
2853 1814 3073 1884 abiiCiS;
3130 1817 3206 1871 ita
3253 1818 3603 1874 nihilominus
3648 1818 3854 1890 cogita-

574 1908 798 1963 nissime
826 1909 894 1965 de
931 1910 1325 1980 omnipotentis
1354 1911 1450 1967 Dei
1492 1913 1844 1970 miseratione
1897 1914 2157 1970 confidat.

573 1997 961 2055 Verumtamen
995 2001 1108 2056 haec
1147 2002 1331 2073 regula
1369 2013 1491 2074 post
1545 2014 1789 2060 nostrum
1837 2015 2021 2062 teneat
2064 2008 2161 2063 ob-

576 2089 715 2143 itum
740 2108 753 2144 ε
783 2106 907 2145 nam
935 2092 1063 2146 dum
1094 2092 1348 2161 vivimus,
1371 2105 1650 2152 assuetum
1690 2098 1883 2164 minui,
1922 2100 2033 2155 Deo
2056 2098 2167 2154 lar-

576 2182 782 2253 giente,
811 2199 915 2238 non
939 2186 1178 2253 patimur
1204 2187 1533 2243 institutum.

648 2271 784 2328 Illud
829 2273 987 2343 plane
1048 2289 1393 2346 summOpere
1441 2284 1527 2332 est
1568 2278 1890 2345 cavendum,
1940 2293 2010 2335 ne
2061 2278 2165 2335 sub

576 2363 762 2418 colore
791 2363 915 2432 quis
940 2364 1233 2418 eremiticaa
1264 2365 1387 2421 vita:
1411 2365 1596 2438 iugum
1617 2370 1883 2425 detrectet
1910 2369 2163 2426 obedien-

582 2453 693 2518 tiae,
731 2452 841 2507 imo
873 2460 1025 2507 tanto
1064 2468 1123 2508 se
1152 2456 1371 2510 arctiori
1408 2458 1728 2512 obedientia:
1755 2458 1871 2530 lege
1896 2459 2165 2513 constrin-

577 2554 689 2615 gat,
717 2555 919 2614 quanto
942 2546 1080 2602 banc
1105 2546 1498 2603 institutionem
1526 2550 1954 2619 superexcedere
1981 2564 2167 2606 cuino-

577 2637 813 2691 bitarum
841 2635 1077 2707 regulam
1115 2653 1221 2694 non
1274 2639 1503 2710 ignorat.
1538 2639 1694 2711 Stepe
1734 2641 1877 2697 enim
1904 2640 2076 2697 frater
2099 2642 2166 2698 de

577 2727 715 2781 cella
735 2729 802 2782 ad
830 2728 1022 2781 cellam
1067 2725 1289 2798 jubetur
1332 2731 1675 2786 habitaturus
1721 2731 2034 2797 abscedere,
2064 2745 2167 2786 nec

579 2815 797 2883 aliquod
819 2816 1153 2882 utensilium,
1177 2832 1298 2886 qua:
1328 2833 1427 2872 suo
1463 2820 1627 2874 etiam
1650 2820 1767 2890 ipse
1795 2819 1979 2875 labore
2005 2835 2164 2889 para-

576 2914 752 2969 verat,
781 2907 1116 2975 permittitur
1161 2918 1463 2979 asportare.
1503 2907 1657 2978 Saepe
1701 2920 1950 2980 optantes
1994 2911 2046 2964 in
2082 2926 2166 2964 re-

580 2997 821 3051 matione
871 2998 1170 3067 quiescere,
1228 2998 1293 3051 ad
1338 3001 1704 3069 peragendum
1748 3014 1885 3069 opus
1928 2998 2165 3068 compel-

578 3087 764 3142 luntur
812 3088 980 3143 exire.
1035 3089 1339 3159 Aliquando
1407 3090 1586 3146 clavvs
1649 3091 1908 3146 cellarum
1959 3090 2169 3147 foribus

2268 1908 2475 1963 tionum
2509 1915 2722 1962 tuarum
2748 1914 2928 1963 motus
2957 1907 3011 1962 in
3045 1908 3216 1964 Deum
3241 1908 3463 1980 projice.
3498 1911 3567 1966 Et
3595 1911 3852 1983 quoniam

2264 1997 2380 2067 ipse
2404 1997 2544 2069 ignis
2577 2010 2908 2053 consumens
2929 2005 3043 2063 est,
3070 1997 3145 2053 illi
3173 1997 3443 2069 superﬂua
3474 2000 3656 2057 cordis
3682 2001 3761 2056 tui
3784 2002 3855 2058 ad

2264 2088 2696 2144 consumendum
2727 2089 2913 2155 trade;
2942 2103 3248 2146 memorans
3277 2091 3406 2147 illud
3450 2092 3805 2163 apostolicum
3835 2108 3852 2147 :

2271 2198 2291 2233 ι
2326 2178 2556 2236 Omnem
2609 2180 3027 2236 sollicitudinem
3083 2191 3322 2238 vestram
3391 2185 3738 2256 projicientes
3799 2185 3855 2241 in

2266 2288 2413 2338 eum,
2444 2274 2700 2343 quoniam
2748 2274 2851 2344 ipsi
2909 2285 2996 2331 est
3026 2289 3159 2332 cura
3188 2274 3256 2331 de
3298 2276 3453 2333 vobis
3504 2276 3691 2349 (Hebr.
3732 2293 3851 2343 an;

2267 2362 2298 2417 Ι
2322 2361 2465 2417 Petr.
2488 2352 2569 2432 'v).
2602 2383 2620 2417 ι
2655 2363 2723 2418 Ει
2747 2362 3018 2435 Propheta
3045 2377 3062 2419 :
3098 2383 3117 2417 ι
3144 2364 3317 2432 Jacta,
3343 2366 3535 2437 inquit,
3558 2366 3855 2439 cogitatum

2267 2463 2417 2508 tuum
2466 2453 2521 2509 in
2563 2454 2809 2517 Domino,
2840 2464 2896 2509 et
2934 2457 3049 2525 ipse
3088 2465 3141 2512 te
3188 2456 3425 2513 enutriet
3454 2456 3630 2529 (Psal.
3665 2457 3794 2531 Liv).
3829 2476 3850 2510 ι

2269 2543 2444 2601 Unum
2497 2546 2697 2617 quippe
2734 2545 2963 2601 viriliter
3009 2546 3306 2603 decertanti
3353 2562 3385 2603 e
3431 2547 3641 2603 duobus
3668 2547 3858 2603 deesse

2267 2649 2373 2690 non
2397 2637 2596 2706 poterit
2624 2654 2637 2689 :
2671 2644 2730 2691 ut
2763 2635 3018 2691 videlicet
3040 2636 3494 2708 suggestionibus,
3526 2646 3621 2691 aut
3644 2636 3857 2708 ingredi

2270 2726 2604 2782 tentantibus
2635 2726 2765 2799 vigil
2797 2741 3012 2797 semper
3051 2727 3307 2794 obsistas,
3336 2736 3432 2783 aut
3456 2728 3729 2800 ingressas
3758 2726 3860 2782 eli-

2269 2815 2481 2870 minare
2510 2818 2821 2872 contendas.
2857 2816 2963 2872 Sed
2992 2816 3208 2875 facilius
3240 2825 3324 2873 est
3358 2817 3583 2873 hostiles
3619 2817 3858 2887 impetus

2269 2909 2324 2963 in
2353 2908 2620 2964 vestibulo
2644 2908 2915 2980 frangere,
2943 2924 3109 2980 quam
3152 2908 3422 2964 admissos
3463 2917 3617 2964 extra
3652 2909 3856 2963 muenia

2268 2998 2587 3068 propulsare
2611 3014 2625 3053 :
2654 2999 2821 3053 tutius
2846 3008 2930 3054 est
2957 3015 3148 3055 arcere
3186 3015 3300 3071 pra:
3330 2999 3560 3069 foribus,
3588 3015 3749 3072 quam
3776 2999 3859 3054 la-

2272 3092 2421 3145 rihus
2448 3090 2791 3165 intromissos
2814 3090 2867 3144 in
2897 3099 3046 3162 terga
3078 3091 3425 3161 compellere.

579 3179 997 3245 subtrahuntur,
1024 3188 1079 3235 et
1117 3197 1279 3251 quam
1320 3181 1478 3252 longo
1508 3191 1750 3251 tempore
1780 3182 1882 3236 nisi
1928 3195 2024 3251 per
2046 3182 2163 3235 sin-
2193 3169 2237 3230 C
2339 3181 2484 3237 Pone
2523 3183 2707 3252 itaque
2737 3184 3092 3238 tentationem
3146 3185 3300 3254 quasi
3352 3192 3682 3255 serpentem.
3727 3182 3858 3238 Ser-

580 3270 735 3340 gulos
781 3272 898 3325 dies
945 3270 1255 3326 Dominicos
1309 3288 1415 3326 non
1474 3273 1793 3328 redduntur.
1862 3273 2166 3343 Aliquando
2268 3288 2401 3343 pens
2427 3287 2618 3343 nempe
2644 3273 2688 3328 si
2722 3273 2792 3328 ab
2825 3274 2940 3341 ipso
2970 3275 3117 3328 aditu
3152 3284 3350 3345 praesto
3392 3275 3688 3347 repellitur,
3720 3290 3857 3330 sana

560 3362 882 3417 districtam
921 3363 1024 3417 sibi
1073 3364 1247 3417 victus
1293 3363 1685 3418 continentiam
1734 3364 2036 3420 indicentes
2075 3379 2167 3419 co-
2268 3376 2393 3423 sunt
2421 3368 2645 3422 omnia:
2687 3366 2762 3421 nil
2812 3366 3038 3421 omnino
3088 3369 3474 3439 corrumpitur,
3521 3367 3599 3423 nil
3640 3382 3855 3432 eorum,

580 3464 782 3526 guntur
832 3455 1112 3509 remissius
1181 3455 1403 3523 vivere;
1477 3455 1826 3526 volentesque
1899 3457 2121 3512 reticere
2150 3496 2166 3523 ,
2269 3473 2389 3528 quae
2416 3458 2561 3512 intus
2591 3464 2740 3520 sunt,
2771 3455 3109 3525 inquinatur.
3154 3455 3210 3511 Si
3259 3466 3439 3512 autem
3486 3457 3653 3513 semel
3691 3456 3858 3511 fuerit

581 3543 1610 3615 compellunturecontrariojejunare.
1639 3545 1791 3616 Saepe
1814 3555 1934 3615 post
1958 3562 2170 3618 sagma-
2267 3544 2553 3607 admissus,
2602 3544 2813 3598 tametsi
2860 3544 3052 3612 quavis
3090 3543 3347 3599 instantia
3376 3546 3721 3613 postmodum
3764 3559 3860 3599 co-

581 3636 695 3690 rios
721 3634 892 3689 frater
913 3635 1101 3705 procul
1153 3636 1229 3690 ire
1254 3638 1607 3707 praecipitur:
1643 3650 1785 3706 saepe
1831 3638 2166 3693 distraheudi

583 3729 670 3783 vel
700 3730 979 3783 coemendi
1024 3730 1195 3800 gratia
1244 3732 1313 3785 ad
1363 3731 1634 3787 nundinas
1688 3731 2007 3787 destinatur.
2060 3728 2168 3785 Sed

586 3822 703 3876 haec
738 3831 792 3875 et
819 3821 921 3875 alia
953 3838 1287 3893 quwcunqne
1331 3839 1360 3877 a
1386 3825 1568 3893 priore
1593 3825 1941 3890 mandantur,
1969 3823 2043 3877 ita
2073 3837 2169 3893 pa-

584 3917 805 3979 tienter,
836 3924 892 3970 et
935 3916 1213 3971 humiliter
1263 3925 1388 3972 sunt
1442 3918 1734 3981 servanda,
1787 3932 1852 3972 ac
1892 3916 1936 3969 si
1968 3914 2171 3969 fuerint

584 4006 839 4061 divinitus
899 4007 1183 4077 imperata.
1259 4008 1578 4065 Obedientia
1649 4008 1849 4079 quippe
1914 4015 1970 4061 et
2026 4006 2169 4060 bona

584 4108 768 4153 nostra
800 4099 1141 4155 commendat
1168 4109 1224 4155 et
1270 4101 1609 4173 negligentia:
1641 4100 1877 4155 offensas
1922 4106 2164 4155 excusat.

656 4187 729 4245 Ut
764 4204 894 4261 ergo
917 4201 1098 4245 nostra
1128 4190 1199 4246 sit
1225 4193 1456 4246 remotio
1490 4192 1572 4247 vel
1603 4190 1820 4246 aﬂlictio
1870 4189 2168 4257 fructuosa,

585 4278 881 4335 salutiferae
912 4281 985 4336 sit
1026 4295 1244 4351 semper
1292 4281 1616 4337 obedientiae
1677 4281 1791 4337 sale
1829 4281 2086 4337 condita:
2118 4290 2174 4336 et

585 4387 935 4443 quoscunque
967 4374 1092 4427 boni
1127 4374 1307 4443 operis
1328 4376 1438 4429 vita
1462 4386 1646 4430 nostra
1674 4388 1857 4428 ramos
1880 4373 2168 4443 expandat,

587 4466 643 4521 in
675 4467 856 4521 radice
880 4482 1092 4537 semper
1130 4466 1452 4522 obedienlim
1496 4481 1719 4521 necesse
1753 4474 1839 4519 est
1878 4463 2167 4519 coalescat.

588 4553 879 4613 Enimvero
913 4569 1012 4610 nos
1061 4555 1243 4610 omnia
1302 4555 1462 4625 hujus
1511 4553 1864 4610 institutionis
1899 4560 2168 4621 prazcepta

588 4645 846 4701 minutius
869 4660 975 4700 non
1004 4647 1382 4713 describimus,
1420 4647 1512 4702 sed
1540 4645 1713 4701 multa
1743 4656 1865 4713 qua:
1889 4649 1941 4697 et
1965 4640 2166 4711 passim

590 4734 747 4792 nobis
784 4746 1101 4801 occurrunt,
1157 4752 1223 4792 ex
1278 4737 1457 4792 studio
1504 4734 1865 4805 praeterimus.
1898 4729 2167 4799 Quidquid

585 4826 734 4882 etaim
760 4826 815 4882 in
845 4827 907 4883 Β.
938 4827 1217 4901 Benedicti
1259 4827 1482 4898 Regula,
1514 4825 1772 4895 quidquid
1800 4824 1853 4877 in
1885 4821 2165 4884 institutis,

584 4918 702 4974 sive
732 4919 783 4974 in
810 4919 1187 4976 collationibus
1213 4920 1437 4976 Patrum
1482 4927 1567 4974 est
1595 4918 1823 4980 dictum,
1866 4914 1992 4967 huic
2014 4927 2165 4967 com-

586 5019 773 5080 petere
802 5011 1095 5082 disciplina:
1113 5013 1537 5084 perpendimus;
1573 5019 1749 5063 tamen
1800 5007 1853 5060 in
1889 5022 2054 5059 unmn
2075 5003 2166 5058 hic

587 5109 780 5156 cuncta
810 5102 1062 5173 colligere
1094 5103 1423 5174 superfluum
1450 5101 1780 5170 judicamns.
1804 5094 1921 5149 lluc
1960 5092 2170 5148 accedit

589 5189 731 5260 quod
756 5190 869 5259 ipsa
885 5191 1100 5259 cellula,
1121 5201 1175 5248 et
1188 5193 1439 5248 diuturna
1458 5187 1800 5246 conversatio
1814 5197 2169 5255 perseveran-

589 5290 696 5334 iem
717 5282 1006 5337 efﬁcaciter
1020 5284 1263 5350 instruit,
1278 5293 1328 5339 et
1342 5301 1438 5353 per
1452 5292 1766 5352 processum
1802 5274 2062 5344 temporis
2084 5286 2168 5327 re-

2268 3645 2427 3705 gatur
2453 3636 2761 3700 abscedere,
2794 3635 2860 3689 de
2890 3648 3100 3689 veneno
3127 3643 3305 3689 tamen
3331 3634 3468 3703 ejus,
3508 3636 3596 3692 vel
3631 3650 3857 3705 squam-

2267 3725 2373 3779 mis
2406 3738 2629 3778 necesse
2662 3725 2766 3780 erit
2792 3723 2993 3794 aliquid
3040 3723 3126 3779 vel
3168 3724 3517 3794 perexiguum
3549 3739 3855 3782 remanere.

2269 3816 2413 3886 Ergo
2444 3815 2705 3869 sollicitus
2733 3825 2851 3870 esto
2885 3828 3122 3885 semper,
3158 3823 3220 3869 ut
3264 3812 3547 3868 tentationi
3590 3814 3859 3884 principio

2267 3904 2512 3961 nascenti
2546 3903 2692 3959 velut
2722 3913 2986 3969 armatus,
3031 3913 3087 3959 et
3132 3902 3416 3974 expeditus
3455 3917 3719 3959 occurras
3763 3903 3856 3975 (II

2269 3993 2392 4050 Cor.
2425 3996 2480 4064 x)
2514 4009 2528 4047 :
2559 4002 2615 4048 et
2643 3994 2897 4065 parvulos
2922 3993 3215 4050 orientium
3244 3994 3634 4064 cogitationum
3675 4003 3857 4049 motus

2270 4090 2336 4145 ad
2363 4099 2598 4160 petram,
2625 4090 2716 4160 qui
2746 4098 2831 4146 est
2858 4090 3132 4154 Christus,
3165 4089 3377 4146 allidas.
3401 4089 3573 4146 Crede
3600 4087 3858 4158 frequen-

2269 4191 2355 4238 ter
2379 4191 2621 4254 experto,
2666 4197 2809 4253 stepe
2851 4189 2997 4238 certe
3037 4183 3392 4238 tentationem
3440 4184 3597 4253 quasi
3639 4182 3853 4238 delibeo

2270 4286 2456 4333 rantes
2522 4276 2880 4343 admittimus,
2935 4276 3219 4333 nobiscum
3282 4276 3535 4333 videlicet
3602 4275 3856 4346 primitus

2270 4366 2625 4436 paciscentes,
2656 4365 2799 4434 quod
2842 4380 2963 4420 eam
3022 4366 3346 4436 quantocius
3392 4379 3720 4438 egeremus:
3758 4364 3854 4420 sed

2274 4457 2401 4511 licet
2445 4456 2844 4527 suggestionem
2889 4456 3037 4512 illam
3063 4459 3403 4528 postmodum
3431 4473 3529 4529 per
3576 4472 3852 4529 egressum

2273 4546 2629 4602 confessionis
2650 4546 2970 4613 emittimus,
3000 4546 3126 4603 licet
3148 4548 3479 4618 pmnitentiie
3496 4547 3855 4615 nosmetipsos

2274 4637 2566 4693 aﬂlictione
2613 4640 2886 4709 punimus,
2938 4641 3122 4697 nescio
3167 4656 3275 4711 quo
3324 4651 3485 4711 pacto
3532 4639 3852 4710 quibusdam

2273 4729 2590 4799 pollutionis
2612 4729 2844 4786 exclusae
2866 4731 3110 4801 reliquiis
3133 4733 3220 4787 diu
3244 4741 3365 4803 post
3391 4745 3575 4787 carere
3594 4744 3701 4784 non
3731 4743 3854 4798 pos-

2274 4835 2492 4888 sumus;
2528 4828 2584 4875 et
2626 4819 2773 4890 justo
2810 4820 3041 4890 judicio,
3087 4822 3179 4893 qui
3228 4823 3378 4893 prius
3432 4820 3676 4876 volentes
3714 4834 3854 4872 vano

2275 4913 2655 4982 phantasmate
2666 4913 3029 4983 jactabamur,
3054 4914 3296 4970 nolentes
3316 4912 3655 4984 postmodum
3680 4909 3857 4965 acrio-

2274 5004 2428 5061 ribus
2458 5005 2733 5061 mordacis
2760 5006 3110 5061 conscientia:
3142 5005 3379 5059 stimulis
3404 5002 3710 5074 pungimur.

2771 5096 2932 5169 347
2971 5095 3198 5152 CAPUT
3233 5094 3351 5150 xx.

2656 5189 2731 5244 De
2768 5190 2904 5260 gulte
2931 5188 3186 5245 illecebris
3211 5186 3495 5259 fugiendis.

2349 5277 2417 5332 Et
2445 5278 2572 5348 quia
2607 5280 2779 5348 prima
2820 5280 3057 5334 omnium
3094 5278 3214 5349 gula
3257 5279 3516 5333 adversus
3539 5273 3861 5345 insipientes
