4106 6320
234 351 332 407 553

1152 325 1415 397 'opusc.
1457 337 1570 392 xv.
1613 365 1682 377 —
1709 335 1797 389 ne
1831 332 2220 389 lNSTlTUTlS
2246 333 2405 391 ouo.
2450 332 2709 391 EREMIT

3391 334 3525 426 55f.

234 467 378 522 cibos
403 443 684 532 appetere;
735 465 790 511 tu
819 462 943 526 post
982 428 1260 524 peractum
1298 469 1510 512 munus,
1545 467 1652 520 quo
1699 449 1804 504 cibi
1836 451 1881 508 Α
1912 444 2123 512 placere
2168 446 2520 514 cognoveris.
2563 461 2685 500 cum
2736 445 2967 516 quadam
3015 443 3267 503 videlicet
3308 445 3524 503 condi-'

235 561 581 628 reponantur,
630 549 866 604 attende.
923 545 980 601 Si
1008 546 1150 600 enim
1196 546 1354 615 digne
1402 543 1807 614 perpendimus,

231 645 470 716 ejusdem
499 642 609 697 fere
637 640 872 694 vesanize
900 645 982 693 est
1008 636 1392 692 esculentiores
1421 635 1609 704 epulas
1637 633 1807 687 inhia-

234 753 312 800 re,
343 745 397 789 et
428 732 688 800 anitergia
732 746 852 784 cum
882 727 1083 782 eisdem
1112 726 1164 779 in
1196 724 1473 779 cuniculos
1521 725 1810 789 mergenda

233 826 524 896 depingere
553 839 567 876 :
595 835 746 891 aeque
773 820 1024 873 nimirum
1056 816 1281 870 ambitio
1303 823 1543 882 utraque
1584 814 1811 868 ridenda

231 927 352 973 est:
390 915 517 983 quia
562 913 701 966 sicut
728 909 1063 980 egestionem
1131 907 1318 961 sordes
1374 904 1563 958 melius
1601 905 1810 974 pictura

230 1021 339 1060 non
371 1004 560 1073 tergit;
599 1002 670 1054 ita
709 1000 872 1054 etiam
920 1006 1110 1052 venter
1140 996 1374 1051 hominis
1419 1009 1613 1050 suaves
1658 997 1809 1050 cibos

230 1111 261 1149 a
293 1093 656 1165 grossioribus
703 1106 806 1144 non
860 1088 1135 1144 discernit.
1167 1087 1335 1142 Porro
1371 1096 1552 1140 autem
1600 1085 1810 1153 fauces,

226 1194 282 1238 et
327 1184 448 1254 gula
479 1181 674 1235 callent
697 1179 915 1249 quidem
967 1177 1287 1232 suavitatem
1327 1177 1594 1240 ciborum,
1629 1178 1723 1230 sed
1749 1191 1813 1230 ea

226 1275 433 1329 diutius
457 1271 660 1341 perfrui
692 1278 985 1339 nequeunt,
1017 1270 1140 1339 quia
1172 1270 1348 1322 ventri
1381 1270 1630 1337 protinus
1668 1283 1815 1336 qua:-

225 1379 336 1433 que
361 1362 610 1417 dentibus
641 1360 800 1413 atrita
835 1359 1227 1413 transmittunt.
1266 1356 1357 1412 Sic
1381 1359 1561 1426 itaque
1589 1359 1812 1413 alternis

224 1457 439 1510 vicibus
467 1463 522 1508 et
545 1453 689 1522 gula,
716 1452 799 1505 cui
830 1451 937 1506 cibi
979 1450 1215 1518 sapiunt,
1244 1450 1312 1504 ab
1343 1449 1424 1502 cis
1456 1449 1506 1502 in
1541 1458 1813 1503 momento

223 1546 531 1600 deseritur:
563 1553 618 1598 et
646 1543 823 1597 ventri
854 1558 958 1596 non
983 1542 1220 1612 sapiunt,
1251 1556 1282 1594 a
1319 1555 1424 1609 quo
1456 1541 1659 1595 diutius
1697 1555 1815 1594 ser-

221 1647 443 1692 vantur.
476 1636 732 1706 Explorat
757 1644 934 1689 autem
958 1634 1202 1689 diabolus
1225 1633 1353 1702 quid
1383 1647 1483 1688 nos
1509 1634 1575 1686 ad
1597 1648 1813 1688 vescen-

220 1729 356 1783 dum
386 1727 605 1782 suavius
638 1726 941 1796 judicemus
977 1743 990 1778 :
1031 1725 1133 1778 hoc
1180 1725 1342 1794 igitur
1368 1723 1570 1789 oblato,
1621 1726 1812 1780 suadet

1914 534 2058 588 tione
2108 533 2380 604 disponas,
2418 550 2741 605 omnemque
2776 537 3107 593 voluntatem
3146 549 3295 593 tuam
3336 557 3364 594 a
3403 541 3496 595 Dei

1911 625 2186 680 voluntate
2237 628 2554 696 suspendas.
2607 626 2698 683 Sic
2752 629 2930 698 itaque
2978 632 3043 684 ad
3089 633 3352 702 agendum
3399 632 3499 689 ali-

1911 715 2040 784 quid
2095 716 2433 771 extrinsecus
2481 725 2681 788 satagc,
2731 728 2784 772 ut
2834 735 3080 789 superna:
3129 723 3500 792 dispositionis

1911 806 2193 859 arbitrium
2263 808 2478 861 assidue
2534 823 2782 863 versetur
2832 810 2886 865 in
2943 820 3176 867 mente:
3233 822 3503 882 quatenus

1912 894 1956 948 si
2024 906 2249 949 conatus
2318 905 2440 950 tuus
2502 897 2758 953 obviaute
2826 900 3110 969 cujuslibet
3174 901 3502 959 difficultatis

1911 986 2191 1040 obstaculo
2237 985 2524 1056 frangitur,
2569 1004 2722 1045 mens
2763 1001 2850 1044 tua
2899 995 3144 1062 protinus
3190 998 3258 1050 ad
3308 999 3503 1054 divinae

1913 1078 2264 1146 providentia:
2300 1078 2566 1148 judicium
2617 1093 2938 1138 revertatur.
2995 1085 3139 1141 Inter
3185 1087 3506 1146 ﬂuctuantes

1912 1167 2071 1236 plane
2124 1169 2511 1237 cogitationum
2555 1171 2924 1227 inundantitun
2967 1174 3219 1245 impetus,
3270 1191 3506 1236 mentem

1917 1268 2063 1314 tuam
2116 1263 2267 1330 quasi
2327 1273 2441 1316 rete
2493 1265 2761 1320 constitue
2807 1281 2821 1319 :
2877 1283 2996 1336 qua:
3050 1270 3295 1325 videlicet
3360 1283 3507 1329 recta

1915 1352 2157 1418 consilia,
2215 1355 2362 1410 velut
2419 1355 2614 1426 pisces,
2661 1359 2976 1426 contineat;
3031 1371 3086 1416 et
3141 1378 3305 1419 vanas
3358 1366 3510 1437 cogi-

1917 1443 2146 1498 tationes
2195 1443 2432 1510 effluere,
2478 1456 2640 1516 atque
2679 1449 2844 1515 elabi,
2894 1451 3038 1506 velut
3079 1457 3319 1524 repentia
3362 1474 3512 1528 qua:—

1914 1547 2018 1600 que
2063 1533 2424 1590 abominanda
2473 1540 2769 1607 permittat.
2826 1541 3083 1598 Discerne
3134 1546 3506 1615 cogitationes,

1915 1633 1968 1677 et
2011 1641 2114 1679 non
2160 1627 2331 1681 solum
2373 1644 2492 1697 qua:
2534 1629 2600 1683 ad
2646 1641 2882 1686 mentem
2928 1635 3166 1699 veniant,
3212 1640 3305 1692 sed
3340 1641 3505 1694 etiam

1914 1715 2056 1769 unde
2089 1717 2327 1782 veniant,
2365 1718 2650 1785 vigilanter
2683 1723 2917 1776 attende.
2955 1725 3336 1781 Animadverte
3363 1729 3508 1797 quod

220 1819 500 1874 tenaciam
535 1859 550 1883 ,
589 1826 650 1871 ut
701 1824 932 1871 cxacuat
961 1815 1140 1884 gulam
1176 1832 1187 1867 :
1218 1815 1475 1868 nimirum
1523 1814 1651 1868 dum
1708 1816 1812 1870 hoc
1843 1803 1888 1862 Β
1917 1805 2144 1875 loquor;
2197 1822 2339 1877 smpe
2397 1825 2631 1880 uanique
2685 1812 2952 1882 malignus
3013 1817 3182 1871 hostis
3233 1803 3532 1887 praeterita.

219 1910 361 1965 nulli
397 1910 526 1964 dare
565 1908 917 1979 disponimus,
946 1917 1000 1961 et
1039 1915 1248 1975 tempus
1285 1906 1478 1962 edendi
1519 1921 1811 1977 congruum

216 2012 625 2073 exspectamus,
649 2002 869 2056 interim
897 2016 1050 2055 mens
1077 2010 1264 2056 nostra
1295 1999 1527 2069 crapula:
1552 1999 1610 2052 fit
1642 2001 1810 2054 medi-

217 2094 507 2158 tatnrium,
537 2102 591 2146 et
620 2091 758 2146 male
789 2091 1076 2146 exundans
1118 2090 1263 2145 lcbes
1295 2105 1563 2144 escarum.

295 2183 373 2238 Ut
400 2198 530 2254 ergo
555 2182 837 2237 materiam
888 2180 1047 2249 hujus
1081 2180 1386 2235 vexationis
1416 2181 1658 2245 amittas,
1686 2196 1814 2251 pro-

212 2276 333 2345 jice
361 2274 505 2344 quod
551 2273 693 2327 male
719 2282 1012 2327 servatur:
1052 2280 1107 2325 et
1145 2271 1392 2341 protinus
1437 2285 1591 2325 mens
1619 2271 1809 2336 libera,

217 2365 472 2434 deposito
501 2364 647 2417 omni
701 2379 808 2433 quo
852 2364 1234 2432 premebatur,
1282 2363 1529 2433 erigitur.
1583 2361 1814 2428 Quidam

217 2470 356 2509 vero
381 2469 502 2509 cum
538 2453 796 2510 lautiores
837 2455 986 2508 cibos
1033 2469 1140 2508 non
1172 2462 1446 2524 appetant,
1481 2453 1704 2507 obtentu
1734 2462 1814 2506 ta-

216 2563 350 2602 men
401 2547 600 2611 levati,
660 2545 941 2601 levandive
1001 2545 1189 2616 jejuuii
1249 2545 1556 2600 refectionis
1601 2542 1813 2598 frenum

215 2639 489 2709 praecipiti
541 2638 790 2693 libertate
833 2639 1098 2693 relaxant.
1155 2637 1261 2693 Sed
1290 2649 1496 2693 certum
1529 2648 1630 2703 est,
1688 2637 1813 2706 quia

217 2733 471 2787 ciborum
502 2730 592 2784 illa
617 2731 968 2786 immoderata
995 2731 1292 2802 perceptio,
1323 2746 1526 2800 corpus
1561 2747 1664 2784 non
1702 2738 1814 2783 tam

216 2821 436 2876 viribus
458 2819 702 2887 roborat,
737 2837 896 2891 quam
931 2821 1070 2876 mole
1115 2828 1326 2890 gravat,
1357 2835 1574 2874 sensum
1616 2819 1811 2872 obtun-

217 2914 331 2979 dit,
360 2921 630 2983 torporem
663 2914 877 2985 ingerit,
909 2913 1324 2969 somnolcntiam
1351 2911 1528 2982 parit;
1575 2921 1630 2966 et
1680 2912 1812 2965 dum

215 3008 420 3077 utique
458 3007 839 3063 ventositatem
870 3006 1185 3077 frequenter
1219 3006 1402 3061 elllare
1442 3003 1812 3075 compellitur,

216 3115 327 3156 cor
353 3099 519 3153 fixum
555 3099 607 3154 in
633 3100 882 3155 oratione
909 3099 994 3154 vel
1025 3099 1322 3169 psalmodia
1367 3108 1578 3163 tenere,
1614 3108 1815 3162 tumor,

217 3191 338 3256 vel,
370 3198 429 3244 ut
457 3191 530 3245 ita
563 3191 752 3256 fatear,
782 3191 1011 3262 languor
1037 3191 1322 3246 incolumis
1354 3191 1662 3245 necessario
1689 3205 1816 3260 pro-

219 3280 465 3335 hibetur.
517 3279 571 3336 Si
610 3282 793 3351 itaque
839 3284 981 3338 vires
1021 3283 1354 3337 insumeudis
1401 3281 1670 3335 alimentis
1722 3297 1816 3336 ex-

221 3380 464 3440 spectas,
495 3387 766 3441 nunquam
799 3373 1016 3427 modum
1047 3382 1356 3443 temperatae
1383 3374 1697 3428 sobrietatis
1721 3389 1816 3427 ex-

220 3462 392 3516 cedas
417 3480 430 3515 :
460 3462 605 3531 quia,
637 3463 778 3534 quod
801 3463 1018 3520 salubre
1043 3473 1127 3520 est
1161 3465 1398 3536 corpori,
1423 3465 1814 3521 constatetiam

221 3552 499 3621 corporali
524 3552 757 3606 amicum
789 3552 966 3608 inesse
995 3553 1205 3608 virtuti.

821 3642 1049 3698 CAPUT
1085 3641 1224 3697 XXI.

396 3730 476 3784 De
503 3733 716 3786 restium
740 3742 1062 3803 paupertate,
1091 3743 1138 3786 et
1174 3732 1369 3788 vilitate
1401 3734 1652 3787 amanda.

301 3820 558 3876 Vestibus
589 3838 801 3893 quoque
826 3824 1021 3879 vilibus
1048 3833 1103 3879 et
1133 3825 1321 3894 paucis
1356 3835 1472 3879 esto
1497 3833 1812 3881 contentus.

224 3913 497 3967 Assuescc
522 3913 703 3982 igitur,
731 3923 789 3968 ut
815 3913 915 3969 levi
943 3931 1006 3970 ac
1036 3916 1331 3986 perexiguo
1371 3931 1584 3986 semper
1628 3916 1817 3970 indua-

225 4006 307 4060 ris
331 4007 555 4059 amictu.
598 4006 749 4073 Quod
785 4008 1001 4077 quidem
1031 4009 1084 4062 in
1117 4009 1272 4063 initio
1314 4025 1419 4064 non
1468 4010 1586 4064 sine
1627 4010 1816 4063 labore

229 4094 314 4159 fit,
348 4097 443 4150 sed
484 4097 809 4164 procedente
837 4099 1245 4162 consuetudine,
1280 4098 1406 4151 dum
1436 4099 1590 4166 quasi
1624 4099 1676 4152 in
1723 4115 1819 4152 na-

232 4195 409 4239 turam
439 4187 689 4252 vertitur,
718 4187 1137 4242 incommoditas
1163 4187 1382 4258 frigoris
1409 4187 1566 4242 facile
1605 4188 1816 4258 mitiga-

231 4280 337 4326 tur.
378 4273 552 4329 Porro
586 4277 900 4330 extremitas
924 4277 1177 4342 vestium,
1207 4278 1564 4346 ciborumque
1591 4277 1817 4346 penuria

229 4379 447 4418 omnem
469 4366 747 4420 avaritiam
774 4367 840 4421 de
861 4367 1022 4420 corde
1046 4367 1292 4421 monachi
1325 4383 1548 4438 prorsus
1571 4367 1813 4438 expellit.

227 4455 309 4508 Ad
337 4456 469 4523 quid
492 4457 633 4510 enim
659 4457 789 4512 mihi
814 4458 1198 4527 concupiscere
1223 4461 1365 4529 quod
1391 4475 1490 4514 nec
1520 4459 1811 4526 alimentis,
1845 4503 1894 4562 Β

231 4560 330 4599 nec
344 4545 671 4602 indumentis
689 4558 965 4606 accrescat
979 4549 1181 4620 ﬂgitur
1204 4559 1258 4604 et
1284 4552 1577 4606 nuditatem
1595 4553 1812 4622 pedum,

230 4648 282 4689 ct
299 4639 651 4709 exiguitatem
675 4643 931 4706 vestium,
948 4643 1071 4698 lecti
1103 4644 1382 4706 duritiam,
1398 4645 1640 4699 ciborum
1664 4661 1818 4713 aspe-

230 4727 472 4793 ritatem,
496 4727 660 4799 348
683 4744 835 4798 aqua:
864 4741 1069 4799 potum,
1097 4733 1438 4802 percipiendo
1462 4733 1812 4803 pulmentum,

230 4828 283 4870 ct
334 4828 529 4872 czetera
578 4821 904 4890 hujusmodi,
943 4822 1259 4892 incipientes
1296 4823 1508 4892 quidem
1554 4840 1660 4877 non
1702 4827 1818 4879 sine

229 4909 464 4976 quadam
519 4909 803 4966 formidine
857 4915 1352 4983 perhorrescimus;
1409 4927 1817 4986 perseverantes

230 5007 414 5051 autem
446 5039 461 5064 ,
513 5008 568 5054 et
618 5001 993 5072 longanimiter
1038 5005 1386 5070 insistentes,
1443 5006 1617 5061 facilia
1673 5023 1824 5077 pror-

227 5103 344 5150 sus,
389 5098 444 5143 et
493 5091 789 5146 tolerabilia
839 5095 1176 5163 deputamus.
1229 5095 1591 5166 Asperitatem
1627 5099 1824 5167 quippe

227 5177 536 5248 frequentia
568 5182 802 5254 mitigat,
830 5185 1060 5255 rigorem
1092 5187 1424 5242 consuetudo
1450 5191 1817 5243 commendat.

801 5294 1028 5351 CAPUT
1087 5295 1250 5350 XXII.

227 5383 305 5437 De
356 5384 486 5437 nihil
539 5401 636 5454 pro
687 5397 826 5440 certo
862 5389 1176 5461 deﬁniendo,
1217 5398 1264 5442 et
1313 5389 1376 5443 de
1416 5391 1816 5461 cogitationibus

837 5459 1212 5513 discernendis.

301 5545 449 5600 [Iane
496 5547 662 5601 etiam
703 5549 915 5602 tibimet
956 5550 1191 5604 indicere
1228 5551 1815 5606 consuetudinem-non

225 5637 506 5704 graveris,
555 5644 614 5689 nt
661 5653 1040 5707 aggressurum
1099 5647 1150 5693 te
1200 5639 1422 5709 aliquid,
1480 5640 1820 5695 facturumve

228 5740 503 5794 nunquam
559 5743 656 5796 pro
713 5737 863 5782 certo
908 5727 1132 5782 definias
1161 5747 1172 5782 :
1206 5731 1297 5784 sed
1337 5730 1554 5798 potius,
1612 5730 1656 5785 si
1714 5730 1820 5783 Deo

1916 1909 2134 1966 peccata
2201 1900 2266 1952 ad
2319 1911 2551 1953 mentem
2607 1916 2871 1970 revocat,
2925 1915 2981 1959 ut
3028 1908 3229 1962 eisdem
3293 1927 3508 1965 rursum

1915 1988 2185 2045 illecebris
2241 1992 2524 2047 delecteris
2582 2010 2596 2046 :
2649 2011 2789 2064 smpe
2851 1999 3064 2054 divinus
3133 2001 3370 2071 Spiritus
3428 2007 3510 2059 id~

1917 2078 2089 2148 ipsum
2141 2082 2288 2145 facit,
2343 2092 2400 2135 ut
2458 2085 2508 2137 in
2555 2084 2766 2142 fletibus
2821 2094 3236 2161 compungaris;
3282 2105 3335 2148 et
3383 2113 3507 2152 cum

1916 2186 2022 2224 una
2062 2174 2357 2244 eademque
2402 2177 2466 2230 ad
2519 2178 2759 2234 diversos
2801 2181 2978 2236 exitus
3024 2187 3226 2250 tendat,
3275 2189 3511 2256 plerum-

1916 2277 2021 2331 que
2069 2280 2221 2320 mens
2269 2268 2590 2335 improvida,
2640 2271 2767 2340 quid
2814 2275 2960 2328 circa
3025 2291 3083 2332 sc
3125 2287 3318 2348 agatur
3356 2281 3511 2351 igno-

1917 2361 2020 2407 rat.
2056 2353 2210 2424 Szep'e
2238 2371 2267 2410 a
2302 2359 2441 2412 bono
2487 2360 2680 2428 spiritu
2715 2363 2853 2416 bona
2888 2365 3146 2434 cogitatio
3193 2374 3514 2441 peragenda:

1916 2443 2166 2499 videlicet
2195 2447 2415 2516 pictatis
2445 2450 2775 2519 immittitur,
2821 2453 2974 2523 cujus
3003 2473 3061 2512 se
3090 2471 3367 2516 auctorem
3395 2464 3510 2518 cal-

1918 2531 2058 2589 lidus
2084 2535 2369 2591 insidiator
2395 2548 2568 2594 astuta
2597 2545 2949 2612 persuasione
2982 2551 3239 2604 mentitur
3265 2568 3278 2616 ;
3313 2570 3380 2608 ne
3401 2556 3510 2609 sci-
3561 2607 3564 2609 .

1918 2621 2045 2676 licet
2073 2625 2272 2679 bomnn
2305 2627 2419 2692 fiat,
2461 2631 2604 2698 quod
2648 2633 2870 2703 decepta
2904 2652 3058 2691 mens
3098 2638 3166 2692 ab
3199 2642 3514 2698 adversario

1917 2723 2226 2784 suggestum
2257 2727 2432 2786 putat.
2483 2717 2634 2790 Saepe
2701 2724 2827 2777 dum
2880 2727 3179 2795 psallimus,
3254 2741 3511 2802 tanquam

1918 2805 2169 2862 officiosis
2240 2811 2655 2880 cogitationibus
2736 2831 2768 2870 a
2843 2818 3058 2874 diabolo
3139 2823 3515 2880 vehementius

1918 2909 2320 2966 Oppugnamur;
2358 2909 2416 2953 ut
2455 2901 2579 2955 dum
2631 2920 2784 2960 mens
2813 2917 3000 2962 nostra
3023 2912 3177 2978 quasi
3213 2914 3358 2982 pium
3383 2917 3512 2984 quid

1919 2988 2160 3056 cogitare
2185 3001 2242 3041 se
2263 2990 2596 3058 considerat,
2630 2994 2698 3049 ab
2725 2995 3092 3069 intelligendo,
3128 3003 3270 3072 quod
3296 3005 3508 3073 psallit,

1918 3079 2106 3134 oculos
2133 3078 2360 3135 licenter
2381 3092 2614 3138 avertat.

1991 3168 2160 3224 Porro
2188 3170 2312 3225 dum
2338 3171 2640 3241 psallimus,
2665 3175 2775 3232 Deo
2802 3188 2986 3235 nostro
3037 3183 3362 3242 sacrificium
3391 3187 3512 3241 lau-

1921 3259 2006 3315 dis
2034 3259 2333 3316 offerimus.
2382 3261 2489 3318 Sed
2511 3265 2637 3320 huic
2683 3269 2948 3325 sacrificio
2987 3275 3302 3342 pestilentes
3352 3281 3514 3350 spiri-

1921 3361 2027 3418 tus,
2048 3351 2194 3407 velut
2223 3351 2461 3424 harpyia:
2486 3356 2899 3427 circumvolant,
2920 3373 2975 3418 et
2997 3381 3193 3435 pravas
3218 3369 3514 3442 ingerendo

1918 3441 2274 3512 cogitationes
2298 3451 2550 3514 tauquam
2574 3446 2786 3518 injectis
2810 3451 2934 3508 illuc
2957 3441 3514 3524 quibusdamisterco-

1917 3531 2070 3586 ribus
2100 3532 2343 3587 foedant:
2384 3543 2477 3589 aut
2508 3545 2655 3594 certe
2683 3542 2902 3598 oniuino
2932 3545 3210 3616 diripiunt,
3241 3553 3285 3606 si
3334 3562 3513 3608 tenta-

1920 3622 2155 3678 tiouibus
2203 3639 2302 3680 nos
2345 3624 2674 3695 infestando,
2714 3632 2783 3686 ab
2832 3636 3079 3694 oratione
3141 3655 3510 3712 compescunt.

1919 3712 2026 3770 Sed
2064 3716 2206 3772 sicut
2243 3719 2511 3775 sacrificia
2557 3722 2773 3792 placare
2820 3727 3010 3794 Deum,
3058 3732 3104 3786 si
3148 3735 3304 3790 nobis
3355 3750 3515 3807 rapta

1918 3814 2066 3872 sunt,
2103 3817 2378 3878 nequeunt
2410 3827 2424 3875 ;
2480 3811 2554 3866 ita
2597 3821 2651 3867 et
2688 3829 2805 3884 qua:
2850 3815 3050 3874 fuerint
3091 3821 3390 3890 inquinata.
3417 3841 3513 3880 au-

1920 3895 2057 3949 ctori
2091 3897 2366 3953 munditia:
2384 3899 2596 3969 placere
2624 3919 2728 3957 non
2755 3916 3000 3972 possunt.
3028 3908 3183 3965 Unde
3206 3914 3322 3981 pari
3351 3916 3514 3970 modo

1919 3988 2214 4042 cavendum
2248 3999 2350 4055 est,
2381 4007 2446 4045 ne
2471 3993 2554 4046 vel
2586 4009 2682 4048 nos
2711 3997 3116 4073 acquiescamus
3142 4002 3194 4055 in
3214 4006 3512 4061 tentatione

1919 4079 2174 4144 deficere,
2227 4081 2310 4135 vel
2364 4083 2534 4138 hostis
2594 4085 2836 4142 insiliens
2878 4091 3202 4147 sacrificium
3263 4105 3515 4153 nostrum

1918 4169 2264 4238 cogitationis
2297 4169 2453 4226 taedae
2491 4175 2808 4243 contagione
2833 4178 3010 4233 valeat
3051 4181 3352 4249 inquinare.
3386 4185 3515 4241 Sive

1919 4272 2099 4315 autem
2141 4261 2543 4331 Scripturarum
2574 4266 2910 4321 meditationi
2952 4271 3186 4336 deditus,
3218 4274 3331 4328 sive
3360 4279 3514 4345 operi

1919 4354 2151 4423 cuipiam
2176 4354 2524 4419 sisinteutus,
2543 4354 2854 4425 frequenter
2869 4360 2934 4413 ad
2947 4362 3247 4416 orationem
3268 4379 3511 4430 recurre,

1919 4453 1972 4498 ct
2021 4454 2176 4498 terrae
2247 4453 2520 4512 prostrato
2587 4461 2842 4516 corpore,
2899 4461 3133 4506 mentem
3189 4455 3257 4508 ad
3309 4459 3508 4513 coelum

1924 4539 2089 4607 erige.
2125 4538 2241 4604 Quo
2269 4537 2350 4602 fit,
2376 4547 2433 4592 ut
2455 4545 2509 4594 et
2531 4555 2625 4594 cor
2651 4544 2876 4597 tentatio
2906 4547 3138 4611 deserat,
3192 4557 3247 4603 ct
3274 4551 3342 4604 ab
3370 4567 3506 4607 ocu-

1924 4630 1990 4685 lis
2031 4631 2217 4685 acedia
2268 4631 2357 4686 diu
2406 4631 2718 4688 sedentibus
2750 4635 3052 4706 importuna
3097 4641 3337 4695 discedat
3374 4661 3387 4696 :
3420 4659 3507 4698 ve-

1924 4736 2042 4775 rum
2071 4720 2236 4791 349
2265 4721 2371 4776 noli
2401 4723 2488 4774 diu
2519 4733 2821 4792 prostratus
2845 4725 3049 4794 jacere,
3081 4731 3207 4798 quia
3241 4741 3367 4785 tunc
3397 4733 3510 4786 dia-

1925 4815 2099 4877 holus,
2147 4823 2399 4882 tanquam
2434 4824 2486 4870 et
2527 4815 2642 4884 ipsa
2683 4834 2832 4874 mens
2864 4818 3063 4887 jaceat,
3096 4822 3160 4873 ad
3195 4824 3511 4878 tentandum

1929 4905 2106 4959 acrius
2156 4904 2414 4958 infestare
2459 4904 2698 4970 festinat,
2731 4918 2784 4960 et
2815 4909 2972 4961 mista
3002 4924 3194 4963 somno
3229 4911 3510 4978 cngitatio-

1928 5016 2054 5053 ntnn
2081 4999 2459 5068 phantasmata
2484 5001 2878 5054 subministrat.
2903 5000 3338 5070 Quotiescunque
3361 5005 3509 5059 enim

1926 5093 2167 5147 occultus
2193 5094 2364 5147 hostis
2397 5094 2741 5147 dormitantis
2774 5094 2960 5148 oculos
2983 5095 3247 5166 palpitare
3279 5112 3511 5168 conspe-

1925 5183 2090 5248 xerit,
2126 5199 2249 5236 ntox
2284 5184 2506 5238 ttedioso
2535 5186 2682 5238 cordi
2701 5184 2938 5253 jaculum
2966 5201 3144 5254 prava:
3166 5187 3511 5257 cogitationis

1925 5274 2116 5345 infigit.
2161 5275 2294 5341 Quia
2331 5287 2456 5329 tunc
2484 5276 2730 5330 videlicet
2761 5285 3125 5345 opportunum
3161 5281 3387 5336 nocendi
3422 5282 3503 5335 lo-

1925 5382 2045 5422 cum
2092 5367 2317 5423 callidus
2365 5368 2645 5422 insidiator
2692 5368 2920 5434 invenit,
2970 5385 3092 5423 cum
3145 5380 3377 5427 mentem
3413 5389 3509 5427 no-

1927 5468 2092 5512 stram
2124 5475 2152 5512 a
2185 5458 2442 5513 custodia:
2490 5474 2600 5512 sua:
2640 5459 3124 5529 circumspectione
3161 5461 3510 5532 languescere

1928 5567 2023 5618 pcr
2075 5549 2214 5604 oculi
2264 5549 2551 5603 exterioris
2604 5550 2862 5605 indicium
2913 5552 3288 5622 deprehendit.
3335 5553 3511 5622 Saepe

1927 5654 2123 5693 manus
2154 5638 2220 5691 ad
2257 5639 2561 5692 orationem
2610 5640 2661 5693 in
2708 5641 2927 5695 modum
2963 5641 3099 5711 signi
3131 5641 3385 5695 salutaris
3414 5657 3508 5694 cx-

1931 5729 2108 5793 tende,
2151 5736 2209 5781 ut
2240 5728 2364 5781 dum
2411 5729 2592 5783 crucis
2625 5729 2909 5798 imagini-nt
2939 5731 3153 5785 conaris
3182 5729 3486 5799 exprimere
