4148 5358
608 336 716 394 555

1070 335 1126 391 S.
1150 335 1349 391 PETRI
1387 335 1672 397 DAMIANI
1711 334 1865 392 OPP.
1895 331 2131 389 TOMUS
2167 331 2298 388 SEU
2337 331 2516 388 PARS
2552 331 2638 389 Ill.
2673 363 2740 375 --
2774 334 3141 393 OPUSCULA
3184 332 3414 396 VARIA.

3752 346 3859 403 556

611 428 807 485 merito
847 428 985 499 apud
1021 428 1350 484 Crucitixum
1381 430 1590 485 veniam
1622 429 1820 484 debeas
1849 426 2058 482 facilius
2087 426 2187 481 im-
2214 438 2261 491 Α
2290 425 2416 479 dum
2447 425 2822 496 abjectumque
2850 429 3123 499 pulverem
3165 446 3286 487 esse
3333 432 3662 503 consideras,
3686 440 3860 495 cervi-

590 512 850 590 ‘petrare.
1505 595 1507 597 ι

1166 611 1394 669 CAPUT
1432 611 1618 667 XXI".

588 698 805 756 Contra
830 719 1003 758 omnes
1026 706 1359 765 tentationes,
1386 705 1567 757 mortis
1592 700 1973 772 sepultumque
1994 716 2188 755 memo-

1059 775 1194 828 riam
1221 774 1442 826 multant
1469 774 1732 843 prodesse.

676 882 737 937 in
777 884 924 939 omni
971 893 1150 938 autem
1196 883 1468 940 titillantis
1511 898 1720 955 pugnae.
1746 882 2064 945 certamine.
2100 895 2186 936 se-

607 978 854 1047 pulcrum
900 981 1055 1034 stude
1097 994 1310 1049 semper
1336 981 1402 1034 ad
1434 976 1750 1033 memoriam
1792 991 2066 1031 revocare.
2104 974 2189 1028 Ira

613 1067 858 1124 fortassis
901 1067 1057 1124 eﬂ‘ert
1092 1068 1329 1124 animum
1353 1108 1367 1134 ,
1414 1067 1583 1138 dirige
1628 1065 1873 1137 protinus
1911 1064 2095 1120 oculos
2121 1064 2189 1119 ad

610 1157 946 1229 sepulcrum;
997 1174 1122 1213 mox
1165 1157 1305 1211 enim
1345 1157 1523 1212 omnis
1550 1154 1853 1210 amaritudo
1881 1154 2187 1224 deponitur,

610 1249 737 1301 dum
763 1263 871 1316 quo
898 1246 1050 1301 furor
1077 1247 1344 1301 humanus
1380 1253 1588 1315 vergat,
1625 1259 1779 1298 mens
1803 1242 2025 1313 provida
2055 1256 2189 1296 con-

610 1335 917 1405 templatur.
969 1335 1247 1405 Superbiae
1292 1334 1514 1404 spiritus
1567 1331 1742 1398 inﬂat,
1788 1333 2092 1402 sepulcrum
2123 1329 2191 1385 ad

611 1436 846 1482 mentem
894 1427 1116 1489 redeat;
1165 1426 1478 1481 necessario
1506 1425 1671 1479 etiam
1713 1422 1821 1478 illic
1856 1418 2041 1493 rigida:
2074 1436 2192 1477 cer-

609 1515 743 1568 vicis
789 1523 1053 1569 tumorem
1102 1515 1438 1584 premimus:
1470 1513 1561 1567 ubi
1608 1513 1845 1567 cinerem
1874 1525 1974 1565 nos
2003 1507 2191 1580 procul

608 1605 774 1661 dubio
814 1607 1202 1675 pulveremque
1231 1619 1542 1674 pensamus.
1572 1602 1710 1670 Quid
1740 1603 2010 1672 superbis,
2041 1612 2185 1656 terra

609 1706 665 1751 et
714 1696 887 1751 cinis‘?
936 1697 1149 1751 invidiae
1199 1695 1346 1751 faces
1399 1693 1759 1757 inflammant,
1806 1703 1860 1748 et
1899 1692 1962 1747 ad
2005 1690 2189 1762 sepul-

2290 532 2407 570 ccm
2441 518 2621 572 cordis
2643 519 2899 575 adversus
2923 521 3263 577 Conditorem
3290 525 3341 579 in
3363 528 3725 598 arrogantiam
3752 546 3860 588 non

2288 606 2516 659 extollas
2541 622 2554 672 ;
2585 608 2821 677 dumque
2850 622 2901 664 te
2932 612 3202 682 conspicis
3233 615 3419 683 procul
3449 617 3611 673 dubio
3639 622 3865 677 moritu-

2289 694 2562 764 rum,jam
2705 689 3222 769 pulsatitibus’vitiis
3268 706 3526 763 exhibeas
3552 710 3695 765 velut
3717 728 3864 768 mor-

2290 793 2459 841 tuum.
2503 785 2634 841 Esto
2663 803 2875 858 quoque
2922 791 3207 858 sollicitus,
3237 803 3298 849 ut
3337 812 3458 851 cum
3487 814 3707 867 pravam
3736 804 3856 860 tibi-

2288 885 2400 931 met
2419 877 2800 947 cogitationem
2825 879 3013 937 adesse
3039 886 3389 952 persenseris,
3412 898 3634 947 extenso
3646 895 3862 965 pollice,

2288 968 2534 1035 protinus
2555 982 2649 1022 cor
2674 978 2819 1023 tuum
2849 969 3065 1041 signare
3086 972 3339 1030 festines:
3364 967 3630 1046 quatenus
3650 984 3773 1040 dum
3806 988 3861 1042 in

2290 1054 2459 1125 ipsam
2507 1071 2725 1111 carnem
2781 1059 2993 1130 signum
3046 1072 3249 1119 sanctae
3295 1070 3472 1123 crucis
3514 1069 3860 1142 imprimitur,

2289 1147 2544 1245 continuo
2575 1147 2799 1205 interior
2826 1152 2989 1206 homo
3019 1153 3085 1207 ad
3119 1156 3482 1214 dimicandum
3513 1178 3634 1217 cum
3662 1167 3865 1236 cogita-

2291 1241 2436 1290 tione
2476 1252 2729 1307 perversa
2769 1241 2896 1294 totis
2925 1242 3127 1299 viribus
3154 1247 3440 1304 excitetur.
3466 1250 3661 1321 Sicque
3688 1271 3864 1322 mens,

2291 1325 2501 1381 sublato
2531 1328 2842 1397 triumphali
2873 1332 3088 1400 vexillo,
3119 1335 3364 1393 hostibus
3387 1343 3502 1397 suis
3524 1344 3750 1400 viriliter
3768 1348 3865 1403 ob—

2289 1414 2434 1469 vict:
2465 1425 2521 1471 et
2569 1421 2801 1488 propriis
2858 1423 3099 1492 sedibus,
3134 1427 3262 1484 dum
3307 1431 3484 1488 adhuc
3524 1434 3579 1490 in
3600 1438 3869 1496 vestibulo

2292 1508 2618 1574 retardatur,
2654 1512 2922 1569 exturbet.

2856 1603 3083 1663 CAPUT
3118 1609 3306 1667 XXIV.

2683 1696 2957 1763 Quomodo
2993 1704 3233 1772 conﬁteri
3270 1707 3477 1764 debeas.

562 1833 571 1842 .
610 1800 761 1839 crum
806 1785 1045 1855 respice;
1091 1794 1146 1839 et
1184 1785 1351 1851 disce,
1397 1784 1523 1854 quia
1563 1783 1653 1852 qui
1702 1791 1810 1837 tam
1851 1782 1958 1838 cito
1993 1782 2061 1836 ab
2089 1783 2190 1836 hac
2217 1784 2263 1843 B
2361 1784 2515 1855 Quod
2565 1787 2610 1842 si
2653 1788 2942 1859 aliquando
2968 1796 3267 1851 consistens
3294 1798 3348 1853 in
3387 1800 3579 1857 cellula
3622 1804 3868 1864 illicitum

610 1876 722 1929 vita
753 1875 1105 1941 discedimus,
1141 1872 1342 1929 frustra
1382 1875 1523 1929 bona
1554 1873 1867 1943 temporalia
1895 1872 2015 1927 aliis
2046 1872 2187 1926 invi-

610 1965 820 2021 demus.
838 1966 1110 2021 lncentiva
1135 1966 1373 2021 libidinis
1393 1975 1644 2031 aestuant,
1670 1965 1973 2036 sepulcrum
1998 1963 2189 2019 doceat

610 2070 772 2124 quam
816 2055 1074 2109 velociter
1120 2055 1341 2109 humani
1391 2055 1636 2123 corporis
1677 2054 1826 2107 viror
1864 2062 2093 2116 arescat,
2135 2060 2191 2106 et

612 2159 780 2213 quam
811 2144 1082 2213 superﬂuo
1124 2144 1501 2213 voluptuosum
1538 2142 1870 2213 corruptibili
1915 2143 2063 2197 carni
2097 2158 2191 2197 cu-

612 2232 723 2287 bile
771 2233 1153 2298 substernitur,
1196 2248 1357 2301 quam
1407 2231 1657 2286 videlicet
1690 2232 1973 2287 horrendae
2002 2232 2191 2287 domus

616 2325 833 2393 requies
860 2324 912 2378 in
940 2324 1185 2395 proximo
1207 2323 1571 2394 praestolatur.

684 2413 834 2469 Gula:
880 2414 1120 2484 pruritus
1174 2414 1482 2479 illecebrat,
1535 2413 1781 2482 sepulcro
1838 2413 2080 2484 protinus
2125 2412 2193 2467 ad

616 2522 851 2563 mentem
892 2509 1138 2573 reducto,
1182 2508 1467 2563 considera
1494 2525 1507 2561 :
1536 2507 1662 2576 quia
1691 2507 1817 2559 dum
1853 2520 2072 2560 carnem
2098 2522 2194 2563 no-

616 2606 786 2651 stram
822 2597 1074 2662 delicate,
1121 2597 1205 2652 vel
1239 2607 1423 2653 tenere
1454 2595 1683 2652 fovendo
1712 2596 2091 2663 distendimus,
2123 2596 2195 2652 ci-

615 2687 743 2739 bum
787 2686 974 2754 procul
1021 2686 1187 2742 dubio
1212 2686 1475 2741 vermium
1525 2684 1872 2753 saginatnus:
1905 2699 2079 2754 eoque
2113 2687 2191 2751 lit,

616 2783 678 2829 ut
724 2789 830 2844 quo
875 2775 1029 2845 plura
1068 2776 1429 2842 comedimus,
1468 2792 1499 2828 a
1526 2774 1769 2844 pluribus
1792 2775 2188 2829 comedamur:

618 2867 853 2936 dumque
897 2877 1143 2922 ventrem
1176 2866 1409 2920 molliter
1446 2865 1662 2932 alimus,
1695 2866 1924 2937 ingratis
1953 2865 2196 2925 convivis

616 2960 835 3029 pinguia
865 2960 1121 3014 alimenta
1152 2958 1441 3013 nutrimus.

687 3048 940 3103 Avaritiae
984 3047 1231 3103 stimulus
1276 3048 1490 3114 incitat,
1539 3047 1606 3101 ad
1663 3046 1970 3116 sepulcrum
2000 3055 2196 3116 praesto

2289 1877 2494 1947 aliquid
2532 1879 2840 1948 cogitando,
2874 1883 2958 1936 vel
3000 1885 3164 1939 etiam
3207 1892 3501 1957 operando,
3531 1898 3869 1963 peccaveris,

2288 1971 2429 2024 unde
2458 1981 2511 2025 te
2536 1973 2930 2040 quantumlibet
2981 1979 3309 2034 conscientia
3360 1982 3638 2051 pavefacta
3665 2002 3874 2044 remor-

2289 2061 2435 2127 deat,
2486 2079 2591 2117 non
2640 2065 2826 2119 statim
2877 2067 3235 2125 confessionis
3287 2074 3460 2143 gratia
3506 2077 3873 2145 prodeas,ch

2288 2155 2547 2223 propositi
2595 2154 2793 2213 silentii
2844 2159 3076 2229 rigorem
3126 2161 3380 2234 frangas;
3425 2164 3529 2236 ipsi
3554 2176 3734 2222 autem
3762 2168 3873 2225 Deo

2291 2244 2516 2300 Domino
2538 2257 2725 2302 nostro
2753 2246 2878 2303 Jesu
2909 2249 3129 2306 Christo
3157 2252 3375 2308 interim
3410 2255 3762 2321 conﬁtere,et
3786 2258 3873 2312 fus

2294 2346 2426 2390 tunc
2470 2337 2584 2407 jam
2630 2337 3010 2407 confessionis,
3058 2342 3205 2398 velut
3251 2345 3513 2412 quasdam
3552 2346 3626 2400 illi
3653 2350 3870 2415 arrhas,

2293 2428 2346 2481 in
2412 2427 2555 2483 hunc
2609 2428 2826 2483 modum
2883 2432 3132 2487 tradem
3184 2431 3405 2487 Domine
3453 2432 3579 2490 Jesu
3635 2435 3872 2500 Christe,

2291 2528 2492 2574 aeterne
2520 2518 2789 2584 Pontifex,
2814 2530 2870 2576 et
2915 2531 3226 2578 sanctorum
3279 2525 3528 2581 minister
3552 2526 3739 2598 (Hebr.
3768 2530 3871 2602 ix),

2294 2628 2358 2667 ac
2390 2613 2502 2666 veri
2545 2613 2879 2671 tabernaculi
2913 2615 3168 2691 sacerdos
3203 2617 3354 2686 juxta
3381 2619 3625 2674 ordinem
3658 2619 3880 2677 Melchi-

2293 2703 2513 2768 sedech,
2540 2704 2632 2772 qui
2664 2713 2912 2759 sanctum
2941 2716 2997 2760 et
3026 2706 3428 2763 immaculatum
3452 2711 3656 2779 proprii
3682 2728 3876 2782 corpo—

2296 2795 2372 2849 ris
2396 2794 2469 2847 tui
2500 2809 2718 2863 agnum,
2744 2795 2973 2849 hostiam
2998 2796 3289 2851 salutarem
3319 2798 3562 2854 obtulisti
3592 2799 3707 2854 Deo
3724 2801 3876 2858 Patri

2295 2884 2348 2938 in
2377 2883 2595 2937 odorem
2621 2884 2902 2938 suavitatis
2932 2901 3028 2955 pro
3069 2887 3308 2954 peccatis
3338 2889 3559 2953 nostris,
3586 2891 3740 2945 etsic
3768 2908 3876 2947 non

2297 2975 2412 3028 sine
2440 2973 2707 3043 sanguine
2758 2974 2925 3028 semel
2977 2975 3031 3028 in
3076 2991 3219 3031 anno
3262 2977 3314 3030 in
3345 2976 3543 3032 Sancta
3567 2992 3877 3036 sanctorum

2299 3063 2533 3128 intrasti,
2566 3064 2667 3118 hoc
2699 3072 2782 3117 est
2833 3065 2885 3118 in
2928 3065 3102 3133 ipsum
3135 3066 3351 3132 caelum,
3390 3076 3449 3122 ut
3478 3084 3737 3139 apparens
3759 3086 3880 3125 vut-

617 3155 831 3212 semper
860 3156 1101 3207 recurre,
1145 3141 1328 3211 ibique
1373 3140 1647 3203 condisce,
1690 3142 1817 3210 quia
1848 3141 2193 3195 mortalitatis

2300 3158 2373 3211 tui
2404 3157 2603 3225 Patris,
2629 3159 2720 3213 tibi
2750 3160 3008 3216 conﬁteor
3029 3161 3152 3231 quia
3183 3163 3350 3217 cecidi
3373 3163 3425 3217 in
3449 3133 3874 3232 hoc-peccatum,

616 3234 734 3302 ejus
780 3237 1051 3291 incassum
1097 3235 1359 3305 stipendia
1387 3234 1539 3303 plura
1566 3234 1931 3304 congerimus,
1959 3234 2052 3303 qui
2091 3234 2194 3289 iter

624 3327 799 3395 ipsum
827 3328 968 3395 quod
992 3327 1287 3396 pergimus,
1311 3335 1417 3380 tam
1443 3326 1592 3380 brevi
1620 3326 1793 3394 spatio
1820 3327 2191 3380 terminamus.

622 3416 858 3470 Accedia
893 3423 964 3477 te.
992 3416 1075 3469 vel
1102 3415 1462 3470 somnolentia
1498 3414 1768 3482 deprimit,
1804 3414 2106 3482 sepulcrum
2144 3422 2197 3468 te

617 3502 811 3559 doceat
850 3518 947 3573 pro
995 3503 1210 3557 aeternis
1253 3517 1395 3557 nunc
1442 3501 1679 3571 praemiis
1725 3501 1975 3571 vigilare,
2005 3501 2058 3554 in
2086 3515 2196 3569 quo

620 3594 897 3657 videlicet,
925 3602 976 3646 te
998 3606 1221 3647 necesse
1246 3601 1328 3646 est
1350 3591 1654 3644 diutissime
1684 3590 1802 3644 sine
1829 3587 1933 3641 ulla
1960 3597 2197 3658 postmo-

620 3685 747 3740 dum
789 3683 1228 3739 remuneratione
1273 3682 1573 3751 quiescere,
1615 3688 1883 3748 quatenus
1919 3678 2009 3747 qui
2041 3686 2197 3731 aeter-

620 3790 746 3830 nam
799 3775 1038 3843 requiem
1090 3774 1270 3843 gaudii
1319 3772 1554 3828 ccelestis
1595 3779 1881 3840 exspectas
1921 3770 2194 3835 alacriter,

621 3881 766 3919 nunc
817 3880 940 3919 cum
995 3864 1225 3934 propriae
1274 3873 1490 3931 torpore
1537 3861 1776 3927 desidiae,
1823 3868 2198 3916 momentaneo

621 3956 807 4011 labore
835 3953 1110 4025 confligas.

694 4047 938 4102 Vestium
972 4057 1023 4100 te
1048 4047 1188 4100 nitor
1216 4043 1470 4108 oblectat,
1519 4042 1583 4097 ad
1626 4042 1934 4111 sepulcrum
1960 4055 2198 4105 recurre,

621 4150 784 4211 atque
810 4137 1105 4208 perpende,
1137 4153 1300 4207 quam
1326 4148 1525 4190 vesane
1570 4134 1859 4203 desipiant,
1910 4133 2000 4202 qui
2037 4147 2199 4187 exor-

622 4246 755 4285 nare
784 4229 891 4284 vile
923 4226 1280 4298 pulviscuium
1309 4226 1554 4282 vestibus
1582 4226 1886 4281 ambitiosis
1905 4225 2195 4279 anhelant:

618 4322 714 4392 qui
749 4322 1009 4376 nimirum
1036 4319 1236 4374 idcirco
1256 4319 1428 4373 lutum
1453 4332 1585 4372 auro
1608 4326 1921 4387 contegunt,
1953 4316 2199 4370 sordibus

625 4412 917 4466 munditias
927 4410 1447 4480 superponunt:quia
1462 4423 1583 4475 qua:
1598 4424 1723 4463 vera
1744 4416 1870 4462 sunt
1884 4414 2198 4460 ornamenta

626 4505 900 4558 interioris
912 4504 1147 4557 hominis
1158 4518 1264 4556 non
1280 4498 1757 4570 intelligunt.Vana
1773 4498 1939 4568 gloria
1954 4496 2199 4551 fortassis

626 4594 840 4648 elevare
879 4603 928 4647 te
956 4593 1163 4656 nititur,
1198 4593 1263 4645 ad
1290 4592 1591 4660 sepulcrum
1620 4590 1847 4658 respice,
1878 4597 1932 4641 et
1954 4603 2059 4657 quo
2097 4587 2199 4640 line

625 4684 802 4739 omnis
819 4682 981 4754 350
998 4683 1230 4736 humana
1253 4681 1419 4751 gloria
1442 4681 1742 4745 claudatur,
1764 4679 2010 4733 attende:
2035 4698 2052 4728 ι
2075 4677 2201 4732 0m-

629 4776 713 4830 nis
735 4776 877 4830 enim
906 4791 1036 4830 caro
1061 4773 1241 4829 fenum
1260 4813 1275 4838 ,
1298 4781 1353 4826 et
1375 4772 1551 4827 omnis
1573 4772 1741 4842 gloria
1769 4769 1906 4840 ejus,
1928 4770 2080 4837 quasi
2104 4767 2202 4823 ﬂos

628 4866 737 4921 feni
762 4866 895 4936 (Isa.
920 4867 1016 4937 tv).
1051 4885 1069 4918 ι
1101 4866 1280 4920 Prurit
1307 4865 1488 4936 lingua
1514 4879 1609 4933 per
1640 4872 1885 4927 ventosa,
1910 4863 2021 4917 sive
2052 4877 2204 4917 scur-

630 4960 748 5014 rilia
780 4961 941 5015 verba
980 4959 1239 5025 diiﬁuere,
1277 4959 1581 5030 sepulcrum
1627 4958 1693 5012 ad
1732 4965 1967 5012 mentem
2001 4959 2204 5021 redeat,

629 5056 687 5100 et
727 5049 865 5102 sicut
899 5064 927 5102 a
971 5050 1286 5117 criminosa,
1316 5050 1394 5104 sic
1427 5049 1590 5104 etiam
1627 5048 1694 5103 ab
1719 5050 1891 5102 otiosa
1924 5056 1995 5111 te,
2025 5048 2106 5103 vel
2125 5048 2206 5118 jo-

2296 3247 2437 3316 quod
2468 3247 2654 3301 oculos
2684 3257 2785 3301 tua:
2809 3250 3110 3319 majestatis
3147 3251 3318 3307 latere
3353 3268 3459 3306 non
3498 3252 3688 3320 potuit.
3724 3253 3876 3309 Unde

2295 3346 2350 3392 et
2372 3346 2587 3406 propter
2612 3337 2759 3401 illud,
2775 3350 2823 3394 et
2849 3351 3070 3409 propter
3094 3341 3196 3394 alia
3226 3342 3730 3407 innumerabilia,et
3751 3359 3876 3414 gra~

2294 3428 2514 3481 vissima
2540 3441 2756 3497 peccata
2782 3444 2897 3483 mea
2927 3446 3033 3483 non
3063 3445 3179 3483 sum
3212 3432 3404 3500 dignus
3427 3431 3666 3486 infelices
3693 3431 3880 3489 oettlos

2299 3533 2448 3573 meos
2483 3519 2662 3574 levare
2705 3521 2770 3573 ad
2817 3521 3034 3583 coelum,
3061 3520 3141 3574 vel
3173 3522 3381 3591 ingredi
3418 3523 3469 3577 in
3501 3531 3745 3578 sanctam
3777 3522 3879 3577 Ec-

2297 3608 2516 3663 clesiam
2547 3618 2717 3673 tuam,
2747 3618 2841 3662 aut
2888 3610 3051 3663 etiam
3094 3608 3437 3664 benedicmm
3492 3627 3687 3666 nomen
3728 3620 3879 3666 tuum

2298 3701 2521 3772 pollutis
2548 3701 2703 3755 labiis
2729 3702 2864 3755 meis
2894 3702 3218 3770 exprimere.
3247 3701 3590 3772 Quapropter
3615 3703 3882 3774 lacryma—

2297 3790 2479 3845 biliter
2506 3789 2734 3844 obsecro
2763 3791 3077 3844 immensam
3103 3788 3445 3844 clementiam
3472 3799 3638 3857 tuam,
3662 3793 3754 3861 qui
3781 3807 3880 3862 pro

2301 3881 2678 3951 peccatoribus
2706 3880 2946 3949 mihique
2978 3879 3245 3935 similibus
3272 3880 3408 3934 mori
3438 3880 3689 3950 dignatus
3717 3896 3796 3944 es,
3823 3892 3884 3937 ut

2299 3973 2402 4027 hoc
2428 3971 2558 4027 mihi
2595 3970 2889 4026 clementer
2913 3971 3209 4040 indulgeas,
3234 3980 3290 4026 et
3317 3971 3383 4025 ad
3424 3985 3608 4025 veram
3639 3970 3882 4027 fructuo-

2300 4079 2524 4133 samque
2550 4062 2920 4133 ptenitentiam
2952 4078 3039 4119 me
3076 4063 3356 4133 pervenire
3386 4061 3670 4117 concedas.
3712 4080 3731 4114 ι

2371 4155 2525 4223 Quod
2566 4154 2611 4209 si
2657 4153 2834 4209 adhuc
2877 4153 3044 4208 etiam
3096 4154 3317 4223 quasvis,
3340 4152 3608 4222 quomodo
3635 4152 3782 4206 solus
3811 4151 3878 4205 ad

2301 4250 2488 4304 horam
2520 4246 2772 4317 primam,
2803 4244 2917 4299 sive
2942 4244 3357 4313 completorium
3388 4243 3587 4298 debeas
3609 4241 3877 4306 conﬁteri,

2301 4339 2380 4392 sic
2418 4337 2581 4392 dicito
2609 4354 2622 4388 :
2657 4351 2675 4387 ι
2710 4335 2823 4404 Ego
2856 4334 3192 4387 miserrimus
3218 4343 3274 4387 et
3299 4332 3480 4387 infelix
3511 4331 3770 4387 confiteor
3791 4346 3879 4386 co-

2303 4443 2418 4481 ram
2447 4427 2577 4489 Deo,
2608 4425 2726 4489 tibi,
2749 4435 2935 4479 sancta
2972 4433 3027 4477 et
3058 4423 3290 4494 gloriosa
3317 4424 3468 4495 virgo
3490 4423 3675 4486 Maria,
3705 4431 3760 4476 ct
3788 4438 3883 4477 vo-

2303 4518 2404 4580 bis,
2432 4530 2622 4570 omnes
2657 4516 2831 4570 sancti
2862 4516 2981 4579 Dei,
3009 4530 3125 4568 mea
3155 4514 3334 4585 culpa,
3361 4514 3579 4584 peccavi
3605 4513 3765 4567 nimis
3788 4528 3882 4582 per

2302 4608 2630 4677 superbiam,
2673 4607 2726 4661 in
2770 4608 3116 4677 suggestione
3136 4645 3152 4671 ,
3185 4607 3559 4672 delectatione,
3588 4620 3880 4672 consensu,

2302 4698 2645 4769 cogitatione,
2669 4695 2826 4767 351
2861 4697 3061 4763 verbis,
3084 4705 3137 4750 et
3165 4709 3346 4766 opere.
3377 4695 3667 4766 Propterea
3693 4696 3887 4764 depre-

2303 4804 2398 4844 cor
2442 4796 2513 4850 te.
2542 4788 2783 4858 piissime
2818 4786 2915 4842 Dei
2963 4786 3237 4852 Genitrix,
3265 4795 3320 4841 et
3346 4801 3441 4840 vos
3470 4800 3659 4841 omnes
3712 4788 3884 4842 sancti

2304 4888 2359 4934 et
2386 4878 2543 4933 electi
2575 4878 2687 4943 Dei,
2720 4886 2779 4931 ut
2802 4892 2960 4931 orare
2983 4876 3275 4946 dignemini
3304 4891 3401 4945 pro
3426 4891 3511 4930 me
3537 4876 3735 4931 misero
3757 4889 3883 4945 pec-

2309 4980 2515 5023 catore.
2562 4966 3023 5022 lntercedentibus
3068 4966 3220 5021 vobis
3249 4966 3524 5031 omnibus,
3561 4965 3886 5019 misereatur

2310 5061 2444 5115 mihi
2477 5060 2816 5129 omnipotens
2848 5058 3007 5125 Deus,
3041 5057 3279 5113 dimittat
3313 5057 3443 5111 mihi
3465 5057 3644 5112 omnia
3667 5066 3889 5125 peccata
3926 5049 3943 5064 ’

631 5153 762 5192 cosa
801 5141 1149 5196 nihilominus
1185 5142 1515 5212 loquacitate
1558 5148 1886 5210 compescat.
1916 5139 2027 5194 illic
2053 5139 2210 5193 nimi-
2314 5166 2452 5214 utea,
2478 5149 2670 5204 liberet
2691 5165 2777 5203 me
2798 5149 2866 5204 ab
2891 5147 3038 5202 omni
3061 5147 3223 5212 malo,
3247 5156 3551 5212 conservet,
3581 5146 3885 5210 continuet,

634 5242 753 5262 rllln
805 5231 973 5262 nnc-:0-
1025 5232 1224 5262 vn‘n'\:a
1276 5233 1555 5262 ΑλιΙῖοΛΛκΛ
1615 5246 1772 5262 nnnm
1828 5229 2069 5262 ΑἶβιιιῖηΙο
2112 5244 2207 5262 nnc

2387 5244 2627 5262 ςμ-ι-.--.
2674 5256 2756 5262 ..-Α
2790 5244 2837 5262 Β..
2876 5244 3013 5262 ------!

3066 5252 3222 5262 -..Α-,Α
3259 5239 3398 5262 ιιι..-
3456 5246 3501 5262 ΑΙ
3533 5237 3765 5262 ..ις-...Ιυηι
3801 5251 3886 5262 ...Α
