4106 6320
285 351 396 407 667

871 463 1096 521 CAPUT
1139 465 1304 521 XXV.

293 553 373 607 De
396 554 479 608 his
499 568 616 624 qua:
637 553 706 607 ad
729 553 1000 608 levandum
1019 556 1221 675 plaudit:
1242 557 1517 611 eremitica:
1541 557 1864 610 austeritatis

990 642 1049 678 va
1075 636 1176 677 ent.

366 733 532 789 Plane
556 734 703 788 omni
732 743 955 789 conatus
1002 736 1277 800 instantia,
1306 738 1639 808 summisque
1666 737 1870 793 viribus

297 823 526 886 enitere,
554 831 613 876 ut
649 823 718 875 ad
773 822 1136 894 lacrymarum
1192 826 1487 892 gratiarum
1542 827 1873 894 contempla-

303 912 576 980 tionisque
599 911 983 981 perfectionem
1014 915 1190 983 possis
1219 916 1508 984 attingere.
1532 915 1683 982 Quod
1711 917 1873 970 nimi-

299 1016 422 1055 rum
453 1017 558 1054 non
584 1000 650 1054 ad
677 1001 780 1056 hoc
806 1006 1176 1058 tantummodo
1202 1005 1437 1072 proficit,
1465 1018 1525 1060 ut
1553 1008 1605 1060 in
1630 1007 1720 1061 illo
1747 1007 1875 1062 bea-

301 1088 548 1142 titudinis
577 1104 742 1158 regno
767 1092 964 1160 gradus
1005 1094 1253 1162 superior
1296 1095 1612 1162 acquiratur
1639 1113 1653 1148 :
1687 1096 1782 1150 sed
1807 1098 1876 1150 ad

303 1179 407 1232 hoc
428 1179 610 1245 etiam,
640 1188 698 1232 ut
724 1181 778 1233 in
804 1182 903 1234 hac
927 1181 1041 1250 ipsa
1069 1182 1176 1235 vita
1210 1198 1370 1251 quam
1402 1184 1573 1248 ducis,
1605 1186 1782 1238 omnis
1804 1185 1879 1238 ri-

303 1271 440 1341 gidae
465 1272 800 1325 austeritatis
827 1273 1020 1326 horror
1047 1272 1302 1328 abscedat
1325 1291 1340 1339 ;
1366 1290 1590 1344 seseque
1619 1274 1878 1345 quidquid

303 1359 958 1431 districtionis,quidquid
987 1362 1291 1418 afﬂictionis
1316 1380 1557 1418 amarum
1579 1365 1876 1430 videbatur,

307 1449 360 1523 in
391 1451 723 1507 dulcedinem
761 1463 954 1508 vertat.
994 1456 1128 1510 Cum
1170 1455 1418 1511 videlicet
1473 1473 1626 1510 amor
1674 1458 1877 1523 timori,

302 1521 526 1599 libertas
553 1547 876 1600 successerit
915 1545 1184 1608 servituti,
1219 1555 1343 1600 tunc
1368 1549 1755 1623 necessitasin
1787 1563 1880 1602 vo-

306 1635 562 1690 luntatem
589 1635 841 1698 vertitur,
868 1646 922 1689 et
953 1635 1295 1689 inenarrabili
1328 1638 1607 1690 charitatis
1633 1638 1880 1692 incendio

304 1742 470 1780 suave
509 1727 566 1779 fit
608 1735 662 1779 et
698 1726 992 1793 jucundum
1041 1727 1297 1794 quidquid
1349 1737 1568 1781 eatenus
1596 1729 1879 1783 videbatur

1200 346 1440 406 OPUSC.
1473 349 1586 408 XV.
1616 380 1685 392 —
1706 349 1794 405 DE
1834 350 2218 410 INSTITUTIS
2253 355 2414 412 ORD.
2441 353 2718 413 EREMIT.

3431 357 3534 418 558

1897 471 1946 530 Α
1977 469 2074 524 bus
2100 482 2458 540 exponuntur.
2512 473 2578 527 Ut
2629 488 2758 543 ergo
2808 472 3069 543 levigctur
3113 471 3263 528 labor
3302 474 3538 542 itineris,

1972 563 2221 616 tendendi
2278 573 2401 616 sunt
2452 565 2592 618 oculi
2641 566 2707 618 ad
2749 566 2989 634 requiem
3038 567 3353 621 mansionis.
3395 569 3539 622 Leve

1971 652 2226 706 nimirum
2259 654 2318 706 ιιι
2347 670 2506 709 omne
2555 656 2696 723 quod
2747 657 3082 725 peragimus-;
3131 657 3174 710 si
3222 671 3332 726 prce
3369 658 3540 713 oculis

1972 749 2114 795 meta
2154 755 2369 811 semper
2419 743 2666 808 habetur,
2715 745 2782 797 ad
2830 760 2988 812 quam
3035 745 3369 800 festinamus.
3403 746 3540 800 Illud

1973 844 2185 898 quoque
2219 831 2285 884 ad
2326 831 2663 886 allevandum
2709 833 3057 888 districtionis
3096 838 3383 891 eremiticre
3409 853 3543 906 pon-

1975 918 2074 972 dus
2118 933 2225 972 non
2269 921 2617 975 mediocriter
2652 923 2866 992 prolicit
2901 941 2914 975 :
2956 925 2998 977 si
3041 925 3144 978 cibi
3174 927 3437 995 parcioris
3467 929 3544 982 in-

1975 1009 2177 1076 opiam,
2205 1018 2259 1063 et
2300 1019 2458 1078 potus
2485 1011 2817 1076 ariditatem,
2849 1013 3063 1084 aliaque
3103 1017 3357 1070 nonnulla
3386 1019 3537 1072 carni

1977 1101 2269 1163 contraria,
2296 1101 2515 1155 sibimet
2542 1103 2664 1170 quis
2686 1104 2753 1157 ad
2783 1111 2997 1174 tempus
3022 1105 3229 1159 indicit.
3260 1106 3394 1162 Nam
3415 1124 3540 1163 cum

1977 1190 2316 1258 postmodum
2362 1190 2429 1245 ad
2476 1203 2734 1247 consueta
2778 1195 3088 1258 revertitur,
3141 1199 3544 1254 consuetudinis

1977 1278 2254 1348 regulam,
2327 1281 2661 1337 remissionis
2714 1283 3085 1338 lassitudinem
3131 1287 3547 1344 arbitratur:et

1978 1370 2263 1425 collatione
2291 1373 2520 1440 quadam
2553 1372 2712 1437 facta,
2741 1375 2944 1429 lucrum
2973 1392 3100 1430 caro
3129 1393 3234 1432 non
3266 1379 3546 1434 minimum

1979 1460 2221 1529 deputat,
2249 1461 2335 1516 bis
2361 1462 2560 1533 aliquid
2589 1464 2872 1534 adiecisse,
2903 1465 3100 1534 quibus
3133 1475 3260 1524 tunc
3289 1478 3543 1524 contenta

1979 1548 2212 1604 vivebat.

2533 1644 2757 1702 CAPUT
2793 1645 2982 1700 XXVI.

2111 1732 2384 1798 Quomodo
2411 1734 2763 1803 lacrymarum
2799 1738 2973 1805 gratia
3001 1739 3162 1806 possit
3193 1741 3414 1805 acquiri.

303 1832 554 1886 asperum
585 1827 638 1870 et
667 1819 880 1871 durum.
911 1817 1078 1871 Porro
1108 1818 1430 1872 lsraeliticus
1461 1819 1547 1873 ille
1570 1819 1796 1888 populus
1821 1820 1874 1874 in
1907 1811 1952 1869 Β
2052 1822 2156 1877 Sed
2209 1825 2332 1892 quia
2379 1825 2630 1894 lacrymis
2681 1826 3034 1880 insistendum
3085 1843 3205 1882 esse
3248 1830 3544 1897 docuimus,

301 1909 559 1962 vastitate
607 1909 774 1962 eremi
825 1909 1170 1972 constitutus,
1218 1925 1344 1962 cum
1381 1917 1434 1962 et
1481 1910 1533 1962 in
1565 1909 1858 1980 Egyptum

294 2001 410 2070 jam
443 2000 617 2055 redire
647 2016 752 2054 non
784 2011 983 2069 posset,
1014 2011 1069 2054 et
1097 2003 1271 2055 adhuc
1299 2002 1618 2070 promissam
1657 2012 1874 2066 terram,

305 2092 515 2146 meritis
537 2092 1012 2160 prtepedientibus,
1041 2107 1145 2146 non
1179 2093 1406 2148 intraret
1431 2110 1445 2158 ;
1477 2093 1678 2148 laboris
1705 2103 1760 2148 et
1787 2096 1876 2148 iti-

309 2183 456 2236 neris
521 2183 782 2246 taedium,
837 2184 1170 2252 diversaeque
1250 2185 1588 2240 necessitatis
1644 2186 1879 2255 inopiam

295 2281 526 2326 coactus
566 2282 650 2327 est
701 2273 967 2327 sustinere
1023 2257 1266 2346 (Exodi).
1334 2275 1422 2329 Sic
1475 2277 1751 2341 nimirum,
1800 2277 1881 2330 sic

299 2362 547 2430 quisquis
604 2365 944 2418 tenebrosam
1003 2365 1185 2418 mundi
1255 2366 1414 2436 hujus
1472 2366 1582 2436 jam
1642 2366 1879 2421 latitudi-

303 2467 426 2505 nem
487 2454 718 2522 sprevit;
775 2455 868 2508 sed
925 2456 1098 2510 adhuc
1164 2464 1339 2510 tamen
1403 2458 1470 2512 ad
1532 2457 1879 2527 perfectionis

293 2543 558 2609 culmen,
621 2547 854 2614 torporis
911 2547 1165 2601 astrictus
1218 2549 1427 2618 ignavia
1482 2563 1587 2603 non
1640 2549 1876 2618 aspirat:

300 2634 499 2688 multas
536 2651 919 2702 azrumuarurq,
946 2637 1296 2707 laborumque
1346 2639 1618 2694 molestias
1659 2654 1881 2696 necesse

297 2733 379 2778 est
419 2725 696 2793 perferat:
731 2737 915 2796 utpote
955 2729 1093 2782 inter
1138 2739 1424 2798 utrumque
1460 2731 1783 2792 consistens.
1825 2740 1880 2786 et

305 2819 592 2871 mund.n:e
660 2821 1034 2888 prosperitatis
1095 2821 1454 2891 qualicunque
1511 2823 1880 2878 consolatione

298 2925 404 2962 non
436 2911 626 2974 utitur,
645 2899 704 2964 et
737 2922 912 2966 tamen
938 2914 1113 2968 adhuc
1137 2930 1382 2982 supernze
1409 2915 1880 2984 contemplationis

299 3003 503 3057 lumine
557 3005 760 3074 perfrui
811 3022 914 3059 non
969 3016 1226 3060 meretur.
1282 3007 1326 3060 A
1375 3007 1574 3062 mundo
1612 3009 1876 3075 siquidem

297 3095 498 3148 avertit
545 3097 751 3162 oculos,
781 3112 938 3165 quem
993 3099 1248 3166 reliquit;
1312 3106 1366 3151 et
1420 3097 1599 3150 lumen
1647 3099 1874 3150 necdum

1979 1924 2372 1982 consequenter
2401 1917 2561 1969 etiam
2587 1918 2858 1986 quomodo
2888 1918 2953 1972 ad
2982 1918 3151 1987 ipsam
3185 1920 3545 1992 lacrymarum

1980 2007 2210 2074 gratiam
2239 2007 2406 2074 possit
2435 2007 2647 2076 attingi,
2681 2017 2838 2077 prout
2864 2022 3050 2062 earum
3089 2009 3312 2080 largitor
3338 2010 3543 2065 infude-

1983 2097 2074 2158 rit,
2131 2097 2368 2150 breviter
2416 2098 2743 2152 intimemus.
2793 2099 3051 2168 Quisquis
3103 2115 3233 2171 ergo
3285 2117 3390 2156 non
3439 2113 3548 2156 tam

1983 2185 2136 2236 arido
2167 2185 2330 2238 corde
2373 2200 2625 2252 moerere,
2673 2202 2831 2255 quam
2881 2197 2936 2241 ct
2979 2188 3338 2259 lacrymarum
3389 2191 3549 2245 inun-

1981 2274 2163 2328 dantia
2203 2275 2402 2342 quzcris
2433 2275 2692 2341 affluere;
2728 2292 2834 2329 non
2865 2277 3024 2330 modo
3055 2287 3108 2331 te
3134 2295 3162 2331 a
3200 2280 3426 2348 strepitu
3454 2296 3546 2334 ne~

1982 2365 2246 2434 gotiorum
2298 2367 2638 2437 saecularium
2684 2382 2922 2431 remove,
2974 2368 3064 2422 sed
3093 2367 3368 2423 afraterni
3409 2385 3550 2438 saepe

1981 2455 2236 2524 colloquii
2274 2465 2458 2510 mutua
2508 2464 2558 2510 te
2599 2456 2929 2510 fabulatione
2953 2471 3232 2526 compesce
3261 2475 3274 2510 ε
3305 2473 3492 2512 omnes
3518 2474 3548 2512 a

1983 2557 2034 2601 te
2061 2549 2343 2602 mundana:
2369 2548 2596 2602 actionis
2621 2563 2795 2611 curas,
2827 2559 2880 2600 et
2907 2548 3291 2603 sollicitudines
3312 2558 3551 2617 amputa,

1981 2649 2034 2694 et
2057 2655 2150 2694 eas
2177 2649 2430 2708 tanquam
2460 2639 2714 2692 ruderum
2744 2639 2932 2704 moles,
2965 2649 3018 2693 et
3041 2649 3246 2694 meatus
3272 2637 3550 2693 obstacula

1982 2732 2048 2784 ab
2094 2731 2362 2785 obstructi
2414 2729 2580 2784 fontis
2624 2731 2915 2800 spiramine
2970 2732 3292 2785 submovere
3330 2729 3550 2785 festina.

1983 2822 2134 2875 Sicut
2185 2823 2327 2874 enim
2382 2821 2435 2873 in
2484 2836 2712 2874 caverna
2767 2831 2924 2874 terrae
2973 2821 3039 2874 de
3087 2821 3282 2890 abysso
3327 2820 3550 2875 veniens

1981 2927 2116 2980 aqua
2157 2911 2456 2979 colligitur;
2493 2913 2583 2964 sel
2617 2911 2862 2964 obicibus
2892 2925 3173 2980 oppressa,
3202 2926 3307 2964 non
3343 2909 3547 2976 effluit;

1980 3004 2056 3057 sic
2085 3003 2136 3054 in
2171 3002 2406 3056 humano
2430 3003 2592 3056 corde
2617 2997 2956 3073 considerata
2989 3002 3353 3070 profunditate
3382 3003 3548 3058 divini

1975 3093 2161 3161 judicii
2209 3093 2426 3146 tristitia
2476 3093 2736 3155 nascitur,
2767 3108 2885 3160 quae
2923 3101 3102 3145 tamen
3133 3108 3228 3160 per
3262 3092 3442 3145 ﬂetum
3471 3092 3551 3146 la-

299 3187 442 3237 valet
468 3185 675 3250 videre,
705 3188 845 3254 quod
881 3188 1099 3256 qurerit;
1149 3203 1251 3240 non
1281 3187 1440 3241 habet
1459 3187 1572 3257 jam
1601 3187 1668 3240 de
1708 3201 1876 3242 stecu-
1905 3179 1946 3240 C
1978 3184 2176 3252 crymis
2197 3184 2599 3251 erumpentibus
2623 3199 2727 3237 non
2755 3193 3001 3248 emanat;
3023 3184 3065 3235 si
3095 3192 3428 3236 terrenorum
3454 3198 3548 3237 ac-

300 3280 400 3333 lari
417 3279 771 3334 delectatione
796 3280 932 3347 quod
949 3281 1198 3348 gaudeat,
1219 3289 1271 3331 et
1292 3278 1624 3347 spiritualem
1639 3279 1876 3332 laetitiam

300 3388 406 3426 non
431 3371 699 3442 degustat,
719 3372 784 3425 ad
812 3386 973 3439 quant
1002 3371 1246 3424 videlicet
1271 3387 1376 3424 non
1408 3372 1644 3440 ingenuo
1665 3372 1878 3427 fervore

297 3464 541 3519 festinat.

368 3553 728 3623 Quapmpter,
759 3560 851 3606 aut
885 3553 950 3607 ad
979 3551 1358 3622 perfectionem
1399 3553 1524 3607 totis
1551 3553 1758 3607 nisibus
1772 3553 1880 3607 cla-

295 3644 599 3698 borandum
627 3654 731 3708 est,
763 3654 855 3698 aut
894 3643 1058 3698 multa
1095 3645 1461 3698 calamitatum
1494 3646 1881 3699 tentationum-

298 3751 404 3804 qite
436 3736 593 3789 tzedia
638 3735 974 3806 perferenda.
1008 3737 1208 3790 Durum
1233 3751 1362 3789 sane
1388 3746 1471 3790 est
1495 3737 1686 3804 regalis
1715 3739 1878 3792 curite

299 3825 550 3877 militiam
612 3826 922 3879 sustinere:
975 3836 1028 3877 at
1084 3836 1366 3894 postquam
1433 3827 1659 3893 gratiam
1717 3826 1878 3893 Regis

296 3917 552 3983 adeptus,
597 3915 713 3984 ejus
743 3917 972 3983 cmperis
1020 3915 1175 3968 lateri
1231 3915 1548 3968 familiarius
1579 3917 1872 3979 adluerere,

297 4004 604 4057 cubiculum
658 4002 995 4072 frequentius
1039 4005 1264 4074 ingredi,
1316 4014 1494 4058 astare
1542 4006 1876 4073 conspectui,

299 4104 487 4148 mutua
518 4095 749 4148 miscere
778 4094 1054 4162 colloquia,
1074 4095 1297 4163 privatis
1327 4095 1585 4148 interesse
1607 4096 1873 4160 consiliis;

296 4192 447 4237 totus
475 4200 596 4238 mox
629 4183 716 4238 ille
748 4184 948 4237 militia:
971 4184 1122 4237 labor
1157 4184 1343 4244 dulcis.
1373 4195 1425 4237 et
1449 4198 1693 4237 amamus
1718 4184 1878 4238 cilici-

297 4285 410 4335 tur,
446 4274 852 4342 inquietumque
901 4275 1170 4343 negotium
1217 4273 1408 4342 quavis
1450 4275 1629 4341 quiete
1661 4275 1878 4329 suavius

224 4389 234 4398 -
295 4367 608 4435 deputatur.
663 4365 925 4419 Nimirum
977 4367 1091 4419 sine
1134 4364 1314 4418 labore
1354 4365 1596 4430 laboras,
1626 4365 1880 4418 siuemo—

295 4455 458 4508 lcstia
492 4455 718 4524 satagis,
740 4455 858 4508 sine
887 4455 1170 4506 vexatione
1202 4455 1484 4508 discurris.

1981 3285 2126 3327 tuum
2151 3275 2425 3327 sufﬂamen
2448 3275 2702 3329 obsistat:
2729 3276 2946 3329 tristitia
2981 3276 3176 3344 quippe
3195 3275 3550 3344 lacrymarum

1979 3367 2202 3421 materia
2234 3375 2315 3420 est
2343 3383 2354 3420 :
2382 3369 2472 3421 se-l
2498 3382 2554 3422 ut
2577 3368 2734 3435 hujus
2767 3368 2929 3422 fontis
2956 3369 3125 3437 possit
3151 3369 3378 3421 ubertim
3414 3383 3553 3422 vena

1978 3458 2272 3525 profluere,
2304 3467 2494 3528 satage
2519 3469 2710 3512 cuncta
2740 3460 2940 3527 negotii
2971 3459 3243 3512 sacularis
3273 3459 3552 3514 obstacula

1981 3564 2279 3613 removere,
2309 3558 2358 3603 et
2381 3559 2439 3602 ut
2477 3550 2616 3618 quod
2656 3550 2968 3618 frequenter
2993 3558 3245 3617 expertus
3269 3567 3408 3614 sum,
3445 3568 3550 3607 non

1981 3639 2267 3702 omittam;
2297 3639 2409 3707 ipse
2457 3654 2667 3707 quoque
2726 3639 3022 3707 spiritualis
3070 3640 3235 3705 zelus,
3269 3641 3550 3710 disciplina

1979 3731 2427 3794 commissorum,
2492 3729 2765 3798 correptio
2816 3730 3290 3798 delinquentium,
3353 3743 3553 3786 sanetae

1977 3820 2374 3890 praedicationis
2401 3819 2713 3888 alloquium,
2761 3821 2892 3882 bzec,
2923 3830 2977 3873 et
3008 3821 3090 3874 bis
3114 3821 3310 3875 similia
3336 3824 3552 3876 tametsi

1979 3919 2164 3961 sancta
2197 3910 2322 3971 sitit,
2366 3920 2416 3962 et
2447 3910 2622 3964 divina
2657 3925 2879 3976 prorsus
2907 3913 3232 3966 auctoritate
3277 3913 3550 3978 mandata,

1978 4000 2340 4068 lacryrnarum
2381 4011 2556 4053 tamen
2599 3992 2784 4069 procul
2814 4001 2973 4055 dubio
2999 4013 3296 4056 noscuntur
3329 4003 3554 4074 impedi-

1978 4100 2180 4142 menta.

2050 4179 2106 4234 Si
2142 4182 2310 4251 igitur
2339 4182 2403 4233 ad
2453 4182 2815 4252 lacrymarum
2866 4186 3095 4253 gratiam
3143 4187 3226 4254 pia
3266 4190 3344 4242 vis
3373 4190 3550 4244 inten-

1981 4271 2123 4326 tione
2147 4273 2472 4341 pertingere,
2508 4289 2611 4326 non
2643 4274 2816 4327 solum
2847 4290 2876 4327 a
2913 4278 3144 4330 terrenis
3179 4281 3423 4347 negotiis,
3456 4285 3550 4335 scd

1978 4379 2007 4415 a
2035 4362 2389 4431 quorumdam
2417 4372 2464 4416 te
2480 4361 2768 4430 aliquando
2787 4364 3144 4430 spiritualium
3169 4369 3549 4424 exercitiorum

1978 4454 2379 4506 esseetitionem
2415 4467 2714 4521 compesce.
2755 4453 3009 4508 Malitiam
3050 4472 3283 4526 quoque,
3315 4460 3451 4513 iram
3495 4472 3551 4516 et

370 4544 591 4598 Festina
644 4561 773 4614 ergo
822 4547 1075 4598 vitiorum
1125 4547 1408 4614 passiones
1457 4545 1680 4609 elidere,
1731 4553 1786 4597 ut
1823 4545 1874 4598 in
1909 4519 1952 4576 υ
1981 4544 2250 4606 o.lium,et
2271 4543 2504 4611 reliquas
2527 4544 2776 4597 vitiorum
2807 4555 2984 4614 pestes
3011 4549 3074 4600 de
3095 4557 3248 4603 antro
3277 4551 3348 4604 tui
3372 4553 3552 4607 cordis

295 4637 606 4693 cubiculqu
673 4637 832 4707 Regis
895 4639 1199 4700 admissus,
1265 4640 1312 4692 ei
1377 4639 1558 4694 valeas
1625 4648 1875 4707 tanquam

296 4728 631 4781 domesticus
693 4729 998 4791 adluererc;
1063 4736 1117 4781 et
1188 4728 1384 4781 mentis
1443 4739 1546 4782 tua:
1606 4729 1752 4782 acies
1813 4743 1878 4782 eo

299 4818 528 4872 liberius
587 4821 638 4872 in
695 4817 830 4872 lucis
889 4819 1175 4873 Auctorem
1236 4819 1519 4884 intendat,
1559 4835 1666 4888 quo
1732 4830 1873 4872 tene-

297 4911 463 4964 brosa
523 4911 996 4979 pliantasmatum,
1064 4929 1432 4981 vanarumque
1495 4913 1876 4982 cogitationum

297 5001 464 5072 352
493 5003 661 5071 caligo
685 5021 788 5058 non
815 5007 1014 5058 obstat.
1039 5003 1191 5075 Smpe
1225 5016 1404 5060 autem
1437 5006 1561 5057 dum
1596 5004 1876 5073 multiplici

303 5091 661 5144 tentationum
707 5093 988 5148 obsidione
1042 5095 1326 5158 vallamur,
1381 5093 1577 5146 divina:
1629 5102 1874 5161 respectu

296 5183 600 5236 clementia:
638 5195 857 5252 repente
890 5185 940 5237 in
977 5185 1488 5253 contemplationem
1522 5183 1778 5252 rapimur.
1815 5183 1880 5236 Et

296 5275 382 5328 sic
432 5275 575 5327 velut
607 5275 747 5328 intra
782 5275 1164 5339 diversorium,
1201 5276 1542 5342 magnificam
1572 5273 1733 5344 Regis
1760 5273 1876 5342 glo-

299 5367 438 5418 riam
471 5381 565 5434 per
587 5366 825 5420 occultas
870 5367 1034 5420 rimas
1081 5367 1424 5436 inspicimus;
1477 5367 1603 5420 dum
1651 5380 1876 5434 corpore

296 5456 436 5510 foris
492 5457 705 5525 posito,
765 5468 1044 5511 ventorum
1093 5459 1397 5527 procellas,
1457 5467 1512 5512 et
1574 5459 1874 5527 pluviarum

299 5547 680 5600 inundantium
730 5547 970 5602 turbines
1006 5550 1355 5604 sustinemus.
1386 5549 1582 5619 Sicque
1612 5551 1874 5618 quodam-

299 5635 464 5688 modo
509 5636 655 5689 solus
703 5638 890 5692 oculus
935 5639 1244 5694 deliciarum
1290 5642 1553 5710 regalium
1604 5641 1876 5710 voluptate

298 5726 618 5793 perfruitur,
651 5729 775 5782 dum
809 5731 1047 5785 membra
1089 5743 1282 5786 cetera
1314 5731 1496 5787 flabris
1535 5742 1587 5788 et
1624 5735 1875 5788 cruciati-

1983 4635 2233 4698 elimina;
2264 4651 2331 4688 ne
2370 4635 2415 4687 si
2451 4645 2502 4688 te
2551 4637 2857 4690 accusatrix
2903 4639 3229 4692 conscientia
3280 4639 3417 4695 forte
3467 4658 3550 4696 re-

1984 4726 2247 4785 mordeat,
2282 4740 2432 4778 mens
2464 4736 2550 4778 ttta
2581 4726 2758 4779 intitni
2806 4728 2942 4780 roris
2976 4729 3281 4782 vacuefacta
3313 4731 3549 4785 madori-

1984 4818 2098 4878 bus,
2122 4819 2370 4871 ariditate
2385 4819 2687 4871 formidinis
2703 4819 3068 4882 contabescat,
3085 4821 3294 4875 dicente
3309 4823 3547 4892 Scriptu-

1984 4925 2074 4963 ra:
2100 4929 2115 4959 ι
2137 4909 2526 4962 Arescentibus
2541 4908 2972 4977 bonibibusprm
2991 4911 3180 4962 timore
3199 4910 3343 4976 (Luc.
3363 4914 3495 4979 ut).
3521 4933 3539 4965 ι

1983 5002 2297 5054 Sanctitatis
2341 5001 2536 5069 quippe
2570 5001 2858 5062 fiducia,et
2894 5001 3046 5053 testis
3073 5001 3390 5056 innocentia:
3419 5019 3544 5058 con-

1979 5091 2140 5164 353
2176 5092 2398 5144 scientia
2443 5107 2631 5160 puram
2679 5101 2910 5143 mentem
2951 5091 3266 5157 quibusdam
3311 5093 3547 5149 caelestis

1980 5187 2163 5254 gratim
2193 5184 2376 5236 rivulis
2404 5183 2610 5251 irrigat,
2657 5189 2710 5232 et
2746 5179 2960 5233 resolvit
2991 5181 3042 5234 iu
3081 5179 3370 5250 l-acrymas,
3401 5185 3546 5238 duri-

1982 5275 2108 5326 tiam
2141 5274 2371 5342 squalidi
2406 5273 2584 5326 cordis
2617 5270 2838 5332 emollit,
2872 5283 2925 5323 ct
2969 5268 3264 5338 proﬂueudi
3306 5285 3544 5329 meatum

1979 5364 2192 5418 fletibus
2211 5364 2399 5430 aperit.
2427 5360 2509 5413 Sit
2530 5376 2658 5428 ergo
2679 5360 3006 5415 conscientia
3031 5371 3116 5414 tua
3140 5378 3297 5430 pura,
3322 5367 3542 5430 munda,

1981 5458 2179 5519 nitila;
2211 5455 2280 5506 sit
2323 5455 2552 5514 sincera,
2588 5468 2795 5520 azyma,
2830 5462 2990 5520 atque
3029 5454 3096 5508 ab
3135 5457 3279 5508 omni
3311 5456 3427 5511 labe
3453 5473 3546 5513 ne-

1980 5547 2271 5615 quiti-arum
2308 5542 2665 5611 spiritualium
2706 5542 2962 5598 defaecata
2991 5563 3002 5598 :
3047 5553 3101 5599 et
3136 5561 3256 5600 cum
3289 5561 3546 5617 compun-

1980 5643 2086 5696 ctio
2112 5641 2290 5694 cordis
2320 5655 2602 5710 erumpere
2644 5651 2918 5710 properat,
2951 5642 3086 5697 obex
3123 5642 3390 5697 mordacis
3415 5657 3545 5696 con-

1980 5733 2219 5788 scientia:
2254 5748 2358 5785 non
2384 5732 2643 5797 obsistat;
2681 5747 2810 5786 neve
2838 5747 2932 5785 cor
2960 5732 3208 5801 pavidum
3239 5733 3410 5800 dignae
3438 5731 3544 5784 for-
