  <div class='ocr_page' id='page_1' title='image "/cluster/home/n/w/nwhite01/storage/ocr_20150623/145/hvd.32044015471824/187.png"; bbox 0 0 4106 6320; ppageno 0'>
   <div class='ocr_carea' id='block_1_1' title="bbox 548 341 661 406">
    <p class='ocr_par' dir='ltr' id='par_1_1' title="bbox 548 341 661 406">
     <span class='ocr_line' id='line_1_1' title="bbox 548 341 661 406; baseline -0.009 0"><span class='ocrx_word' id='word_1_1' title='bbox 548 341 661 406; x_wconf 67' lang='grc'><strong>339</strong></span> 
     </span>
    </p>
   </div>
   <div class='ocr_carea' id='block_1_2' title="bbox 1016 328 3364 397">
    <p class='ocr_par' dir='ltr' id='par_1_2' title="bbox 1016 328 3364 397">
     <span class='ocr_line' id='line_1_2' title="bbox 1016 328 3364 397; baseline -0.002 0"><span class='ocrx_word' id='word_1_2' title='bbox 1016 338 1076 397; x_wconf 83' lang='lat' dir='ltr'><strong>S.</strong></span> <span class='ocrx_word' id='word_1_3' title='bbox 1097 339 1303 397; x_wconf 70' lang='lat' dir='ltr'><strong>PETRI</strong></span> <span class='ocrx_word' id='word_1_4' title='bbox 1337 334 1619 396; x_wconf 71' lang='lat' dir='ltr'><strong>DAMIANI</strong></span> <span class='ocrx_word' id='word_1_5' title='bbox 1648 338 1799 396; x_wconf 84' lang='lat' dir='ltr'><strong>OPP.</strong></span> <span class='ocrx_word' id='word_1_6' title='bbox 1832 336 2067 396; x_wconf 81' lang='lat' dir='ltr'><strong>TOMUS</strong></span> <span class='ocrx_word' id='word_1_7' title='bbox 2103 337 2237 394; x_wconf 83' lang='lat' dir='ltr'><strong>SEU</strong></span> <span class='ocrx_word' id='word_1_8' title='bbox 2275 334 2455 393; x_wconf 75' lang='lat' dir='ltr'><strong>PARS</strong></span> <span class='ocrx_word' id='word_1_9' title='bbox 2491 336 2577 393; x_wconf 90' lang='lat' dir='ltr'><strong>Ill.</strong></span> <span class='ocrx_word' id='word_1_10' title='bbox 2606 367 2676 380; x_wconf 91' lang='lat'><strong>-—</strong></span> <span class='ocrx_word' id='word_1_11' title='bbox 2707 328 3074 394; x_wconf 80' lang='lat' dir='ltr'><strong>OPUSCULA</strong></span> <span class='ocrx_word' id='word_1_12' title='bbox 3114 329 3364 393; x_wconf 73' lang='grc' dir='ltr'><strong>νΑιυΑ.’</strong></span> 
     </span>
    </p>
   </div>
   <div class='ocr_carea' id='block_1_3' title="bbox 3707 336 3816 396">
    <p class='ocr_par' dir='ltr' id='par_1_3' title="bbox 3707 336 3816 396">
     <span class='ocr_line' id='line_1_3' title="bbox 3707 336 3816 396; baseline 0 -2"><span class='ocrx_word' id='word_1_13' title='bbox 3707 336 3816 396; x_wconf 74' lang='lat'><strong>360</strong></span> 
     </span>
    </p>
   </div>
   <div class='ocr_carea' id='block_1_4' title="bbox 554 447 3812 531">
    <p class='ocr_par' dir='ltr' id='par_1_4' title="bbox 554 447 3812 531">
     <span class='ocr_line' id='line_1_4' title="bbox 554 447 3812 531; baseline -0.004 -12"><span class='ocrx_word' id='word_1_14' title='bbox 554 462 778 520; x_wconf 80' lang='lat' dir='ltr'><strong>midinis</strong></span> <span class='ocrx_word' id='word_1_15' title='bbox 805 459 956 531; x_wconf 99' lang='lat' dir='ltr'><strong>algor</strong></span> <span class='ocrx_word' id='word_1_16' title='bbox 977 457 1304 527; x_wconf 75' lang='lat' dir='ltr'><strong>obstringat,</strong></span> <span class='ocrx_word' id='word_1_17' title='bbox 1334 463 1389 510; x_wconf 93' lang='lat' dir='ltr'><strong>et</strong></span> <span class='ocrx_word' id='word_1_18' title='bbox 1417 453 1780 525; x_wconf 85' lang='lat' dir='ltr'><strong>lacrymarum</strong></span> <span class='ocrx_word' id='word_1_19' title='bbox 1810 466 1950 522; x_wconf 92' lang='lat' dir='ltr'><strong>aqua</strong></span> <span class='ocrx_word' id='word_1_20' title='bbox 1977 465 2135 505; x_wconf 90' lang='lat' dir='ltr'><strong>versa</strong></span> <span class='ocrx_word' id='word_1_21' title='bbox 2163 457 2210 512; x_wconf 75' lang='grc' dir='ltr'>Α</span> <span class='ocrx_word' id='word_1_22' title='bbox 2239 448 2425 505; x_wconf 77' lang='lat' dir='ltr'><strong>facetae</strong></span> <span class='ocrx_word' id='word_1_23' title='bbox 2453 450 2755 506; x_wconf 77' lang='lat' dir='ltr'><strong>dicacitatis</strong></span> <span class='ocrx_word' id='word_1_24' title='bbox 2780 449 3107 513; x_wconf 88' lang='lat' dir='ltr'><strong>urbanitate,</strong></span> <span class='ocrx_word' id='word_1_25' title='bbox 3147 447 3516 505; x_wconf 80' lang='lat' dir='ltr'><strong>Democritum</strong></span> <span class='ocrx_word' id='word_1_26' title='bbox 3538 451 3812 506; x_wconf 81' lang='lat' dir='ltr'><strong>ostendas.</strong></span> 
     </span>
    </p>
   </div>
   <div class='ocr_carea' id='block_1_5' title="bbox 555 541 2136 625">
    <p class='ocr_par' dir='ltr' id='par_1_5' title="bbox 555 541 2136 625">
     <span class='ocr_line' id='line_1_5' title="bbox 555 541 2136 625; baseline -0.009 -14"><span class='ocrx_word' id='word_1_27' title='bbox 555 555 611 611; x_wconf 92' lang='lat' dir='ltr'><strong>in</strong></span> <span class='ocrx_word' id='word_1_28' title='bbox 642 554 867 625; x_wconf 82' lang='lat' dir='ltr'><strong>glaciem</strong></span> <span class='ocrx_word' id='word_1_29' title='bbox 898 566 1005 608; x_wconf 93' lang='lat' dir='ltr'><strong>non</strong></span> <span class='ocrx_word' id='word_1_30' title='bbox 1034 559 1222 604; x_wconf 84' lang='lat' dir='ltr'><strong>currat</strong></span> <span class='ocrx_word' id='word_1_31' title='bbox 1247 565 1262 603; x_wconf 88' lang='lat'><strong>:</strong></span> <span class='ocrx_word' id='word_1_32' title='bbox 1307 562 1622 617; x_wconf 84' lang='lat' dir='ltr'><strong>quanquam</strong></span> <span class='ocrx_word' id='word_1_33' title='bbox 1656 554 1713 600; x_wconf 93' lang='lat' dir='ltr'><strong>et</strong></span> <span class='ocrx_word' id='word_1_34' title='bbox 1748 553 1924 599; x_wconf 88' lang='lat' dir='ltr'><strong>metus</strong></span> <span class='ocrx_word' id='word_1_35' title='bbox 1950 541 2136 598; x_wconf 86' lang='lat' dir='ltr'><strong>crimi-</strong></span> 
     </span>
    </p>
   </div>
   <div class='ocr_carea' id='block_1_6' title="bbox 554 635 2133 713">
    <p class='ocr_par' dir='ltr' id='par_1_6' title="bbox 554 635 2133 713">
     <span class='ocr_line' id='line_1_6' title="bbox 554 635 2133 713; baseline -0.01 -12"><span class='ocrx_word' id='word_1_36' title='bbox 554 662 682 701; x_wconf 88' lang='lat' dir='ltr'><strong>num</strong></span> <span class='ocrx_word' id='word_1_37' title='bbox 715 641 1183 713; x_wconf 89' lang='lat' dir='ltr'><strong>compunctionem</strong></span> <span class='ocrx_word' id='word_1_38' title='bbox 1215 638 1507 707; x_wconf 83' lang='lat' dir='ltr'><strong>aliquando</strong></span> <span class='ocrx_word' id='word_1_39' title='bbox 1538 636 1716 706; x_wconf 90' lang='lat' dir='ltr'><strong>pariat</strong></span> <span class='ocrx_word' id='word_1_40' title='bbox 1748 635 2133 705; x_wconf 88' lang='lat' dir='ltr'><strong>lacrymarum.</strong></span> 
     </span>
    </p>
   </div>
   <div class='ocr_carea' id='block_1_7' title="bbox 625 722 2133 796">
    <p class='ocr_par' dir='ltr' id='par_1_7' title="bbox 625 722 2133 796">
     <span class='ocr_line' id='line_1_7' title="bbox 625 722 2133 796; baseline -0.009 -5"><span class='ocrx_word' id='word_1_41' title='bbox 625 737 734 792; x_wconf 94' lang='lat' dir='ltr'><strong>Sed</strong></span> <span class='ocrx_word' id='word_1_42' title='bbox 758 734 906 788; x_wconf 86' lang='lat' dir='ltr'><strong>aliud</strong></span> <span class='ocrx_word' id='word_1_43' title='bbox 928 741 1012 787; x_wconf 89' lang='lat' dir='ltr'><strong>est</strong></span> <span class='ocrx_word' id='word_1_44' title='bbox 1039 732 1204 787; x_wconf 86' lang='lat' dir='ltr'><strong>timor</strong></span> <span class='ocrx_word' id='word_1_45' title='bbox 1226 729 1463 795; x_wconf 80' lang='lat' dir='ltr'><strong>servilis,</strong></span> <span class='ocrx_word' id='word_1_46' title='bbox 1492 726 1633 782; x_wconf 88' lang='lat' dir='ltr'><strong>aliud</strong></span> <span class='ocrx_word' id='word_1_47' title='bbox 1658 726 1831 796; x_wconf 89' lang='lat' dir='ltr'><strong>gratia</strong></span> <span class='ocrx_word' id='word_1_48' title='bbox 1855 722 2133 794; x_wconf 84' lang='lat' dir='ltr'><strong>spiritalis,</strong></span> 
     </span>
    </p>
   </div>
   <div class='ocr_carea' id='block_1_8' title="bbox 552 821 2135 902">
    <p class='ocr_par' dir='ltr' id='par_1_8' title="bbox 552 821 2135 902">
     <span class='ocr_line' id='line_1_8' title="bbox 552 821 2135 902; baseline -0.01 -17"><span class='ocrx_word' id='word_1_49' title='bbox 552 847 659 902; x_wconf 89' lang='lat' dir='ltr'><strong>qua</strong></span> <span class='ocrx_word' id='word_1_50' title='bbox 684 828 939 884; x_wconf 81' lang='lat' dir='ltr'><strong>videlicet</strong></span> <span class='ocrx_word' id='word_1_51' title='bbox 967 825 1282 880; x_wconf 91' lang='lat' dir='ltr'><strong>holocausta</strong></span> <span class='ocrx_word' id='word_1_52' title='bbox 1323 821 1613 877; x_wconf 90' lang='lat' dir='ltr'><strong>medullata</strong></span> <span class='ocrx_word' id='word_1_53' title='bbox 1652 821 1762 875; x_wconf 90' lang='lat' dir='ltr'><strong>Deo</strong></span> <span class='ocrx_word' id='word_1_54' title='bbox 1792 832 1955 887; x_wconf 87' lang='lat' dir='ltr'><strong>super</strong></span> <span class='ocrx_word' id='word_1_55' title='bbox 1983 830 2135 870; x_wconf 87' lang='lat' dir='ltr'><strong>aram</strong></span> 
     </span>
    </p>
   </div>
   <div class='ocr_carea' id='block_1_9' title="bbox 552 906 2135 984">
    <p class='ocr_par' dir='ltr' id='par_1_9' title="bbox 552 906 2135 984">
     <span class='ocr_line' id='line_1_9' title="bbox 552 906 2135 984; baseline -0.011 -6"><span class='ocrx_word' id='word_1_56' title='bbox 552 921 775 978; x_wconf 88' lang='lat' dir='ltr'><strong>contriti</strong></span> <span class='ocrx_word' id='word_1_57' title='bbox 809 919 990 975; x_wconf 85' lang='lat' dir='ltr'><strong>cordis</strong></span> <span class='ocrx_word' id='word_1_58' title='bbox 1018 916 1334 971; x_wconf 81' lang='lat' dir='ltr'><strong>oﬂ&#39;erimus:</strong></span> <span class='ocrx_word' id='word_1_59' title='bbox 1380 922 1436 969; x_wconf 89' lang='lat' dir='ltr'><strong>et</strong></span> <span class='ocrx_word' id='word_1_60' title='bbox 1481 914 1678 984; x_wconf 78' lang='lat' dir='ltr'><strong>pingue</strong></span> <span class='ocrx_word' id='word_1_61' title='bbox 1723 908 2049 965; x_wconf 89' lang='lat' dir='ltr'><strong>sacriﬁcium</strong></span> <span class='ocrx_word' id='word_1_62' title='bbox 2077 906 2135 961; x_wconf 89' lang='lat' dir='ltr'><strong>in</strong></span> 
     </span>
    </p>
   </div>
   <div class='ocr_carea' id='block_1_10' title="bbox 551 1000 2135 1069">
    <p class='ocr_par' dir='ltr' id='par_1_10' title="bbox 551 1000 2135 1069">
     <span class='ocr_line' id='line_1_10' title="bbox 551 1000 2135 1069; baseline -0.011 1"><span class='ocrx_word' id='word_1_63' title='bbox 551 1015 773 1069; x_wconf 91' lang='lat' dir='ltr'><strong>odorem</strong></span> <span class='ocrx_word' id='word_1_64' title='bbox 798 1008 1079 1065; x_wconf 79' lang='lat' dir='ltr'><strong>suavitatis</strong></span> <span class='ocrx_word' id='word_1_65' title='bbox 1100 1006 1396 1063; x_wconf 86' lang='lat' dir='ltr'><strong>salubriter</strong></span> <span class='ocrx_word' id='word_1_66' title='bbox 1415 1003 1709 1059; x_wconf 89' lang='lat' dir='ltr'><strong>adolemus.</strong></span> <span class='ocrx_word' id='word_1_67' title='bbox 1725 1001 1856 1069; x_wconf 68' lang='lat' dir='ltr'><strong>Quae</strong></span> <span class='ocrx_word' id='word_1_68' title='bbox 1878 1000 2135 1056; x_wconf 89' lang='lat' dir='ltr'><strong>nimirum</strong></span> 
     </span>
    </p>
   </div>
   <div class='ocr_carea' id='block_1_11' title="bbox 550 1091 2135 1173">
    <p class='ocr_par' dir='ltr' id='par_1_11' title="bbox 550 1091 2135 1173">
     <span class='ocr_line' id='line_1_11' title="bbox 550 1091 2135 1173; baseline -0.011 -12"><span class='ocrx_word' id='word_1_69' title='bbox 550 1106 726 1162; x_wconf 90' lang='lat' dir='ltr'><strong>sancti</strong></span> <span class='ocrx_word' id='word_1_70' title='bbox 757 1102 991 1173; x_wconf 89' lang='lat' dir='ltr'><strong>Spiritus</strong></span> <span class='ocrx_word' id='word_1_71' title='bbox 1036 1099 1211 1171; x_wconf 91' lang='lat' dir='ltr'><strong>gratia</strong></span> <span class='ocrx_word' id='word_1_72' title='bbox 1242 1098 1287 1154; x_wconf 91' lang='lat' dir='ltr'><strong>si</strong></span> <span class='ocrx_word' id='word_1_73' title='bbox 1336 1096 1590 1160; x_wconf 81' lang='lat' dir='ltr'><strong>defuerit,</strong></span> <span class='ocrx_word' id='word_1_74' title='bbox 1628 1095 1756 1151; x_wconf 83' lang='lat' dir='ltr'><strong>licet</strong></span> <span class='ocrx_word' id='word_1_75' title='bbox 1794 1102 2031 1149; x_wconf 86' lang='lat' dir='ltr'><strong>mentem</strong></span> <span class='ocrx_word' id='word_1_76' title='bbox 2066 1091 2135 1145; x_wconf 90' lang='lat' dir='ltr'><strong>ad</strong></span> 
     </span>
    </p>
   </div>
   <div class='ocr_carea' id='block_1_12' title="bbox 551 1182 2136 1266">
    <p class='ocr_par' dir='ltr' id='par_1_12' title="bbox 551 1182 2136 1266">
     <span class='ocr_line' id='line_1_12' title="bbox 551 1182 2136 1266; baseline -0.01 -15"><span class='ocrx_word' id='word_1_77' title='bbox 551 1210 843 1266; x_wconf 86' lang='lat' dir='ltr'><strong>supernam</strong></span> <span class='ocrx_word' id='word_1_78' title='bbox 884 1193 1110 1262; x_wconf 78' lang='lat' dir='ltr'><strong>gloriam</strong></span> <span class='ocrx_word' id='word_1_79' title='bbox 1148 1190 1271 1260; x_wconf 84' lang='lat' dir='ltr'><strong>quis</strong></span> <span class='ocrx_word' id='word_1_80' title='bbox 1318 1188 1604 1244; x_wconf 86' lang='lat' dir='ltr'><strong>sublevare</strong></span> <span class='ocrx_word' id='word_1_81' title='bbox 1650 1185 1973 1249; x_wconf 87' lang='lat' dir='ltr'><strong>contendat;</strong></span> <span class='ocrx_word' id='word_1_82' title='bbox 2009 1182 2136 1237; x_wconf 89' lang='lat' dir='ltr'><strong>licet</strong></span> 
     </span>
    </p>
   </div>
   <div class='ocr_carea' id='block_1_13' title="bbox 548 1274 2136 1358">
    <p class='ocr_par' dir='ltr' id='par_1_13' title="bbox 548 1274 2136 1358">
     <span class='ocr_line' id='line_1_13' title="bbox 548 1274 2136 1358; baseline -0.012 -15"><span class='ocrx_word' id='word_1_83' title='bbox 548 1288 813 1358; x_wconf 63' lang='lat' dir='ltr'><strong>gehennae</strong></span> <span class='ocrx_word' id='word_1_84' title='bbox 841 1282 1127 1353; x_wconf 90' lang='lat' dir='ltr'><strong>supplicia,</strong></span> <span class='ocrx_word' id='word_1_85' title='bbox 1162 1280 1247 1336; x_wconf 89' lang='lat' dir='ltr'><strong>vel</strong></span> <span class='ocrx_word' id='word_1_86' title='bbox 1273 1278 1544 1350; x_wconf 63' lang='lat' dir='ltr'><strong>prattcrita</strong></span> <span class='ocrx_word' id='word_1_87' title='bbox 1574 1285 1796 1346; x_wconf 85' lang='lat' dir='ltr'><strong>peccata</strong></span> <span class='ocrx_word' id='word_1_88' title='bbox 1835 1274 1904 1327; x_wconf 90' lang='lat' dir='ltr'><strong>ad</strong></span> <span class='ocrx_word' id='word_1_89' title='bbox 1932 1286 2136 1327; x_wconf 89' lang='lat' dir='ltr'><strong>memo-</strong></span> 
     </span>
    </p>
   </div>
   <div class='ocr_carea' id='block_1_14' title="bbox 550 1366 2137 1440">
    <p class='ocr_par' dir='ltr' id='par_1_14' title="bbox 550 1366 2137 1440">
     <span class='ocr_line' id='line_1_14' title="bbox 550 1366 2137 1440; baseline -0.011 -4"><span class='ocrx_word' id='word_1_90' title='bbox 550 1382 690 1436; x_wconf 89' lang='lat' dir='ltr'><strong>riam</strong></span> <span class='ocrx_word' id='word_1_91' title='bbox 725 1378 968 1440; x_wconf 90' lang='lat' dir='ltr'><strong>reducat,</strong></span> <span class='ocrx_word' id='word_1_92' title='bbox 1000 1374 1082 1429; x_wconf 84' lang='lat' dir='ltr'><strong>vel</strong></span> <span class='ocrx_word' id='word_1_93' title='bbox 1114 1372 1278 1428; x_wconf 89' lang='lat' dir='ltr'><strong>etiam</strong></span> <span class='ocrx_word' id='word_1_94' title='bbox 1309 1370 1605 1425; x_wconf 65' lang='lat' dir='ltr'><strong>Dnminica:</strong></span> <span class='ocrx_word' id='word_1_95' title='bbox 1634 1366 1903 1438; x_wconf 87' lang='lat' dir='ltr'><strong>passionis</strong></span> <span class='ocrx_word' id='word_1_96' title='bbox 1934 1372 2137 1435; x_wconf 84' lang='lat' dir='ltr'><strong>myste-</strong></span> 
     </span>
    </p>
   </div>
   <div class='ocr_carea' id='block_1_15' title="bbox 549 1456 2133 1537">
    <p class='ocr_par' dir='ltr' id='par_1_15' title="bbox 549 1456 2133 1537">
     <span class='ocr_line' id='line_1_15' title="bbox 549 1456 2133 1537; baseline -0.013 -11"><span class='ocrx_word' id='word_1_97' title='bbox 549 1472 632 1526; x_wconf 88' lang='lat' dir='ltr'><strong>ria</strong></span> <span class='ocrx_word' id='word_1_98' title='bbox 662 1467 900 1532; x_wconf 84' lang='lat' dir='ltr'><strong>recolat;</strong></span> <span class='ocrx_word' id='word_1_99' title='bbox 932 1473 1154 1537; x_wconf 89' lang='lat' dir='ltr'><strong>propter</strong></span> <span class='ocrx_word' id='word_1_100' title='bbox 1179 1462 1294 1517; x_wconf 69' lang='lat' dir='ltr'><strong>base</strong></span> <span class='ocrx_word' id='word_1_101' title='bbox 1319 1470 1497 1515; x_wconf 89' lang='lat' dir='ltr'><strong>tamen</strong></span> <span class='ocrx_word' id='word_1_102' title='bbox 1541 1458 1720 1514; x_wconf 87' lang='lat' dir='ltr'><strong>omnia</strong></span> <span class='ocrx_word' id='word_1_103' title='bbox 1746 1456 1997 1527; x_wconf 70' lang='lat' dir='ltr'><strong>lacrymas</strong></span> <span class='ocrx_word' id='word_1_104' title='bbox 2027 1468 2133 1508; x_wconf 91' lang='lat' dir='ltr'><strong>non</strong></span> 
     </span>
    </p>
   </div>
   <div class='ocr_carea' id='block_1_16' title="bbox 546 1544 2136 1628">
    <p class='ocr_par' dir='ltr' id='par_1_16' title="bbox 546 1544 2136 1628">
     <span class='ocr_line' id='line_1_16' title="bbox 546 1544 2136 1628; baseline -0.011 -14"><span class='ocrx_word' id='word_1_105' title='bbox 546 1564 861 1628; x_wconf 87' lang='lat' dir='ltr'><strong>erumpunt,</strong></span> <span class='ocrx_word' id='word_1_106' title='bbox 901 1556 984 1610; x_wconf 92' lang='lat' dir='ltr'><strong>cui</strong></span> <span class='ocrx_word' id='word_1_107' title='bbox 1035 1553 1232 1609; x_wconf 87' lang='lat' dir='ltr'><strong>mentis</strong></span> <span class='ocrx_word' id='word_1_108' title='bbox 1270 1566 1471 1606; x_wconf 88' lang='lat' dir='ltr'><strong>arcana</strong></span> <span class='ocrx_word' id='word_1_109' title='bbox 1522 1547 1759 1618; x_wconf 85' lang='lat' dir='ltr'><strong>peccatis</strong></span> <span class='ocrx_word' id='word_1_110' title='bbox 1796 1544 2136 1615; x_wconf 76' lang='lat' dir='ltr'><strong>exigentibus</strong></span> 
     </span>
    </p>
   </div>
   <div class='ocr_carea' id='block_1_17' title="bbox 549 1641 2136 1711">
    <p class='ocr_par' dir='ltr' id='par_1_17' title="bbox 549 1641 2136 1711">
     <span class='ocr_line' id='line_1_17' title="bbox 549 1641 2136 1711; baseline -0.01 -5"><span class='ocrx_word' id='word_1_111' title='bbox 549 1652 937 1706; x_wconf 87' lang='lat' dir='ltr'><strong>obdurescunt.</strong></span> <span class='ocrx_word' id='word_1_112' title='bbox 975 1647 1055 1701; x_wconf 89' lang='lat' dir='ltr'><strong>Tu</strong></span> <span class='ocrx_word' id='word_1_113' title='bbox 1096 1654 1300 1709; x_wconf 90' lang='lat' dir='ltr'><strong>autem,</strong></span> <span class='ocrx_word' id='word_1_114' title='bbox 1347 1643 1489 1697; x_wconf 88' lang='lat' dir='ltr'><strong>sicut</strong></span> <span class='ocrx_word' id='word_1_115' title='bbox 1518 1641 1758 1711; x_wconf 89' lang='lat' dir='ltr'><strong>prudens</strong></span> <span class='ocrx_word' id='word_1_116' title='bbox 1788 1647 1843 1692; x_wconf 91' lang='lat' dir='ltr'><strong>et</strong></span> <span class='ocrx_word' id='word_1_117' title='bbox 1872 1651 2136 1707; x_wconf 83' lang='lat' dir='ltr'><strong>Operosus</strong></span> 
     </span>
    </p>
   </div>
   <div class='ocr_carea' id='block_1_18' title="bbox 550 1732 2132 1812">
    <p class='ocr_par' dir='ltr' id='par_1_18' title="bbox 550 1732 2132 1812">
     <span class='ocr_line' id='line_1_18' title="bbox 550 1732 2132 1812; baseline -0.01 -17"><span class='ocrx_word' id='word_1_118' title='bbox 550 1740 812 1812; x_wconf 85' lang='lat' dir='ltr'><strong>agricola,</strong></span> <span class='ocrx_word' id='word_1_119' title='bbox 846 1752 1035 1809; x_wconf 91' lang='lat' dir='ltr'><strong>agrum</strong></span> <span class='ocrx_word' id='word_1_120' title='bbox 1081 1744 1232 1790; x_wconf 91' lang='lat' dir='ltr'><strong>tuum</strong></span> <span class='ocrx_word' id='word_1_121' title='bbox 1273 1732 1647 1788; x_wconf 83' lang='lat' dir='ltr'><strong>indesinenter</strong></span> <span class='ocrx_word' id='word_1_122' title='bbox 1682 1742 1899 1792; x_wconf 77' lang='lat' dir='ltr'><strong>exerce,</strong></span> <span class='ocrx_word' id='word_1_123' title='bbox 1932 1735 2132 1782; x_wconf 89' lang='lat' dir='ltr'><strong>terram</strong></span> 
     </span>
    </p>
   </div>
   <div class='ocr_carea' id='block_1_19' title="bbox 548 1818 2133 1895">
    <p class='ocr_par' dir='ltr' id='par_1_19' title="bbox 548 1818 2133 1895">
     <span class='ocr_line' id='line_1_19' title="bbox 548 1818 2133 1895; baseline -0.01 -7"><span class='ocrx_word' id='word_1_124' title='bbox 548 1834 627 1888; x_wconf 88' lang='lat' dir='ltr'><strong>tui</strong></span> <span class='ocrx_word' id='word_1_125' title='bbox 678 1830 879 1894; x_wconf 88' lang='lat' dir='ltr'><strong>cordis,</strong></span> <span class='ocrx_word' id='word_1_126' title='bbox 929 1837 985 1882; x_wconf 92' lang='lat' dir='ltr'><strong>et</strong></span> <span class='ocrx_word' id='word_1_127' title='bbox 1031 1825 1274 1895; x_wconf 90' lang='lat' dir='ltr'><strong>corporis</strong></span> <span class='ocrx_word' id='word_1_128' title='bbox 1322 1837 1543 1878; x_wconf 81' lang='lat' dir='ltr'><strong>vomere</strong></span> <span class='ocrx_word' id='word_1_129' title='bbox 1593 1829 1794 1877; x_wconf 86' lang='lat' dir='ltr'><strong>sanctae</strong></span> <span class='ocrx_word' id='word_1_130' title='bbox 1839 1818 2133 1887; x_wconf 86' lang='lat' dir='ltr'><strong>disciplinae</strong></span> 
     </span>
    </p>
   </div>
   <div class='ocr_carea' id='block_1_20' title="bbox 549 1912 2135 1995">
    <p class='ocr_par' dir='ltr' id='par_1_20' title="bbox 549 1912 2135 1995">
     <span class='ocr_line' id='line_1_20' title="bbox 549 1912 2135 1995; baseline -0.008 -15"><span class='ocrx_word' id='word_1_131' title='bbox 549 1924 858 1995; x_wconf 89' lang='lat' dir='ltr'><strong>proscinde,</strong></span> <span class='ocrx_word' id='word_1_132' title='bbox 891 1921 1076 1992; x_wconf 89' lang='lat' dir='ltr'><strong>glebas</strong></span> <span class='ocrx_word' id='word_1_133' title='bbox 1108 1918 1322 1973; x_wconf 72' lang='lat' dir='ltr'><strong>duritiae</strong></span> <span class='ocrx_word' id='word_1_134' title='bbox 1360 1915 1669 1971; x_wconf 86' lang='lat' dir='ltr'><strong>minutatim</strong></span> <span class='ocrx_word' id='word_1_135' title='bbox 1701 1925 1943 1977; x_wconf 90' lang='lat' dir='ltr'><strong>contere,</strong></span> <span class='ocrx_word' id='word_1_136' title='bbox 1975 1912 2135 1967; x_wconf 88' lang='lat' dir='ltr'><strong>vitio-</strong></span> 
     </span>
    </p>
   </div>
   <div class='ocr_carea' id='block_1_21' title="bbox 550 2004 2135 2083">
    <p class='ocr_par' dir='ltr' id='par_1_21' title="bbox 550 2004 2135 2083">
     <span class='ocr_line' id='line_1_21' title="bbox 550 2004 2135 2083; baseline -0.006 -16"><span class='ocrx_word' id='word_1_137' title='bbox 550 2030 670 2069; x_wconf 90' lang='lat' dir='ltr'><strong>rum</strong></span> <span class='ocrx_word' id='word_1_138' title='bbox 695 2027 887 2083; x_wconf 84' lang='lat' dir='ltr'><strong>vepres</strong></span> <span class='ocrx_word' id='word_1_139' title='bbox 914 2010 1220 2077; x_wconf 84' lang='lat' dir='ltr'><strong>exstirpare</strong></span> <span class='ocrx_word' id='word_1_140' title='bbox 1243 2009 1549 2070; x_wconf 85' lang='lat' dir='ltr'><strong>contende;</strong></span> <span class='ocrx_word' id='word_1_141' title='bbox 1580 2014 1634 2060; x_wconf 86' lang='lat' dir='ltr'><strong>et</strong></span> <span class='ocrx_word' id='word_1_142' title='bbox 1658 2004 1738 2059; x_wconf 88' lang='lat' dir='ltr'><strong>sic</strong></span> <span class='ocrx_word' id='word_1_143' title='bbox 1764 2012 1984 2073; x_wconf 90' lang='lat' dir='ltr'><strong>paratus</strong></span> <span class='ocrx_word' id='word_1_144' title='bbox 2007 2016 2135 2072; x_wconf 88' lang='lat' dir='ltr'><strong>quo-</strong></span> 
     </span>
    </p>
   </div>
   <div class='ocr_carea' id='block_1_22' title="bbox 549 2093 2132 2169">
    <p class='ocr_par' dir='ltr' id='par_1_22' title="bbox 549 2093 2132 2169">
     <span class='ocr_line' id='line_1_22' title="bbox 549 2093 2132 2169; baseline -0.009 -8"><span class='ocrx_word' id='word_1_145' title='bbox 549 2106 701 2169; x_wconf 90' lang='lat' dir='ltr'><strong>tidie,</strong></span> <span class='ocrx_word' id='word_1_146' title='bbox 741 2104 907 2159; x_wconf 91' lang='lat' dir='ltr'><strong>tensis</strong></span> <span class='ocrx_word' id='word_1_147' title='bbox 956 2104 1008 2156; x_wconf 90' lang='lat' dir='ltr'><strong>in</strong></span> <span class='ocrx_word' id='word_1_148' title='bbox 1034 2100 1229 2156; x_wconf 63' lang='lat' dir='ltr'><strong>coelum</strong></span> <span class='ocrx_word' id='word_1_149' title='bbox 1271 2098 1444 2154; x_wconf 88' lang='lat' dir='ltr'><strong>oculis</strong></span> <span class='ocrx_word' id='word_1_150' title='bbox 1491 2097 1709 2166; x_wconf 88' lang='lat' dir='ltr'><strong>superni</strong></span> <span class='ocrx_word' id='word_1_151' title='bbox 1750 2094 1938 2149; x_wconf 87' lang='lat' dir='ltr'><strong>imbris</strong></span> <span class='ocrx_word' id='word_1_152' title='bbox 1972 2093 2132 2147; x_wconf 89' lang='lat' dir='ltr'><strong>inun-</strong></span> 
     </span>
    </p>
   </div>
   <div class='ocr_carea' id='block_1_23' title="bbox 549 2184 2136 2265">
    <p class='ocr_par' dir='ltr' id='par_1_23' title="bbox 549 2184 2136 2265">
     <span class='ocr_line' id='line_1_23' title="bbox 549 2184 2136 2265; baseline -0.009 -11"><span class='ocrx_word' id='word_1_153' title='bbox 549 2199 791 2254; x_wconf 86' lang='lat' dir='ltr'><strong>dantiam</strong></span> <span class='ocrx_word' id='word_1_154' title='bbox 816 2194 1151 2265; x_wconf 63' lang='lat' dir='ltr'><strong>praestolare.</strong></span> <span class='ocrx_word' id='word_1_155' title='bbox 1179 2191 1314 2245; x_wconf 83' lang='lat' dir='ltr'><strong>Nam</strong></span> <span class='ocrx_word' id='word_1_156' title='bbox 1339 2205 1581 2246; x_wconf 88' lang='lat' dir='ltr'><strong>summus</strong></span> <span class='ocrx_word' id='word_1_157' title='bbox 1605 2188 1845 2252; x_wconf 81' lang='lat' dir='ltr'><strong>Arbiter,</strong></span> <span class='ocrx_word' id='word_1_158' title='bbox 1873 2187 1961 2241; x_wconf 90' lang='lat' dir='ltr'><strong>ille</strong></span> <span class='ocrx_word' id='word_1_159' title='bbox 1986 2184 2136 2240; x_wconf 89' lang='lat' dir='ltr'><strong>vide-</strong></span> 
     </span>
    </p>
   </div>
   <div class='ocr_carea' id='block_1_24' title="bbox 548 2278 2136 2353">
    <p class='ocr_par' dir='ltr' id='par_1_24' title="bbox 548 2278 2136 2353">
     <span class='ocr_line' id='line_1_24' title="bbox 548 2278 2136 2353; baseline -0.009 -10"><span class='ocrx_word' id='word_1_160' title='bbox 548 2291 676 2346; x_wconf 88' lang='lat' dir='ltr'><strong>licet</strong></span> <span class='ocrx_word' id='word_1_161' title='bbox 701 2287 948 2343; x_wconf 89' lang='lat' dir='ltr'><strong>occultus</strong></span> <span class='ocrx_word' id='word_1_162' title='bbox 978 2285 1272 2353; x_wconf 79' lang='lat' dir='ltr'><strong>inSpector,</strong></span> <span class='ocrx_word' id='word_1_163' title='bbox 1298 2281 1387 2350; x_wconf 90' lang='lat' dir='ltr'><strong>qui</strong></span> <span class='ocrx_word' id='word_1_164' title='bbox 1424 2288 1534 2335; x_wconf 91' lang='lat' dir='ltr'><strong>stat</strong></span> <span class='ocrx_word' id='word_1_165' title='bbox 1568 2288 1690 2349; x_wconf 91' lang='lat' dir='ltr'><strong>post</strong></span> <span class='ocrx_word' id='word_1_166' title='bbox 1733 2278 1992 2347; x_wconf 89' lang='lat' dir='ltr'><strong>parietem</strong></span> <span class='ocrx_word' id='word_1_167' title='bbox 2036 2291 2136 2330; x_wconf 84' lang='lat' dir='ltr'><strong>no-</strong></span> 
     </span>
    </p>
   </div>
   <div class='ocr_carea' id='block_1_25' title="bbox 546 2367 2137 2445">
    <p class='ocr_par' dir='ltr' id='par_1_25' title="bbox 546 2367 2137 2445">
     <span class='ocr_line' id='line_1_25' title="bbox 546 2367 2137 2445; baseline -0.011 -9"><span class='ocrx_word' id='word_1_168' title='bbox 546 2390 742 2443; x_wconf 86' lang='lat' dir='ltr'><strong>strum,</strong></span> <span class='ocrx_word' id='word_1_169' title='bbox 775 2397 795 2430; x_wconf 72' lang='grc' dir='ltr'><strong><em>ο</em></strong></span> <span class='ocrx_word' id='word_1_170' title='bbox 833 2375 1129 2445; x_wconf 88' lang='lat' dir='ltr'><strong>respiciens</strong></span> <span class='ocrx_word' id='word_1_171' title='bbox 1155 2387 1254 2441; x_wconf 89' lang='lat' dir='ltr'><strong>per</strong></span> <span class='ocrx_word' id='word_1_172' title='bbox 1295 2372 1615 2431; x_wconf 88' lang='lat' dir='ltr'><strong>fenestram,</strong></span> <span class='ocrx_word' id='word_1_173' title='bbox 1661 2367 1995 2437; x_wconf 88' lang='lat' dir='ltr'><strong>prospiciens</strong></span> <span class='ocrx_word' id='word_1_174' title='bbox 2040 2380 2137 2434; x_wconf 88' lang='lat' dir='ltr'><strong>per</strong></span> 
     </span>
    </p>
   </div>
   <div class='ocr_carea' id='block_1_26' title="bbox 546 2455 2134 2539">
    <p class='ocr_par' dir='ltr' id='par_1_26' title="bbox 546 2455 2134 2539">
     <span class='ocr_line' id='line_1_26' title="bbox 546 2455 2134 2539; baseline -0.012 -12"><span class='ocrx_word' id='word_1_175' title='bbox 546 2469 822 2527; x_wconf 85' lang='lat' dir='ltr'><strong>cancellos</strong></span> <span class='ocrx_word' id='word_1_176' title='bbox 844 2465 1023 2539; x_wconf 83' lang='lat' dir='ltr'><strong>(Cant.</strong></span> <span class='ocrx_word' id='word_1_177' title='bbox 1052 2463 1178 2534; x_wconf 77' lang='grc' dir='ltr'><strong>ιι);ν</strong></span> <span class='ocrx_word' id='word_1_178' title='bbox 1212 2462 1339 2517; x_wconf 89' lang='lat' dir='ltr'><strong>licet</strong></span> <span class='ocrx_word' id='word_1_179' title='bbox 1360 2462 1426 2516; x_wconf 89' lang='lat' dir='ltr'><strong>ad</strong></span> <span class='ocrx_word' id='word_1_180' title='bbox 1451 2469 1663 2527; x_wconf 84' lang='lat' dir='ltr'><strong>tempus</strong></span> <span class='ocrx_word' id='word_1_181' title='bbox 1689 2472 1882 2527; x_wconf 89' lang='lat' dir='ltr'><strong>aquam</strong></span> <span class='ocrx_word' id='word_1_182' title='bbox 1911 2455 2134 2524; x_wconf 89' lang='lat' dir='ltr'><strong>provida</strong></span> 
     </span>
    </p>
   </div>
   <div class='ocr_carea' id='block_1_27' title="bbox 548 2548 2132 2632">
    <p class='ocr_par' dir='ltr' id='par_1_27' title="bbox 548 2548 2132 2632">
     <span class='ocr_line' id='line_1_27' title="bbox 548 2548 2132 2632; baseline -0.012 -14"><span class='ocrx_word' id='word_1_183' title='bbox 548 2560 951 2632; x_wconf 85' lang='lat' dir='ltr'><strong>dispensatione</strong></span> <span class='ocrx_word' id='word_1_184' title='bbox 977 2556 1249 2612; x_wconf 88' lang='lat' dir='ltr'><strong>contineat</strong></span> <span class='ocrx_word' id='word_1_185' title='bbox 1283 2567 1299 2606; x_wconf 90' lang='lat'><strong>:</strong></span> <span class='ocrx_word' id='word_1_186' title='bbox 1330 2553 1377 2607; x_wconf 92' lang='lat' dir='ltr'><strong>si</strong></span> <span class='ocrx_word' id='word_1_187' title='bbox 1406 2561 1457 2606; x_wconf 90' lang='lat' dir='ltr'><strong>te</strong></span> <span class='ocrx_word' id='word_1_188' title='bbox 1490 2552 1569 2606; x_wconf 92' lang='lat' dir='ltr'><strong>sic</strong></span> <span class='ocrx_word' id='word_1_189' title='bbox 1600 2548 1825 2604; x_wconf 89' lang='lat' dir='ltr'><strong>solerter</strong></span> <span class='ocrx_word' id='word_1_190' title='bbox 1863 2556 2132 2619; x_wconf 86' lang='lat' dir='ltr'><strong>agentem,</strong></span> 
     </span>
    </p>
   </div>
   <div class='ocr_carea' id='block_1_28' title="bbox 549 2640 2136 2722">
    <p class='ocr_par' dir='ltr' id='par_1_28' title="bbox 549 2640 2136 2722">
     <span class='ocr_line' id='line_1_28' title="bbox 549 2640 2136 2722; baseline -0.009 -13"><span class='ocrx_word' id='word_1_191' title='bbox 549 2670 617 2709; x_wconf 86' lang='lat' dir='ltr'><strong>ac</strong></span> <span class='ocrx_word' id='word_1_192' title='bbox 676 2650 887 2722; x_wconf 77' lang='lat' dir='ltr'><strong>vigilem</strong></span> <span class='ocrx_word' id='word_1_193' title='bbox 929 2663 1055 2705; x_wconf 89' lang='lat' dir='ltr'><strong>esse</strong></span> <span class='ocrx_word' id='word_1_194' title='bbox 1097 2645 1481 2716; x_wconf 81' lang='lat' dir='ltr'><strong>conspexerit,</strong></span> <span class='ocrx_word' id='word_1_195' title='bbox 1528 2656 1717 2711; x_wconf 83' lang='lat' dir='ltr'><strong>agrum</strong></span> <span class='ocrx_word' id='word_1_196' title='bbox 1779 2641 1831 2695; x_wconf 94' lang='lat' dir='ltr'><strong>in</strong></span> <span class='ocrx_word' id='word_1_197' title='bbox 1891 2640 2136 2710; x_wconf 77' lang='lat' dir='ltr'><strong>proximo</strong></span> 
     </span>
    </p>
   </div>
   <div class='ocr_carea' id='block_1_29' title="bbox 547 2730 2137 2811">
    <p class='ocr_par' dir='ltr' id='par_1_29' title="bbox 547 2730 2137 2811">
     <span class='ocr_line' id='line_1_29' title="bbox 547 2730 2137 2811; baseline -0.009 -14"><span class='ocrx_word' id='word_1_198' title='bbox 547 2744 806 2799; x_wconf 84' lang='lat' dir='ltr'><strong>uberibus</strong></span> <span class='ocrx_word' id='word_1_199' title='bbox 833 2739 1034 2811; x_wconf 90' lang='lat' dir='ltr'><strong>proprii</strong></span> <span class='ocrx_word' id='word_1_200' title='bbox 1063 2735 1412 2793; x_wconf 89' lang='lat' dir='ltr'><strong>charismatis</strong></span> <span class='ocrx_word' id='word_1_201' title='bbox 1453 2733 1718 2788; x_wconf 90' lang='lat' dir='ltr'><strong>imbribus</strong></span> <span class='ocrx_word' id='word_1_202' title='bbox 1759 2730 2041 2800; x_wconf 79' lang='lat' dir='ltr'><strong>irrigabit;</strong></span> <span class='ocrx_word' id='word_1_203' title='bbox 2082 2737 2137 2783; x_wconf 90' lang='lat' dir='ltr'><strong>et</strong></span> 
     </span>
    </p>
   </div>
   <div class='ocr_carea' id='block_1_30' title="bbox 549 2819 2137 2893">
    <p class='ocr_par' dir='ltr' id='par_1_30' title="bbox 549 2819 2137 2893">
     <span class='ocr_line' id='line_1_30' title="bbox 549 2819 2137 2893; baseline -0.011 -5"><span class='ocrx_word' id='word_1_204' title='bbox 549 2836 627 2888; x_wconf 91' lang='lat' dir='ltr'><strong>ita</strong></span> <span class='ocrx_word' id='word_1_205' title='bbox 670 2831 900 2887; x_wconf 80' lang='lat' dir='ltr'><strong>diversis</strong></span> <span class='ocrx_word' id='word_1_206' title='bbox 942 2829 1206 2882; x_wconf 88' lang='lat' dir='ltr'><strong>virtutum</strong></span> <span class='ocrx_word' id='word_1_207' title='bbox 1252 2824 1478 2880; x_wconf 85' lang='lat' dir='ltr'><strong>ﬂoribus</strong></span> <span class='ocrx_word' id='word_1_208' title='bbox 1526 2836 1657 2893; x_wconf 89' lang='lat' dir='ltr'><strong>ager</strong></span> <span class='ocrx_word' id='word_1_209' title='bbox 1700 2819 2037 2877; x_wconf 88' lang='lat' dir='ltr'><strong>ornabitur:</strong></span> <span class='ocrx_word' id='word_1_210' title='bbox 2079 2827 2137 2871; x_wconf 90' lang='lat' dir='ltr'><strong>ut</strong></span> 
     </span>
    </p>
   </div>
   <div class='ocr_carea' id='block_1_31' title="bbox 545 2910 2138 2995">
    <p class='ocr_par' dir='ltr' id='par_1_31' title="bbox 545 2910 2138 2995">
     <span class='ocr_line' id='line_1_31' title="bbox 545 2910 2138 2995; baseline -0.009 -17"><span class='ocrx_word' id='word_1_211' title='bbox 545 2923 643 2995; x_wconf 89' lang='lat' dir='ltr'><strong>qui</strong></span> <span class='ocrx_word' id='word_1_212' title='bbox 668 2930 893 2977; x_wconf 87' lang='lat' dir='ltr'><strong>eatenus</strong></span> <span class='ocrx_word' id='word_1_213' title='bbox 919 2919 1195 2989; x_wconf 90' lang='lat' dir='ltr'><strong>squalidus</strong></span> <span class='ocrx_word' id='word_1_214' title='bbox 1222 2931 1288 2971; x_wconf 91' lang='lat' dir='ltr'><strong>ac</strong></span> <span class='ocrx_word' id='word_1_215' title='bbox 1314 2914 1518 2971; x_wconf 89' lang='lat' dir='ltr'><strong>sterilis</strong></span> <span class='ocrx_word' id='word_1_216' title='bbox 1546 2913 1850 2977; x_wconf 87' lang='lat' dir='ltr'><strong>videbatur,</strong></span> <span class='ocrx_word' id='word_1_217' title='bbox 1875 2910 1986 2979; x_wconf 88' lang='lat' dir='ltr'><strong>jam</strong></span> <span class='ocrx_word' id='word_1_218' title='bbox 2014 2925 2138 2979; x_wconf 79' lang='lat' dir='ltr'><strong>pro-</strong></span> 
     </span>
    </p>
   </div>
   <div class='ocr_carea' id='block_1_32' title="bbox 547 3002 2061 3080">
    <p class='ocr_par' dir='ltr' id='par_1_32' title="bbox 547 3002 2061 3080">
     <span class='ocr_line' id='line_1_32' title="bbox 547 3002 2061 3080; baseline -0.011 -9"><span class='ocrx_word' id='word_1_219' title='bbox 547 3023 715 3071; x_wconf 88' lang='lat' dir='ltr'><strong>ventu</strong></span> <span class='ocrx_word' id='word_1_220' title='bbox 742 3010 1154 3069; x_wconf 90' lang='lat' dir='ltr'><strong>exuberantium</strong></span> <span class='ocrx_word' id='word_1_221' title='bbox 1186 3019 1430 3080; x_wconf 84' lang='lat' dir='ltr'><strong>segetum</strong></span> <span class='ocrx_word' id='word_1_222' title='bbox 1459 3004 1714 3061; x_wconf 88' lang='lat' dir='ltr'><strong>feraeiter</strong></span> <span class='ocrx_word' id='word_1_223' title='bbox 1740 3002 2061 3058; x_wconf 89' lang='lat' dir='ltr'><strong>cumuletur.</strong></span> 
     </span>
    </p>
   </div>
   <div class='ocr_carea' id='block_1_33' title="bbox 1107 3117 1584 3176">
    <p class='ocr_par' dir='ltr' id='par_1_33' title="bbox 1107 3117 1584 3176">
     <span class='ocr_line' id='line_1_33' title="bbox 1107 3117 1584 3176; baseline -0.006 -1"><span class='ocrx_word' id='word_1_224' title='bbox 1107 3118 1335 3176; x_wconf 84' lang='lat' dir='ltr'><strong>CAPUT</strong></span> <span class='ocrx_word' id='word_1_225' title='bbox 1370 3117 1584 3174; x_wconf 69' lang='grc' dir='ltr'><strong>Χχνη.</strong></span> 
     </span>
    </p>
   </div>
   <div class='ocr_carea' id='block_1_34' title="bbox 618 3205 2065 3289">
    <p class='ocr_par' dir='ltr' id='par_1_34' title="bbox 618 3205 2065 3289">
     <span class='ocr_line' id='line_1_34' title="bbox 618 3205 2065 3289; baseline -0.01 -14"><span class='ocrx_word' id='word_1_226' title='bbox 618 3217 698 3275; x_wconf 79' lang='lat' dir='ltr'><strong>De</strong></span> <span class='ocrx_word' id='word_1_227' title='bbox 730 3214 1105 3289; x_wconf 70' lang='lat' dir='ltr'><strong>perseverando</strong></span> <span class='ocrx_word' id='word_1_228' title='bbox 1143 3214 1204 3289; x_wconf 82' lang='lat' dir='ltr'><strong>in_</strong></span> <span class='ocrx_word' id='word_1_229' title='bbox 1236 3228 1296 3267; x_wconf 85' lang='lat' dir='ltr'><strong>eo</strong></span> <span class='ocrx_word' id='word_1_230' title='bbox 1334 3213 1450 3289; x_wconf 74' lang='lat' dir='ltr'><strong>vita:</strong></span> <span class='ocrx_word' id='word_1_231' title='bbox 1486 3210 1641 3289; x_wconf 71' lang='lat' dir='ltr'><strong>modo</strong></span> <span class='ocrx_word' id='word_1_232' title='bbox 1665 3248 1681 3276; x_wconf 91' lang='lat'><strong>,</strong></span> <span class='ocrx_word' id='word_1_233' title='bbox 1718 3225 1871 3280; x_wconf 83' lang='lat' dir='ltr'><strong>quem</strong></span> <span class='ocrx_word' id='word_1_234' title='bbox 1908 3205 2065 3262; x_wconf 81' lang='lat' dir='ltr'><strong>semei</strong></span> 
     </span>
    </p>
   </div>
   <div class='ocr_carea' id='block_1_35' title="bbox 1114 3282 1571 3354">
    <p class='ocr_par' dir='ltr' id='par_1_35' title="bbox 1114 3282 1571 3354">
     <span class='ocr_line' id='line_1_35' title="bbox 1114 3282 1571 3354; baseline -0.002 -19"><span class='ocrx_word' id='word_1_235' title='bbox 1114 3284 1231 3354; x_wconf 72' lang='lat' dir='ltr'><strong>quis</strong></span> <span class='ocrx_word' id='word_1_236' title='bbox 1270 3282 1571 3351; x_wconf 81' lang='lat' dir='ltr'><strong>arripuerit.</strong></span> 
     </span>
    </p>
   </div>
   <div class='ocr_carea' id='block_1_36' title="bbox 617 3370 2133 3444">
    <p class='ocr_par' dir='ltr' id='par_1_36' title="bbox 617 3370 2133 3444">
     <span class='ocr_line' id='line_1_36' title="bbox 617 3370 2133 3444; baseline -0.008 -7"><span class='ocrx_word' id='word_1_237' title='bbox 617 3380 886 3436; x_wconf 67' lang='lat' dir='ltr'><strong>Prmterea</strong></span> <span class='ocrx_word' id='word_1_238' title='bbox 932 3378 1054 3432; x_wconf 66' lang='lat' dir='ltr'><strong>vitae</strong></span> <span class='ocrx_word' id='word_1_239' title='bbox 1096 3376 1313 3430; x_wconf 91' lang='lat' dir='ltr'><strong>modum</strong></span> <span class='ocrx_word' id='word_1_240' title='bbox 1338 3413 1353 3437; x_wconf 92' lang='lat'><strong>,</strong></span> <span class='ocrx_word' id='word_1_241' title='bbox 1395 3388 1555 3444; x_wconf 88' lang='lat' dir='ltr'><strong>quem</strong></span> <span class='ocrx_word' id='word_1_242' title='bbox 1601 3371 1770 3427; x_wconf 88' lang='lat' dir='ltr'><strong>semel</strong></span> <span class='ocrx_word' id='word_1_243' title='bbox 1816 3370 2133 3440; x_wconf 90' lang='lat' dir='ltr'><strong>arripueris,</strong></span> 
     </span>
    </p>
   </div>
   <div class='ocr_carea' id='block_1_37' title="bbox 546 3473 2138 3545">
    <p class='ocr_par' dir='ltr' id='par_1_37' title="bbox 546 3473 2138 3545">
     <span class='ocr_line' id='line_1_37' title="bbox 546 3473 2138 3545; baseline -0.011 -15"><span class='ocrx_word' id='word_1_244' title='bbox 546 3480 961 3545; x_wconf 85' lang='lat' dir='ltr'><strong>perseveranter</strong></span> <span class='ocrx_word' id='word_1_245' title='bbox 993 3478 1119 3523; x_wconf 88' lang='lat' dir='ltr'><strong>tene</strong></span> <span class='ocrx_word' id='word_1_246' title='bbox 1142 3506 1158 3531; x_wconf 92' lang='lat'><strong>,</strong></span> <span class='ocrx_word' id='word_1_247' title='bbox 1198 3473 1515 3520; x_wconf 78' lang='lat' dir='ltr'><strong>constanter</strong></span> <span class='ocrx_word' id='word_1_248' title='bbox 1542 3476 1840 3531; x_wconf 81' lang='lat' dir='ltr'><strong>exsequere</strong></span> <span class='ocrx_word' id='word_1_249' title='bbox 1863 3501 1879 3526; x_wconf 88' lang='lat'><strong>,</strong></span> <span class='ocrx_word' id='word_1_250' title='bbox 1920 3476 1987 3516; x_wconf 88' lang='lat' dir='ltr'><strong>ne</strong></span> <span class='ocrx_word' id='word_1_251' title='bbox 2020 3476 2138 3515; x_wconf 89' lang='lat' dir='ltr'><strong>sce-</strong></span> 
     </span>
    </p>
   </div>
   <div class='ocr_carea' id='block_1_38' title="bbox 550 3552 2139 3635">
    <p class='ocr_par' dir='ltr' id='par_1_38' title="bbox 550 3552 2139 3635">
     <span class='ocr_line' id='line_1_38' title="bbox 550 3552 2139 3635; baseline -0.011 -12"><span class='ocrx_word' id='word_1_252' title='bbox 550 3568 696 3631; x_wconf 88' lang='lat' dir='ltr'><strong>nica,</strong></span> <span class='ocrx_word' id='word_1_253' title='bbox 726 3564 871 3635; x_wconf 86' lang='lat' dir='ltr'><strong>quod</strong></span> <span class='ocrx_word' id='word_1_254' title='bbox 905 3562 1068 3625; x_wconf 86' lang='lat' dir='ltr'><strong>absit,</strong></span> <span class='ocrx_word' id='word_1_255' title='bbox 1098 3574 1128 3612; x_wconf 88' lang='lat' dir='ltr'><strong>a</strong></span> <span class='ocrx_word' id='word_1_256' title='bbox 1159 3556 1443 3627; x_wconf 89' lang='lat' dir='ltr'><strong>temetipso</strong></span> <span class='ocrx_word' id='word_1_257' title='bbox 1465 3554 1700 3609; x_wconf 84' lang='lat' dir='ltr'><strong>videaris</strong></span> <span class='ocrx_word' id='word_1_258' title='bbox 1726 3553 1991 3623; x_wconf 88' lang='lat' dir='ltr'><strong>vertigine</strong></span> <span class='ocrx_word' id='word_1_259' title='bbox 2027 3552 2139 3607; x_wconf 88' lang='lat' dir='ltr'><strong>dis-</strong></span> 
     </span>
    </p>
   </div>
   <div class='ocr_carea' id='block_1_39' title="bbox 552 3643 2136 3724">
    <p class='ocr_par' dir='ltr' id='par_1_39' title="bbox 552 3643 2136 3724">
     <span class='ocr_line' id='line_1_39' title="bbox 552 3643 2136 3724; baseline -0.009 -13"><span class='ocrx_word' id='word_1_260' title='bbox 552 3669 802 3724; x_wconf 87' lang='lat' dir='ltr'><strong>crepare.</strong></span> <span class='ocrx_word' id='word_1_261' title='bbox 852 3651 985 3705; x_wconf 85' lang='lat' dir='ltr'><strong>Nolo</strong></span> <span class='ocrx_word' id='word_1_262' title='bbox 1034 3650 1195 3720; x_wconf 85' lang='lat' dir='ltr'><strong>igitur</strong></span> <span class='ocrx_word' id='word_1_263' title='bbox 1246 3646 1387 3701; x_wconf 87' lang='lat' dir='ltr'><strong>male</strong></span> <span class='ocrx_word' id='word_1_264' title='bbox 1425 3645 1659 3700; x_wconf 89' lang='lat' dir='ltr'><strong>volantis</strong></span> <span class='ocrx_word' id='word_1_265' title='bbox 1707 3643 1844 3696; x_wconf 76' lang='lat' dir='ltr'><strong>lca-ri</strong></span> <span class='ocrx_word' id='word_1_266' title='bbox 1889 3643 2136 3711; x_wconf 83' lang='lat' dir='ltr'><strong>sequaris</strong></span> 
     </span>
    </p>
   </div>
   <div class='ocr_carea' id='block_1_40' title="bbox 546 3736 2140 3816">
    <p class='ocr_par' dir='ltr' id='par_1_40' title="bbox 546 3736 2140 3816">
     <span class='ocr_line' id='line_1_40' title="bbox 546 3736 2140 3816; baseline -0.009 -13"><span class='ocrx_word' id='word_1_267' title='bbox 546 3745 897 3816; x_wconf 86' lang='lat' dir='ltr'><strong>exemplum:</strong></span> <span class='ocrx_word' id='word_1_268' title='bbox 929 3742 1020 3811; x_wconf 91' lang='lat' dir='ltr'><strong>qui</strong></span> <span class='ocrx_word' id='word_1_269' title='bbox 1061 3739 1318 3794; x_wconf 89' lang='lat' dir='ltr'><strong>nimirum</strong></span> <span class='ocrx_word' id='word_1_270' title='bbox 1357 3738 1483 3792; x_wconf 93' lang='lat' dir='ltr'><strong>dum</strong></span> <span class='ocrx_word' id='word_1_271' title='bbox 1522 3736 1683 3791; x_wconf 91' lang='lat' dir='ltr'><strong>modo</strong></span> <span class='ocrx_word' id='word_1_272' title='bbox 1723 3750 1933 3790; x_wconf 88' lang='lat' dir='ltr'><strong>summa</strong></span> <span class='ocrx_word' id='word_1_273' title='bbox 1977 3749 2140 3804; x_wconf 90' lang='lat' dir='ltr'><strong>peue-</strong></span> 
     </span>
    </p>
   </div>
   <div class='ocr_carea' id='block_1_41' title="bbox 553 3829 2135 3906">
    <p class='ocr_par' dir='ltr' id='par_1_41' title="bbox 553 3829 2135 3906">
     <span class='ocr_line' id='line_1_41' title="bbox 553 3829 2135 3906; baseline -0.008 -12"><span class='ocrx_word' id='word_1_274' title='bbox 553 3846 685 3906; x_wconf 89' lang='lat' dir='ltr'><strong>trat,</strong></span> <span class='ocrx_word' id='word_1_275' title='bbox 714 3836 875 3892; x_wconf 88' lang='lat' dir='ltr'><strong>modo</strong></span> <span class='ocrx_word' id='word_1_276' title='bbox 903 3831 1141 3887; x_wconf 89' lang='lat' dir='ltr'><strong>dimissis</strong></span> <span class='ocrx_word' id='word_1_277' title='bbox 1171 3831 1272 3885; x_wconf 86' lang='lat' dir='ltr'><strong>alis</strong></span> <span class='ocrx_word' id='word_1_278' title='bbox 1303 3831 1356 3885; x_wconf 93' lang='lat' dir='ltr'><strong>in</strong></span> <span class='ocrx_word' id='word_1_279' title='bbox 1392 3830 1498 3885; x_wconf 89' lang='lat' dir='ltr'><strong>ima</strong></span> <span class='ocrx_word' id='word_1_280' title='bbox 1526 3829 1784 3895; x_wconf 88' lang='lat' dir='ltr'><strong>declinat,</strong></span> <span class='ocrx_word' id='word_1_281' title='bbox 1818 3829 2135 3883; x_wconf 87' lang='lat' dir='ltr'><strong>inconstan-</strong></span> 
     </span>
    </p>
   </div>
   <div class='ocr_carea' id='block_1_42' title="bbox 550 3921 2136 3991">
    <p class='ocr_par' dir='ltr' id='par_1_42' title="bbox 550 3921 2136 3991">
     <span class='ocr_line' id='line_1_42' title="bbox 550 3921 2136 3991; baseline -0.008 -4"><span class='ocrx_word' id='word_1_282' title='bbox 550 3932 642 3987; x_wconf 68' lang='lat' dir='ltr'><strong>tiae</strong></span> <span class='ocrx_word' id='word_1_283' title='bbox 692 3943 803 3985; x_wconf 72' lang='lat' dir='ltr'><strong>sua:</strong></span> <span class='ocrx_word' id='word_1_284' title='bbox 847 3924 1130 3981; x_wconf 79' lang='lat' dir='ltr'><strong>dill‘renata</strong></span> <span class='ocrx_word' id='word_1_285' title='bbox 1173 3923 1396 3977; x_wconf 86' lang='lat' dir='ltr'><strong>libertas</strong></span> <span class='ocrx_word' id='word_1_286' title='bbox 1444 3923 1500 3976; x_wconf 92' lang='lat' dir='ltr'><strong>in</strong></span> <span class='ocrx_word' id='word_1_287' title='bbox 1550 3922 1752 3976; x_wconf 82' lang='lat' dir='ltr'><strong>hiantis</strong></span> <span class='ocrx_word' id='word_1_288' title='bbox 1796 3935 1920 3975; x_wconf 91' lang='lat' dir='ltr'><strong>eum</strong></span> <span class='ocrx_word' id='word_1_289' title='bbox 1962 3921 2136 3991; x_wconf 83' lang='lat' dir='ltr'><strong>pelagi</strong></span> 
     </span>
    </p>
   </div>
   <div class='ocr_carea' id='block_1_43' title="bbox 551 4010 2135 4090">
    <p class='ocr_par' dir='ltr' id='par_1_43' title="bbox 551 4010 2135 4090">
     <span class='ocr_line' id='line_1_43' title="bbox 551 4010 2135 4090; baseline -0.007 -14"><span class='ocrx_word' id='word_1_290' title='bbox 551 4017 817 4090; x_wconf 86' lang='lat' dir='ltr'><strong>profunda</strong></span> <span class='ocrx_word' id='word_1_291' title='bbox 850 4014 1171 4085; x_wconf 65' lang='lat' dir='ltr'><strong>praecipitat,</strong></span> <span class='ocrx_word' id='word_1_292' title='bbox 1222 4027 1291 4067; x_wconf 91' lang='lat' dir='ltr'><strong>ne</strong></span> <span class='ocrx_word' id='word_1_293' title='bbox 1321 4011 1499 4077; x_wconf 89' lang='lat' dir='ltr'><strong>forte;</strong></span> <span class='ocrx_word' id='word_1_294' title='bbox 1538 4011 1681 4081; x_wconf 90' lang='lat' dir='ltr'><strong>quod</strong></span> <span class='ocrx_word' id='word_1_295' title='bbox 1727 4011 1943 4078; x_wconf 89' lang='lat' dir='ltr'><strong>dicitur,</strong></span> <span class='ocrx_word' id='word_1_296' title='bbox 1995 4010 2135 4066; x_wconf 86' lang='lat' dir='ltr'><strong>mul-</strong></span> 
     </span>
    </p>
   </div>
   <div class='ocr_carea' id='block_1_44' title="bbox 553 4103 2138 4169">
    <p class='ocr_par' dir='ltr' id='par_1_44' title="bbox 553 4103 2138 4169">
     <span class='ocr_line' id='line_1_44' title="bbox 553 4103 2138 4169; baseline -0.006 -2"><span class='ocrx_word' id='word_1_297' title='bbox 553 4111 830 4168; x_wconf 90' lang='lat' dir='ltr'><strong>ticolorem</strong></span> <span class='ocrx_word' id='word_1_298' title='bbox 882 4117 934 4163; x_wconf 90' lang='lat' dir='ltr'><strong>te</strong></span> <span class='ocrx_word' id='word_1_299' title='bbox 975 4115 1173 4162; x_wconf 91' lang='lat' dir='ltr'><strong>nutans</strong></span> <span class='ocrx_word' id='word_1_300' title='bbox 1219 4104 1554 4160; x_wconf 88' lang='lat' dir='ltr'><strong>mutabilitas</strong></span> <span class='ocrx_word' id='word_1_301' title='bbox 1599 4103 1829 4169; x_wconf 87' lang='lat' dir='ltr'><strong>reddat;</strong></span> <span class='ocrx_word' id='word_1_302' title='bbox 1874 4104 1968 4159; x_wconf 87' lang='lat' dir='ltr'><strong>sed</strong></span> <span class='ocrx_word' id='word_1_303' title='bbox 2018 4104 2138 4158; x_wconf 89' lang='lat' dir='ltr'><strong>uni-</strong></span> 
     </span>
    </p>
   </div>
   <div class='ocr_carea' id='block_1_45' title="bbox 551 4195 2137 4271">
    <p class='ocr_par' dir='ltr' id='par_1_45' title="bbox 551 4195 2137 4271">
     <span class='ocr_line' id='line_1_45' title="bbox 551 4195 2137 4271; baseline -0.003 -15"><span class='ocrx_word' id='word_1_304' title='bbox 551 4202 782 4258; x_wconf 78' lang='lat' dir='ltr'><strong>formem</strong></span> <span class='ocrx_word' id='word_1_305' title='bbox 837 4199 1015 4271; x_wconf 88' lang='lat' dir='ltr'><strong>potius</strong></span> <span class='ocrx_word' id='word_1_306' title='bbox 1066 4205 1240 4253; x_wconf 91' lang='lat' dir='ltr'><strong>status</strong></span> <span class='ocrx_word' id='word_1_307' title='bbox 1291 4196 1572 4268; x_wconf 89' lang='lat' dir='ltr'><strong>gravitatis</strong></span> <span class='ocrx_word' id='word_1_308' title='bbox 1617 4196 1887 4253; x_wconf 88' lang='lat' dir='ltr'><strong>exhibeat.</strong></span> <span class='ocrx_word' id='word_1_309' title='bbox 1946 4195 2137 4252; x_wconf 89' lang='lat' dir='ltr'><strong>Perse-</strong></span> 
     </span>
    </p>
   </div>
   <div class='ocr_carea' id='block_1_46' title="bbox 551 4290 2140 4363">
    <p class='ocr_par' dir='ltr' id='par_1_46' title="bbox 551 4290 2140 4363">
     <span class='ocr_line' id='line_1_46' title="bbox 551 4290 2140 4363; baseline -0.004 -14"><span class='ocrx_word' id='word_1_310' title='bbox 551 4309 682 4350; x_wconf 86' lang='lat' dir='ltr'><strong>vera</strong></span> <span class='ocrx_word' id='word_1_311' title='bbox 723 4293 907 4363; x_wconf 85' lang='lat' dir='ltr'><strong>itaque</strong></span> <span class='ocrx_word' id='word_1_312' title='bbox 960 4291 1015 4345; x_wconf 92' lang='lat' dir='ltr'><strong>in</strong></span> <span class='ocrx_word' id='word_1_313' title='bbox 1052 4304 1119 4345; x_wconf 92' lang='lat' dir='ltr'><strong>eo</strong></span> <span class='ocrx_word' id='word_1_314' title='bbox 1160 4290 1303 4359; x_wconf 90' lang='lat' dir='ltr'><strong>quod</strong></span> <span class='ocrx_word' id='word_1_315' title='bbox 1350 4290 1622 4359; x_wconf 60' lang='lat' dir='ltr'><strong>carperis,</strong></span> <span class='ocrx_word' id='word_1_316' title='bbox 1664 4296 1719 4345; x_wconf 88' lang='lat' dir='ltr'><strong>et</strong></span> <span class='ocrx_word' id='word_1_317' title='bbox 1762 4298 1962 4344; x_wconf 89' lang='lat' dir='ltr'><strong>rectam</strong></span> <span class='ocrx_word' id='word_1_318' title='bbox 2007 4305 2140 4345; x_wconf 88' lang='lat' dir='ltr'><strong>con-</strong></span> 
     </span>
    </p>
   </div>
   <div class='ocr_carea' id='block_1_47' title="bbox 553 4384 2139 4449">
    <p class='ocr_par' dir='ltr' id='par_1_47' title="bbox 553 4384 2139 4449">
     <span class='ocr_line' id='line_1_47' title="bbox 553 4384 2139 4449; baseline -0.004 -8"><span class='ocrx_word' id='word_1_319' title='bbox 553 4396 721 4442; x_wconf 75' lang='lat' dir='ltr'><strong>sueta:</strong></span> <span class='ocrx_word' id='word_1_320' title='bbox 747 4385 871 4440; x_wconf 68' lang='lat' dir='ltr'><strong>vita:</strong></span> <span class='ocrx_word' id='word_1_321' title='bbox 916 4384 1113 4437; x_wconf 88' lang='lat' dir='ltr'><strong>lineam</strong></span> <span class='ocrx_word' id='word_1_322' title='bbox 1158 4390 1316 4445; x_wconf 89' lang='lat' dir='ltr'><strong>tene;</strong></span> <span class='ocrx_word' id='word_1_323' title='bbox 1358 4396 1425 4436; x_wconf 90' lang='lat' dir='ltr'><strong>ne</strong></span> <span class='ocrx_word' id='word_1_324' title='bbox 1464 4390 1516 4434; x_wconf 89' lang='lat' dir='ltr'><strong>te</strong></span> <span class='ocrx_word' id='word_1_325' title='bbox 1559 4396 1755 4435; x_wconf 90' lang='lat' dir='ltr'><strong>novum</strong></span> <span class='ocrx_word' id='word_1_326' title='bbox 1800 4395 2015 4449; x_wconf 87' lang='lat' dir='ltr'><strong>semper</strong></span> <span class='ocrx_word' id='word_1_327' title='bbox 2048 4396 2139 4435; x_wconf 86' lang='lat' dir='ltr'><strong>va-</strong></span> 
     </span>
    </p>
   </div>
   <div class='ocr_carea' id='block_1_48' title="bbox 2159 3147 2207 3210">
    <p class='ocr_par' dir='ltr' id='par_1_48' title="bbox 2159 3147 2207 3210">
     <span class='ocr_line' id='line_1_48' title="bbox 2159 3147 2207 3210; baseline 0 0"><span class='ocrx_word' id='word_1_328' title='bbox 2159 3147 2207 3210; x_wconf 67' lang='grc' dir='ltr'><strong>(ἲ.</strong></span> 
     </span>
    </p>
   </div>
   <div class='ocr_carea' id='block_1_49' title="bbox 2245 538 3819 607">
    <p class='ocr_par' dir='ltr' id='par_1_49' title="bbox 2245 538 3819 607">
     <span class='ocr_line' id='line_1_49' title="bbox 2245 538 3819 607; baseline 0.004 -17"><span class='ocrx_word' id='word_1_329' title='bbox 2245 556 2263 590; x_wconf 73' lang='grc' dir='ltr'><strong><em>ι</em></strong></span> <span class='ocrx_word' id='word_1_330' title='bbox 2293 538 2427 607; x_wconf 89' lang='lat' dir='ltr'><strong>Quis</strong></span> <span class='ocrx_word' id='word_1_331' title='bbox 2450 541 2593 594; x_wconf 91' lang='lat' dir='ltr'><strong>enim</strong></span> <span class='ocrx_word' id='word_1_332' title='bbox 2621 552 2919 594; x_wconf 90' lang='lat' dir='ltr'><strong>consensus</strong></span> <span class='ocrx_word' id='word_1_333' title='bbox 2965 538 3164 607; x_wconf 91' lang='lat' dir='ltr'><strong>templo</strong></span> <span class='ocrx_word' id='word_1_334' title='bbox 3190 539 3284 593; x_wconf 90' lang='lat' dir='ltr'><strong>Dei</strong></span> <span class='ocrx_word' id='word_1_335' title='bbox 3307 554 3429 593; x_wconf 90' lang='lat' dir='ltr'><strong>cum</strong></span> <span class='ocrx_word' id='word_1_336' title='bbox 3459 538 3657 594; x_wconf 81' lang='lat' dir='ltr'><strong>idolis?</strong></span> <span class='ocrx_word' id='word_1_337' title='bbox 3684 541 3819 607; x_wconf 67' lang='lat' dir='ltr'><strong>Qua</strong></span> 
     </span>
    </p>
   </div>
   <div class='ocr_carea' id='block_1_50' title="bbox 2236 628 3816 704">
    <p class='ocr_par' dir='ltr' id='par_1_50' title="bbox 2236 628 3816 704">
     <span class='ocr_line' id='line_1_50' title="bbox 2236 628 3816 704; baseline 0.003 -20"><span class='ocrx_word' id='word_1_338' title='bbox 2236 632 2467 686; x_wconf 85' lang='lat' dir='ltr'><strong>societas</strong></span> <span class='ocrx_word' id='word_1_339' title='bbox 2494 632 2601 687; x_wconf 92' lang='lat' dir='ltr'><strong>luci</strong></span> <span class='ocrx_word' id='word_1_340' title='bbox 2626 633 2694 686; x_wconf 91' lang='lat' dir='ltr'><strong>ad</strong></span> <span class='ocrx_word' id='word_1_341' title='bbox 2730 631 3026 686; x_wconf 87' lang='lat' dir='ltr'><strong>tenebras?</strong></span> <span class='ocrx_word' id='word_1_342' title='bbox 3056 628 3168 685; x_wconf 87' lang='lat' dir='ltr'><strong>Deo</strong></span> <span class='ocrx_word' id='word_1_343' title='bbox 3189 630 3255 684; x_wconf 86' lang='lat' dir='ltr'><strong>ad</strong></span> <span class='ocrx_word' id='word_1_344' title='bbox 3281 630 3490 686; x_wconf 85' lang='lat' dir='ltr'><strong>Belial?</strong></span> <span class='ocrx_word' id='word_1_345' title='bbox 3527 652 3545 684; x_wconf 74' lang='grc' dir='ltr'><strong><em>ι</em></strong></span> <span class='ocrx_word' id='word_1_346' title='bbox 3577 633 3659 704; x_wconf 87' lang='lat' dir='ltr'><strong>(II</strong></span> <span class='ocrx_word' id='word_1_347' title='bbox 3687 633 3816 690; x_wconf 87' lang='lat' dir='ltr'><strong>Cor.</strong></span> 
     </span>
    </p>
   </div>
   <div class='ocr_carea' id='block_1_51' title="bbox 2236 718 3821 786">
    <p class='ocr_par' dir='ltr' id='par_1_51' title="bbox 2236 718 3821 786">
     <span class='ocr_line' id='line_1_51' title="bbox 2236 718 3821 786; baseline 0.004 -15"><span class='ocrx_word' id='word_1_348' title='bbox 2236 718 2335 786; x_wconf 86' lang='lat' dir='ltr'><strong>vi.)</strong></span> <span class='ocrx_word' id='word_1_349' title='bbox 2373 738 2394 771; x_wconf 73' lang='grc' dir='ltr'>ι</span> <span class='ocrx_word' id='word_1_350' title='bbox 2438 718 2705 775; x_wconf 81' lang='lat' dir='ltr'><strong>Modicum</strong></span> <span class='ocrx_word' id='word_1_351' title='bbox 2743 738 2762 771; x_wconf 74' lang='grc' dir='ltr'><strong>ι</strong></span> <span class='ocrx_word' id='word_1_352' title='bbox 2796 719 2940 774; x_wconf 91' lang='lat' dir='ltr'><strong>enim</strong></span> <span class='ocrx_word' id='word_1_353' title='bbox 2980 738 3000 771; x_wconf 84' lang='grc'><em>‹</em></span> <span class='ocrx_word' id='word_1_354' title='bbox 3030 718 3351 774; x_wconf 88' lang='lat' dir='ltr'><strong>fermentum</strong></span> <span class='ocrx_word' id='word_1_355' title='bbox 3384 728 3551 775; x_wconf 89' lang='lat' dir='ltr'><strong>totam</strong></span> <span class='ocrx_word' id='word_1_356' title='bbox 3581 737 3821 778; x_wconf 83' lang='lat' dir='ltr'><strong>massam</strong></span> 
     </span>
    </p>
   </div>
   <div class='ocr_carea' id='block_1_52' title="bbox 2235 806 3821 880">
    <p class='ocr_par' dir='ltr' id='par_1_52' title="bbox 2235 806 3821 880">
     <span class='ocr_line' id='line_1_52' title="bbox 2235 806 3821 880; baseline 0.003 -18"><span class='ocrx_word' id='word_1_357' title='bbox 2235 809 2536 878; x_wconf 89' lang='lat' dir='ltr'><strong>corrumpit</strong></span> <span class='ocrx_word' id='word_1_358' title='bbox 2558 807 2607 878; x_wconf 86' lang='grc' dir='ltr'><strong>(ι</strong></span> <span class='ocrx_word' id='word_1_359' title='bbox 2634 806 2758 861; x_wconf 89' lang='lat' dir='ltr'><strong>Cor.</strong></span> <span class='ocrx_word' id='word_1_360' title='bbox 2778 808 2854 877; x_wconf 88' lang='lat' dir='ltr'><strong>v).</strong></span> <span class='ocrx_word' id='word_1_361' title='bbox 2887 827 2905 860; x_wconf 73' lang='grc' dir='ltr'><strong>ι</strong></span> <span class='ocrx_word' id='word_1_362' title='bbox 2948 806 3041 863; x_wconf 90' lang='lat' dir='ltr'><strong>Sic</strong></span> <span class='ocrx_word' id='word_1_363' title='bbox 3099 808 3265 878; x_wconf 85' lang='lat' dir='ltr'><strong>igitur</strong></span> <span class='ocrx_word' id='word_1_364' title='bbox 3309 823 3440 880; x_wconf 90' lang='lat' dir='ltr'><strong>ager</strong></span> <span class='ocrx_word' id='word_1_365' title='bbox 3484 811 3676 865; x_wconf 66' lang='lat' dir='ltr'><strong>animae</strong></span> <span class='ocrx_word' id='word_1_366' title='bbox 3711 820 3821 867; x_wconf 64' lang='lat' dir='ltr'><strong>tua:</strong></span> 
     </span>
    </p>
   </div>
   <div class='ocr_carea' id='block_1_53' title="bbox 2235 896 3821 971">
    <p class='ocr_par' dir='ltr' id='par_1_53' title="bbox 2235 896 3821 971">
     <span class='ocr_line' id='line_1_53' title="bbox 2235 896 3821 971; baseline 0.004 -21"><span class='ocrx_word' id='word_1_367' title='bbox 2235 898 2502 951; x_wconf 91' lang='lat' dir='ltr'><strong>virtutum</strong></span> <span class='ocrx_word' id='word_1_368' title='bbox 2537 897 2813 966; x_wconf 88' lang='lat' dir='ltr'><strong>segetibus</strong></span> <span class='ocrx_word' id='word_1_369' title='bbox 2856 896 3070 966; x_wconf 81' lang='lat' dir='ltr'><strong>ﬂoreat,</strong></span> <span class='ocrx_word' id='word_1_370' title='bbox 3096 907 3157 951; x_wconf 90' lang='lat' dir='ltr'><strong>ut</strong></span> <span class='ocrx_word' id='word_1_371' title='bbox 3187 913 3527 969; x_wconf 85' lang='lat' dir='ltr'><strong>nequaquam</strong></span> <span class='ocrx_word' id='word_1_372' title='bbox 3574 902 3821 971; x_wconf 81' lang='lat' dir='ltr'><strong>veprium</strong></span> 
     </span>
    </p>
   </div>
   <div class='ocr_carea' id='block_1_54' title="bbox 2234 990 3821 1064">
    <p class='ocr_par' dir='ltr' id='par_1_54' title="bbox 2234 990 3821 1064">
     <span class='ocr_line' id='line_1_54' title="bbox 2234 990 3821 1064; baseline 0.003 -19"><span class='ocrx_word' id='word_1_373' title='bbox 2234 990 2409 1046; x_wconf 88' lang='lat' dir='ltr'><strong>aculei</strong></span> <span class='ocrx_word' id='word_1_374' title='bbox 2448 1006 2545 1061; x_wconf 92' lang='lat' dir='ltr'><strong>per</strong></span> <span class='ocrx_word' id='word_1_375' title='bbox 2576 991 2839 1046; x_wconf 90' lang='lat' dir='ltr'><strong>incuriam</strong></span> <span class='ocrx_word' id='word_1_376' title='bbox 2872 990 3269 1047; x_wconf 88' lang='lat' dir='ltr'><strong>inhorrescant.</strong></span> <span class='ocrx_word' id='word_1_377' title='bbox 3300 991 3393 1047; x_wconf 88' lang='lat' dir='ltr'><strong>Sic</strong></span> <span class='ocrx_word' id='word_1_378' title='bbox 3420 1007 3486 1047; x_wconf 85' lang='lat' dir='ltr'><strong>ex</strong></span> <span class='ocrx_word' id='word_1_379' title='bbox 3517 1008 3620 1048; x_wconf 87' lang='lat' dir='ltr'><strong>una</strong></span> <span class='ocrx_word' id='word_1_380' title='bbox 3661 1004 3821 1064; x_wconf 89' lang='lat' dir='ltr'><strong>parte</strong></span> 
     </span>
    </p>
   </div>
   <div class='ocr_carea' id='block_1_55' title="bbox 2236 1080 3822 1148">
    <p class='ocr_par' dir='ltr' id='par_1_55' title="bbox 2236 1080 3822 1148">
     <span class='ocr_line' id='line_1_55' title="bbox 2236 1080 3822 1148; baseline 0.002 -13"><span class='ocrx_word' id='word_1_381' title='bbox 2236 1080 2506 1135; x_wconf 84' lang='lat' dir='ltr'><strong>rectitude</strong></span> <span class='ocrx_word' id='word_1_382' title='bbox 2556 1081 2802 1136; x_wconf 90' lang='lat' dir='ltr'><strong>videntes</strong></span> <span class='ocrx_word' id='word_1_383' title='bbox 2856 1081 3088 1137; x_wconf 68' lang='lat' dir='ltr'><strong>aediﬁcet</strong></span> <span class='ocrx_word' id='word_1_384' title='bbox 3143 1098 3159 1148; x_wconf 89' lang='lat'><strong>;</strong></span> <span class='ocrx_word' id='word_1_385' title='bbox 3216 1090 3276 1137; x_wconf 91' lang='lat' dir='ltr'><strong>ut</strong></span> <span class='ocrx_word' id='word_1_386' title='bbox 3330 1096 3395 1137; x_wconf 86' lang='lat' dir='ltr'><strong>ex</strong></span> <span class='ocrx_word' id='word_1_387' title='bbox 3448 1081 3617 1137; x_wconf 90' lang='lat' dir='ltr'><strong>altera</strong></span> <span class='ocrx_word' id='word_1_388' title='bbox 3681 1084 3822 1138; x_wconf 85' lang='lat' dir='ltr'><strong>vitio</strong></span> 
     </span>
    </p>
   </div>
   <div class='ocr_carea' id='block_1_56' title="bbox 2234 1172 3821 1242">
    <p class='ocr_par' dir='ltr' id='par_1_56' title="bbox 2234 1172 3821 1242">
     <span class='ocr_line' id='line_1_56' title="bbox 2234 1172 3821 1242; baseline 0.001 -15"><span class='ocrx_word' id='word_1_389' title='bbox 2234 1180 2572 1242; x_wconf 84' lang='lat' dir='ltr'><strong>emergente,</strong></span> <span class='ocrx_word' id='word_1_390' title='bbox 2615 1172 2765 1225; x_wconf 90' lang='lat' dir='ltr'><strong>velut</strong></span> <span class='ocrx_word' id='word_1_391' title='bbox 2812 1172 3049 1241; x_wconf 91' lang='lat' dir='ltr'><strong>impacto</strong></span> <span class='ocrx_word' id='word_1_392' title='bbox 3079 1172 3272 1238; x_wconf 91' lang='lat' dir='ltr'><strong>ariete,</strong></span> <span class='ocrx_word' id='word_1_393' title='bbox 3302 1173 3444 1241; x_wconf 89' lang='lat' dir='ltr'><strong>quod</strong></span> <span class='ocrx_word' id='word_1_394' title='bbox 3491 1172 3821 1228; x_wconf 68' lang='lat' dir='ltr'><strong>aediﬁcatum</strong></span> 
     </span>
    </p>
   </div>
   <div class='ocr_carea' id='block_1_57' title="bbox 2236 1260 3821 1332">
    <p class='ocr_par' dir='ltr' id='par_1_57' title="bbox 2236 1260 3821 1332">
     <span class='ocr_line' id='line_1_57' title="bbox 2236 1260 3821 1332; baseline 0.001 -18"><span class='ocrx_word' id='word_1_395' title='bbox 2236 1268 2338 1323; x_wconf 89' lang='lat' dir='ltr'><strong>est,</strong></span> <span class='ocrx_word' id='word_1_396' title='bbox 2371 1275 2479 1315; x_wconf 90' lang='lat' dir='ltr'><strong>non</strong></span> <span class='ocrx_word' id='word_1_397' title='bbox 2522 1261 2761 1316; x_wconf 85' lang='lat' dir='ltr'><strong>vacillet.</strong></span> <span class='ocrx_word' id='word_1_398' title='bbox 2811 1260 2944 1317; x_wconf 79' lang='lat' dir='ltr'><strong>Esto</strong></span> <span class='ocrx_word' id='word_1_399' title='bbox 2988 1262 3173 1332; x_wconf 89' lang='lat' dir='ltr'><strong>itaque</strong></span> <span class='ocrx_word' id='word_1_400' title='bbox 3203 1262 3382 1332; x_wconf 83' lang='lat' dir='ltr'><strong>gravis</strong></span> <span class='ocrx_word' id='word_1_401' title='bbox 3428 1262 3663 1327; x_wconf 89' lang='lat' dir='ltr'><strong>incessu,</strong></span> <span class='ocrx_word' id='word_1_402' title='bbox 3699 1279 3821 1316; x_wconf 78' lang='lat' dir='ltr'><strong>rna-</strong></span> 
     </span>
    </p>
   </div>
   <div class='ocr_carea' id='block_1_58' title="bbox 2239 1351 3822 1421">
    <p class='ocr_par' dir='ltr' id='par_1_58' title="bbox 2239 1351 3822 1421">
     <span class='ocr_line' id='line_1_58' title="bbox 2239 1351 3822 1421; baseline -0.001 -13"><span class='ocrx_word' id='word_1_403' title='bbox 2239 1361 2396 1408; x_wconf 87' lang='lat' dir='ltr'><strong>turus</strong></span> <span class='ocrx_word' id='word_1_404' title='bbox 2440 1353 2493 1406; x_wconf 91' lang='lat' dir='ltr'><strong>in</strong></span> <span class='ocrx_word' id='word_1_405' title='bbox 2541 1353 2729 1416; x_wconf 89' lang='lat' dir='ltr'><strong>verbo,</strong></span> <span class='ocrx_word' id='word_1_406' title='bbox 2779 1351 2932 1421; x_wconf 91' lang='lat' dir='ltr'><strong>piger</strong></span> <span class='ocrx_word' id='word_1_407' title='bbox 2984 1352 3053 1406; x_wconf 89' lang='lat' dir='ltr'><strong>ad</strong></span> <span class='ocrx_word' id='word_1_408' title='bbox 3098 1352 3413 1417; x_wconf 86' lang='lat' dir='ltr'><strong>vindictam,</strong></span> <span class='ocrx_word' id='word_1_409' title='bbox 3453 1351 3607 1407; x_wconf 88' lang='lat' dir='ltr'><strong>velox</strong></span> <span class='ocrx_word' id='word_1_410' title='bbox 3635 1352 3704 1406; x_wconf 92' lang='lat' dir='ltr'><strong>ad</strong></span> <span class='ocrx_word' id='word_1_411' title='bbox 3733 1352 3822 1406; x_wconf 86' lang='lat' dir='ltr'><strong>in-</strong></span> 
     </span>
    </p>
   </div>
   <div class='ocr_carea' id='block_1_59' title="bbox 2235 1442 3825 1514">
    <p class='ocr_par' dir='ltr' id='par_1_59' title="bbox 2235 1442 3825 1514">
     <span class='ocr_line' id='line_1_59' title="bbox 2235 1442 3825 1514; baseline 0.001 -18"><span class='ocrx_word' id='word_1_412' title='bbox 2235 1443 2556 1514; x_wconf 89' lang='lat' dir='ltr'><strong>dulgendam</strong></span> <span class='ocrx_word' id='word_1_413' title='bbox 2610 1443 3000 1513; x_wconf 57' lang='lat' dir='ltr'><strong>paenitentibus</strong></span> <span class='ocrx_word' id='word_1_414' title='bbox 3061 1444 3295 1497; x_wconf 88' lang='lat' dir='ltr'><strong>veniam.</strong></span> <span class='ocrx_word' id='word_1_415' title='bbox 3350 1442 3407 1497; x_wconf 94' lang='lat' dir='ltr'><strong>In</strong></span> <span class='ocrx_word' id='word_1_416' title='bbox 3461 1443 3713 1498; x_wconf 89' lang='lat' dir='ltr'><strong>omnibus</strong></span> <span class='ocrx_word' id='word_1_417' title='bbox 3768 1452 3825 1498; x_wconf 89' lang='lat' dir='ltr'><strong>te</strong></span> 
     </span>
    </p>
   </div>
   <div class='ocr_carea' id='block_1_60' title="bbox 2236 1537 3827 1607">
    <p class='ocr_par' dir='ltr' id='par_1_60' title="bbox 2236 1537 3827 1607">
     <span class='ocr_line' id='line_1_60' title="bbox 2236 1537 3827 1607; baseline 0 -17"><span class='ocrx_word' id='word_1_418' title='bbox 2236 1537 2438 1592; x_wconf 85' lang='lat' dir='ltr'><strong>exhibe</strong></span> <span class='ocrx_word' id='word_1_419' title='bbox 2485 1545 2874 1592; x_wconf 65' lang='lat' dir='ltr'><strong>consummata:</strong></span> <span class='ocrx_word' id='word_1_420' title='bbox 2905 1537 3126 1592; x_wconf 91' lang='lat' dir='ltr'><strong>virtutis</strong></span> <span class='ocrx_word' id='word_1_421' title='bbox 3162 1537 3490 1607; x_wconf 89' lang='lat' dir='ltr'><strong>exemplum,</strong></span> <span class='ocrx_word' id='word_1_422' title='bbox 3536 1546 3612 1603; x_wconf 90' lang='lat' dir='ltr'><strong>et,</strong></span> <span class='ocrx_word' id='word_1_423' title='bbox 3653 1545 3714 1591; x_wconf 91' lang='lat' dir='ltr'><strong>ut</strong></span> <span class='ocrx_word' id='word_1_424' title='bbox 3740 1537 3827 1590; x_wconf 84' lang='lat' dir='ltr'><strong>di-</strong></span> 
     </span>
    </p>
   </div>
   <div class='ocr_carea' id='block_1_61' title="bbox 2233 1628 3820 1699">
    <p class='ocr_par' dir='ltr' id='par_1_61' title="bbox 2233 1628 3820 1699">
     <span class='ocr_line' id='line_1_61' title="bbox 2233 1628 3820 1699; baseline -0.001 -16"><span class='ocrx_word' id='word_1_425' title='bbox 2233 1628 2397 1693; x_wconf 88' lang='lat' dir='ltr'><strong>citur,</strong></span> <span class='ocrx_word' id='word_1_426' title='bbox 2428 1629 2665 1698; x_wconf 87' lang='lat' dir='ltr'><strong>undique</strong></span> <span class='ocrx_word' id='word_1_427' title='bbox 2699 1638 2749 1684; x_wconf 90' lang='lat' dir='ltr'><strong>te</strong></span> <span class='ocrx_word' id='word_1_428' title='bbox 2786 1630 2966 1698; x_wconf 74' lang='lat' dir='ltr'><strong>praebe</strong></span> <span class='ocrx_word' id='word_1_429' title='bbox 3002 1638 3249 1694; x_wconf 86' lang='lat' dir='ltr'><strong>teretem,</strong></span> <span class='ocrx_word' id='word_1_430' title='bbox 3280 1639 3442 1699; x_wconf 87' lang='lat' dir='ltr'><strong>atque</strong></span> <span class='ocrx_word' id='word_1_431' title='bbox 3477 1630 3768 1685; x_wconf 85' lang='lat' dir='ltr'><strong>rotundum</strong></span> <span class='ocrx_word' id='word_1_432' title='bbox 3803 1644 3820 1681; x_wconf 92' lang='lat'><strong>:</strong></span> 
     </span>
    </p>
   </div>
   <div class='ocr_carea' id='block_1_62' title="bbox 2236 1718 3827 1790">
    <p class='ocr_par' dir='ltr' id='par_1_62' title="bbox 2236 1718 3827 1790">
     <span class='ocr_line' id='line_1_62' title="bbox 2236 1718 3827 1790; baseline 0.001 -18"><span class='ocrx_word' id='word_1_433' title='bbox 2236 1727 2297 1772; x_wconf 94' lang='lat' dir='ltr'><strong>ut</strong></span> <span class='ocrx_word' id='word_1_434' title='bbox 2318 1718 2514 1774; x_wconf 89' lang='lat' dir='ltr'><strong>malleo</strong></span> <span class='ocrx_word' id='word_1_435' title='bbox 2541 1734 2686 1773; x_wconf 93' lang='lat' dir='ltr'><strong>nunc</strong></span> <span class='ocrx_word' id='word_1_436' title='bbox 2720 1720 3017 1789; x_wconf 67' lang='lat' dir='ltr'><strong>disciplinae</strong></span> <span class='ocrx_word' id='word_1_437' title='bbox 3062 1728 3341 1785; x_wconf 85' lang='lat' dir='ltr'><strong>contusus,</strong></span> <span class='ocrx_word' id='word_1_438' title='bbox 3389 1729 3445 1775; x_wconf 90' lang='lat' dir='ltr'><strong>et</strong></span> <span class='ocrx_word' id='word_1_439' title='bbox 3476 1720 3603 1774; x_wconf 90' lang='lat' dir='ltr'><strong>lima</strong></span> <span class='ocrx_word' id='word_1_440' title='bbox 3647 1722 3827 1790; x_wconf 70' lang='lat' dir='ltr'><strong>patui-</strong></span> 
     </span>
    </p>
   </div>
   <div class='ocr_carea' id='block_1_63' title="bbox 2165 1799 3820 1883">
    <p class='ocr_par' dir='ltr' id='par_1_63' title="bbox 2165 1799 3820 1883">
     <span class='ocr_line' id='line_1_63' title="bbox 2165 1799 3820 1883; baseline 0.005 -25"><span class='ocrx_word' id='word_1_441' title='bbox 2165 1799 2209 1858; x_wconf 86' lang='lat' dir='ltr'><strong>B</strong></span> <span class='ocrx_word' id='word_1_442' title='bbox 2238 1812 2438 1876; x_wconf 62' lang='lat' dir='ltr'><strong>lentiae,</strong></span> <span class='ocrx_word' id='word_1_443' title='bbox 2484 1811 2767 1881; x_wconf 88' lang='lat' dir='ltr'><strong>sanctique</strong></span> <span class='ocrx_word' id='word_1_444' title='bbox 2801 1811 3114 1867; x_wconf 89' lang='lat' dir='ltr'><strong>certaminis</strong></span> <span class='ocrx_word' id='word_1_445' title='bbox 3142 1813 3435 1883; x_wconf 88' lang='lat' dir='ltr'><strong>expolitus,</strong></span> <span class='ocrx_word' id='word_1_446' title='bbox 3470 1813 3820 1883; x_wconf 85' lang='lat' dir='ltr'><strong>postmodum</strong></span> 
     </span>
    </p>
   </div>
   <div class='ocr_carea' id='block_1_64' title="bbox 2236 1901 3826 1973">
    <p class='ocr_par' dir='ltr' id='par_1_64' title="bbox 2236 1901 3826 1973">
     <span class='ocr_line' id='line_1_64' title="bbox 2236 1901 3826 1973; baseline 0.001 -18"><span class='ocrx_word' id='word_1_447' title='bbox 2236 1902 2357 1956; x_wconf 85' lang='lat' dir='ltr'><strong>sine</strong></span> <span class='ocrx_word' id='word_1_448' title='bbox 2388 1902 2607 1969; x_wconf 87' lang='lat' dir='ltr'><strong>tinnitu,</strong></span> <span class='ocrx_word' id='word_1_449' title='bbox 2643 1901 2726 1957; x_wconf 90' lang='lat' dir='ltr'><strong>vel</strong></span> <span class='ocrx_word' id='word_1_450' title='bbox 2753 1903 2982 1973; x_wconf 89' lang='lat' dir='ltr'><strong>strepitu</strong></span> <span class='ocrx_word' id='word_1_451' title='bbox 3010 1903 3235 1973; x_wconf 90' lang='lat' dir='ltr'><strong>ponaris</strong></span> <span class='ocrx_word' id='word_1_452' title='bbox 3260 1902 3315 1957; x_wconf 88' lang='lat' dir='ltr'><strong>itt</strong></span> <span class='ocrx_word' id='word_1_453' title='bbox 3358 1902 3552 1957; x_wconf 89' lang='lat' dir='ltr'><strong>ordine</strong></span> <span class='ocrx_word' id='word_1_454' title='bbox 3581 1901 3826 1971; x_wconf 85' lang='lat' dir='ltr'><strong>lapidum</strong></span> 
     </span>
    </p>
   </div>
   <div class='ocr_carea' id='block_1_65' title="bbox 2235 1992 2548 2062">
    <p class='ocr_par' dir='ltr' id='par_1_65' title="bbox 2235 1992 2548 2062">
     <span class='ocr_line' id='line_1_65' title="bbox 2235 1992 2548 2062; baseline 0.006 -17"><span class='ocrx_word' id='word_1_455' title='bbox 2235 1992 2548 2062; x_wconf 87' lang='lat' dir='ltr'><strong>ignitorum.</strong></span> 
     </span>
    </p>
   </div>
   <div class='ocr_carea' id='block_1_66' title="bbox 2780 2099 3280 2175">
    <p class='ocr_par' dir='ltr' id='par_1_66' title="bbox 2780 2099 3280 2175">
     <span class='ocr_line' id='line_1_66' title="bbox 2780 2099 3280 2175; baseline -0.004 -18"><span class='ocrx_word' id='word_1_456' title='bbox 2780 2099 3008 2175; x_wconf 66' lang='lat' dir='ltr'><strong>CAPUT</strong></span> <span class='ocrx_word' id='word_1_457' title='bbox 3044 2099 3280 2157; x_wconf 83' lang='lat' dir='ltr'><strong>xxvm.</strong></span> 
     </span>
    </p>
   </div>
   <div class='ocr_carea' id='block_1_67' title="bbox 2238 2194 3824 2266">
    <p class='ocr_par' dir='ltr' id='par_1_67' title="bbox 2238 2194 3824 2266">
     <span class='ocr_line' id='line_1_67' title="bbox 2238 2194 3824 2266; baseline 0 -17"><span class='ocrx_word' id='word_1_458' title='bbox 2238 2194 2425 2262; x_wconf 80' lang='lat' dir='ltr'><strong>Qualis</strong></span> <span class='ocrx_word' id='word_1_459' title='bbox 2458 2195 2599 2266; x_wconf 80' lang='lat' dir='ltr'><strong>eligi,</strong></span> <span class='ocrx_word' id='word_1_460' title='bbox 2644 2203 2692 2249; x_wconf 86' lang='lat' dir='ltr'><strong>et</strong></span> <span class='ocrx_word' id='word_1_461' title='bbox 2718 2194 2897 2266; x_wconf 79' lang='lat' dir='ltr'><strong>qualis</strong></span> <span class='ocrx_word' id='word_1_462' title='bbox 2924 2208 3033 2249; x_wconf 79' lang='lat' dir='ltr'><strong>esse</strong></span> <span class='ocrx_word' id='word_1_463' title='bbox 3070 2196 3252 2249; x_wconf 79' lang='lat' dir='ltr'><strong>debeat</strong></span> <span class='ocrx_word' id='word_1_464' title='bbox 3292 2194 3624 2250; x_wconf 83' lang='lat' dir='ltr'><strong>eremitarum</strong></span> <span class='ocrx_word' id='word_1_465' title='bbox 3652 2196 3824 2264; x_wconf 81' lang='lat' dir='ltr'><strong>prior.</strong></span> 
     </span>
    </p>
   </div>
   <div class='ocr_carea' id='block_1_68' title="bbox 2306 2282 3826 2357">
    <p class='ocr_par' dir='ltr' id='par_1_68' title="bbox 2306 2282 3826 2357">
     <span class='ocr_line' id='line_1_68' title="bbox 2306 2282 3826 2357; baseline 0.001 -18"><span class='ocrx_word' id='word_1_466' title='bbox 2306 2285 2444 2353; x_wconf 85' lang='lat' dir='ltr'><strong>Quia</strong></span> <span class='ocrx_word' id='word_1_467' title='bbox 2476 2287 2642 2357; x_wconf 88' lang='lat' dir='ltr'><strong>igitur</strong></span> <span class='ocrx_word' id='word_1_468' title='bbox 2668 2300 2767 2354; x_wconf 91' lang='lat' dir='ltr'><strong>pro</strong></span> <span class='ocrx_word' id='word_1_469' title='bbox 2811 2284 2936 2355; x_wconf 81' lang='lat' dir='ltr'><strong>styli</strong></span> <span class='ocrx_word' id='word_1_470' title='bbox 2971 2282 3292 2355; x_wconf 88' lang='lat' dir='ltr'><strong>compendio</strong></span> <span class='ocrx_word' id='word_1_471' title='bbox 3325 2284 3558 2356; x_wconf 91' lang='lat' dir='ltr'><strong>qualiter</strong></span> <span class='ocrx_word' id='word_1_472' title='bbox 3589 2301 3826 2340; x_wconf 87' lang='lat' dir='ltr'><strong>conver-</strong></span> 
     </span>
    </p>
   </div>
   <div class='ocr_carea' id='block_1_69' title="bbox 2237 2373 3826 2447">
    <p class='ocr_par' dir='ltr' id='par_1_69' title="bbox 2237 2373 3826 2447">
     <span class='ocr_line' id='line_1_69' title="bbox 2237 2373 3826 2447; baseline 0.002 -18"><span class='ocrx_word' id='word_1_473' title='bbox 2237 2376 2346 2429; x_wconf 89' lang='lat' dir='ltr'><strong>sari</strong></span> <span class='ocrx_word' id='word_1_474' title='bbox 2380 2374 2573 2429; x_wconf 85' lang='lat' dir='ltr'><strong>debeat</strong></span> <span class='ocrx_word' id='word_1_475' title='bbox 2600 2373 2851 2440; x_wconf 88' lang='lat' dir='ltr'><strong>eremita,</strong></span> <span class='ocrx_word' id='word_1_476' title='bbox 2885 2382 3155 2443; x_wconf 86' lang='lat' dir='ltr'><strong>utcunque</strong></span> <span class='ocrx_word' id='word_1_477' title='bbox 3181 2376 3601 2446; x_wconf 90' lang='lat' dir='ltr'><strong>descripsimus;</strong></span> <span class='ocrx_word' id='word_1_478' title='bbox 3640 2377 3826 2447; x_wconf 79' lang='lat' dir='ltr'><strong>qualis</strong></span> 
     </span>
    </p>
   </div>
   <div class='ocr_carea' id='block_1_70' title="bbox 2236 2465 3827 2537">
    <p class='ocr_par' dir='ltr' id='par_1_70' title="bbox 2236 2465 3827 2537">
     <span class='ocr_line' id='line_1_70' title="bbox 2236 2465 3827 2537; baseline 0.001 -18"><span class='ocrx_word' id='word_1_479' title='bbox 2236 2465 2399 2519; x_wconf 91' lang='lat' dir='ltr'><strong>etiam</strong></span> <span class='ocrx_word' id='word_1_480' title='bbox 2432 2480 2552 2521; x_wconf 90' lang='lat' dir='ltr'><strong>esse</strong></span> <span class='ocrx_word' id='word_1_481' title='bbox 2578 2465 2927 2519; x_wconf 90' lang='lat' dir='ltr'><strong>eremitarum</strong></span> <span class='ocrx_word' id='word_1_482' title='bbox 2958 2465 3108 2534; x_wconf 90' lang='lat' dir='ltr'><strong>prior</strong></span> <span class='ocrx_word' id='word_1_483' title='bbox 3131 2466 3401 2535; x_wconf 84' lang='lat' dir='ltr'><strong>expediat,</strong></span> <span class='ocrx_word' id='word_1_484' title='bbox 3431 2467 3484 2520; x_wconf 91' lang='lat' dir='ltr'><strong>in</strong></span> <span class='ocrx_word' id='word_1_485' title='bbox 3515 2468 3662 2522; x_wconf 86' lang='lat' dir='ltr'><strong>calce</strong></span> <span class='ocrx_word' id='word_1_486' title='bbox 3687 2484 3827 2537; x_wconf 76' lang='lat' dir='ltr'><strong>opu-</strong></span> 
     </span>
    </p>
   </div>
   <div class='ocr_carea' id='block_1_71' title="bbox 2238 2556 3823 2616">
    <p class='ocr_par' dir='ltr' id='par_1_71' title="bbox 2238 2556 3823 2616">
     <span class='ocr_line' id='line_1_71' title="bbox 2238 2556 3823 2616; baseline 0.001 -3"><span class='ocrx_word' id='word_1_487' title='bbox 2238 2558 2369 2613; x_wconf 87' lang='lat' dir='ltr'><strong>sculi</strong></span> <span class='ocrx_word' id='word_1_488' title='bbox 2421 2558 2656 2612; x_wconf 87' lang='lat' dir='ltr'><strong>breviter</strong></span> <span class='ocrx_word' id='word_1_489' title='bbox 2699 2568 3075 2613; x_wconf 81' lang='lat' dir='ltr'><strong>aunectantus.</strong></span> <span class='ocrx_word' id='word_1_490' title='bbox 3125 2556 3235 2613; x_wconf 88' lang='lat' dir='ltr'><strong>Nec</strong></span> <span class='ocrx_word' id='word_1_491' title='bbox 3286 2559 3543 2615; x_wconf 89' lang='lat' dir='ltr'><strong>dicendus</strong></span> <span class='ocrx_word' id='word_1_492' title='bbox 3573 2569 3655 2615; x_wconf 90' lang='lat' dir='ltr'><strong>est</strong></span> <span class='ocrx_word' id='word_1_493' title='bbox 3684 2561 3823 2616; x_wconf 89' lang='lat' dir='ltr'><strong>ordo</strong></span> 
     </span>
    </p>
   </div>
   <div class='ocr_carea' id='block_1_72' title="bbox 2238 2647 3821 2720">
    <p class='ocr_par' dir='ltr' id='par_1_72' title="bbox 2238 2647 3821 2720">
     <span class='ocr_line' id='line_1_72' title="bbox 2238 2647 3821 2720; baseline 0 -17"><span class='ocrx_word' id='word_1_494' title='bbox 2238 2658 2617 2720; x_wconf 58' lang='lat' dir='ltr'><strong>praeposterus,</strong></span> <span class='ocrx_word' id='word_1_495' title='bbox 2649 2648 2693 2703; x_wconf 91' lang='lat' dir='ltr'><strong>si</strong></span> <span class='ocrx_word' id='word_1_496' title='bbox 2733 2647 2780 2702; x_wconf 92' lang='lat' dir='ltr'><strong>is</strong></span> <span class='ocrx_word' id='word_1_497' title='bbox 2806 2649 2896 2719; x_wconf 92' lang='lat' dir='ltr'><strong>qui</strong></span> <span class='ocrx_word' id='word_1_498' title='bbox 2927 2647 3103 2703; x_wconf 76' lang='lat' dir='ltr'><strong>officio</strong></span> <span class='ocrx_word' id='word_1_499' title='bbox 3154 2648 3366 2703; x_wconf 89' lang='lat' dir='ltr'><strong>futurus</strong></span> <span class='ocrx_word' id='word_1_500' title='bbox 3393 2658 3475 2704; x_wconf 90' lang='lat' dir='ltr'><strong>est</strong></span> <span class='ocrx_word' id='word_1_501' title='bbox 3501 2651 3733 2720; x_wconf 89' lang='lat' dir='ltr'><strong>primus,</strong></span> <span class='ocrx_word' id='word_1_502' title='bbox 3768 2652 3821 2705; x_wconf 91' lang='lat' dir='ltr'><strong>in</strong></span> 
     </span>
    </p>
   </div>
   <div class='ocr_carea' id='block_1_73' title="bbox 2238 2737 3826 2809">
    <p class='ocr_par' dir='ltr' id='par_1_73' title="bbox 2238 2737 3826 2809">
     <span class='ocr_line' id='line_1_73' title="bbox 2238 2737 3826 2809; baseline -0.001 -15"><span class='ocrx_word' id='word_1_503' title='bbox 2238 2739 2598 2809; x_wconf 73' lang='lat' dir='ltr'><strong>descriptioae</strong></span> <span class='ocrx_word' id='word_1_504' title='bbox 2629 2737 2824 2808; x_wconf 62' lang='lat' dir='ltr'><strong>regula:</strong></span> <span class='ocrx_word' id='word_1_505' title='bbox 2850 2748 3083 2807; x_wconf 89' lang='lat' dir='ltr'><strong>ponatur</strong></span> <span class='ocrx_word' id='word_1_506' title='bbox 3106 2746 3414 2807; x_wconf 82' lang='lat' dir='ltr'><strong>extremus;</strong></span> <span class='ocrx_word' id='word_1_507' title='bbox 3443 2752 3565 2792; x_wconf 91' lang='lat' dir='ltr'><strong>cum</strong></span> <span class='ocrx_word' id='word_1_508' title='bbox 3591 2749 3645 2793; x_wconf 89' lang='lat' dir='ltr'><strong>et</strong></span> <span class='ocrx_word' id='word_1_509' title='bbox 3673 2740 3826 2808; x_wconf 89' lang='lat' dir='ltr'><strong>prius</strong></span> 
     </span>
    </p>
   </div>
   <div class='ocr_carea' id='block_1_74' title="bbox 2239 2829 3823 2900">
    <p class='ocr_par' dir='ltr' id='par_1_74' title="bbox 2239 2829 3823 2900">
     <span class='ocr_line' id='line_1_74' title="bbox 2239 2829 3823 2900; baseline -0.001 -15"><span class='ocrx_word' id='word_1_510' title='bbox 2239 2831 2432 2885; x_wconf 84' lang='lat' dir='ltr'><strong>debeat</strong></span> <span class='ocrx_word' id='word_1_511' title='bbox 2477 2831 2528 2883; x_wconf 89' lang='lat' dir='ltr'><strong>in</strong></span> <span class='ocrx_word' id='word_1_512' title='bbox 2559 2829 2747 2884; x_wconf 88' lang='lat' dir='ltr'><strong>eodem</strong></span> <span class='ocrx_word' id='word_1_513' title='bbox 2793 2830 3075 2899; x_wconf 87' lang='lat' dir='ltr'><strong>pr0posito</strong></span> <span class='ocrx_word' id='word_1_514' title='bbox 3104 2830 3288 2885; x_wconf 87' lang='lat' dir='ltr'><strong>vivere</strong></span> <span class='ocrx_word' id='word_1_515' title='bbox 3313 2868 3330 2897; x_wconf 85' lang='lat'><strong>,</strong></span> <span class='ocrx_word' id='word_1_516' title='bbox 3377 2844 3542 2900; x_wconf 91' lang='lat' dir='ltr'><strong>quam</strong></span> <span class='ocrx_word' id='word_1_517' title='bbox 3567 2844 3823 2899; x_wconf 62' lang='lat' dir='ltr'><strong>praeesse,</strong></span> 
     </span>
    </p>
   </div>
   <div class='ocr_carea' id='block_1_75' title="bbox 2238 2918 3824 2989">
    <p class='ocr_par' dir='ltr' id='par_1_75' title="bbox 2238 2918 3824 2989">
     <span class='ocr_line' id='line_1_75' title="bbox 2238 2918 3824 2989; baseline -0.003 -15"><span class='ocrx_word' id='word_1_518' title='bbox 2238 2921 2591 2989; x_wconf 90' lang='lat' dir='ltr'><strong>omniumque</strong></span> <span class='ocrx_word' id='word_1_519' title='bbox 2617 2933 2676 2974; x_wconf 88' lang='lat' dir='ltr'><strong>se</strong></span> <span class='ocrx_word' id='word_1_520' title='bbox 2699 2919 2944 2989; x_wconf 73' lang='lat' dir='ltr'><strong>praebere</strong></span> <span class='ocrx_word' id='word_1_521' title='bbox 2976 2918 3169 2974; x_wconf 89' lang='lat' dir='ltr'><strong>debeat</strong></span> <span class='ocrx_word' id='word_1_522' title='bbox 3197 2918 3505 2980; x_wconf 87' lang='lat' dir='ltr'><strong>minimum,</strong></span> <span class='ocrx_word' id='word_1_523' title='bbox 3531 2919 3622 2987; x_wconf 90' lang='lat' dir='ltr'><strong>qui</strong></span> <span class='ocrx_word' id='word_1_524' title='bbox 3653 2919 3707 2971; x_wconf 91' lang='lat' dir='ltr'><strong>in</strong></span> <span class='ocrx_word' id='word_1_525' title='bbox 3738 2933 3824 2971; x_wconf 79' lang='lat' dir='ltr'><strong>re-</strong></span> 
     </span>
    </p>
   </div>
   <div class='ocr_carea' id='block_1_76' title="bbox 2242 3008 3822 3078">
    <p class='ocr_par' dir='ltr' id='par_1_76' title="bbox 2242 3008 3822 3078">
     <span class='ocr_line' id='line_1_76' title="bbox 2242 3008 3822 3078; baseline -0.001 -15"><span class='ocrx_word' id='word_1_526' title='bbox 2242 3009 2443 3078; x_wconf 77' lang='lat' dir='ltr'><strong>giniine</strong></span> <span class='ocrx_word' id='word_1_527' title='bbox 2474 3009 2685 3063; x_wconf 83' lang='lat' dir='ltr'><strong>\idetur</strong></span> <span class='ocrx_word' id='word_1_528' title='bbox 2708 3022 2827 3063; x_wconf 90' lang='lat' dir='ltr'><strong>esse</strong></span> <span class='ocrx_word' id='word_1_529' title='bbox 2848 3009 3123 3078; x_wconf 70' lang='lat' dir='ltr'><strong>prtelatus.</strong></span> <span class='ocrx_word' id='word_1_530' title='bbox 3166 3008 3476 3063; x_wconf 88' lang='lat' dir='ltr'><strong>Cavendum</strong></span> <span class='ocrx_word' id='word_1_531' title='bbox 3504 3010 3689 3078; x_wconf 85' lang='lat' dir='ltr'><strong>itaque</strong></span> <span class='ocrx_word' id='word_1_532' title='bbox 3718 3017 3822 3072; x_wconf 84' lang='lat' dir='ltr'><strong>est,</strong></span> 
     </span>
    </p>
   </div>
   <div class='ocr_carea' id='block_1_77' title="bbox 2241 3098 3825 3169">
    <p class='ocr_par' dir='ltr' id='par_1_77' title="bbox 2241 3098 3825 3169">
     <span class='ocr_line' id='line_1_77' title="bbox 2241 3098 3825 3169; baseline -0.001 -15"><span class='ocrx_word' id='word_1_533' title='bbox 2241 3115 2310 3154; x_wconf 89' lang='lat' dir='ltr'><strong>ne</strong></span> <span class='ocrx_word' id='word_1_534' title='bbox 2335 3100 2401 3154; x_wconf 91' lang='lat' dir='ltr'><strong>de</strong></span> <span class='ocrx_word' id='word_1_535' title='bbox 2430 3098 2796 3154; x_wconf 89' lang='lat' dir='ltr'><strong>monasteriali</strong></span> <span class='ocrx_word' id='word_1_536' title='bbox 2843 3098 3033 3154; x_wconf 90' lang='lat' dir='ltr'><strong>ordine</strong></span> <span class='ocrx_word' id='word_1_537' title='bbox 3079 3098 3228 3169; x_wconf 88' lang='lat' dir='ltr'><strong>prior</strong></span> <span class='ocrx_word' id='word_1_538' title='bbox 3254 3098 3488 3169; x_wconf 89' lang='lat' dir='ltr'><strong>eligatur</strong></span> <span class='ocrx_word' id='word_1_539' title='bbox 3532 3099 3675 3153; x_wconf 89' lang='lat' dir='ltr'><strong>inter</strong></span> <span class='ocrx_word' id='word_1_540' title='bbox 3702 3113 3825 3153; x_wconf 84' lang='lat' dir='ltr'><strong>cre-</strong></span> 
     </span>
    </p>
   </div>
   <div class='ocr_carea' id='block_1_78' title="bbox 2240 3190 3825 3264">
    <p class='ocr_par' dir='ltr' id='par_1_78' title="bbox 2240 3190 3825 3264">
     <span class='ocr_line' id='line_1_78' title="bbox 2240 3190 3825 3264; baseline -0.001 -18"><span class='ocrx_word' id='word_1_541' title='bbox 2240 3191 2429 3256; x_wconf 81' lang='lat' dir='ltr'><strong>mitas;</strong></span> <span class='ocrx_word' id='word_1_542' title='bbox 2477 3191 2605 3246; x_wconf 82' lang='lat' dir='ltr'><strong>licet</strong></span> <span class='ocrx_word' id='word_1_543' title='bbox 2630 3192 2889 3262; x_wconf 87' lang='lat' dir='ltr'><strong>prudens,</strong></span> <span class='ocrx_word' id='word_1_544' title='bbox 2920 3200 2977 3246; x_wconf 91' lang='lat' dir='ltr'><strong>et</strong></span> <span class='ocrx_word' id='word_1_545' title='bbox 3017 3191 3228 3259; x_wconf 88' lang='lat' dir='ltr'><strong>doctus,</strong></span> <span class='ocrx_word' id='word_1_546' title='bbox 3257 3191 3342 3246; x_wconf 89' lang='lat' dir='ltr'><strong>vel</strong></span> <span class='ocrx_word' id='word_1_547' title='bbox 3372 3191 3710 3264; x_wconf 81' lang='lat' dir='ltr'><strong>regularibus</strong></span> <span class='ocrx_word' id='word_1_548' title='bbox 3736 3190 3825 3245; x_wconf 53' lang='lat' dir='ltr'><strong>di.</strong></span> 
     </span>
    </p>
   </div>
   <div class='ocr_carea' id='block_1_79' title="bbox 2238 3282 3825 3354">
    <p class='ocr_par' dir='ltr' id='par_1_79' title="bbox 2238 3282 3825 3354">
     <span class='ocr_line' id='line_1_79' title="bbox 2238 3282 3825 3354; baseline -0.001 -16"><span class='ocrx_word' id='word_1_549' title='bbox 2238 3284 2481 3354; x_wconf 84' lang='lat' dir='ltr'><strong>sciplinis</strong></span> <span class='ocrx_word' id='word_1_550' title='bbox 2509 3283 2754 3338; x_wconf 89' lang='lat' dir='ltr'><strong>videatur</strong></span> <span class='ocrx_word' id='word_1_551' title='bbox 2801 3283 3120 3339; x_wconf 87' lang='lat' dir='ltr'><strong>instructus.</strong></span> <span class='ocrx_word' id='word_1_552' title='bbox 3156 3282 3264 3339; x_wconf 91' lang='lat' dir='ltr'><strong>Sed</strong></span> <span class='ocrx_word' id='word_1_553' title='bbox 3293 3298 3361 3338; x_wconf 87' lang='lat' dir='ltr'><strong>ex</strong></span> <span class='ocrx_word' id='word_1_554' title='bbox 3400 3284 3519 3354; x_wconf 91' lang='lat' dir='ltr'><strong>ipso</strong></span> <span class='ocrx_word' id='word_1_555' title='bbox 3545 3284 3825 3354; x_wconf 88' lang='lat' dir='ltr'><strong>proposito</strong></span> 
     </span>
    </p>
   </div>
   <div class='ocr_carea' id='block_1_80' title="bbox 2236 3371 3825 3444">
    <p class='ocr_par' dir='ltr' id='par_1_80' title="bbox 2236 3371 3825 3444">
     <span class='ocr_line' id='line_1_80' title="bbox 2236 3371 3825 3444; baseline 0.001 -19"><span class='ocrx_word' id='word_1_556' title='bbox 2236 3373 2531 3442; x_wconf 75' lang='lat' dir='ltr'><strong>Spiritualis</strong></span> <span class='ocrx_word' id='word_1_557' title='bbox 2562 3371 2734 3427; x_wconf 85' lang='lat' dir='ltr'><strong>frater</strong></span> <span class='ocrx_word' id='word_1_558' title='bbox 2771 3372 3025 3441; x_wconf 84' lang='lat' dir='ltr'><strong>eligatur,</strong></span> <span class='ocrx_word' id='word_1_559' title='bbox 3057 3373 3149 3440; x_wconf 89' lang='lat' dir='ltr'><strong>qui</strong></span> <span class='ocrx_word' id='word_1_560' title='bbox 3176 3373 3429 3428; x_wconf 85' lang='lat' dir='ltr'><strong>videlicet</strong></span> <span class='ocrx_word' id='word_1_561' title='bbox 3452 3375 3564 3444; x_wconf 88' lang='lat' dir='ltr'><strong>jam</strong></span> <span class='ocrx_word' id='word_1_562' title='bbox 3590 3373 3825 3442; x_wconf 73' lang='lat' dir='ltr'><strong>cmperit</strong></span> 
     </span>
    </p>
   </div>
   <div class='ocr_carea' id='block_1_81' title="bbox 2236 3464 3827 3533">
    <p class='ocr_par' dir='ltr' id='par_1_81' title="bbox 2236 3464 3827 3533">
     <span class='ocr_line' id='line_1_81' title="bbox 2236 3464 3827 3533; baseline 0.001 -16"><span class='ocrx_word' id='word_1_563' title='bbox 2236 3465 2512 3519; x_wconf 79' lang='lat' dir='ltr'><strong>eremitice</strong></span> <span class='ocrx_word' id='word_1_564' title='bbox 2544 3464 2761 3529; x_wconf 87' lang='lat' dir='ltr'><strong>vivere,</strong></span> <span class='ocrx_word' id='word_1_565' title='bbox 2809 3473 2862 3518; x_wconf 91' lang='lat' dir='ltr'><strong>et</strong></span> <span class='ocrx_word' id='word_1_566' title='bbox 2910 3464 3284 3533; x_wconf 87' lang='lat' dir='ltr'><strong>experimento</strong></span> <span class='ocrx_word' id='word_1_567' title='bbox 3333 3466 3581 3521; x_wconf 80' lang='lat' dir='ltr'><strong>didicerit</strong></span> <span class='ocrx_word' id='word_1_568' title='bbox 3629 3472 3827 3518; x_wconf 83' lang='lat' dir='ltr'><strong>contra</strong></span> 
     </span>
    </p>
   </div>
   <div class='ocr_carea' id='block_1_82' title="bbox 2238 3553 3828 3625">
    <p class='ocr_par' dir='ltr' id='par_1_82' title="bbox 2238 3553 3828 3625">
     <span class='ocr_line' id='line_1_82' title="bbox 2238 3553 3828 3625; baseline -0.001 -16"><span class='ocrx_word' id='word_1_569' title='bbox 2238 3556 2514 3624; x_wconf 82' lang='lat' dir='ltr'><strong>spiritales</strong></span> <span class='ocrx_word' id='word_1_570' title='bbox 2539 3556 2809 3625; x_wconf 87' lang='lat' dir='ltr'><strong>nequitias</strong></span> <span class='ocrx_word' id='word_1_571' title='bbox 2828 3554 3120 3621; x_wconf 85' lang='lat' dir='ltr'><strong>dimicare;</strong></span> <span class='ocrx_word' id='word_1_572' title='bbox 3160 3555 3252 3624; x_wconf 90' lang='lat' dir='ltr'><strong>qui</strong></span> <span class='ocrx_word' id='word_1_573' title='bbox 3281 3569 3487 3625; x_wconf 88' lang='lat' dir='ltr'><strong>pugnas</strong></span> <span class='ocrx_word' id='word_1_574' title='bbox 3514 3553 3676 3609; x_wconf 90' lang='lat' dir='ltr'><strong>alieni</strong></span> <span class='ocrx_word' id='word_1_575' title='bbox 3702 3569 3828 3609; x_wconf 89' lang='lat' dir='ltr'><strong>eor-</strong></span> 
     </span>
    </p>
   </div>
   <div class='ocr_carea' id='block_1_83' title="bbox 2237 3646 3825 3717">
    <p class='ocr_par' dir='ltr' id='par_1_83' title="bbox 2237 3646 3825 3717">
     <span class='ocr_line' id='line_1_83' title="bbox 2237 3646 3825 3717; baseline 0.002 -18"><span class='ocrx_word' id='word_1_576' title='bbox 2237 3647 2320 3701; x_wconf 87' lang='lat' dir='ltr'><strong>dis</strong></span> <span class='ocrx_word' id='word_1_577' title='bbox 2348 3662 2413 3701; x_wconf 80' lang='lat' dir='ltr'><strong>ex</strong></span> <span class='ocrx_word' id='word_1_578' title='bbox 2445 3648 2733 3717; x_wconf 85' lang='lat' dir='ltr'><strong>semetipso</strong></span> <span class='ocrx_word' id='word_1_579' title='bbox 2757 3647 3051 3702; x_wconf 86' lang='lat' dir='ltr'><strong>domestice</strong></span> <span class='ocrx_word' id='word_1_580' title='bbox 3079 3646 3321 3717; x_wconf 85' lang='lat' dir='ltr'><strong>colligat,</strong></span> <span class='ocrx_word' id='word_1_581' title='bbox 3354 3656 3410 3702; x_wconf 88' lang='lat' dir='ltr'><strong>et</strong></span> <span class='ocrx_word' id='word_1_582' title='bbox 3448 3648 3588 3716; x_wconf 86' lang='lat' dir='ltr'><strong>quod</strong></span> <span class='ocrx_word' id='word_1_583' title='bbox 3627 3662 3693 3702; x_wconf 89' lang='lat' dir='ltr'><strong>ex</strong></span> <span class='ocrx_word' id='word_1_584' title='bbox 3725 3661 3825 3702; x_wconf 86' lang='lat' dir='ltr'><strong>ore</strong></span> 
     </span>
    </p>
   </div>
   <div class='ocr_carea' id='block_1_84' title="bbox 2241 3737 3825 3808">
    <p class='ocr_par' dir='ltr' id='par_1_84' title="bbox 2241 3737 3825 3808">
     <span class='ocr_line' id='line_1_84' title="bbox 2241 3737 3825 3808; baseline -0.001 -17"><span class='ocrx_word' id='word_1_585' title='bbox 2241 3738 2550 3793; x_wconf 82' lang='lat' dir='ltr'><strong>confitentis</strong></span> <span class='ocrx_word' id='word_1_586' title='bbox 2575 3737 2845 3803; x_wconf 88' lang='lat' dir='ltr'><strong>audierit,</strong></span> <span class='ocrx_word' id='word_1_587' title='bbox 2891 3751 2958 3792; x_wconf 86' lang='lat' dir='ltr'><strong>ex</strong></span> <span class='ocrx_word' id='word_1_588' title='bbox 2987 3738 3205 3808; x_wconf 90' lang='lat' dir='ltr'><strong>propria</strong></span> <span class='ocrx_word' id='word_1_589' title='bbox 3251 3738 3583 3793; x_wconf 83' lang='lat' dir='ltr'><strong>conscientia</strong></span> <span class='ocrx_word' id='word_1_590' title='bbox 3608 3778 3624 3803; x_wconf 92' lang='lat'><strong>,</strong></span> <span class='ocrx_word' id='word_1_591' title='bbox 3673 3737 3825 3807; x_wconf 78' lang='lat' dir='ltr'><strong>velut</strong></span> 
     </span>
    </p>
   </div>
   <div class='ocr_carea' id='block_1_85' title="bbox 2241 3829 3399 3900">
    <p class='ocr_par' dir='ltr' id='par_1_85' title="bbox 2241 3829 3399 3900">
     <span class='ocr_line' id='line_1_85' title="bbox 2241 3829 3399 3900; baseline -0.001 -16"><span class='ocrx_word' id='word_1_592' title='bbox 2241 3832 2364 3885; x_wconf 87' lang='lat' dir='ltr'><strong>trita</strong></span> <span class='ocrx_word' id='word_1_593' title='bbox 2393 3846 2586 3884; x_wconf 88' lang='lat' dir='ltr'><strong>manus</strong></span> <span class='ocrx_word' id='word_1_594' title='bbox 2618 3831 2684 3884; x_wconf 90' lang='lat' dir='ltr'><strong>ad</strong></span> <span class='ocrx_word' id='word_1_595' title='bbox 2730 3829 2993 3900; x_wconf 76' lang='lat' dir='ltr'><strong>praelium,</strong></span> <span class='ocrx_word' id='word_1_596' title='bbox 3023 3839 3399 3900; x_wconf 63' lang='grc' dir='ltr'><strong>τθεοεηοεολι.</strong></span> 
     </span>
    </p>
   </div>
   <div class='ocr_carea' id='block_1_86' title="bbox 2310 3917 3821 3991">
    <p class='ocr_par' dir='ltr' id='par_1_86' title="bbox 2310 3917 3821 3991">
     <span class='ocr_line' id='line_1_86' title="bbox 2310 3917 3821 3991; baseline -0.002 -16"><span class='ocrx_word' id='word_1_597' title='bbox 2310 3920 2479 3975; x_wconf 91' lang='lat' dir='ltr'><strong>Stude</strong></span> <span class='ocrx_word' id='word_1_598' title='bbox 2542 3921 2724 3990; x_wconf 90' lang='lat' dir='ltr'><strong>itaque</strong></span> <span class='ocrx_word' id='word_1_599' title='bbox 2764 3920 2917 3989; x_wconf 90' lang='lat' dir='ltr'><strong>prior</strong></span> <span class='ocrx_word' id='word_1_600' title='bbox 2948 3959 2963 3985; x_wconf 90' lang='lat'><strong>,</strong></span> <span class='ocrx_word' id='word_1_601' title='bbox 3010 3928 3070 3974; x_wconf 88' lang='lat' dir='ltr'><strong>ut</strong></span> <span class='ocrx_word' id='word_1_602' title='bbox 3118 3930 3171 3974; x_wconf 86' lang='lat' dir='ltr'><strong>te</strong></span> <span class='ocrx_word' id='word_1_603' title='bbox 3218 3920 3504 3991; x_wconf 85' lang='lat' dir='ltr'><strong>contiguus</strong></span> <span class='ocrx_word' id='word_1_604' title='bbox 3552 3917 3821 3990; x_wconf 78' lang='lat' dir='ltr'><strong>alloquar,</strong></span> 
     </span>
    </p>
   </div>
   <div class='ocr_carea' id='block_1_87' title="bbox 2236 4010 3826 4089">
    <p class='ocr_par' dir='ltr' id='par_1_87' title="bbox 2236 4010 3826 4089">
     <span class='ocr_line' id='line_1_87' title="bbox 2236 4010 3826 4089; baseline -0.003 -17"><span class='ocrx_word' id='word_1_605' title='bbox 2236 4010 2507 4089; x_wconf 80' lang='lat' dir='ltr'><strong>quatenus</strong></span> <span class='ocrx_word' id='word_1_606' title='bbox 2528 4031 2664 4087; x_wconf 83' lang='lat' dir='ltr'><strong>quos</strong></span> <span class='ocrx_word' id='word_1_607' title='bbox 2692 4016 2966 4086; x_wconf 87' lang='lat' dir='ltr'><strong>prioratus</strong></span> <span class='ocrx_word' id='word_1_608' title='bbox 3008 4014 3184 4071; x_wconf 76' lang='lat' dir='ltr'><strong>ollicio</strong></span> <span class='ocrx_word' id='word_1_609' title='bbox 3215 4031 3460 4085; x_wconf 86' lang='lat' dir='ltr'><strong>superas,</strong></span> <span class='ocrx_word' id='word_1_610' title='bbox 3492 4016 3537 4072; x_wconf 88' lang='lat' dir='ltr'><strong>si</strong></span> <span class='ocrx_word' id='word_1_611' title='bbox 3564 4013 3826 4086; x_wconf 77' lang='lat' dir='ltr'><strong>possibile</strong></span> 
     </span>
    </p>
   </div>
   <div class='ocr_carea' id='block_1_88' title="bbox 2238 4105 3825 4177">
    <p class='ocr_par' dir='ltr' id='par_1_88' title="bbox 2238 4105 3825 4177">
     <span class='ocr_line' id='line_1_88' title="bbox 2238 4105 3825 4177; baseline -0.001 -15"><span class='ocrx_word' id='word_1_612' title='bbox 2238 4115 2360 4173; x_wconf 91' lang='lat' dir='ltr'><strong>est,</strong></span> <span class='ocrx_word' id='word_1_613' title='bbox 2410 4105 2807 4176; x_wconf 84' lang='lat' dir='ltr'><strong>quantumlibet</strong></span> <span class='ocrx_word' id='word_1_614' title='bbox 2878 4107 3040 4162; x_wconf 85' lang='lat' dir='ltr'><strong>etiam</strong></span> <span class='ocrx_word' id='word_1_615' title='bbox 3106 4107 3215 4161; x_wconf 90' lang='lat' dir='ltr'><strong>vita</strong></span> <span class='ocrx_word' id='word_1_616' title='bbox 3281 4109 3573 4177; x_wconf 83' lang='lat' dir='ltr'><strong>praecedas.</strong></span> <span class='ocrx_word' id='word_1_617' title='bbox 3636 4105 3825 4160; x_wconf 81' lang='lat' dir='ltr'><strong>Vivida</strong></span> 
     </span>
    </p>
   </div>
   <div class='ocr_carea' id='block_1_89' title="bbox 2238 4194 3825 4269">
    <p class='ocr_par' dir='ltr' id='par_1_89' title="bbox 2238 4194 3825 4269">
     <span class='ocr_line' id='line_1_89' title="bbox 2238 4194 3825 4269; baseline -0.001 -17"><span class='ocrx_word' id='word_1_618' title='bbox 2238 4200 2455 4269; x_wconf 89' lang='lat' dir='ltr'><strong>quippe,</strong></span> <span class='ocrx_word' id='word_1_619' title='bbox 2488 4204 2541 4252; x_wconf 91' lang='lat' dir='ltr'><strong>et</strong></span> <span class='ocrx_word' id='word_1_620' title='bbox 2570 4194 2757 4251; x_wconf 75' lang='lat' dir='ltr'><strong>efﬁcax</strong></span> <span class='ocrx_word' id='word_1_621' title='bbox 2806 4196 2859 4250; x_wconf 90' lang='lat' dir='ltr'><strong>in</strong></span> <span class='ocrx_word' id='word_1_622' title='bbox 2908 4196 3296 4267; x_wconf 88' lang='lat' dir='ltr'><strong>discipulorum</strong></span> <span class='ocrx_word' id='word_1_623' title='bbox 3339 4198 3593 4252; x_wconf 89' lang='lat' dir='ltr'><strong>cordibus</strong></span> <span class='ocrx_word' id='word_1_624' title='bbox 3629 4198 3825 4266; x_wconf 67' lang='lat' dir='ltr'><strong>praedi-</strong></span> 
     </span>
    </p>
   </div>
   <div class='ocr_carea' id='block_1_90' title="bbox 2238 4288 3825 4360">
    <p class='ocr_par' dir='ltr' id='par_1_90' title="bbox 2238 4288 3825 4360">
     <span class='ocr_line' id='line_1_90' title="bbox 2238 4288 3825 4360; baseline -0.004 -12"><span class='ocrx_word' id='word_1_625' title='bbox 2238 4293 2381 4349; x_wconf 87' lang='lat' dir='ltr'><strong>catio</strong></span> <span class='ocrx_word' id='word_1_626' title='bbox 2402 4300 2508 4357; x_wconf 86' lang='lat' dir='ltr'><strong>est,</strong></span> <span class='ocrx_word' id='word_1_627' title='bbox 2537 4289 2658 4345; x_wconf 87' lang='lat' dir='ltr'><strong>aliis</strong></span> <span class='ocrx_word' id='word_1_628' title='bbox 2684 4288 2935 4344; x_wconf 88' lang='lat' dir='ltr'><strong>alimenta</strong></span> <span class='ocrx_word' id='word_1_629' title='bbox 2963 4290 3263 4360; x_wconf 82' lang='lat' dir='ltr'><strong>providere,</strong></span> <span class='ocrx_word' id='word_1_630' title='bbox 3294 4290 3663 4359; x_wconf 86' lang='lat' dir='ltr'><strong>providentem</strong></span> <span class='ocrx_word' id='word_1_631' title='bbox 3694 4304 3825 4343; x_wconf 78' lang='lat' dir='ltr'><strong>vero</strong></span> 
     </span>
    </p>
   </div>
   <div class='ocr_carea' id='block_1_91' title="bbox 2237 4379 3827 4454">
    <p class='ocr_par' dir='ltr' id='par_1_91' title="bbox 2237 4379 3827 4454">
     <span class='ocr_line' id='line_1_91' title="bbox 2237 4379 3827 4454; baseline -0.003 -15"><span class='ocrx_word' id='word_1_632' title='bbox 2237 4383 2292 4439; x_wconf 90' lang='lat' dir='ltr'><strong>in</strong></span> <span class='ocrx_word' id='word_1_633' title='bbox 2313 4383 2509 4453; x_wconf 90' lang='lat' dir='ltr'><strong>jejunii</strong></span> <span class='ocrx_word' id='word_1_634' title='bbox 2551 4383 2732 4453; x_wconf 90' lang='lat' dir='ltr'><strong>rigore</strong></span> <span class='ocrx_word' id='word_1_635' title='bbox 2758 4382 3075 4452; x_wconf 89' lang='lat' dir='ltr'><strong>persistere.</strong></span> <span class='ocrx_word' id='word_1_636' title='bbox 3112 4382 3326 4453; x_wconf 91' lang='lat' dir='ltr'><strong>Optime</strong></span> <span class='ocrx_word' id='word_1_637' title='bbox 3373 4382 3584 4454; x_wconf 84' lang='lat' dir='ltr'><strong>vigilias</strong></span> <span class='ocrx_word' id='word_1_638' title='bbox 3629 4379 3827 4452; x_wconf 64' lang='lat' dir='ltr'><strong>praedi-</strong></span> 
     </span>
    </p>
   </div>
   <div class='ocr_carea' id='block_1_92' title="bbox 552 4471 3828 4571">
    <p class='ocr_par' dir='ltr' id='par_1_92' title="bbox 552 4471 3828 4571">
     <span class='ocr_line' id='line_1_92' title="bbox 552 4471 3828 4571; baseline -0.001 -42"><span class='ocrx_word' id='word_1_639' title='bbox 552 4477 707 4529; x_wconf 66' lang='lat' dir='ltr'><strong>riataa</strong></span> <span class='ocrx_word' id='word_1_640' title='bbox 729 4474 853 4529; x_wconf 65' lang='lat' dir='ltr'><strong>vita:</strong></span> <span class='ocrx_word' id='word_1_641' title='bbox 881 4472 1166 4527; x_wconf 88' lang='lat' dir='ltr'><strong>diversitas</strong></span> <span class='ocrx_word' id='word_1_642' title='bbox 1196 4471 1406 4536; x_wconf 87' lang='lat' dir='ltr'><strong>reddat,</strong></span> <span class='ocrx_word' id='word_1_643' title='bbox 1436 4471 1531 4525; x_wconf 91' lang='lat' dir='ltr'><strong>sed</strong></span> <span class='ocrx_word' id='word_1_644' title='bbox 1560 4471 1613 4524; x_wconf 92' lang='lat' dir='ltr'><strong>in</strong></span> <span class='ocrx_word' id='word_1_645' title='bbox 1646 4479 1845 4525; x_wconf 73' lang='lat' dir='ltr'><strong>sancta:</strong></span> <span class='ocrx_word' id='word_1_646' title='bbox 1881 4480 2137 4524; x_wconf 84' lang='lat' dir='ltr'><strong>constan-</strong></span> <span class='ocrx_word' id='word_1_647' title='bbox 2168 4514 2216 4571; x_wconf 70' lang='grc' dir='ltr'><strong>ο</strong></span> <span class='ocrx_word' id='word_1_648' title='bbox 2241 4484 2365 4541; x_wconf 89' lang='lat' dir='ltr'><strong>eat,</strong></span> <span class='ocrx_word' id='word_1_649' title='bbox 2419 4476 2510 4545; x_wconf 84' lang='lat' dir='ltr'><strong>qui</strong></span> <span class='ocrx_word' id='word_1_650' title='bbox 2565 4480 2687 4544; x_wconf 91' lang='lat' dir='ltr'><strong>post</strong></span> <span class='ocrx_word' id='word_1_651' title='bbox 2727 4471 2945 4543; x_wconf 88' lang='lat' dir='ltr'><strong>longum</strong></span> <span class='ocrx_word' id='word_1_652' title='bbox 3014 4473 3326 4543; x_wconf 72' lang='lat' dir='ltr'><strong>psalmodiaz</strong></span> <span class='ocrx_word' id='word_1_653' title='bbox 3370 4474 3656 4527; x_wconf 90' lang='lat' dir='ltr'><strong>decursum</strong></span> <span class='ocrx_word' id='word_1_654' title='bbox 3679 4513 3694 4535; x_wconf 90' lang='lat'><strong>,</strong></span> <span class='ocrx_word' id='word_1_655' title='bbox 3748 4474 3828 4527; x_wconf 90' lang='lat' dir='ltr'><strong>si-</strong></span> 
     </span>
    </p>
   </div>
   <div class='ocr_carea' id='block_1_93' title="bbox 552 4560 2136 4632">
    <p class='ocr_par' dir='ltr' id='par_1_93' title="bbox 552 4560 2136 4632">
     <span class='ocr_line' id='line_1_93' title="bbox 552 4560 2136 4632; baseline -0.004 -13"><span class='ocrx_word' id='word_1_656' title='bbox 552 4567 643 4622; x_wconf 61' lang='lat' dir='ltr'><strong>tire</strong></span> <span class='ocrx_word' id='word_1_657' title='bbox 667 4565 1017 4620; x_wconf 89' lang='lat' dir='ltr'><strong>fundamento</strong></span> <span class='ocrx_word' id='word_1_658' title='bbox 1044 4561 1277 4632; x_wconf 64' lang='lat' dir='ltr'><strong>praeﬁxae</strong></span> <span class='ocrx_word' id='word_1_659' title='bbox 1308 4561 1506 4632; x_wconf 83' lang='lat' dir='ltr'><strong>regulae</strong></span> <span class='ocrx_word' id='word_1_660' title='bbox 1527 4561 1855 4616; x_wconf 86' lang='lat' dir='ltr'><strong>consuetudo</strong></span> <span class='ocrx_word' id='word_1_661' title='bbox 1881 4560 2136 4624; x_wconf 88' lang='lat' dir='ltr'><strong>stabiliat;</strong></span> 
     </span>
    </p>
   </div>
   <div class='ocr_carea' id='block_1_94' title="bbox 553 4653 2136 4723">
    <p class='ocr_par' dir='ltr' id='par_1_94' title="bbox 553 4653 2136 4723">
     <span class='ocr_line' id='line_1_94' title="bbox 553 4653 2136 4723; baseline -0.004 -10"><span class='ocrx_word' id='word_1_662' title='bbox 553 4666 615 4713; x_wconf 90' lang='lat' dir='ltr'><strong>ut</strong></span> <span class='ocrx_word' id='word_1_663' title='bbox 648 4658 913 4714; x_wconf 72' lang='lat' dir='ltr'><strong>diuturna:</strong></span> <span class='ocrx_word' id='word_1_664' title='bbox 945 4653 1350 4709; x_wconf 89' lang='lat' dir='ltr'><strong>consuetudinis</strong></span> <span class='ocrx_word' id='word_1_665' title='bbox 1385 4669 1513 4709; x_wconf 88' lang='lat' dir='ltr'><strong>usus</strong></span> <span class='ocrx_word' id='word_1_666' title='bbox 1550 4653 1822 4718; x_wconf 89' lang='lat' dir='ltr'><strong>obdnleet,</strong></span> <span class='ocrx_word' id='word_1_667' title='bbox 1849 4654 1990 4723; x_wconf 91' lang='lat' dir='ltr'><strong>quod</strong></span> <span class='ocrx_word' id='word_1_668' title='bbox 2023 4665 2136 4708; x_wconf 87' lang='lat' dir='ltr'><strong>tan-</strong></span> 
     </span>
    </p>
   </div>
   <div class='ocr_carea' id='block_1_95' title="bbox 548 4741 2138 4818">
    <p class='ocr_par' dir='ltr' id='par_1_95' title="bbox 548 4741 2138 4818">
     <span class='ocr_line' id='line_1_95' title="bbox 548 4741 2138 4818; baseline -0.006 -14"><span class='ocrx_word' id='word_1_669' title='bbox 548 4762 717 4818; x_wconf 85' lang='lat' dir='ltr'><strong>quam</strong></span> <span class='ocrx_word' id='word_1_670' title='bbox 748 4760 992 4800; x_wconf 90' lang='lat' dir='ltr'><strong>amarum</strong></span> <span class='ocrx_word' id='word_1_671' title='bbox 1026 4757 1251 4812; x_wconf 88' lang='lat' dir='ltr'><strong>prorsus</strong></span> <span class='ocrx_word' id='word_1_672' title='bbox 1274 4782 1289 4808; x_wconf 93' lang='lat'><strong>,</strong></span> <span class='ocrx_word' id='word_1_673' title='bbox 1332 4750 1387 4797; x_wconf 91' lang='lat' dir='ltr'><strong>et</strong></span> <span class='ocrx_word' id='word_1_674' title='bbox 1417 4756 1667 4812; x_wconf 90' lang='lat' dir='ltr'><strong>asperum</strong></span> <span class='ocrx_word' id='word_1_675' title='bbox 1709 4741 1994 4796; x_wconf 88' lang='lat' dir='ltr'><strong>inﬁrmitas</strong></span> <span class='ocrx_word' id='word_1_676' title='bbox 2036 4742 2138 4796; x_wconf 79' lang='lat' dir='ltr'><strong>ltu-</strong></span> 
     </span>
    </p>
   </div>
   <div class='ocr_carea' id='block_1_96' title="bbox 554 4831 2136 4906">
    <p class='ocr_par' dir='ltr' id='par_1_96' title="bbox 554 4831 2136 4906">
     <span class='ocr_line' id='line_1_96' title="bbox 554 4831 2136 4906; baseline -0.006 -12"><span class='ocrx_word' id='word_1_677' title='bbox 554 4852 728 4893; x_wconf 74' lang='lat' dir='ltr'><strong>mana:</strong></span> <span class='ocrx_word' id='word_1_678' title='bbox 759 4833 1066 4906; x_wconf 82' lang='lat' dir='ltr'><strong>fragilitatis</strong></span> <span class='ocrx_word' id='word_1_679' title='bbox 1091 4832 1367 4887; x_wconf 89' lang='lat' dir='ltr'><strong>abhorret.</strong></span> <span class='ocrx_word' id='word_1_680' title='bbox 1391 4831 1601 4886; x_wconf 85' lang='lat' dir='ltr'><strong>Exhibe</strong></span> <span class='ocrx_word' id='word_1_681' title='bbox 1626 4840 1677 4885; x_wconf 89' lang='lat' dir='ltr'><strong>te</strong></span> <span class='ocrx_word' id='word_1_682' title='bbox 1705 4831 1942 4900; x_wconf 89' lang='lat' dir='ltr'><strong>undique</strong></span> <span class='ocrx_word' id='word_1_683' title='bbox 1969 4833 2136 4885; x_wconf 86' lang='lat' dir='ltr'><strong>virtu-</strong></span> 
     </span>
    </p>
   </div>
   <div class='ocr_carea' id='block_1_97' title="bbox 476 4921 2133 4994">
    <p class='ocr_par' dir='ltr' id='par_1_97' title="bbox 476 4921 2133 4994">
     <span class='ocr_line' id='line_1_97' title="bbox 476 4921 2133 4994; baseline -0.007 -7"><span class='ocrx_word' id='word_1_684' title='bbox 476 4978 491 4989; x_wconf 81' lang='lat'><strong>.</strong></span> <span class='ocrx_word' id='word_1_685' title='bbox 555 4940 670 4985; x_wconf 85' lang='lat' dir='ltr'><strong>tum</strong></span> <span class='ocrx_word' id='word_1_686' title='bbox 706 4927 881 4982; x_wconf 90' lang='lat' dir='ltr'><strong>nitore</strong></span> <span class='ocrx_word' id='word_1_687' title='bbox 922 4924 1294 4994; x_wconf 88' lang='lat' dir='ltr'><strong>conspicuum,</strong></span> <span class='ocrx_word' id='word_1_688' title='bbox 1322 4932 1377 4978; x_wconf 91' lang='lat' dir='ltr'><strong>et</strong></span> <span class='ocrx_word' id='word_1_689' title='bbox 1422 4921 1699 4987; x_wconf 82' lang='lat' dir='ltr'><strong>unifornti,</strong></span> <span class='ocrx_word' id='word_1_690' title='bbox 1730 4931 1787 4977; x_wconf 93' lang='lat' dir='ltr'><strong>ut</strong></span> <span class='ocrx_word' id='word_1_691' title='bbox 1819 4924 1888 4976; x_wconf 90' lang='lat' dir='ltr'><strong>ita</strong></span> <span class='ocrx_word' id='word_1_692' title='bbox 1927 4921 2133 4992; x_wconf 89' lang='lat' dir='ltr'><strong>loquar,</strong></span> 
     </span>
    </p>
   </div>
   <div class='ocr_carea' id='block_1_98' title="bbox 552 5016 2136 5082">
    <p class='ocr_par' dir='ltr' id='par_1_98' title="bbox 552 5016 2136 5082">
     <span class='ocr_line' id='line_1_98' title="bbox 552 5016 2136 5082; baseline -0.001 -8"><span class='ocrx_word' id='word_1_693' title='bbox 552 5030 704 5077; x_wconf 84' lang='lat' dir='ltr'><strong>veste</strong></span> <span class='ocrx_word' id='word_1_694' title='bbox 732 5019 1034 5075; x_wconf 85' lang='lat' dir='ltr'><strong>sanctitatis</strong></span> <span class='ocrx_word' id='word_1_695' title='bbox 1058 5026 1309 5072; x_wconf 89' lang='lat' dir='ltr'><strong>ornatum</strong></span> <span class='ocrx_word' id='word_1_696' title='bbox 1329 5057 1345 5082; x_wconf 90' lang='lat'><strong>,</strong></span> <span class='ocrx_word' id='word_1_697' title='bbox 1378 5017 1463 5071; x_wconf 90' lang='lat' dir='ltr'><strong>cui</strong></span> <span class='ocrx_word' id='word_1_698' title='bbox 1504 5016 1793 5081; x_wconf 85' lang='lat' dir='ltr'><strong>videlicet,</strong></span> <span class='ocrx_word' id='word_1_699' title='bbox 1835 5017 2011 5071; x_wconf 90' lang='lat' dir='ltr'><strong>nullus</strong></span> <span class='ocrx_word' id='word_1_700' title='bbox 2040 5033 2136 5072; x_wconf 58' lang='lat' dir='ltr'><strong>cuv</strong></span> 
     </span>
    </p>
   </div>
   <div class='ocr_carea' id='block_1_99' title="bbox 555 5108 2138 5182">
    <p class='ocr_par' dir='ltr' id='par_1_99' title="bbox 555 5108 2138 5182">
     <span class='ocr_line' id='line_1_99' title="bbox 555 5108 2138 5182; baseline 0.001 -19"><span class='ocrx_word' id='word_1_701' title='bbox 555 5108 964 5182; x_wconf 54' lang='lat' dir='ltr'><strong>35‘juslibet</strong></span> <span class='ocrx_word' id='word_1_702' title='bbox 997 5108 1109 5163; x_wconf 89' lang='lat' dir='ltr'><strong>vitii</strong></span> <span class='ocrx_word' id='word_1_703' title='bbox 1143 5123 1355 5178; x_wconf 88' lang='lat' dir='ltr'><strong>pannus</strong></span> <span class='ocrx_word' id='word_1_704' title='bbox 1398 5109 1649 5163; x_wconf 89' lang='lat' dir='ltr'><strong>videatur</strong></span> <span class='ocrx_word' id='word_1_705' title='bbox 1697 5117 1933 5163; x_wconf 91' lang='lat' dir='ltr'><strong>assutus.</strong></span> <span class='ocrx_word' id='word_1_706' title='bbox 1976 5108 2138 5164; x_wconf 75' lang='lat' dir='ltr'><strong>lnlio~</strong></span> 
     </span>
    </p>
   </div>
   <div class='ocr_carea' id='block_1_100' title="bbox 555 5198 2132 5272">
    <p class='ocr_par' dir='ltr' id='par_1_100' title="bbox 555 5198 2132 5272">
     <span class='ocr_line' id='line_1_100' title="bbox 555 5198 2132 5272; baseline -0.002 -14"><span class='ocrx_word' id='word_1_707' title='bbox 555 5211 772 5258; x_wconf 84' lang='lat' dir='ltr'><strong>nestum</strong></span> <span class='ocrx_word' id='word_1_708' title='bbox 806 5202 1003 5272; x_wconf 87' lang='lat' dir='ltr'><strong>quippe</strong></span> <span class='ocrx_word' id='word_1_709' title='bbox 1032 5200 1267 5263; x_wconf 89' lang='lat' dir='ltr'><strong>videtur,</strong></span> <span class='ocrx_word' id='word_1_710' title='bbox 1295 5209 1458 5269; x_wconf 89' lang='lat' dir='ltr'><strong>atque</strong></span> <span class='ocrx_word' id='word_1_711' title='bbox 1484 5198 1790 5263; x_wconf 89' lang='lat' dir='ltr'><strong>ridiculum,</strong></span> <span class='ocrx_word' id='word_1_712' title='bbox 1820 5199 1865 5255; x_wconf 90' lang='lat' dir='ltr'><strong>si</strong></span> <span class='ocrx_word' id='word_1_713' title='bbox 1886 5199 2132 5255; x_wconf 90' lang='lat' dir='ltr'><strong>indutum</strong></span> 
     </span>
    </p>
   </div>
   <div class='ocr_carea' id='block_1_101' title="bbox 554 5289 2132 5361">
    <p class='ocr_par' dir='ltr' id='par_1_101' title="bbox 554 5289 2132 5361">
     <span class='ocr_line' id='line_1_101' title="bbox 554 5289 2132 5361; baseline -0.003 -13"><span class='ocrx_word' id='word_1_714' title='bbox 554 5304 609 5348; x_wconf 90' lang='lat' dir='ltr'><strong>te</strong></span> <span class='ocrx_word' id='word_1_715' title='bbox 641 5300 791 5347; x_wconf 90' lang='lat' dir='ltr'><strong>veste</strong></span> <span class='ocrx_word' id='word_1_716' title='bbox 821 5305 1116 5361; x_wconf 87' lang='lat' dir='ltr'><strong>purpurea,</strong></span> <span class='ocrx_word' id='word_1_717' title='bbox 1156 5291 1346 5346; x_wconf 91' lang='lat' dir='ltr'><strong>sericis</strong></span> <span class='ocrx_word' id='word_1_718' title='bbox 1376 5289 1576 5355; x_wconf 86' lang='lat' dir='ltr'><strong>ocreis,</strong></span> <span class='ocrx_word' id='word_1_719' title='bbox 1607 5289 1806 5344; x_wconf 84' lang='lat' dir='ltr'><strong>calceis</strong></span> <span class='ocrx_word' id='word_1_720' title='bbox 1836 5289 2132 5353; x_wconf 89' lang='lat' dir='ltr'><strong>deauratis,</strong></span> 
     </span>
    </p>
   </div>
   <div class='ocr_carea' id='block_1_102' title="bbox 553 5378 2132 5450">
    <p class='ocr_par' dir='ltr' id='par_1_102' title="bbox 553 5378 2132 5450">
     <span class='ocr_line' id='line_1_102' title="bbox 553 5378 2132 5450; baseline -0.004 -11"><span class='ocrx_word' id='word_1_721' title='bbox 553 5382 730 5439; x_wconf 90' lang='lat' dir='ltr'><strong>solum</strong></span> <span class='ocrx_word' id='word_1_722' title='bbox 774 5390 827 5435; x_wconf 88' lang='lat' dir='ltr'><strong>te</strong></span> <span class='ocrx_word' id='word_1_723' title='bbox 860 5381 1032 5436; x_wconf 87' lang='lat' dir='ltr'><strong>villosi</strong></span> <span class='ocrx_word' id='word_1_724' title='bbox 1078 5380 1263 5436; x_wconf 91' lang='lat' dir='ltr'><strong>arietis</strong></span> <span class='ocrx_word' id='word_1_725' title='bbox 1302 5380 1501 5450; x_wconf 90' lang='lat' dir='ltr'><strong>pileum</strong></span> <span class='ocrx_word' id='word_1_726' title='bbox 1548 5380 1691 5434; x_wconf 87' lang='lat' dir='ltr'><strong>inter</strong></span> <span class='ocrx_word' id='word_1_727' title='bbox 1738 5378 1935 5434; x_wconf 91' lang='lat' dir='ltr'><strong>multas</strong></span> <span class='ocrx_word' id='word_1_728' title='bbox 1972 5393 2132 5433; x_wconf 89' lang='lat' dir='ltr'><strong>oma-</strong></span> 
     </span>
    </p>
   </div>
   <div class='ocr_carea' id='block_1_103' title="bbox 555 5468 1757 5528">
    <p class='ocr_par' dir='ltr' id='par_1_103' title="bbox 555 5468 1757 5528">
     <span class='ocr_line' id='line_1_103' title="bbox 555 5468 1757 5528; baseline -0.004 0"><span class='ocrx_word' id='word_1_729' title='bbox 555 5481 862 5528; x_wconf 87' lang='lat' dir='ltr'><strong>mentorum</strong></span> <span class='ocrx_word' id='word_1_730' title='bbox 894 5468 1089 5524; x_wconf 89' lang='lat' dir='ltr'><strong>infulas</strong></span> <span class='ocrx_word' id='word_1_731' title='bbox 1111 5470 1365 5525; x_wconf 85' lang='lat' dir='ltr'><strong>exhibeat</strong></span> <span class='ocrx_word' id='word_1_732' title='bbox 1401 5469 1757 5525; x_wconf 89' lang='lat' dir='ltr'><strong>rusticanum.</strong></span> 
     </span>
    </p>
   </div>
   <div class='ocr_carea' id='block_1_104' title="bbox 626 5558 2133 5634">
    <p class='ocr_par' dir='ltr' id='par_1_104' title="bbox 626 5558 2133 5634">
     <span class='ocr_line' id='line_1_104' title="bbox 626 5558 2133 5634; baseline -0.003 -16"><span class='ocrx_word' id='word_1_733' title='bbox 626 5563 784 5634; x_wconf 83' lang='lat' dir='ltr'><strong>Quod</strong></span> <span class='ocrx_word' id='word_1_734' title='bbox 825 5563 1009 5618; x_wconf 88' lang='lat' dir='ltr'><strong>dicere</strong></span> <span class='ocrx_word' id='word_1_735' title='bbox 1059 5562 1253 5631; x_wconf 87' lang='lat' dir='ltr'><strong>gestio,</strong></span> <span class='ocrx_word' id='word_1_736' title='bbox 1286 5561 1393 5616; x_wconf 91' lang='lat' dir='ltr'><strong>tale</strong></span> <span class='ocrx_word' id='word_1_737' title='bbox 1432 5570 1551 5617; x_wconf 90' lang='lat' dir='ltr'><strong>est:</strong></span> <span class='ocrx_word' id='word_1_738' title='bbox 1583 5577 1704 5616; x_wconf 93' lang='lat' dir='ltr'><strong>cum</strong></span> <span class='ocrx_word' id='word_1_739' title='bbox 1743 5562 1796 5615; x_wconf 93' lang='lat' dir='ltr'><strong>in</strong></span> <span class='ocrx_word' id='word_1_740' title='bbox 1841 5558 2133 5614; x_wconf 82' lang='lat' dir='ltr'><strong>aﬂlictione</strong></span> 
     </span>
    </p>
   </div>
   <div class='ocr_carea' id='block_1_105' title="bbox 545 5651 2130 5728">
    <p class='ocr_par' dir='ltr' id='par_1_105' title="bbox 545 5651 2130 5728">
     <span class='ocr_line' id='line_1_105' title="bbox 545 5651 2130 5728; baseline -0.003 -16"><span class='ocrx_word' id='word_1_741' title='bbox 545 5655 760 5728; x_wconf 83' lang='lat' dir='ltr'><strong>jejunii,</strong></span> <span class='ocrx_word' id='word_1_742' title='bbox 784 5656 851 5711; x_wconf 83' lang='lat' dir='ltr'><strong>&#39;in</strong></span> <span class='ocrx_word' id='word_1_743' title='bbox 886 5668 1113 5710; x_wconf 88' lang='lat' dir='ltr'><strong>censura</strong></span> <span class='ocrx_word' id='word_1_744' title='bbox 1150 5651 1374 5716; x_wconf 86' lang='lat' dir='ltr'><strong>silentii,</strong></span> <span class='ocrx_word' id='word_1_745' title='bbox 1412 5654 1464 5708; x_wconf 89' lang='lat' dir='ltr'><strong>in</strong></span> <span class='ocrx_word' id='word_1_746' title='bbox 1507 5653 1730 5723; x_wconf 69' lang='lat' dir='ltr'><strong>abjectm</strong></span> <span class='ocrx_word' id='word_1_747' title='bbox 1774 5654 1941 5708; x_wconf 83' lang='lat' dir='ltr'><strong>vestis</strong></span> <span class='ocrx_word' id='word_1_748' title='bbox 1980 5668 2130 5722; x_wconf 74' lang='lat' dir='ltr'><strong>aspc-</strong></span> 
     </span>
    </p>
   </div>
   <div class='ocr_carea' id='block_1_106' title="bbox 550 5744 2131 5815">
    <p class='ocr_par' dir='ltr' id='par_1_106' title="bbox 550 5744 2131 5815">
     <span class='ocr_line' id='line_1_106' title="bbox 550 5744 2131 5815; baseline -0.001 -14"><span class='ocrx_word' id='word_1_749' title='bbox 550 5746 716 5805; x_wconf 89' lang='lat' dir='ltr'><strong>ritate</strong></span> <span class='ocrx_word' id='word_1_750' title='bbox 749 5744 1043 5802; x_wconf 85' lang='lat' dir='ltr'><strong>Antonium</strong></span> <span class='ocrx_word' id='word_1_751' title='bbox 1073 5745 1316 5815; x_wconf 67' lang='lat' dir='ltr'><strong>praebeas</strong></span> <span class='ocrx_word' id='word_1_752' title='bbox 1348 5761 1362 5813; x_wconf 91' lang='lat'><strong>;</strong></span> <span class='ocrx_word' id='word_1_753' title='bbox 1404 5761 1472 5800; x_wconf 89' lang='lat' dir='ltr'><strong>ne</strong></span> <span class='ocrx_word' id='word_1_754' title='bbox 1504 5745 1559 5800; x_wconf 90' lang='lat' dir='ltr'><strong>in</strong></span> <span class='ocrx_word' id='word_1_755' title='bbox 1604 5745 1823 5801; x_wconf 89' lang='lat' dir='ltr'><strong>levitate</strong></span> <span class='ocrx_word' id='word_1_756' title='bbox 1856 5745 2016 5812; x_wconf 88' lang='lat' dir='ltr'><strong>risus,</strong></span> <span class='ocrx_word' id='word_1_757' title='bbox 2050 5747 2131 5800; x_wconf 87' lang='lat' dir='ltr'><strong>vel</strong></span> 
     </span>
    </p>
   </div>
   <div class='ocr_carea' id='block_1_107' title="bbox 2240 4561 3823 4633">
    <p class='ocr_par' dir='ltr' id='par_1_107' title="bbox 2240 4561 3823 4633">
     <span class='ocr_line' id='line_1_107' title="bbox 2240 4561 3823 4633; baseline -0.003 -14"><span class='ocrx_word' id='word_1_758' title='bbox 2240 4581 2405 4633; x_wconf 85' lang='lat' dir='ltr'><strong>gnum</strong></span> <span class='ocrx_word' id='word_1_759' title='bbox 2452 4564 2755 4619; x_wconf 85' lang='lat' dir='ltr'><strong>excitandis</strong></span> <span class='ocrx_word' id='word_1_760' title='bbox 2803 4561 3060 4617; x_wconf 88' lang='lat' dir='ltr'><strong>fratribus</strong></span> <span class='ocrx_word' id='word_1_761' title='bbox 3088 4562 3265 4633; x_wconf 91' lang='lat' dir='ltr'><strong>pulsat</strong></span> <span class='ocrx_word' id='word_1_762' title='bbox 3305 4579 3318 4616; x_wconf 92' lang='lat'><strong>:</strong></span> <span class='ocrx_word' id='word_1_763' title='bbox 3358 4561 3823 4631; x_wconf 84' lang='lat' dir='ltr'><strong>eloquentissime,</strong></span> 
     </span>
    </p>
   </div>
   <div class='ocr_carea' id='block_1_108' title="bbox 2239 4652 3825 4719">
    <p class='ocr_par' dir='ltr' id='par_1_108' title="bbox 2239 4652 3825 4719">
     <span class='ocr_line' id='line_1_108' title="bbox 2239 4652 3825 4719; baseline -0.002 -10"><span class='ocrx_word' id='word_1_764' title='bbox 2239 4655 2365 4709; x_wconf 89' lang='lat' dir='ltr'><strong>dum</strong></span> <span class='ocrx_word' id='word_1_765' title='bbox 2401 4663 2663 4719; x_wconf 87' lang='lat' dir='ltr'><strong>tacemus,</strong></span> <span class='ocrx_word' id='word_1_766' title='bbox 2695 4654 2969 4708; x_wconf 90' lang='lat' dir='ltr'><strong>silentium</strong></span> <span class='ocrx_word' id='word_1_767' title='bbox 3017 4653 3462 4708; x_wconf 90' lang='lat' dir='ltr'><strong>commendamus</strong></span> <span class='ocrx_word' id='word_1_768' title='bbox 3494 4670 3507 4706; x_wconf 86' lang='lat'>:</span> <span class='ocrx_word' id='word_1_769' title='bbox 3542 4652 3825 4707; x_wconf 81' lang='lat' dir='ltr'><strong>fructuose</strong></span> 
     </span>
    </p>
   </div>
   <div class='ocr_carea' id='block_1_109' title="bbox 2239 4742 3827 4815">
    <p class='ocr_par' dir='ltr' id='par_1_109' title="bbox 2239 4742 3827 4815">
     <span class='ocr_line' id='line_1_109' title="bbox 2239 4742 3827 4815; baseline -0.003 -17"><span class='ocrx_word' id='word_1_770' title='bbox 2239 4743 2306 4799; x_wconf 89' lang='lat' dir='ltr'><strong>de</strong></span> <span class='ocrx_word' id='word_1_771' title='bbox 2356 4745 2702 4800; x_wconf 80' lang='lat' dir='ltr'><strong>extremitate</strong></span> <span class='ocrx_word' id='word_1_772' title='bbox 2750 4743 2981 4800; x_wconf 87' lang='lat' dir='ltr'><strong>vestium</strong></span> <span class='ocrx_word' id='word_1_773' title='bbox 3037 4743 3311 4815; x_wconf 90' lang='lat' dir='ltr'><strong>disputat,</strong></span> <span class='ocrx_word' id='word_1_774' title='bbox 3362 4742 3455 4812; x_wconf 89' lang='lat' dir='ltr'><strong>qui</strong></span> <span class='ocrx_word' id='word_1_775' title='bbox 3507 4756 3567 4797; x_wconf 89' lang='lat' dir='ltr'><strong>se</strong></span> <span class='ocrx_word' id='word_1_776' title='bbox 3615 4756 3827 4812; x_wconf 78' lang='lat' dir='ltr'><strong>panno-</strong></span> 
     </span>
    </p>
   </div>
   <div class='ocr_carea' id='block_1_110' title="bbox 2239 4832 3824 4889">
    <p class='ocr_par' dir='ltr' id='par_1_110' title="bbox 2239 4832 3824 4889">
     <span class='ocr_line' id='line_1_110' title="bbox 2239 4832 3824 4889; baseline -0.001 -2"><span class='ocrx_word' id='word_1_777' title='bbox 2239 4849 2358 4887; x_wconf 88' lang='lat' dir='ltr'><strong>rum</strong></span> <span class='ocrx_word' id='word_1_778' title='bbox 2408 4835 2778 4889; x_wconf 90' lang='lat' dir='ltr'><strong>conscissione</strong></span> <span class='ocrx_word' id='word_1_779' title='bbox 2844 4833 3134 4888; x_wconf 86' lang='lat' dir='ltr'><strong>deformat.</strong></span> <span class='ocrx_word' id='word_1_780' title='bbox 3197 4832 3638 4887; x_wconf 88' lang='lat' dir='ltr'><strong>lndumentorum</strong></span> <span class='ocrx_word' id='word_1_781' title='bbox 3690 4846 3824 4886; x_wconf 86' lang='lat' dir='ltr'><strong>vero</strong></span> 
     </span>
    </p>
   </div>
   <div class='ocr_carea' id='block_1_111' title="bbox 2232 4906 3824 4996">
    <p class='ocr_par' dir='ltr' id='par_1_111' title="bbox 2232 4906 3824 4996">
     <span class='ocr_line' id='line_1_111' title="bbox 2232 4906 3824 4996; baseline 0.001 -19"><span class='ocrx_word' id='word_1_782' title='bbox 2232 4925 2389 4996; x_wconf 82' lang='lat' dir='ltr'><strong>juxta</strong></span> <span class='ocrx_word' id='word_1_783' title='bbox 2440 4925 2663 4981; x_wconf 85' lang='lat' dir='ltr'><strong>divitem</strong></span> <span class='ocrx_word' id='word_1_784' title='bbox 2694 4925 2871 4980; x_wconf 92' lang='lat' dir='ltr'><strong>nitore</strong></span> <span class='ocrx_word' id='word_1_785' title='bbox 2899 4906 3243 4994; x_wconf 80' lang='lat' dir='ltr'><strong>conspicuus,</strong></span> <span class='ocrx_word' id='word_1_786' title='bbox 3271 4924 3475 4980; x_wconf 75' lang='lat' dir='ltr'><strong>frustra</strong></span> <span class='ocrx_word' id='word_1_787' title='bbox 3504 4941 3626 4979; x_wconf 90' lang='lat' dir='ltr'><strong>cum</strong></span> <span class='ocrx_word' id='word_1_788' title='bbox 3654 4922 3824 4979; x_wconf 78' lang='lat' dir='ltr'><strong>Joan-</strong></span> 
     </span>
    </p>
   </div>
   <div class='ocr_carea' id='block_1_112' title="bbox 2237 5013 3822 5087">
    <p class='ocr_par' dir='ltr' id='par_1_112' title="bbox 2237 5013 3822 5087">
     <span class='ocr_line' id='line_1_112' title="bbox 2237 5013 3822 5087; baseline -0.003 -16"><span class='ocrx_word' id='word_1_789' title='bbox 2237 5030 2306 5071; x_wconf 89' lang='lat' dir='ltr'><strong>ne</strong></span> <span class='ocrx_word' id='word_1_790' title='bbox 2351 5016 2488 5087; x_wconf 87' lang='lat' dir='ltr'><strong>pilos</strong></span> <span class='ocrx_word' id='word_1_791' title='bbox 2539 5016 2800 5087; x_wconf 72' lang='lat' dir='ltr'><strong>prmdicat</strong></span> <span class='ocrx_word' id='word_1_792' title='bbox 2858 5016 3213 5071; x_wconf 89' lang='lat' dir='ltr'><strong>camelorum.</strong></span> <span class='ocrx_word' id='word_1_793' title='bbox 3272 5015 3429 5073; x_wconf 91' lang='lat' dir='ltr'><strong>Ultor</strong></span> <span class='ocrx_word' id='word_1_794' title='bbox 3480 5013 3694 5083; x_wconf 84' lang='lat' dir='ltr'><strong>injuriae</strong></span> <span class='ocrx_word' id='word_1_795' title='bbox 3723 5030 3822 5083; x_wconf 84' lang='lat' dir='ltr'><strong>pa-</strong></span> 
     </span>
    </p>
   </div>
   <div class='ocr_carea' id='block_1_113' title="bbox 2237 5105 3823 5178">
    <p class='ocr_par' dir='ltr' id='par_1_113' title="bbox 2237 5105 3823 5178">
     <span class='ocr_line' id='line_1_113' title="bbox 2237 5105 3823 5178; baseline -0.002 -16"><span class='ocrx_word' id='word_1_796' title='bbox 2237 5105 2480 5165; x_wconf 84' lang='lat' dir='ltr'><strong>tientiam</strong></span> <span class='ocrx_word' id='word_1_797' title='bbox 2518 5106 2680 5178; x_wconf 80' lang='lat'><strong>355</strong></span> <span class='ocrx_word' id='word_1_798' title='bbox 2718 5122 2825 5161; x_wconf 90' lang='lat' dir='ltr'><strong>non</strong></span> <span class='ocrx_word' id='word_1_799' title='bbox 2881 5107 3094 5162; x_wconf 91' lang='lat' dir='ltr'><strong>suadet.</strong></span> <span class='ocrx_word' id='word_1_800' title='bbox 3135 5107 3238 5175; x_wconf 92' lang='lat' dir='ltr'><strong>Qui</strong></span> <span class='ocrx_word' id='word_1_801' title='bbox 3281 5108 3620 5162; x_wconf 88' lang='lat' dir='ltr'><strong>cumulaudis</strong></span> <span class='ocrx_word' id='word_1_802' title='bbox 3656 5122 3823 5176; x_wconf 80' lang='lat' dir='ltr'><strong>pecu-</strong></span> 
     </span>
    </p>
   </div>
   <div class='ocr_carea' id='block_1_114' title="bbox 2243 5198 3820 5269">
    <p class='ocr_par' dir='ltr' id='par_1_114' title="bbox 2243 5198 3820 5269">
     <span class='ocr_line' id='line_1_114' title="bbox 2243 5198 3820 5269; baseline 0.001 -17"><span class='ocrx_word' id='word_1_803' title='bbox 2243 5199 2456 5253; x_wconf 90' lang='lat' dir='ltr'><strong>niarum</strong></span> <span class='ocrx_word' id='word_1_804' title='bbox 2513 5199 2810 5268; x_wconf 63' lang='lat' dir='ltr'><strong>quaestibus</strong></span> <span class='ocrx_word' id='word_1_805' title='bbox 2860 5198 3174 5266; x_wconf 86' lang='lat' dir='ltr'><strong>inardescit,</strong></span> <span class='ocrx_word' id='word_1_806' title='bbox 3235 5198 3412 5269; x_wconf 90' lang='lat' dir='ltr'><strong>ignem</strong></span> <span class='ocrx_word' id='word_1_807' title='bbox 3467 5200 3712 5252; x_wconf 65' lang='lat' dir='ltr'><strong>avaritia:</strong></span> <span class='ocrx_word' id='word_1_808' title='bbox 3764 5200 3820 5253; x_wconf 86' lang='lat' dir='ltr'><strong>in</strong></span> 
     </span>
    </p>
   </div>
   <div class='ocr_carea' id='block_1_115' title="bbox 2241 5290 3824 5363">
    <p class='ocr_par' dir='ltr' id='par_1_115' title="bbox 2241 5290 3824 5363">
     <span class='ocr_line' id='line_1_115' title="bbox 2241 5290 3824 5363; baseline 0.003 -18"><span class='ocrx_word' id='word_1_809' title='bbox 2241 5290 2417 5345; x_wconf 87' lang='lat' dir='ltr'><strong>alieno</strong></span> <span class='ocrx_word' id='word_1_810' title='bbox 2447 5299 2670 5360; x_wconf 89' lang='lat' dir='ltr'><strong>pectore</strong></span> <span class='ocrx_word' id='word_1_811' title='bbox 2704 5306 2810 5346; x_wconf 94' lang='lat' dir='ltr'><strong>non</strong></span> <span class='ocrx_word' id='word_1_812' title='bbox 2842 5292 3161 5361; x_wconf 85' lang='lat' dir='ltr'><strong>exstinguit.</strong></span> <span class='ocrx_word' id='word_1_813' title='bbox 3185 5291 3285 5360; x_wconf 89' lang='lat' dir='ltr'><strong>Qui</strong></span> <span class='ocrx_word' id='word_1_814' title='bbox 3314 5292 3503 5347; x_wconf 84' lang='lat' dir='ltr'><strong>crebra</strong></span> <span class='ocrx_word' id='word_1_815' title='bbox 3535 5293 3824 5363; x_wconf 85' lang='lat' dir='ltr'><strong>vagatione</strong></span> 
     </span>
    </p>
   </div>
   <div class='ocr_carea' id='block_1_116' title="bbox 2240 5384 3824 5457">
    <p class='ocr_par' dir='ltr' id='par_1_116' title="bbox 2240 5384 3824 5457">
     <span class='ocr_line' id='line_1_116' title="bbox 2240 5384 3824 5457; baseline -0.002 -17"><span class='ocrx_word' id='word_1_816' title='bbox 2240 5395 2502 5457; x_wconf 85' lang='lat' dir='ltr'><strong>raptatur,</strong></span> <span class='ocrx_word' id='word_1_817' title='bbox 2532 5386 2599 5440; x_wconf 80' lang='lat' dir='ltr'><strong>de</strong></span> <span class='ocrx_word' id='word_1_818' title='bbox 2626 5385 2931 5440; x_wconf 86' lang='lat' dir='ltr'><strong>remorandi</strong></span> <span class='ocrx_word' id='word_1_819' title='bbox 2960 5400 3189 5441; x_wconf 88' lang='lat' dir='ltr'><strong>censura</strong></span> <span class='ocrx_word' id='word_1_820' title='bbox 3248 5384 3472 5440; x_wconf 89' lang='lat' dir='ltr'><strong>frivolus</strong></span> <span class='ocrx_word' id='word_1_821' title='bbox 3515 5385 3824 5454; x_wconf 90' lang='lat' dir='ltr'><strong>disputator</strong></span> 
     </span>
    </p>
   </div>
   <div class='ocr_carea' id='block_1_117' title="bbox 2239 5474 3823 5545">
    <p class='ocr_par' dir='ltr' id='par_1_117' title="bbox 2239 5474 3823 5545">
     <span class='ocr_line' id='line_1_117' title="bbox 2239 5474 3823 5545; baseline -0.003 -12"><span class='ocrx_word' id='word_1_822' title='bbox 2239 5477 2487 5533; x_wconf 84' lang='lat' dir='ltr'><strong>habetur.</strong></span> <span class='ocrx_word' id='word_1_823' title='bbox 2518 5475 2619 5541; x_wconf 91' lang='lat' dir='ltr'><strong>Qui</strong></span> <span class='ocrx_word' id='word_1_824' title='bbox 2646 5484 2825 5529; x_wconf 89' lang='lat' dir='ltr'><strong>autem</strong></span> <span class='ocrx_word' id='word_1_825' title='bbox 2864 5474 3113 5529; x_wconf 89' lang='lat' dir='ltr'><strong>cellulam</strong></span> <span class='ocrx_word' id='word_1_826' title='bbox 3156 5485 3450 5545; x_wconf 84' lang='lat' dir='ltr'><strong>perpetuus</strong></span> <span class='ocrx_word' id='word_1_827' title='bbox 3501 5474 3712 5534; x_wconf 85' lang='lat' dir='ltr'><strong>incolit.</strong></span> <span class='ocrx_word' id='word_1_828' title='bbox 3748 5475 3823 5528; x_wconf 86' lang='lat' dir='ltr'><strong>ad</strong></span> 
     </span>
    </p>
   </div>
   <div class='ocr_carea' id='block_1_118' title="bbox 2240 5564 3826 5636">
    <p class='ocr_par' dir='ltr' id='par_1_118' title="bbox 2240 5564 3826 5636">
     <span class='ocr_line' id='line_1_118' title="bbox 2240 5564 3826 5636; baseline -0.003 -16"><span class='ocrx_word' id='word_1_829' title='bbox 2240 5565 2553 5620; x_wconf 89' lang='lat' dir='ltr'><strong>stabilitatis</strong></span> <span class='ocrx_word' id='word_1_830' title='bbox 2602 5566 2929 5636; x_wconf 60' lang='lat' dir='ltr'><strong>praeconium</strong></span> <span class='ocrx_word' id='word_1_831' title='bbox 2966 5565 3031 5621; x_wconf 89' lang='lat' dir='ltr'><strong>de</strong></span> <span class='ocrx_word' id='word_1_832' title='bbox 3060 5574 3174 5621; x_wconf 91' lang='lat' dir='ltr'><strong>toto</strong></span> <span class='ocrx_word' id='word_1_833' title='bbox 3221 5581 3447 5636; x_wconf 87' lang='lat' dir='ltr'><strong>corpore</strong></span> <span class='ocrx_word' id='word_1_834' title='bbox 3475 5564 3712 5635; x_wconf 89' lang='lat' dir='ltr'><strong>linguam</strong></span> <span class='ocrx_word' id='word_1_835' title='bbox 3741 5565 3826 5616; x_wconf 75' lang='lat' dir='ltr'><strong>la-</strong></span> 
     </span>
    </p>
   </div>
   <div class='ocr_carea' id='block_1_119' title="bbox 2239 5653 3821 5724">
    <p class='ocr_par' dir='ltr' id='par_1_119' title="bbox 2239 5653 3821 5724">
     <span class='ocr_line' id='line_1_119' title="bbox 2239 5653 3821 5724; baseline -0.002 -13"><span class='ocrx_word' id='word_1_836' title='bbox 2239 5657 2350 5720; x_wconf 90' lang='lat' dir='ltr'><strong>cit;</strong></span> <span class='ocrx_word' id='word_1_837' title='bbox 2383 5665 2437 5710; x_wconf 90' lang='lat' dir='ltr'><strong>et</strong></span> <span class='ocrx_word' id='word_1_838' title='bbox 2465 5671 2585 5710; x_wconf 91' lang='lat' dir='ltr'><strong>cum</strong></span> <span class='ocrx_word' id='word_1_839' title='bbox 2636 5671 2698 5709; x_wconf 91' lang='lat' dir='ltr'><strong>os</strong></span> <span class='ocrx_word' id='word_1_840' title='bbox 2729 5663 2928 5719; x_wconf 81' lang='lat' dir='ltr'><strong>taceat,</strong></span> <span class='ocrx_word' id='word_1_841' title='bbox 2982 5667 3129 5712; x_wconf 88' lang='lat' dir='ltr'><strong>mttta</strong></span> <span class='ocrx_word' id='word_1_842' title='bbox 3179 5657 3419 5712; x_wconf 87' lang='lat' dir='ltr'><strong>ntembra</strong></span> <span class='ocrx_word' id='word_1_843' title='bbox 3447 5655 3658 5721; x_wconf 83' lang='lat' dir='ltr'><strong>melius,</strong></span> <span class='ocrx_word' id='word_1_844' title='bbox 3690 5653 3821 5724; x_wconf 80' lang='lat' dir='ltr'><strong>quia</strong></span> 
     </span>
    </p>
   </div>
   <div class='ocr_carea' id='block_1_120' title="bbox 2240 5747 2924 5818">
    <p class='ocr_par' dir='ltr' id='par_1_120' title="bbox 2240 5747 2924 5818">
     <span class='ocr_line' id='line_1_120' title="bbox 2240 5747 2924 5818; baseline -0.006 -15"><span class='ocrx_word' id='word_1_845' title='bbox 2240 5756 2294 5803; x_wconf 89' lang='lat' dir='ltr'><strong>et</strong></span> <span class='ocrx_word' id='word_1_846' title='bbox 2322 5747 2638 5818; x_wconf 88' lang='lat' dir='ltr'><strong>simplicius,</strong></span> <span class='ocrx_word' id='word_1_847' title='bbox 2670 5748 2924 5800; x_wconf 83' lang='lat' dir='ltr'><strong>clamant.</strong></span> 
     </span>
    </p>
   </div>
  </div>
