4106 6320
331 333 431 389 36f

1173 332 1416 390 OPESC.
1449 333 1567 388 XV.
1604 362 1674 374 —
1724 333 1811 388 DE
1849 325 2238 385 INSTITUTIS
2275 325 2435 382 ORD.
2488 326 2768 384 EBEMIT.

3481 332 3586 388 36%

404 449 540 505 Viue
577 455 679 503 tua:
709 462 918 516 semper
949 445 1145 502 habeto
1195 456 1414 510 testem.
1471 449 1560 518 qni
1615 456 1670 501 et
1698 445 1906 500 occulta
1938 451 1984 510 Α
2017 439 2251 496 metallo.
2292 439 2570 510 Ingressus
2604 451 2783 496 autem
2814 441 3080 510 cellulam,
3113 458 3218 498 non
3257 444 3438 498 statim
3478 462 3595 500 om—

327 543 469 595 bona
517 547 606 592 tua
651 538 702 592 in
759 536 957 591 fratres
1005 537 1353 592 :cdificatoria
1399 539 1596 592 debeat
1649 536 1910 591 relatione

327 627 730 690 transfundere.
760 640 815 682 et
847 628 1044 681 famam
1092 637 1238 681 tuam
1287 643 1316 681 a
1345 628 1564 682 sinistra
1597 628 1767 697 possit
1815 642 1909 680 su-

323 719 568 790 spicione
599 734 848 789 purgare.
905 717 1010 772 Per
1037 716 1279 788 planiora
1323 719 1425 773 duc
1455 733 1669 788 gregem
1703 726 1852 771 tuum
1889 733 1904 782 ;

322 809 419 863 sed
446 810 658 863 excelsa
688 808 903 862 interim
935 809 1203 863 discretas
1258 809 1448 862 ductor
1475 806 1699 862 ostende
1731 824 1744 860 :
1775 822 1908 876 qua-

323 907 484 954 tenus
528 899 654 954 dum
702 899 1092 968 dispensationi
1142 908 1246 952 tua:
1303 899 1582 967 deputant,
1637 897 1780 967 quod
1823 911 1907 951 re-

321 991 541 1046 rnissius
571 989 776 1055 vivunt,
807 999 860 1044 et
890 991 1197 1045 auctoritati
1226 988 1448 1042 Patrum
1487 988 1754 1055 districta,
1788 1002 1906 1057 qum

321 1080 570 1147 audiunt,
611 1081 677 1136 ad
715 1080 1182 1136 conscendeudam
1213 1076 1561 1148 perfectionis
1592 1093 1774 1132 arcem
1805 1093 1897 1131 ex-

319 1171 555 1239 peditius
601 1174 996 1242 accinguntur;
1049 1172 1353 1242 pudeatque
1408 1171 1551 1239 ipsos
1600 1171 1906 1241 ignobiliter

318 1261 374 1315 in
405 1260 530 1318 imis
557 1263 770 1318 hebesei
793 1279 868 1326 re,
894 1263 982 1333 qui
1038 1277 1134 1333 per
1162 1261 1374 1315 excelsa
1427 1261 1745 1315 condiseunt
1775 1275 1904 1328 prze-

320 1347 437 1402 vios
469 1350 702 1420 ingenue
730 1364 1083 1403 commeasse.
1137 1347 1240 1403 Per
1269 1357 1413 1402 recta
1451 1348 1820 1416 gradientibus
1853 1357 1905 1401 te

319 1455 612 1510 supparem
670 1441 851 1509 prazbe
898 1457 910 1492 :
971 1439 1022 1492 in
1081 1438 1456 1506 delinquentes
1509 1447 1690 1492 autem
1746 1436 1906 1491 disci-

314 1530 474 1600 plina:
507 1532 741 1602 vigorem
767 1531 970 1584 zelatus
995 1542 1207 1584 exerce.
1245 1527 1349 1580 Pro
1375 1527 1710 1582 observanda
1760 1526 1900 1578 intra

311 1621 706 1675 conscientiam
752 1620 1074 1674 innocentia:
1105 1620 1360 1687 puritate,
1393 1617 1499 1670 noli
1556 1618 1762 1687 virgam
1803 1615 1901 1670 de-

309 1725 519 1781 ponere
547 1711 885 1783 disciplinm:
933 1712 1013 1766 sic
1045 1721 1223 1764 tamen
1272 1709 1636 1779 correptionis
1676 1709 1898 1762 verbum

2018 545 2139 584 nem
2189 531 2593 585 consuetudinis
2637 532 2872 602 regulam
2919 533 3262 602 permittatur
3311 535 3535 605 implere
3574 554 3590 590 :

2016 622 2109 674 sed
2137 620 2226 674 diu
2256 631 2496 688 quarrat,
2529 623 2670 691 quod
2712 621 2997 678 difficulter
3042 627 3337 690 inventum,
3375 627 3595 683 charins

2017 720 2214 766 teneat.
2253 713 2604 768 Postmodun:
2644 730 2773 770 vero
2813 731 3064 785 processu
3102 721 3360 790 temporis
3404 737 3594 777 omnes

2016 815 2206 859 sancto
2232 807 2500 861 desiderio
2528 809 2840 862 relaxentur
2863 810 3104 878 habente,
3137 823 3191 867 et
3217 815 3474 884 quidquid
3505 830 3594 869 ar-

2013 899 2103 953 dui
2136 914 2288 953 mens
2317 899 2578 969 spirabat,
2608 909 2836 956 attentet
2863 921 2876 955 :
2910 913 2967 956 ut
2996 904 3048 956 in
3081 904 3194 973 ipso
3221 905 3446 961 fervoris
3483 908 3596 978 spi-

2015 993 2119 1046 ritu
2151 992 2356 1046 semiue
2395 992 2726 1046 sublimioris
2757 994 2858 1048 iter
2887 995 3230 1066 aggrediatur
3257 997 3530 1063 incedere,
3561 1013 3594 1052 a

2013 1098 2116 1150 qua
2143 1081 2481 1151 postmodum
2509 1087 2704 1152 pudeat
2736 1085 3044 1153 ignobiliter
3071 1086 3339 1142 declinare
3364 1105 3378 1141 :
3411 1099 3460 1141 et
3489 1089 3594 1143 ini-

2013 1173 2072 1227 tii
2121 1174 2202 1227 sui
2235 1173 2538 1227 rudimenta
2585 1189 2682 1243 pro
2711 1177 2955 1246 exemplo
2999 1192 3213 1247 semper
3253 1187 3379 1232 ante
3406 1179 3592 1234 oculos

2013 1277 2216 1334 teneat,
2247 1280 2307 1324 ut
2339 1271 2384 1326 si
2424 1288 2528 1327 non
2569 1276 2926 1328 eminentiora
2957 1276 3354 1340 conscenderit,
3396 1276 3464 1332 ab
3507 1277 3593 1332 his

2011 1361 2200 1416 saltem
2227 1363 2410 1431 dilabi,
2442 1381 2562 1436 qua:
2592 1368 2792 1422 dudum
2827 1370 3076 1438 conperit,
3107 1369 3414 1425 erubescat.

2589 1459 2816 1517 CAPUT
2855 1461 3024 1515 XXX.

2012 1543 2088 1600 De
2131 1545 2211 1600 his
2247 1549 2338 1618 qui
2387 1567 2451 1604 ea:
2486 1551 2788 1605 caenobilica
2813 1553 3213 1675 [conversatione
3249 1553 3317 1606 ad
3363 1569 3593 1610 cremant

2677 1639 2816 1675 arcer
2838 1633 2948 1675 unt.

2677 1633 2948 1676 accedunt.

2080 1705 2136 1761 Si
2165 1717 2344 1764 autem
2376 1709 2444 1767 de
2471 1711 2653 1781 regula
2681 1715 2992 1768 monasterii
3020 1716 3108 1778 sit,
3135 1717 3225 1784 qui
3255 1715 3321 1769 ad
3349 1729 3593 1773 eremtnn

311 1815 382 1855 ex
431 1800 593 1857 labiis
639 1803 968 1874 proferatur,
999 1811 1058 1856 ut
1087 1796 1314 1855 fraterni
1360 1801 1562 1854 amoris
1597 1800 1650 1852 in
1681 1807 1899 1868 pectore
1934 1821 1976 1881 Β
2008 1807 2290 1864 properat,
2333 1800 2736 1866 superstitiosas
2774 1803 3033 1870 quasdam
3085 1806 3395 1860 monasticae
3430 1808 3594 1861 disci-

310 1892 543 1948 dulcedo
568 1904 834 1949 servetur.
884 1891 1035 1947 Sicut
1087 1891 1246 1960 plane
1294 1891 1570 1960 capiendis
1620 1890 1809 1943 avibus
1838 1888 1903 1944 de

311 1999 476 2041 manu
529 1985 724 2040 stantis
777 1983 1040 2053 accipiter
1069 1981 1327 2036 advolat:
1382 1982 1462 2035 sic
1517 1979 1905 2049 indignationis

311 2090 415 2130 vox
441 2076 560 2130 sine
586 2085 688 2130 tua:
724 2075 922 2130 mentis
964 2075 1338 2144 indignatione
1380 2072 1658 2144 procedat.
1691 2069 1822 2124 Nam
1849 2080 1902 2124 et

306 2166 536 2238 sagitta,
567 2166 652 2220 cui
707 2165 971 2236 infigitur,
1025 2165 1312 2218 vulnerat:
1370 2165 1688 2233 sanguinem
1723 2171 1902 2214 tamen

309 2257 361 2312 is
413 2273 444 2312 a
490 2274 597 2329 quo
641 2259 843 2328 prodiit
889 2272 1052 2311 arcus
1084 2255 1314 2327 ignorat.
1362 2253 1668 2309 Notandum
1698 2261 1899 2317 tamen,

307 2350 437 2421 quia
478 2349 685 2421 fragilis
720 2365 872 2405 mens
917 2348 986 2404 ab
1034 2347 1203 2403 eremi
1249 2345 1652 2416 perseverantia
1689 2343 1902 2398 facilius

304 2438 604 2511 frangitur,
659 2441 824 2495 ctiam
857 2441 902 2495 si
947 2439 1081 2493 levis
1129 2436 1341 2505 injuria:
1387 2445 1759 2490 sununoteuus
1806 2448 1900 2489 oc-

308 2532 458 2587 casio
520 2530 844 2601 prwbcatur.
918 2513 1052 2584 Nam
1123 2537 1178 2584 et
1233 2529 1415 2599 gravis
1476 2527 1691 2581 sarcina
1751 2533 1901 2579 tanto

313 2621 517 2676 minori
577 2621 967 2676 deliberatione
1020 2621 1307 2690 deponitur
1339 2661 1352 2684 ,
1407 2629 1612 2688 quanto
1673 2628 1729 2672 et
1787 2619 1902 2688 ipse

309 2713 715 2784 quodammodo
765 2713 994 2767 suadere
1045 2712 1258 2767 videtur
1307 2712 1562 2765 hmnerus
1615 2710 1705 2780 qui
1779 2723 1901 2782 gra-

310 2814 488 2858 vatur.

378 2894 562 2950 Facile
616 2894 783 2966 igitur
837 2895 902 2949 ab
949 2893 1162 2948 illorum
1210 2892 1610 2948 cohabitatione
1667 2891 1900 2947 discedi-

309 2997 423 3054 tur,
455 2987 546 3043 ubi
592 2989 820 3058 quisque
868 2987 1179 3058 quotidiana
1220 2985 1323 3041 frui
1357 2985 1532 3041 victus
1583 2985 1782 3054 inopia,
1814 2999 1899 3038 ra-

309 3080 584 3136 rissimam
627 3092 760 3134 vero
788 3080 998 3149 copiam
1030 3077 1265 3134 tolerare
1309 3077 1546 3148 jubetnr.
1582 3074 1736 3130 Unde
1765 3083 1900 3132 tem-

307 3181 499 3242 perata
529 3168 828 3240 disciplina:
869 3179 988 3223 arte
1030 3167 1288 3222 utendum
1320 3184 1334 3232 ;
1387 3181 1456 3222 ne
1491 3181 1626 3236 quos
1676 3165 1896 3220 afﬂictio
1923 3191 1968 3253 ρ

307 3262 523 3334 privata
561 3260 832 3325 debilitat,
892 3259 1087 3329 injecta
1141 3260 1292 3314 dura:
1333 3257 1692 3328 correptionis
1737 3271 1895 3327 aspc-

309 3356 448 3410 ritas
475 3362 708 3409 sternat.
763 3353 1148 3422 Cujuscnnque
1197 3360 1378 3406 autem
1430 3351 1648 3406 fortiter
1687 3349 1897 3421 agentis

301 3449 636 3521 exemplum,
667 3449 930 3517 siquidem
961 3461 1028 3501 ex
1089 3444 1196 3500 tuis
1235 3451 1340 3508 est,
1371 3457 1669 3513 suppressa
1703 3455 1892 3513 perso-

308 3555 402 3605 na,
446 3537 631 3611 profer
667 3539 722 3593 in
775 3536 1036 3601 medium,
1069 3535 1112 3590 si
1149 3543 1330 3588 autem
1371 3543 1681 3596 extraneos,
1736 3547 1894 3586 voca-

306 3632 497 3687 bulum
557 3632 914 3702 exprimatur.
966 3627 1248 3683 lifficacius
1311 3625 1457 3680 enim
1511 3625 1892 3678 modernorum

303 3724 668 3780 cohortantur
713 3722 985 3793 exempla,
1037 3736 1201 3792 quam
1251 3729 1533 3780 veterum;
1584 3727 1638 3771 et
1687 3731 1892 3788 magna:

302 3811 642 3871 confusionis
672 3813 846 3884 pudor
871 3822 976 3880 est,
1009 3812 1054 3866 si
1087 3827 1208 3866 cum
1253 3809 1457 3864 sanctis
1507 3809 1638 3862 viris
1683 3809 1738 3862 in
1786 3824 1888 3860 una

305 3904 475 3960 simul
509 3914 667 3959 :etate
707 3905 970 3967 viventes,
1022 3904 1074 3957 in
1122 3910 1286 3957 recte
1321 3900 1752 3957 conversationis
1779 3908 1892 3954 stu-

304 3993 401 4049 dio
427 3994 509 4048 eis
558 3994 614 4048 in
648 3993 830 4063 aliquo
873 4009 977 4047 non
1025 3992 1365 4062 reperiantur
1416 3991 1670 4058 :equales.
1713 3991 1892 4056 Quan-

301 4083 596 4153 doquidem
627 4084 747 4140 illos
796 4083 910 4140 sola
959 4085 1223 4138 tuentium
1281 4082 1586 4152 ingenuitas
1623 4082 1886 4136 roborat:

299 4173 441 4231 istos
465 4185 644 4231 autem
676 4178 1012 4232 diversorum
1045 4185 1349 4244 temporum
1389 4172 1641 4227 debilitas
1668 4187 1770 4225 non
1795 4189 1888 4225 ex-

299 4277 477 4324 (211831.

871 4337 1098 4394 CAPUT
1127 4336 1319 4392 XXIX.

536 4452 610 4508 De
633 4453 954 4508 venientibus
984 4467 1048 4505 ex
1079 4449 1272 4505 circulo
1299 4449 1368 4502 ad
1402 4463 1651 4502 eremum.

377 4546 437 4601 Si
469 4547 689 4617 quando
723 4547 791 4601 de
844 4543 1086 4599 saeculari
1126 4542 1312 4597 habitu
1361 4541 1483 4609 quis
1527 4541 1593 4592 ad
1642 4552 1883 4592 crcmum
1917 4578 1965 4635 η

300 4637 548 4692 converti
573 4636 828 4701 voluerit,
859 4635 986 4698 noli,
1018 4633 1175 4704 juxta
1206 4633 1449 4703 priorum
1497 4647 1762 4695 nortnam,
1797 4647 1884 4684 rn-

301 4729 540 4783 dimcnta
563 4726 879 4782 monasterii
904 4726 1131 4781 suadere
1163 4739 1178 4780 :
1213 4724 1308 4778 sed
1331 4722 1376 4778 si
1409 4722 1624 4778 devotio
1651 4735 1775 4775 vera
1823 4736 1884 4774 ac

302 4821 516 4878 sincera
559 4821 819 4892 patuerit,
847 4822 898 4875 in
933 4833 1142 4882 eremo,
1170 4832 1332 4887 quam
1382 4813 1614 4886 flagitat,
1665 4829 1886 4868 conver-

299 4914 470 4968 sionis
495 4913 700 4968 aditum
731 4914 928 4983 prazbe.
976 4911 1053 4966 Eo
1079 4910 1293 4981 quippe,
1330 4918 1389 4964 ut
1440 4908 1629 4979 lugens
1672 4907 1882 4977 loquar,

298 5004 560 5076 pleraque
602 5005 854 5060 devoluta
908 5013 1034 5058 sunt
1087 5001 1434 5063 monasteria,
1482 5011 1543 5054 ut
1576 5001 1884 5054 vitiosiores

302 5099 648 5165 reperiantur
693 5097 761 5150 ab
812 5097 891 5151 eis
942 5096 1165 5166 ingressi
1208 5113 1220 5148 :
1280 5109 1442 5162 quam
1478 5092 1534 5154 ii,
1592 5093 1681 5159 qui
1714 5106 1882 5159 nuper

295 5186 466 5262 356
493 5198 619 5244 sunt
644 5189 711 5244 de
743 5189 997 5244 mundani
1029 5186 1292 5258 naufragii
1325 5183 1576 5240 fluctibus
1616 5184 1775 5238 erati.
1819 5181 1884 5235 lit

298 5291 448 5335 certe
475 5279 708 5350 simplici
741 5279 954 5332 metallo
999 5287 1226 5333 moneta:
1265 5278 1476 5348 signum
1522 5286 1884 5346 congruenter

299 5370 632 5440 imprimitur
683 5389 697 5424 :
755 5377 810 5424 at
856 5379 1139 5440 postquam
1189 5369 1420 5422 falsatus
1467 5376 1550 5423 est
1607 5383 1879 5431 nummus,

300 5461 515 5517 difﬁcile
539 5470 624 5517 est
660 5471 722 5516 ut
755 5462 824 5516 ad
851 5463 1131 5516 veritatem
1159 5459 1444 5514 monetalis
1482 5457 1679 5528 regula:
1716 5459 1887 5514 curri-

301 5563 423 5623 gatu
431 5569 476 5607 r.

371 5645 565 5702 Patcat
603 5647 768 5719 igitur
797 5648 974 5703 aditus
1002 5646 1238 5702 venienti
1270 5647 1336 5701 dc
1364 5642 1582 5709 satculo,
1613 5656 1671 5700 ut
1701 5648 1887 5715 impri-

305 5750 482 5796 matur
539 5740 935 5811 quodammodo
989 5739 1214 5808 simplici
1274 5741 1676 5811 superveniens
1716 5741 1888 5812 figura

702 5835 976 5896 PATROL.
1041 5834 1281 5926 CXLV.

2003 1884 2163 1952 plinze
2193 1900 2451 1941 censuras
2470 1929 2483 1951 ,
2514 1905 2878 1958 supervacuos
2917 1891 3401 1948 tintinnabulorum
3445 1897 3591 1950 clan-

2000 1994 2185 2048 gores,
2200 1979 2590 2036 cantilenarum
2616 1983 2938 2052 nmltiplices
2956 1985 3288 2054 harmonias,
3303 2003 3590 2044 ornamen-

2006 2078 2183 2124 torum
2206 2071 2474 2140 phaleras,
2493 2084 2547 2128 et
2569 2084 2761 2128 czetera
2789 2075 3181 2146 talia,quadam
3205 2079 3398 2134 sobria
3416 2095 3592 2150 repre-

2001 2155 2280 2213 hensionis
2319 2171 2435 2215 arte
2467 2163 2723 2231 dijudica,
2763 2174 3135 2233 competenter
3171 2177 3430 2234 extenua,
3471 2168 3593 2223 sine

2002 2248 2352 2307 damnatione
2388 2253 2647 2322 dcpretia,
2701 2255 2940 2311 inferens
2989 2257 3118 2313 illud
3146 2260 3386 2328 Apostoli
3413 2277 3426 2315 :
3452 2260 3592 2328 Quia

2007 2357 2028 2390 ι
2050 2340 2100 2393 in
2123 2341 2340 2397 Christo
2361 2340 2488 2397 Jesu
2511 2359 2684 2413 neque
2710 2346 3055 2402 circumcisio
3081 2350 3287 2420 aliquid
3308 2351 3468 2413 valet,
3499 2367 3591 2406 ne-

2001 2444 2108 2499 que
2129 2433 2474 2502 prmputium,
2493 2434 2585 2490 sed
2611 2450 2745 2490 nova
2763 2447 3012 2493 creatura
3029 2438 3228 2509 (Calai.
3245 2442 3379 2509 νυ.»
3405 2442 3469 2496 Et
3492 2442 3590 2496 itc-

2004 2536 2162 2578 rtnn:
2198 2523 2334 2590 Quia
2382 2543 2400 2576 ‹
2447 2525 2760 2583 Altissimus
2789 2546 2894 2584 non
2927 2531 2979 2585 in
3028 2533 3348 2588 manufactis
3383 2534 3591 2590 habitat

2001 2615 2142 2683 (Act.
2173 2616 2293 2686 vn).
2323 2635 2342 2668 ι
2375 2615 2506 2672 lllud
2542 2620 2704 2674 etiam
2734 2623 2800 2676 ad
2827 2621 3166 2679 Timotheum
3203 2642 3217 2678 :
3257 2641 3276 2676 ι
3299 2625 3432 2693 Quia
3465 2641 3588 2682 cor-

2001 2703 2202 2772 poralis
2245 2708 2564 2764 exercitatio
2618 2714 2685 2766 ad
2725 2713 2995 2768 tnodicum
3048 2716 3193 2773 utilis
3247 2728 3362 2785 est,
3417 2720 3590 2790 pietas

2002 2804 2182 2851 autem
2208 2799 2272 2852 ad
2295 2801 2475 2854 omnia
2506 2803 2650 2858 utilis
2682 2815 2760 2859 est
2793 2804 2842 2878 (1
2872 2805 3007 2860 Tim.
3049 2811 3144 2878 tv).
3177 2829 3195 2860 ι
3224 2809 3320 2866 llis
3347 2811 3506 2882 igitur
3535 2823 3590 2868 et

2001 2885 2308 2956 hujusmodi
2339 2890 2680 2950 documentis
2707 2898 3162 2954 existimationem
3188 2903 3586 2960 monasterialis

2001 2984 2208 3039 ordinis
2260 2985 2493 3054 quodam
2542 2989 2799 3044 modestae
2838 3006 3086 3046 censurae
3131 2991 3418 3048 libramine
3458 3011 3586 3064 sup-

2001 3074 2208 3143 prime;
2243 3085 2302 3130 ut
2331 3077 2457 3132 dum
2489 3077 2542 3131 in
2571 3080 2840 3134 audientis
2869 3092 3049 3136 mente
3077 3082 3279 3138 fabrica
3313 3095 3584 3140 consueta:

2000 3168 2123 3221 vita:
2169 3168 2496 3232 destruitur,
2525 3170 2758 3238 praelata:
2783 3173 3088 3228 solitudinis
3132 3175 3423 3232 mdificium
3451 3192 3584 3232 con-

1997 3267 2280 3316 struatur:
2312 3267 2368 3314 et
2408 3261 2474 3314 ad
2521 3261 2770 3317 standum
2813 3278 2872 3318 se
2915 3263 2980 3319 de
3024 3274 3222 3321 extero
3271 3275 3584 3322 constanter

1996 3349 2277 3420 accingat,
2306 3351 2399 3419 qui
2434 3365 2492 3406 se
2517 3351 2780 3407 hactenus
2804 3353 3043 3420 iacuisse
3073 3357 3400 3413 considerat.

2068 3439 2124 3493 Si
2175 3455 2302 3496 vero
2345 3451 2461 3510 post
2510 3445 2714 3510 peracti
2755 3443 2957 3499 laboris
2986 3447 3239 3502 diuturna
3280 3452 3580 3506 certamina

1995 3539 2119 3601 post
2144 3532 2422 3587 edomatas
2453 3544 2742 3590 macerat-.1:
2769 3537 2949 3591 carnis
2982 3537 3294 3606 illecebras,
3323 3556 3445 3597 cum
3463 3543 3578 3612 jam

1994 3639 2056 3678 se
2087 3625 2284 3680 viderit
2323 3627 2683 3695 quormndam
2714 3629 3004 3695 vitiorum,
3037 3632 3182 3686 velut
3223 3635 3444 3690 totidem
3477 3636 3578 3690 ho-

1994 3717 2182 3782 stium,
2212 3718 2355 3774 calca
2366 3735 2421 3774 re
2437 3721 2696 3785 cervices,
2717 3724 2944 3791 coeperit
2971 3724 3379 3782 immoderatius
3403 3739 3578 3784 trans-

1993 3816 2113 3863 acta
2151 3809 2445 3880 despicere,
2481 3821 2532 3865 et
2580 3828 2677 3876 ea,
2725 3828 2845 3882 quae
2883 3825 3083 3882 praesto
3126 3827 3288 3883 sunt,
3336 3819 3576 3874 liberiori

1995 3901 2150 3956 laude
2195 3903 2468 3972 proferre;
2533 3917 2658 3959 tunc
2709 3907 3080 3963 coenobiorum
3136 3918 3262 3963 sunt
3306 3907 3575 3966 efferenda

1991 3995 2284 4062 przeeonia,
2309 4003 2358 4050 et
2385 4011 2716 4065 ipnecnnque
2742 3998 2791 4050 in
2815 4013 3002 4054 eorum
3024 3999 3300 4070 discipulis
3322 4013 3573 4072 aguntur.

1995 4085 2062 4139 ad
2096 4085 2187 4142 Dei
2228 4087 2450 4156 gloriam
2486 4086 2804 4151 referenda;
2849 4105 2913 4142 ac
2958 4089 3210 4144 salutaris
3257 4092 3576 4148 obedientize

1990 4177 2322 4245 perbibenda
2355 4187 2478 4230 sunt
2506 4179 2800 4242 sacrificia;
2836 4187 3106 4248 quatenus
3153 4180 3277 4234 dum
3309 4181 3574 4248 professio

1991 4268 2115 4322 vine
2145 4269 2448 4322 communis
2476 4268 2782 4331 extollitur,
2813 4267 2885 4322 de
2913 4269 3168 4337 singulari
3198 4272 3492 4339 proposito,
3523 4277 3571 4327 si

1991 4373 2099 4428 qua
2139 4358 2278 4412 forte
2308 4357 2676 4426 subrepserat,
2705 4359 3010 4429 arrogantia
3040 4360 3358 4429 deponatur.
3391 4361 3459 4416 Et
3480 4377 3573 4418 ne-

1991 4465 2259 4521 quaquam
2283 4450 2434 4518 quasi
2459 4451 2525 4504 de
2547 4449 2882 4518 perfectioris
2907 4453 3028 4507 vitze
3046 4452 3325 4522 privilegio
3343 4463 3541 4509 tumeat
3555 4497 3570 4517 ,

1990 4541 2116 4596 dum
2162 4541 2448 4612 plerosque
2493 4543 2545 4595 in
2593 4542 2835 4598 infcriori
2874 4545 3040 4614 gradu
3089 4553 3238 4600 tanto
3287 4546 3572 4603 sublimius

1992 4634 2302 4689 incedentes
2329 4634 2506 4689 adhuc
2542 4634 2770 4691 fortasse
2805 4652 2910 4690 non
2952 4649 3150 4706 aequat.
3184 4639 3571 4694 Admoncndns

1990 4739 2092 4792 est,
2119 4738 2176 4782 ut
2202 4729 2243 4784 si
2271 4730 2397 4798 quid
2425 4731 2692 4800 agendum
2715 4730 2960 4785 fortassis
2989 4733 3290 4796 iuuuineat,
3321 4748 3424 4785 non
3446 4748 3570 4800 pro-

1990 4831 2177 4887 pterea
2225 4822 2582 4890 quorumdam
2631 4838 2780 4876 more
2829 4823 3221 4875 ccenohitarnm
3251 4861 3266 4885 ,
3313 4822 3572 4875 velociter

1990 4913 2184 4983 psallat
2216 4931 2228 4967 :
2261 4923 2316 4967 et
2360 4913 2437 4967 sic
2473 4914 2537 4965 de.
2568 4912 2835 4964 Psalterio
2865 4913 2931 4964 ad
2965 4911 3236 4979 negotium
3287 4911 3400 4964 vice
3447 4926 3571 4978 pcr-

1989 5018 2170 5066 versa.
2205 5013 2456 5073 tanquam
2500 5006 2564 5058 de
2604 5002 2790 5076 pelago
2818 5003 2883 5056 ad
2920 5000 3069 5056 littus
3094 5009 3314 5055 enatare
3348 5009 3570 5056 conten-

1991 5095 2102 5148 dat.
2132 5095 2473 5151 Anxietatem
2505 5097 2700 5164 quippe
2727 5092 2980 5161 Spiritus,
3017 5091 3244 5144 callidus
3284 5091 3573 5146 insidiatur

1990 5183 2151 5254 357
2192 5185 2464 5239 immittit:
2497 5184 2734 5253 quietum
2769 5195 2894 5240 vero
2943 5190 2997 5236 et
3029 5181 3282 5234 humilem
3312 5182 3570 5248 animum,

1991 5277 2080 5330 ubi
2121 5278 2451 5345 requiescat.
2483 5277 2732 5345 princeps
2761 5275 2912 5340 pacis
2952 5273 3197 5343 inquirit.
3233 5273 3576 5344 Respondeat

1989 5369 2155 5439 igitur
2185 5368 2496 5424 adversario
2543 5367 2848 5436 suggerenti
2882 5363 3149 5430 fabulosa,
3193 5369 3319 5423 dum
3354 5370 3529 5439 psallit
3557 5386 3578 5425 :

1989 5461 2115 5515 dum
2146 5459 2270 5526 hoc,
2313 5458 2452 5528 quod
2497 5474 2608 5529 pra:
2647 5458 2895 5512 manibus
2925 5467 3028 5521 est,
3087 5457 3319 5514 officium
3358 5476 3576 5532 perago,

1989 5552 2206 5606 interim
2247 5564 2396 5617 tace;
2435 5549 2778 5619 postmodum
2825 5545 2870 5604 si
2906 5551 3037 5622 quid
3081 5568 3241 5606 causa
3271 5553 3578 5625 dictaverit,

1993 5643 2292 5699 inuotescc.

2063 5735 2216 5805 Quod
2239 5735 2311 5809 _si
2355 5733 2532 5790 adhuc
2567 5732 2902 5804 pertinacius
2929 5734 3149 5802 ingruit,
3181 5743 3236 5788 et
3263 5731 3576 5789 obﬁrmatm

3107 5825 3190 5893 19.
