4148 5358
515 268 623 325 565

979 262 1039 321 S.
1079 262 1282 319 PETRI
1318 260 1601 318 DAMIANI
1637 259 1787 318 OPP.
1813 258 2051 317 TOMUS
2088 258 2220 317 SEU
2261 257 2460 316 PARS.
2498 256 2584 315 III.
2607 254 3063 315 -—OPUSCULA
3086 254 3315 313 VARIA.

3675 255 3784 315 564

511 383 736 447 insistit,
762 386 1051 449 utrumque
1077 377 1260 443 simul,
1284 386 1338 433 et
1365 378 1417 432 id
1442 378 1584 448 quod
1608 378 1859 441 mittitur,
1887 383 1943 431 et
1970 390 2092 430 eum
2125 380 2175 439 Α
2271 373 2567 449 tut_a,_s_ed_
2599 372 2791 449 lepiora
2843 372 3072 449 quadam
3105 444 3116 449 _
3143 371 3303 449 hujus
3370 374 3787 430 conversationis

511 476 603 547 qui
637 474 855 529 miserit‘
899 470 1212 526 maledicat.
1257 469 1496 541 Adjiciat
1526 485 1740 540 quoque
1763 469 1945 523 verbis
1971 482 2091 522 eum

508 575 715 622 terrere
770 562 1095 626 minacibus,
1152 561 1376 616 dicens:
1434 559 1516 614 Me
1564 559 1747 614 infelix
1803 559 2014 624 desere,
2042 566 2095 613 et

504 653 845 713 tremendum
889 652 1078 725 judicii
1129 652 1269 707 diem
1321 660 1447 706 ante
1476 652 1664 708 oculos
1709 666 1871 722 pone,
1910 652 2094 722 inquo

2268 445 2529 515 principia
2550 445 2605 498 in
2643 444 2741 497 hac
2769 442 2947 514 regula
2977 443 3251 497 contineri.

2267 534 2507 590 Obsecro
2551 542 2729 589 autem
2781 549 2848 588 ne
2904 547 3012 598 me,
3044 534 3240 587 fratres
3290 532 3417 597 mei,
3469 531 3787 590 districtiori

2198 642 2360 699 quam
2392 628 2481 682 hic
2536 627 2747 698 legitur,
2800 625 2916 697 lege
2963 626 3231 692 viventes,
3281 625 3653 685 dissolutionis
3699 643 3788 684 ar-

502 746 757 801 videlieet
794 717 941 813 iuste
985 741 1323 799 damnandus
1348 758 1427 808 es,
1464 750 1519 796 et
1548 717 1823 812 perpetuis
1857 717 2098 811 postmo-
2195 726 2384 813 Simili:
2422 727 2476 774 θῑ
2504 718 2873 773 θυδιθῖίῑθιθιη
2908 717 3087 813 θτθῐξιί-
3125 718 3789 813 ίοωβθνίιεδῆ-θιξδίετίο·

503 839 631 894 dum
677 835 908 893 ﬂammis
963 833 1244 889 ultricibus
1287 834 1618 890 exurendus.
1675 832 1777 901 Qui
1835 834 2090 888 nimirum

500 938 678 985 terror
722 926 1011 997 plurimum
1034 924 1181 979 valet
1215 924 1285 978 ad
1328 924 1693 993 superandam
1748 938 2004 994 pugnam,
2037 931 2092 978 et

501 1020 570 1074 ad
599 1016 960 1086 effugiendam
1005 1015 1208 1074 versuti
1249 1014 1584 1069 insidiatoris
1631 1015 1913 1068 astutiam.
1955 1013 2091 1069 Hine

498 1122 583 1166 est
632 1109 819 1175 etiam,
866 1106 1008 1176 quod
1062 1104 1355 1176 praemissis
1397 1104 1734 1159 orationibus
1776 1104 2090 1172 exorcistni,

500 1215 716 1271 semper
740 1214 808 1254 ex
832 1196 1202 1253 ecclesiastica
1236 1195 1529 1251 traditione
1559 1194 1941 1265 subiungitur:
1985 1196 2089 1262 Qui

500 1302 764 1349 venturus
793 1298 876 1346 est
902 1288 1150 1359 judicare
1177 1289 1328 1344 vivos
1365 1297 1422 1344 et
1447 1295 1719 1353 mortuos,
1743 1297 1798 1342 et
1833 1286 2090 1342 sarculum

501 1400 597 1455 per
626 1385 803 1454 ignem
838 1399 850 1436 :
884 1389 943 1436 ut
979 1381 1105 1437 dum
1136 1380 1404 1451 malignus
1452 1380 1674 1449 spiritus
1706 1388 1854 1434 tanta
1904 1378 2091 1434 formi-

496 1477 623 1531 dine
654 1475 709 1529 in
746 1472 1041 1529 tentatione
1084 1472 1415 1542 percellitur,
1461 1487 1489 1526 a
1532 1478 1784 1527 creatura
1816 1470 1906 1525 Dei
1936 1470 2089 1526 terrio

496 1574 585 1621 tus
616 1563 934 1635 expellatur.
966 1562 1060 1617 llis
1097 1571 1151 1617 et
1178 1560 1487 1631 huiusmodi
1530 1562 1652 1616 telis
1689 1561 2088 1617 commilitones

496 1667 620 1712 tuos
654 1655 924 1711 subtiliter
972 1654 1198 1719 instrue,
1255 1664 1310 1710 et
1341 1655 1395 1709 in
1428 1654 1546 1710 acie
1597 1670 1720 1710 cum
1754 1655 2086 1710 adversariis

490 1744 692 1818 iugiter
734 1745 997 1801 dimicare
1027 1746 1262 1816 praevius
1294 1746 1444 1802 doce.
1539 1795 1543 1798 .

1054 1836 1285 1895 CAPUT
1324 1838 1518 1894 XXXI.

486 1931 569 1988 De
625 1932 891 2002 patientia
948 1931 1162 1995 virtute,
1204 1930 1284 1984 illi
1345 1933 1436 2013 qui
1482 1941 1666 2002 [πη-ρει
1721 1931 1947 1985 maxime
1995 1946 2083 1984 ne-

1164 2008 1414 2055 cessaria.
1848 2008 1853 2019 ’

561 2091 727 2145 Plane
754 2106 877 2145 cum
911 2091 1161 2146 omnibus
1184 2089 1383 2146 debeas
1417 2089 1611 2146 ﬂorere
1642 2091 1953 2156 virtutibus,
1989 2091 2080 2160 qui

489 2187 556 2241 ad
592 2185 807 2239 virtutis
834 2184 1138 2255 exemplum
1167 2199 1226 2238 es
1261 2198 1423 2255 super
1449 2183 1580 2239 alios
1600 2184 1949 2249 constitutus,
1984 2197 2081 2252 pa-

486 2278 694 2331 tientize
725 2274 911 2331 virtuti
946 2275 1267 2347 propensius
1312 2274 1533 2330 studeas
1565 2293 1578 2329 :
1627 2275 1934 2345 oninigenae
1984 2273 2079 2327 ad-

484 2366 767 2422 versitatis
801 2365 1078 2422 obstacula
1109 2380 1202 2435 per
1237 2366 1559 2436 patientiam
1599 2370 1772 2420 vince.
1812 2362 2078 2418 Patientia

489 2466 542 2512 te
581 2458 775 2513 durum
823 2457 1075 2528 lapidem,
1118 2457 1227 2512 itno
1271 2457 1617 2513 insecabilem
1670 2459 1906 2528 praebeat
1952 2457 2080 2511 ada-

484 2560 746 2619 mantem.
779 2552 1099 2607 Adamantis
1128 2551 1327 2621 quippe
1372 2551 1606 2621 sigillum
1654 2549 1885 2604 formam
1926 2558 2077 2604 caete'

482 2645 561 2698 ris
604 2642 872 2715 lapidibus
903 2641 1206 2711 imprimit:
1255 2643 1349 2697 sed
1394 2641 1633 2696 vicissim
1674 2640 1728 2695 in
1773 2654 1832 2694 se
1876 2638 2076 2694 nullius

479 2731 771 2787 soliditatis
799 2730 1089 2801 imaginem
1132 2745 1355 2800 prorsus
1380 2730 1639 2784 admittit.
1688 2728 1836 2783 Mens
1858 2743 2075 2797 quoque

482 2833 571 2878 tua
618 2824 663 2878 si
689 2821 1033 2879 irruentibus
1073 2822 1317 2877 adversis
1364 2820 1508 2876 nulla
1558 2836 1617 2876 se
1666 2819 2074 2891 perturbatione

481 2912 796 2978 mutaverit,
824 2911 974 2967 velut
1001 2910 1162 2967 alieni
1196 2913 1249 2966 in
1294 2927 1353 2967 se
1393 2911 1588 2981 lapidis
1640 2910 1929 2982 imaginem
1966 2924 2072 2966 non

481 3005 680 3075 accipit
711 3022 723 3057 :
755 3004 866 3061 into
894 3019 1050 3059 suum
1079 3003 1201 3059 aliis
1231 3003 1604 3060 characterem
1629 3002 1913 3068 imprimit,
1944 3002 2073 3058 dum

2196 812 2272 866 ris
2300 810 2442 866 forte
2496 826 2740 866 censura:
2792 824 2955 879 quam
3007 809 3259 872 debeant,
3310 808 3784 880 suggillationibus

2194 903 2614 973 reprehendant.
2645 900 2779 956 Nam
2811 916 2932 956 eum
2965 899 3223 955 Israelita:
3247 899 3321 954 illi
3360 890 3608 955 carnales
3639 899 3785 956 deci-

2195 994 2447 1050 dentibus
2474 992 2751 1063 Beujamin
2780 992 2902 1046 filiis
2928 990 3212 1045 venialiter
3235 999 3484 1059 parcunt,
3508 1005 3785 1063 unamque

2192 1101 2258 1142 ex
2303 1085 2468 1141 Israel
2495 1085 2758 1140 cecidisse
2806 1082 3004 1138 tribum
3053 1081 3483 1153 laerymabiliter
3530 1091 3773 1153 gemunt,

2191 1187 2248 1233 et
2278 1177 2481 1233 amaris
2517 1176 2733 1232 ﬂetibus
2763 1184 2818 1230 et
2846 1174 3141 1230 ululatibus
3173 1182 3581 1245 conque-runtur
3614 1192 3626 1227 :
3654 1174 3782 1242 quid

2190 1271 2350 1326 nobis
2395 1270 2660 1340 agendum
2702 1276 2806 1332 est,
2839 1283 2962 1323 cum
3012 1267 3293 1321 videamus
3340 1267 3482 1320 inter
3521 1264 3781 1327 ecclesia-

2191 1362 2340 1418 sticae
2365 1361 2663 1431 disciplina:
2695 1358 2931 1428 reliquos
2974 1358 3195 1415 ordines
3228 1359 3524 1415 eremitiece
3572 1359 3707 1429 proft
3727 1375 3781 1413 δε

2189 1454 2357 1510 sionis
2397 1468 2683 1509 numerum
2726 1460 2953 1507 eatenus
2998 1451 3378 1519 imminutum;
3412 1461 3472 1507 ut
3504 1452 3556 1505 in
3584 1450 3782 1523 pleris-

2190 1561 2295 1616 que
2327 1555 2485 1601 terrae
2530 1542 2826 1614 provinciis
2861 1558 2969 1597 non
3007 1544 3345 1614 ambigamus
3382 1543 3624 1600 funditus
3655 1559 3782 1599 esse

2189 1636 2444 1692 deletum.
2492 1634 2827 1690 Parcendum
2880 1643 2963 1691 est
3015 1649 3144 1706 ergo
3194 1634 3499 1705 Beniamin,
3550 1635 3783 1708 egregiis

2188 1726 2463 1793 videlicet,
2491 1741 2555 1781 ac
2602 1725 2993 1781 robustissimis
3041 1726 3183 1781 inter
3232 1726 3507 1783 Israclttas
3552 1737 3780 1783 caeteros

2186 1818 2574 1885 bellatoribus;
2603 1825 2874 1888 quatenus
2900 1818 3147 1885 venialis,
3181 1828 3236 1875 et
3267 1820 3545 1875 moderata
3573 1819 3781 1875 discre~

2186 1910 2263 1965 tio
2306 1924 2404 1982 per
2459 1909 2798 1980 posteritatis
2856 1909 3192 1965 incrementa
3247 1909 3585 1979 mult'plicet,
3639 1924 3778 1979 quos

2182 2002 2370 2071 utique
2397 2001 2647 2057 districta
2694 2000 2982 2065 severitas,
3011 1999 3096 2055 vel
3127 2001 3305 2069 potius
3335 2000 3569 2054 humana
3614 1998 3780 2069 fragi-

2182 2093 2308 2150 litas
2356 2093 2677 2150 annullavit.
2719 2093 2787 2148 Et
2838 2094 2918 2149 sic
2951 2093 3186 2148 tribuum
3234 2106 3491 2147 numerus
3538 2099 3774 2156 constet,

2181 2190 2305 2246 dum
2337 2205 2477 2253 eam,
2526 2203 2647 2259 quae
2690 2188 2923 2259 periisse
2964 2186 3266 2250 videbatur,
3316 2184 3607 2240 austeritas
3634 2193 3773 2239 tem-

2180 2287 2366 2349 perata
2392 2287 2698 2334 conservet.
2742 2275 2875 2332 Nam
2903 2285 2957 2332 et
3002 2276 3128 2330 illud
3159 2289 3374 2345 quoque
3399 2289 3506 2329 non
3542 2273 3770 2338 excidit,

2179 2370 2321 2440 quod
2347 2370 2519 2424 sancti
2545 2368 2799 2440 apostoli,
2827 2367 2920 2438 qui
2949 2366 3099 2421 missi
3128 2364 3345 2420 fuerant
3370 2380 3587 2420 crucem
3609 2360 3772 2420 Chri-

2178 2462 2246 2517 sti
2278 2461 2518 2516 humano
2562 2461 2747 2531 generi
2794 2460 3087 2531 praedicare
3133 2457 3273 2527 (Act.
3322 2474 3412 2521 xv,
3461 2460 3602 2525 xxx),
3657 2471 3776 2511 om-

2177 2555 2437 2623 niumque
2463 2555 2725 2607 virtutum
2767 2551 3074 2623 ad0ptionis
3119 2549 3257 2605 filios
3297 2549 3638 2604 documentis
3666 2549 3770 2602 im-

2174 2643 2363 2710 buere,
2410 2643 2553 2698 inter
2607 2642 2721 2713 ipsa
2777 2641 3055 2697 nascentis
3112 2640 3236 2695 fidei
3286 2640 3620 2703 rudimenta,
3667 2639 3772 2693 hoc

2173 2732 2346 2788 solum
2388 2733 2709 2802 quibusdam
2741 2739 3109 2802 prteeeperunl
3159 2728 3495 2799 gentilibus:
3538 2738 3599 2784 ut
3644 2724 3771 2783 abS-

2175 2821 2410 2877 tinereut
2458 2836 2518 2878 se
2570 2822 2637 2875 ab
2695 2821 2987 2876 immolatis
3036 2820 3452 2876 simulacrorum
3482 2860 3496 2886 ,
3545 2828 3602 2874 et
3643 2835 3770 2874 san-

2172 2915 2355 2985 guine,
2376 2924 2431 2969 et
2447 2912 2733 2979 suffocato,
2751 2922 2804 2969 et
2818 2913 3195 2969 fornicatione.
3214 2913 3556 2985 Imponentes
3570 2914 3769 2984 quippe

2175 3004 2424 3071 minima,
2462 3019 2570 3060 non
2607 3004 2934 3075 prohibuere
2981 3005 3222 3076 majora;
3269 2992 3448 3076 utqui
3482 3020 3635 3061 nova:
3673 3005 3769 3059 do-

480 3097 743 3167 quidquid
760 3096 1103 3152 adversitatis
1132 3096 1408 3161 acciderit,
1428 3097 1480 3151 in
1508 3096 1735 3154 salutem
1765 3095 1865 3150 sibi
1889 3095 2071 3149 suavi-
2101 3113 2146 3177 ρ
2178 3095 2367 3151 ctrina:
2417 3093 2618 3149 duritia
2673 3104 2927 3166 poterant
2981 3096 3264 3162 deterreri,
3324 3086 3766 3167 quandoquead

477 3196 594 3242 tate
630 3187 851 3254 mentis,
878 3195 932 3243 et
962 3187 1128 3243 animi
1183 3188 1575 3258 tranquillitate
1620 3186 1913 3242 convertit.
1969 3187 2077 3240 Aut

479 3293 779 3348 nunquam,
825 3286 919 3332 aut
960 3293 1088 3333 raro
1118 3278 1412 3348 capitulum
1462 3294 1586 3334 cum
1636 3276 1895 3333 fratribus
1936 3278 2075 3332 cele-

483 3376 696 3432 bretur,
728 3382 836 3438 quo
883 3368 1045 3422 missa
1078 3376 1349 3422 metantea
1394 3376 1445 3422 te
1492 3382 1599 3423 non
1647 3382 1897 3434 accuses;
1932 3366 2073 3421 ultro

480 3460 646 3516 etiam
684 3460 735 3514 in
785 3468 837 3515 te
889 3476 1178 3531 scoparum
1224 3461 1508 3531 disciplina
1561 3461 1841 3530 procedat,
1881 3459 2070 3515 lutmili

479 3551 614 3605 satis
641 3551 962 3607 auctoritate
994 3552 1249 3621 deposce.
1293 3550 1351 3606 Si
1384 3550 1465 3606 vel
1496 3559 1670 3615 tuum,
1711 3550 1797 3605 vel
1840 3549 2069 3619 cujusli-

476 3641 574 3696 bet
621 3642 805 3697 fratris
848 3642 1034 3697 lwsum
1092 3643 1379 3697 adversum
1425 3651 1474 3695 te
1524 3642 1765 3695 animum
1811 3640 2065 3706 senseris,

477 3731 587 3786 noli
616 3732 916 3801 quiescere,
949 3732 1119 3787 donec
1164 3730 1382 3786 studeas
1409 3730 1600 3785 vulnus
1643 3729 1861 3794 mentis,
1907 3737 2068 3800 prout

480 3837 645 3877 causa
672 3823 975 3888 dictaverit,
1015 3823 1098 3877 vel
1130 3823 1495 3892 corripiendo,
1530 3822 1612 3875 vel
1638 3821 1946 3887 muleendo,
1981 3821 2067 3876 vel

478 3914 648 3973 etiam
704 3914 1090 3970 satisfaciendo
1144 3929 1359 3970 sanare.
1408 3913 1614 3970 Idcirco
1661 3923 1844 3969 autem
1901 3929 2064 3984 super

479 4004 680 4074 prioris
707 4002 883 4061 officio
929 4005 1132 4061 diutius
1170 4006 1334 4060 verba
1369 4005 1754 4076 protrahimus,
1802 4006 1928 4076 quia
1977 4006 2061 4062 di-

478 4094 606 4149 vina
633 4096 807 4167 gratia
836 4097 1106 4167 praeduce,
1134 4112 1348 4151 omnem
1379 4097 1745 4165 subiectorum
1775 4098 2062 4170 perfectio-

478 4200 605 4239 nem
655 4187 707 4240 in
756 4187 874 4258 ejus
929 4188 1163 4257 pendere
1193 4189 1505 4260 magisterio
1554 4204 1662 4244 non
1712 4190 2054 4262 atnbigimus.

475 4276 631 4343 Quod
656 4278 797 4332 enim
829 4279 1141 4334 stomachus
1163 4278 1216 4333 in
1258 4279 1495 4334 humano
1531 4295 1776 4351 corpore,
1806 4282 1911 4337 hoc
1938 4296 2061 4350 pro-

475 4365 764 4434 pemodum
795 4367 944 4434 prior
971 4377 1054 4421 est
1081 4367 1132 4420 in
1174 4368 1405 4421 fratrum
1444 4370 1803 4442 spiritualium
1834 4386 2060 4441 congre-

2174 3191 2337 3245 fortia
2374 3190 2815 3247 convalescerent
2839 3191 3126 3261 prazceptis
3174 3190 3485 3246 mitioribus
3512 3188 3759 3253 invitati;

2173 3288 2229 3334 et
2255 3296 2283 3333 a
2317 3281 2519 3351 parvis,
2555 3295 2619 3336 ac
2644 3280 2878 3346 levibus,
2906 3281 3052 3336 velut
3079 3281 3233 3351 pueri
3261 3280 3436 3336 adhuc
3478 3280 3764 3345 lactentes,

2174 3373 2496 3442 inciperent,
2562 3381 2621 3426 ut
2673 3373 2925 3441 graviora
2980 3372 3116 3443 legis
3166 3373 3364 3428 divinas
3405 3372 3663 3427 mandata
3708 3371 3764 3425 in

2170 3464 2409 3534 perfecta
2437 3463 2779 3532 postmodum
2818 3473 2978 3518 :etate
3006 3464 3250 3518 valenter
3288 3464 3594 3534 implerent.
3648 3486 3655 3491 -

2240 3553 2348 3609 Nos
2399 3554 2605 3617 etiam,
2655 3552 2747 3622 qui
2818 3551 3082 3623 spiritalis
3140 3552 3382 3607 infantiae
3432 3552 3764 3623 crepundia:

2175 3645 2430 3708 teximus,
2465 3652 2519 3698 et
2562 3642 2813 3696 laetantis
2851 3642 3028 3697 adhuc
3065 3642 3327 3707 eremitae,
3357 3651 3419 3696 ut
3448 3642 3522 3697 ita
3555 3642 3758 3707 fatear,

2168 3732 2493 3791 incunabula
2527 3731 2888 3797 fabricamus;
2932 3731 3059 3785 dum
3103 3730 3308 3787 debiles
3356 3746 3622 3800 quosque,
3665 3747 3763 3786 no-

2166 3828 2375 3897 strique
2423 3824 2737 3880 consimiles
2780 3838 2880 3893 per
2910 3820 3154 3892 planiora
3206 3821 3546 3886 deducimus,
3593 3818 3739 3891 expc

2166 3919 2278 3973 dite
2323 3917 2647 3986 praecinctos
2699 3914 2768 3969 ab
2811 3913 2967 3968 ardui
3023 3911 3225 3967 montis
3270 3926 3495 3966 ascensu
3535 3912 3760 3967 minime

2164 4009 2550 4081 prohibemus;
2602 4015 2870 4078 quatenus
2909 4003 3204 4063 imbecilles
3249 4002 3426 4058 adhuc
3475 4003 3555 4058 sic
3601 4001 3756 4073 lactis

2164 4103 2342 4175 liquor
2371 4102 2636 4167 enutriat,
2685 4108 2746 4155 ut
2794 4098 3057 4163 valentes,
3107 4112 3172 4152 ac
3206 4095 3416 4151 vividos
3469 4092 3755 4165 corpulen-

2164 4196 2319 4251 tioris
2345 4195 2448 4250 sibi
2480 4193 2725 4249 soliditas
2766 4206 2873 4247 non
2922 4188 3164 4259 repellat.
3210 4186 3323 4241 Hoc
3359 4194 3539 4240 autem
3567 4197 3634 4240 ex
3665 4183 3751 4239 di-

2163 4287 2302 4341 vinae
2332 4283 2633 4339 clementiae
2673 4281 2913 4336 bonitate
2946 4276 3289 4343 confidimus,
3321 4275 3464 4346 quod
3505 4273 3753 4345 quisquis

2166 4373 2253 4428 illa
2286 4386 2568 4443 peragere,
2621 4386 2741 4441 qua:
2786 4355 2841 4423 in
2894 4369 2999 4424 hoc
3047 4367 3306 4439 opusculo
3351 4368 3554 4438 scripta
3600 4378 3749 4429 sunt,

475 4453 714 4524 gatione.
744 4454 896 4508 Sicut
924 4456 1066 4508 enim
1103 4457 1169 4510 de
1212 4458 1472 4512 stomachi
1518 4459 1861 4529 receptaculo
1908 4463 2059 4530 vigor
2087 4474 2136 4533 ι)
2163 4462 2391 4533 augendi
2421 4471 2708 4531 provectus
2739 4458 3037 4515 intentione
3060 4456 3346 4521 studuerit,
3381 4471 3487 4511 non
3524 4454 3749 4510 ltedetur

473 4557 529 4600 et
560 4546 726 4602 robur
753 4563 848 4617 per
893 4547 1075 4601 omnia
1124 4549 1368 4619 corporis
1415 4552 1656 4605 membra
1698 4549 2053 4619 diffunditur;

472 4639 549 4692 ita
584 4637 838 4693 nimirum
874 4638 942 4694 de
976 4638 1115 4694 bene
1153 4640 1532 4695 administrato
1565 4641 1732 4713 358
1763 4643 2057 4713 praesiden-

475 4729 545 4784 tis
572 4725 745 4784 oﬂieio
767 4744 927 4785 omne
953 4744 1148 4801 corpus
1174 4731 1225 4786 in
1256 4731 1538 4787 cbaritatis
1566 4722 1826 4805 compage
1857 4733 2057 4806 degen-

475 4819 609 4876 tium
647 4831 947 4891 vegetatur.

1029 4913 1254 4971 CAPUT
1295 4914 1506 4971 XXXII.

2161 4568 2190 4607 a
2217 4562 2390 4608 morte
2419 4552 2678 4618 secunda,
2711 4565 2810 4607 nec
2837 4549 3105 4606 delebitur
3133 4562 3328 4604 nomen
3370 4544 3488 4616 ejus
3516 4544 3582 4601 de
3612 4541 3749 4600 libro

2162 4646 2307 4712 vitm,
2352 4647 2446 4703 sed
2476 4646 2659 4718 Agnus
2691 4645 2797 4710 ille,
2848 4644 2940 4716 qui
2984 4658 3107 4699 eum
3144 4648 3265 4713 post
3316 4656 3377 4697 se
3407 4638 3597 4695 crucis‘
3637 4640 3749 4691 sure

2161 4738 2429 4809 conspicit
2473 4747 2825 4812 gestatorem,
2874 4736 2929 4790 in
2973 4733 3182 4790 caelesti
3217 4730 3527 4788 Jerusalem
3566 4728 3741 4783 ascrid

2162 4829 2254 4884 bet
2279 4830 2497 4886 sibimet
2528 4826 2714 4898 procul
2737 4826 2899 4881 dubio
2920 4823 3254 4879 cohaeredem
3281 4820 3464 4892 (Apoc.
3490 4833 3582 4886 xx,
3605 4816 3743 4888 ut).

2156 4918 2349 4974 Amen.
