4106 6320
939 287 1180 345 OPUSC.
1222 289 1361 344 XVI.
1402 317 1473 329 -—-
1510 288 1783 346 CONTRA
1819 290 2029 345 EPlSC.
2073 291 2377 349 MONACII.
2417 295 2508 348 AD
2547 294 2720 352 SJEC.
2765 297 2922 353 BEV.

515 459 3512 490 mm

359 489 3582 514 _..__..________________._______________________________

576 611 927 686 359360
1007 635 1855 752 OPUSCULUM
1959 639 2608 756 DECIMUM
2714 643 3333 762 SEXTUM.

337 854 890 921 BHETHORICE
920 853 1575 916 DECLAMATIONIS
1606 853 1986 915 INVECTIO
2013 855 2093 914 IN
2126 856 2566 919 EPISCOPUM
2597 858 3035 921 MONACHOS
3061 866 3168 926 AD
3198 864 3586 930 SECULUM

844 952 1415 1016 REVOCANTEM.
1456 953 2035 1014 AD-GlSLERlUM
2079 954 2519 1019 EPISCOPUM
2566 959 3086 1024 AUXIMANUM.

712 1110 752 1122 ”-
777 1115 858 1143 ...θ
885 1119 928 1144 ι..

338 1245 735 1301 Διιαιιιιεκτωι.
767 1271 837 1282 ——
868 1235 1162 1308 Redarguit
1204 1235 1494 1306 quemdam
1528 1237 1877 1308 episcopum,
1900 1234 1988 1306 qui
2021 1250 2181 1289 ausus
2230 1233 2402 1308 fuerat
2451 1251 2696 1291 asserere
2733 1237 3057 1291 monachum
3115 1239 3388 1307 religionis
3436 1241 3588 1295 habi-

410 1327 519 1369 tmn
568 1311 734 1368 semel
773 1305 1084 1378 susceptum
1149 1305 1322 1377 posse.
1371 1305 1591 1376 propter
1637 1306 2011 1378 aegritudinem
2071 1316 2161 1358 aut
2199 1305 2333 1378 alias
2379 1322 2589 1378 causas,
2637 1308 2932 1368 deserere;
2982 1310 3123 1376 quod
3163 1305 3323 1378 quam
3371 1311 3439 1364 sit
3487 1314 3587 1364 im-

404 1387 592 1454 pium.
643 1391 698 1436 et
745 1381 916 1454 sacris
941 1377 1260 1454 cauonihus
1302 1379 1766 1454 conciliorumqne
1811 1377 2024 1454 statutis
2077 1377 2410 1454 contrarium
2459 1377 2700 1445 pluribus
2745 1378 3012 1443 ostendit,
3045 1388 3100 1432 et
3150 1379 3472 1436 ﬁrmissimis
3507 1398 3588 1433 ra-

408 1445 643 1509 iionibus
677 1452 992 1521 comprobat
1029 1465 1058 1502 a
1099 1448 1376 1518 religionis
1407 1449 1686 1517 proposito
1715 1447 1969 1501 recedere
1997 1462 2101 1500 non
2132 1445 2312 1500 licere.

403 1605 609 1660 Domno
631 1602 887 1657 Οιειειιιο
911 1599 1211 1652 Auximano
1233 1599 1509 1668 episcopo,
1540 1598 1756 1651 Parnus
1785 1592 1911 1650 ulti-
1945 1605 1985 1662 Α
2016 1596 2229 1659 stolam,
2264 1600 2365 1652 hoc
2395 1599 2557 1652 etiam
2595 1600 2907 1669 opusculum
2939 1603 3174 1672 suscipe,
3206 1613 3259 1658 ct
3295 1606 3372 1660 sic
3401 1621 3586 1661 revera

329 1715 453 1754 mus
495 1696 886 1752 monachorum
929 1707 1138 1756 servus,
1179 1691 1585 1746 ferventissima:
1616 1689 1912 1744 devotionis

329 1788 678 1858 obsequium.

304 1874 306 1876 ’
402 1879 518 1933 Non
562 1878 716 1932 vobis
755 1875 976 1935 excidit,
1031 1871 1466 1927 reverentissime
1517 1870 1731 1940 praesul,
1784 1869 1909 1939 quia

331 1971 396 2024 de
445 1967 689 2037 reprohis
740 1966 846 2020 illis
894 1965 1068 2028 viris,
1121 1964 1210 2032 qui
1256 1971 1437 2031 spreto
1488 1961 1758 2029 religionis
1812 1960 1909 2012 ha-

324 2062 440 2115 bitu
481 2059 546 2114 ad
591 2056 843 2112 saeculum
871 2063 994 2110 sunt
1035 2053 1249 2122 relapsi,
1281 2067 1422 2121 saepe
1466 2066 1567 2104 una
1609 2049 1908 2117 conquesti,

325 2164 470 2220 saepe
499 2146 766 2203 communi
797 2159 982 2198 smnus
1014 2143 1170 2196 taedio
1201 2141 1498 2195 lamentati.
1527 2139 1704 2209 Nuper
1732 2149 1909 2191 autem

326 2257 450 2296 cum
493 2248 541 2295 le
567 2236 832 2306 corporali
860 2235 1166 2289 valetudine
1196 2233 1496 2294 laborante,
1530 2231 1786 2283 Romana:
1819 2245 1908 2299 sy-

326 2330 470 2384 nodo
495 2343 581 2382 me
629 2329 891 2382 interesse
934 2325 1293 2393 contingeret,
1343 2322 1499 2388 hujus
1535 2321 1611 2376 rei
1663 2321 1907 2375 notitiam

320 2421 546 2474 domino
592 2433 743 2488 papae
798 2430 1089 2486 suggerere
1146 2429 1438 2484 congruum
1487 2411 1770 2476 judicavi:
1824 2409 1910 2465 ille

325 2520 506 2564 autem
549 2518 736 2576 utpote
768 2506 851 2560 vir
904 2505 1298 2564 sanctissimus,
1338 2501 1489 2569 juxta
1527 2499 1908 2554 sincerissime

322 2599 607 2654 eharitatis
632 2598 862 2659 viscera,
887 2611 1005 2662 qum
1028 2594 1079 2647 in
1114 2592 1308 2662 templo
1331 2592 1412 2645 sui
1442 2591 1674 2661 pectoris
1705 2591 1904 2660 vigeat.

324 2704 439 2743 rem
465 2687 620 2742 valde
649 2686 936 2756 perdoluit,
969 2694 1024 2738 et
1050 2699 1169 2736 mox
1197 2699 1491 2752 congruum
1519 2681 1909 2735 immanissima

317 2779 532 2834 vulneri
563 2777 860 2832 remedium
891 2775 1147 2830 adhibere
1196 2774 1422 2827 curavit.
1463 2773 1647 2842 Itaque
1681 2774 1807 2842 quia
1839 2774 1905 2826 ad

320 2869 727 2924 exsecutionem
759 2866 916 2932 hujus
948 2865 1144 2935 negotii
1179 2865 1474 2918 idoniorem
1512 2863 1564 2916 in
1598 2863 1701 2917 illis
1741 2863 1908 2932 parti-

2017 1687 2294 1757 Benjamin
2361 1689 2503 1744 ﬁlius
2587 1699 2814 1761 utraque
2873 1709 3033 1746 manu
3090 1695 3293 1764 bieipiti
3350 1708 3590 1752 armatus

2014 1777 2211 1848 gladio,
2273 1780 2323 1832 in
2375 1782 2708 1851 constipatos
2755 1783 2941 1837 hostes
2995 1787 3264 1856 irrumpe,
3325 1799 3589 1856 quatenus

2016 1867 2099 1919 illa
2131 1883 2193 1922 ac
2221 1868 2262 1922 si
2292 1869 2499 1924 validus
2556 1886 2743 1925 vomer
2790 1872 2857 1926 ad
2905 1874 3142 1927 virosum
3185 1878 3455 1930 aconitum
3499 1894 3587 1931 ra-

2014 1957 2208 2011 dicitus
2252 1957 2588 2013 evellendmu
2629 1961 2880 2015 zizaniati
2924 1965 3159 2031 pectoris
3186 1980 3312 2018 arva
3346 1969 3590 2035 proscin-

2013 2044 2121 2097 dat.
2155 2045 2265 2100 lloc
2291 2049 2442 2116 quasi
2473 2048 2591 2102 vilis
2615 2049 2855 2102 surculus
2879 2052 3207 2120 subsequens
3233 2053 3414 2124 glebas
3443 2056 3589 2110 fran-

2011 2144 2138 2202 gat,
2187 2135 2292 2188 imo
2341 2145 2397 2188 ut
2455 2137 2757 2207 exemplum
2820 2143 3200 2210 congruentius
3253 2144 3588 2212 proferatur,

2010 2224 2112 2276 hoc
2136 2224 2280 2278 velut
2307 2235 2489 2280 orator
2540 2227 2807 2282 manifesti
2853 2231 3096 2286 criminis
3148 2249 3268 2289 reos
3313 2251 3431 2290 esse
3462 2253 3592 2291 eou-

2010 2315 2210 2378 vincat,
2245 2332 2378 2385 quos
2403 2317 2488 2370 illa
2527 2321 2838 2383 auctoritas,
2873 2322 3016 2376 velut
3046 2325 3250 2379 arbiter
3274 2329 3586 2396 prmsidens,

2010 2409 2254 2461 canonici
2288 2408 2480 2477 rigoris
2507 2426 2734 2464 censura
2765 2423 3030 2468 coerceat.
3069 2414 3171 2468 Sed
3201 2416 3378 2471 divina
3418 2421 3589 2487 gratia

2010 2501 2276 2568 praeduce,
2309 2517 2468 2570 quem
2518 2503 2734 2573 aggredi
2765 2506 3012 2573 nitimur,
3062 2508 3113 2561 in
3165 2508 3312 2563 illum
3345 2513 3588 2580 protinus

2007 2589 2348 2645 invehamur.

2521 2686 2749 2744 CAPUT
2791 2688 3078 2745 PRIMUM.

2011 2794 2164 2860 Quod
2210 2800 2460 2852 monac/to
2515 2803 2789 2869 a‘grotanli
2846 2819 2946 2883 non
3001 2803 3152 2858 liccat
3212 2807 3279 2858 ad
3333 2807 3584 2860 ramulum

2705 2883 2907 2924 reverti.

322 2958 427 3012 bus
457 2958 632 3011 virum
677 2956 862 3025 nequit
889 2955 1188 3017 addiscere,
1235 2968 1358 3007 suas
1387 2954 1453 3007 ad
1495 2963 1546 3007 tc
1564 2953 1781 3007 censuit
1817 2952 1902 3005 lit-
1937 2958 1980 3016 Β
2079 2957 2251 3026 Cogor
2310 2958 2594 3014 adversum
2651 2969 2702 3014 te
2733 3003 2746 3025 ,
2801 2966 3120 3020 venrrabilis
3150 2967 3397 3037 episcopo
3435 2968 3588 3021 Ma“-

324 3062 470 3106 teras
513 3051 806 3113 destinare,
866 3057 1131 3116 quatenus
1183 3046 1624 3114 praevaricatores
1675 3045 1794 3098 illos
1847 3052 1902 3097 tu

321 3142 618 3197 secundum
647 3140 946 3210 prudentia:
993 3148 1096 3192 tua:
1130 3136 1433 3207 facundiam
1484 3136 1823 3199 convenires,
1852 3145 1906 3189 et

323 3232 543 3287 obedire
571 3231 810 3286 volentes
871 3229 938 3283 ad
988 3243 1144 3282 suum
1193 3226 1524 3294 propositum
1574 3240 1902 3288 revocares;

320 3324 412 3392 qui
459 3337 590 3387 vero
640 3320 862 3376 rebelles
893 3320 1212 3383 existerent,
1260 3315 1502 3386 perpetui
1545 3315 1906 3370 anathematis

318 3413 592 3468 scutentia
637 3411 952 3466 ferireutur.

376 3501 664 3556 Dominum
702 3509 881 3554 autem
922 3499 1220 3555 Guidonem
1255 3497 1557 3552 Numanum
1598 3498 1903 3566 episc0pum

316 3593 376 3646 in
407 3592 666 3661 praedicto
691 3590 918 3646 concilio
943 3590 1140 3658 reperi,
1174 3599 1229 3644 et
1253 3589 1377 3658 quia
1412 3588 1518 3653 ille,
1550 3597 1603 3642 ut
1635 3589 1794 3650 nosti,
1831 3589 1907 3641 iu-

317 3683 607 3738 eitamenta
637 3684 875 3751 praebere
915 3681 1040 3735 huic
1067 3680 1197 3734 vitio
1229 3681 1526 3743 dicebatur,
1575 3678 1746 3732 fateor
1777 3694 1904 3748 pec-

319 3781 505 3826 catum
549 3787 750 3834 meum,
806 3772 940 3826 dure
991 3769 1140 3824 illum
1189 3783 1509 3824 succensere
1566 3770 1901 3837 przesmnpsi.

317 3860 411 3916 ille
440 3862 694 3915 nimirum
720 3862 802 3915 vir
832 3861 1006 3931 dign-.e
1051 3859 1390 3922 humilitatis,
1423 3868 1476 3912 et
1508 3859 1801 3927 patientiae,
1850 3868 1904 3912 et

318 3964 426 4006 non
453 3950 626 4005 solum
657 3950 829 4005 sacris
854 3949 1105 4019 eloquiis,
1138 3949 1232 4003 sed
1273 3948 1440 4002 etiam
1487 3947 1789 4001 liberalium
1817 3963 1905 4000 ar-

315 4042 453 4095 tium
474 4041 666 4095 studiis
695 4041 958 4103 eruditus,
990 4039 1424 4110 insuggillantem
1453 4039 1670 4108 quidem
1703 4054 1788 4092 me
1819 4054 1904 4109 pa-

317 4133 518 4187 tienter
550 4132 670 4185 tulit
701 4151 714 4185 ε
751 4130 946 4200 objecti
970 4147 1097 4186 vero
1126 4131 1370 4186 criminis
1399 4130 1612 4199 culpam
1636 4132 1898 4201 negando,

315 4226 655 4290 detestando,
704 4226 796 4280 Dei
843 4226 1210 4282 testimonium
1257 4225 1616 4295 implorando,
1658 4224 1902 4278 disertis-

2009 3061 2107 3109 re,
2169 3049 2415 3118 exigente
2482 3052 2821 3116 necessitate,
2865 3071 2967 3108 non
3023 3058 3231 3110 modica
3298 3059 3582 3112 scribere:

2003 3137 2292 3205 compellor
2341 3139 2481 3192 ultra
2538 3143 2642 3194 mei
2693 3145 2898 3198 ordinis
2944 3153 3141 3200 mettm
3188 3147 3344 3218 361
3401 3163 3582 3202 sacer-

2006 3225 2185 3291 dotis,
2256 3229 2594 3284 scnnouibus
2667 3247 2771 3286 non
2843 3236 3267 3291 scerdotalibus
3315 3236 3575 3299 obviare;

2007 3317 2243 3388 undique
2287 3328 2568 3384 coarctor,
2623 3323 2859 3392 undique
2901 3341 3118 3395 premor
3164 3343 3179 3382 :
3225 3329 3473 3384 videlicet
3527 3343 3584 3386 et

2005 3417 2195 3492 contra
2236 3411 2543 3480 episcopum
2592 3411 2734 3482 loqui
2786 3419 3072 3485 superbum
3132 3427 3243 3481 est,
3286 3429 3338 3473 et
3389 3420 3455 3472 ad
3499 3429 3586 3475 ta-

2004 3501 2072 3553 lia
2123 3503 2528 3565 contieescere,
2586 3518 2907 3560 consensum
2965 3515 3050 3562 est
3120 3509 3400 3563 adhibere.
3475 3509 3588 3566 Sed

2008 3591 2194 3648 melius
2225 3602 2334 3655 est,
2379 3600 2436 3646 ut
2480 3610 2741 3664 arrogans
2786 3597 2931 3651 solus
2975 3615 3280 3668 appaream,
3315 3616 3472 3670 quam
3520 3605 3589 3657 ad

2008 3682 2298 3735 mttltorum
2348 3684 2641 3751 perniciem
2678 3687 2903 3741 mortale
2930 3689 3137 3751 vitium,
3169 3691 3311 3758 quod
3359 3695 3583 3747 nuncin

2005 3774 2193 3841 primis
2233 3775 2425 3836 oritur,
2485 3776 2766 3831 inolescat.
2819 3778 2986 3850 Magis
3038 3781 3343 3851 eligendum
3393 3795 3476 3840 est
3515 3789 3580 3839 de

2004 3863 2352 3932 simplicitate
2405 3864 2690 3921 locutionis
2729 3868 2779 3921 in
2823 3870 3195 3939 episcoporum
3231 3871 3437 3939 judicio
3466 3891 3586 3929 cor-

2009 3954 2131 4022 ripi,
2162 3971 2323 4023 quam
2353 3963 2477 4010 ante
2523 3957 2760 4012 tribunal
2793 3961 3007 4027 superni
3045 3958 3241 4027 jUtllCiS
3270 3961 3336 4016 de
3369 3963 3586 4018 silentio

2006 4042 2377 4097 condemnari.
2423 4044 2624 4115 Nempe
2671 4057 2796 4101 ante
2844 4049 2946 4103 hoc
2979 4049 3090 4102 fere
3133 4049 3408 4108 biennium
3453 4053 3585 4107 dum

2006 4131 2058 4184 in
2082 4143 2310 4202 angusto
2353 4134 2559 4188 cellula:
2584 4151 2715 4190 mea:
2742 4138 2938 4207 angulo
2965 4139 3255 4206 latitarem,
3300 4143 3582 4198 sinistrum

2006 4222 2132 4289 quid
2186 4233 2240 4276 et
2290 4238 2522 4278 mmrore
2572 4225 2787 4292 plenum
2820 4228 2885 4281 ad
2941 4244 3025 4281 me
3067 4228 3208 4282 fama
3244 4231 3582 4288 discurrente

318 4315 456 4370 sime
483 4315 834 4386 propulsavit.
880 4314 1030 4370 Ultro
1069 4317 1233 4370 etiam
1282 4331 1380 4386 pro
1411 4330 1495 4368 me
1529 4315 1690 4385 cmpit
1720 4315 1904 4368 verbo-
1933 4307 1975 4366 C
2010 4309 2272 4380 pc;latum
2317 4322 2399 4366 est
2431 4328 2444 4365 :
2497 4313 2747 4368 videlicet
2797 4315 2939 4384 quod
2971 4318 3213 4370 nonnulli
3245 4320 3440 4388 perditi
3486 4322 3582 4375 ho-

319 4423 443 4463 rum
471 4422 697 4462 suorum
755 4406 858 4461 tela
889 4407 1143 4476 dirigere,
1192 4408 1283 4475 qui
1320 4408 1604 4460 adversum
1642 4420 1726 4459 me
1767 4404 1900 4458 falso

316 4496 602 4551 dicebatur
642 4505 868 4551 eatenus
913 4497 1192 4550 dimicare.
1249 4495 1355 4550 Sed
1413 4495 1540 4549 licet
1578 4481 1904 4549 venerabilis

315 4589 404 4644 ille
450 4590 535 4643 vir
587 4589 844 4644 innocens
891 4598 1136 4658 repertus
1191 4589 1293 4652 sit,
1335 4603 1434 4656 ego
1489 4597 1666 4642 tamen
1713 4587 1901 4641 vibrali

313 4680 427 4748 jam
453 4680 621 4749 jaculi
656 4683 914 4750 impetum
940 4695 1044 4733 non
1081 4678 1344 4741 continui,
1375 4678 1470 4733 sed
1502 4692 1659 4731 verso
1691 4679 1905 4730 nomine

315 4771 476 4826 aliam
531 4772 639 4826 huc
687 4786 1010 4841 personam,
1065 4785 1188 4824 cum
1249 4785 1352 4837 qua
1397 4769 1737 4837 confligerent
1765 4809 1778 4830 ,
1824 4769 1904 4821 iu-

316 4863 530 4918 troduxi
562 4881 577 4915 :
628 4872 685 4916 ιιι
733 4862 986 4915 nimirmn
1030 4861 1119 4914 ille
1155 4875 1213 4915 se
1245 4861 1347 4913 hoc
1374 4861 1632 4915 vocabulo
1662 4870 1902 4914 notatum

317 4966 421 5004 non
447 4950 706 5020 ambigat,
735 4951 982 5020 quisquis
1015 4950 1260 5018 improbe
1287 4950 1353 5007 ad
1396 4950 1553 5018 hujus
1590 4958 1903 5005 controver—

318 5041 410 5094 siae
432 5049 709 5096 certamen
739 5040 960 5110 aspirat.
1016 5041 1080 5094 Et
1120 5041 1247 5095 licet
1296 5047 1486 5094 auctor
1529 5037 1685 5107 hujus
1716 5038 1902 5110 ﬂagitii

318 5149 459 5188 nunc
479 5133 798 5188 manifestus
824 5149 928 5188 non
957 5134 1048 5199 sit,
1094 5143 1272 5188 tamen
1317 5133 1445 5187 dum
1476 5133 1644 5187 latere
1674 5133 1740 5187 ad
1769 5142 1902 5188 tem-

319 5239 416 5293 pus
447 5223 660 5285 nititur,
693 5223 1088 5276 immunitatem
1133 5222 1198 5277 de
1229 5221 1367 5290 fuga:
1394 5238 1505 5275 sua:
1542 5221 1768 5276 latibulo
1797 5237 1902 5276 non

318 5311 586 5369 lueratur.
619 5313 726 5368 Sed
757 5314 835 5368 sic
877 5321 1124 5370 armatus
1171 5313 1557 5382 disputationis
1603 5314 1735 5367 ordo
1783 5313 1903 5367 dra-

305 5413 525 5460 .eonteas
552 5403 721 5458 fovea:
750 5401 990 5458 foramen
1040 5404 1313 5467 obsideat,
1365 5409 1634 5472 quatenus
1688 5418 1807 5456 mox
1843 5410 1902 5456 ut

321 5496 627 5559 emerserit,
679 5495 730 5547 in
774 5494 1141 5550 imminentem
1183 5494 1419 5566 gladium
1453 5494 1630 5549 subito
1660 5493 1900 5549 confrin-

319 5583 524 5655 gendos
556 5583 836 5654 impingat.

391 5677 732 5749 Quapropter
775 5685 895 5749 post
939 5677 1084 5733 illam
1137 5693 1363 5734 summa:
1415 5677 1758 5734 auctoritatis
1788 5677 1900 5748 epi-

2010 4401 2181 4454 rnines
2206 4411 2324 4469 post
2348 4400 2602 4456 Satanam
2634 4406 2902 4467 conversi,
2937 4408 3310 4463 monachicum
3337 4410 3579 4464 habitum

2007 4492 2266 4561 sacrilega
2316 4495 2621 4551 temeritate
2650 4497 2988 4560 desererent,
3015 4509 3069 4554 et
3095 4502 3414 4557 exsecrabili
3452 4518 3580 4573 apo-

2007 4585 2172 4637 stasia
2215 4587 2279 4640 ad
2326 4587 2639 4643 saecularem
2695 4590 2944 4645 militiam
2997 4592 3174 4648 denuo
3219 4594 3575 4664 repedareut:

2007 4675 2096 4742 qui
2156 4679 2407 4732 nimirum
2461 4680 2512 4732 in
2569 4689 2676 4733 tam
2723 4678 2971 4750 profundi
2998 4684 3240 4738 criminis
3265 4685 3578 4740 barathrum

2006 4770 2162 4839 lapsi,
2187 4769 2290 4823 tuis
2319 4769 2384 4821 ad
2407 4770 2709 4823 audendmn
2733 4774 3200 4828 exhortationibus
3227 4776 3462 4838 incitari,
3489 4785 3576 4830 tua

2006 4862 2070 4915 ad
2103 4861 2496 4930 persistendum
2542 4859 2858 4915 dicebautur
2882 4865 3202 4917 auctoritate
3234 4863 3430 4918 fulciri.
3480 4865 3581 4919 Fe-

2005 4951 2213 5022 rebaris
2278 4950 2422 5004 enim
2487 4947 2698 5015 dicere,
2761 4952 2886 5020 quia
2926 4953 3026 5006 nisi
3089 4955 3210 5022 quis
3258 4954 3580 5024 regulariter

2004 5049 2332 5110 protractus,
2358 5052 2413 5094 et
2444 5041 2715 5111 perlonga
2748 5051 3050 5111 temporum
3075 5045 3268 5112 spatia,
3298 5046 3436 5100 sicut
3459 5063 3578 5102 mo-

2005 5133 2211 5186 nastica
2244 5132 2486 5201 praecipit
2532 5133 2731 5202 regula,
2763 5135 2834 5186 sit
2880 5136 3158 5202 probatus,
3209 5135 3250 5189 si
3277 5135 3454 5206 aliter,
3486 5149 3579 5194 aut

2004 5234 2226 5291 prepter
2279 5223 2686 5292 a‘gritttdiuem,
2741 5231 2832 5277 aut
2867 5226 3106 5292 Quolibet
3157 5228 3262 5282 alio
3311 5233 3469 5286 modo
3510 5232 3576 5286 ad

2006 5312 2379 5372 monachicum
2422 5315 2726 5380 pervenerit
2757 5310 3021 5380 ordinem,
3065 5317 3287 5373 liberam
3321 5322 3576 5377 redeundi

1984 5405 2070 5458 ad
2099 5405 2352 5460 saeculum
2395 5406 2591 5459 haheat
2612 5404 2943 5462 facultatem.

2077 5494 2250 5564 Super
2294 5495 2449 5562 cujus
2495 5497 2568 5549 rei
2631 5497 2864 5567 capitulo
2912 5508 3039 5554 tunc
3072 5503 3331 5572 temporis
3357 5505 3574 5557 brevem

2007 5586 2099 5642 tibi
2147 5583 2431 5655 epistolam
2482 5587 2694 5644 misisse
2724 5604 2808 5642 me
2854 5591 3092 5654 memini,
3145 5601 3195 5644 et
3257 5603 3312 5646 ut
3361 5591 3429 5646 ab
3476 5594 3576 5646 hac

2003 5677 2258 5748 pestifera
2311 5677 2555 5733 doctrina
2591 5692 2852 5747 cessares,
2903 5681 3078 5735 debita
3119 5681 3417 5736 humilitate
3456 5697 3573 5747 sngc
