4106 6320
534 355 637 410 567

952 350 1011 408 S.
1051 350 1255 408 PETRI
1298 347 1580 409 DAMIANI
1615 348 1765 408 OPP.
1791 347 2029 406 TOMUS
2063 344 2194 403 SEU
2235 344 2433 401 PARS.
2463 343 2551 400 lll.
2588 373 2661 389 ——
2693 338 3055 398 OPUSCULA
3094 337 3324 394 VARIA.

3684 338 3791 395 368

535 466 699 540 gessi.
732 461 915 535 Nuper
957 472 1135 518 autem
1167 463 1307 536 apud
1360 463 1651 519 Auximum
1690 462 2034 527 constitutus,
2079 475 2108 514 a
2138 462 2186 522 Α
2215 468 2362 515 recto
2408 459 2531 531 jure
2573 457 2916 513 conceditur.
2978 452 3083 509 Sed
3140 468 3264 508 cum
3306 451 3539 509 Iacobus
3592 454 3736 508 dicat
3772 470 3786 504 :

534 557 778 628 pluribus
821 555 1006 620 didici,
1053 556 1179 625 quia
1234 555 1286 609 in
1319 564 1405 610 tua
1444 556 1620 611 adhuc
1644 554 1995 609 nihilominus
2028 552 2113 606 in-

535 647 775 703 tentione
797 646 1222 701 obstinatissime
1252 660 1590 716 perseveras,
1619 654 1673 701 et
1700 653 1891 699 contra
1920 642 2116 699 divina

536 737 669 809 legis
695 718 1075 791 auctoritatem
1094 776 1109 802 ,
1144 749 1330 791 contra
1364 737 1746 792 ecclesiastica:
1770 735 2116 792 consuetudi-

463 885 471 899 _
535 830 623 885 nis
649 842 918 893 normam,
950 826 1141 882 eadem
1174 827 1542 898 dogmatizare
1576 842 1682 881 non
1728 842 1931 882 cessas.
1967 824 2116 881 Unde

536 919 672 975 satis
697 918 887 982 miror,
913 933 1022 987 quo
1065 926 1223 989 pacto
1252 925 1489 989 prudens
1516 919 1701 982 homo,
1729 926 1783 972 et
1813 933 1918 972 non
1947 917 2119 972 omni-

535 1023 609 1063 no
646 1023 676 1061 a
716 990 1025 1062 litterarum
1051 1007 1243 1062 studiis
1270 1006 1503 1070 alienus.
1541 1016 1648 1061 tam
1676 1008 1969 1070 incautam,
2006 1015 2116 1061 tam

534 1112 871 1170 perversam,
920 1106 1028 1151 tam
1097 1098 1319 1152 noxiam
1384 1097 1557 1168 possit
1606 1095 1847 1167 proferre
1900 1105 2117 1152 senten-

538 1190 703 1252 tiam;
734 1202 854 1258 qua
884 1186 1134 1243 videlicet
1162 1188 1437 1242 communi
1485 1186 1763 1243 hominum
1793 1186 1953 1242 saluti
1993 1201 2119 1242 con-

536 1278 824 1343 traria,ad
873 1276 949 1331 nil
997 1276 1142 1331 aliud
1195 1277 1299 1333 nisi
1348 1278 1417 1332 ad
1462 1277 1816 1334 claudendam
1878 1277 2118 1334 caelestis

538 1369 688 1440 regni
704 1370 927 1439 januam
954 1370 1328 1440 peccatoribus
1352 1370 1543 1440 procul
1571 1369 1735 1425 dubio
1762 1370 1976 1425 videtur
1997 1384 2117 1425 esse

537 1460 769 1531 prolata.
814 1459 909 1514 Dic
953 1476 1104 1532 rogo,
1163 1460 1285 1530 quis
1320 1461 1462 1515 hanc
1515 1461 1837 1516 sententiam
1891 1459 2115 1529 reperit,

538 1552 642 1608 nisi
683 1552 773 1608 ille
805 1551 897 1622 qni
940 1552 1171 1621 primum
1220 1551 1492 1607 hominem
1522 1552 1587 1605 de
1609 1551 1846 1621 paradisi
1889 1551 2117 1605 amoeni-

539 1653 652 1702 tate
700 1645 928 1716 deiecit?
963 1644 1117 1712 Quis,
1171 1645 1414 1715 inquam,
1465 1652 1572 1698 tam
1606 1643 1842 1708 crudele,
1879 1651 1987 1697 tam
2019 1643 2116 1697 im-

518 1736 685 1811 pium
711 1735 1075 1807 promulgavit
1095 1735 1355 1801 edictum,
1390 1735 1489 1790 nisi
1529 1735 1574 1790 is
1604 1735 1697 1805 qui
1724 1734 1857 1791 Cain
1888 1732 2119 1788 fratrici-

2222 565 2241 599 ι
2273 546 2375 617 Qui
2425 546 2667 603 converti
2708 545 2896 601 fecerit
2949 553 3287 614 peccatorem
3337 543 3406 599 ab
3449 557 3636 598 errore
3689 543 3792 598 viae

2216 656 2359 707 suae,
2413 641 2645 697 salvabit
2692 639 2927 695 animam
2967 635 3084 708 ejus
3148 653 3178 691 a
3239 645 3414 692 morte
3453 635 3594 708 (Jac.
3626 636 3723 707 v):
3770 655 3789 688 ι

2216 733 2371 804 cujus
2416 733 2692 789 homicidii
2724 746 2850 787 reus
2876 729 3125 795 efficitur,
3153 728 3243 796 qui
3276 727 3548 797 peccaturi
3577 727 3796 781 dissua-

2216 824 2305 883 det
2332 840 2364 880 e
2400 825 2637 889 diverso,
2671 837 2741 879 ne
2792 819 3174 877 convertatur?
3204 817 3432 889 Nempe,
3481 816 3581 873 nisi
3614 816 3795 881 fallor,

2216 915 2361 971 illius
2386 915 2528 986 quod
2559 929 2664 968 non
2710 911 3034 984 quandoque
3075 910 3396 965 moriturum
3423 922 3621 979 corpus
3644 906 3797 963 occi-

2217 1007 2384 1071 ditur,
2422 1005 2516 1061 sed
2556 1005 2767 1059 victura
2816 1006 2869 1057 in
2898 1011 3218 1073 perpetuum
3251 1000 3432 1055 anima
3475 1000 3798 1056 trucidatur.

2294 1096 2364 1149 At
2399 1094 2649 1158 fors’tan,
2707 1092 2941 1164 inquies,
2974 1107 3078 1146 non
3129 1090 3346 1161 quidem
3383 1089 3699 1160 prohibetur
3738 1089 3799 1144 in

2217 1184 2481 1255 corporali
2530 1183 2777 1239 molestia
2831 1183 3060 1254 positus,
3112 1181 3178 1235 ad
3218 1191 3433 1251 portum
3491 1180 3797 1237 monachici
3856 1224 3863 1229 ς

2217 1275 2425 1330 ordinis
2471 1281 2697 1344 repente
2739 1271 3053 1343 confugere,
3077 1271 3172 1327 sed
3199 1271 3327 1327 licet
3367 1271 3413 1326 si
3442 1271 3800 1336 convaluerit,

2218 1366 2285 1421 ad
2326 1366 2567 1437 pristinae
2610 1365 3039 1421 conversationis
3094 1364 3336 1419 habitum
3388 1379 3653 1419 remeare.
3691 1364 3802 1419 Sed

2217 1457 2433 1522 clamat,
2463 1458 2572 1513 imo
2620 1456 2886 1512 reclamat
2937 1455 3052 1526 ipsa
3085 1454 3299 1510 Veritas
3349 1463 3456 1508 tam
3502 1456 3804 1524 perspicua:

2218 1548 2461 1614 falsitati,
2510 1562 2633 1603 cum
2669 1548 2799 1602 dicit
2831 1564 2847 1603 :
2894 1566 2913 1599 ι
2952 1545 3121 1601 Nemo
3151 1546 3371 1600 mittens
3394 1560 3612 1599 manum
3644 1559 3801 1606 suam

2219 1641 2284 1694 a:l
2309 1649 2571 1703 aratrum,
2624 1638 2923 1708 respiciens
2979 1646 3146 1701 retro,
3194 1644 3354 1706 aptus
3399 1643 3482 1689 est
3514 1649 3679 1703 regno
3706 1633 3804 1689 Dei

2220 1730 2372 1801 (Luc.
2418 1727 2519 1800 ιχ).
2574 1748 2597 1775 ›
2636 1728 2867 1798 Dignum
2921 1726 3118 1797 quippe
3149 1734 3254 1789 est,
3308 1735 3367 1778 ut
3404 1725 3545 1779 sicut
3584 1722 3706 1793 quis
3733 1724 3804 1777 ad

536 1826 661 1882 dam
686 1825 740 1880 in
791 1825 1181 1895 desperationis
1207 1826 1518 1896 voraginem
1568 1825 1781 1892 mersit,
1810 1833 1866 1879 et
1909 1839 2017 1879 non
2048 1822 2114 1877 ad
2148 1811 2192 1871 Β
2222 1822 2390 1877 Deum
2419 1822 2644 1876 veniens
2675 1827 2833 1889 aptus
2878 1819 2950 1874 sit
2978 1832 3142 1889 regno
3166 1817 3283 1880 Dei,
3331 1817 3411 1871 sic
3441 1831 3471 1870 a
3505 1814 3613 1868 Deo
3644 1829 3804 1870 rece-

534 1915 871 1973 evadendum
900 1915 1071 1969 ruina:
1101 1914 1420 1984 periculum,
1444 1914 1537 1970 sed
1560 1913 1628 1969 ad
1654 1913 1974 1984 profundius
1996 1928 2115 1968 cor-

535 2007 802 2062 ruendum
847 2007 1029 2063 dicere
1052 2007 1277 2061 docuit:
1311 2024 1329 2058 ‹
1362 2006 1531 2076 Major
1559 2016 1643 2063 est
1671 2007 1930 2077 iniquitas
1971 2020 2113 2071 mea,

534 2111 701 2168 quam
736 2106 795 2152 ut
823 2097 1036 2152 veniam
1072 2096 1317 2152 merear?
1353 2115 1371 2148 ι
1409 2094 1561 2167 (Gen.
1596 2096 1694 2165 tv.)
1881 2152 1884 2154 ν

607 2184 741 2254 Quae
776 2193 861 2239 est
905 2184 1050 2238 enim
1091 2184 1193 2239 ista
1241 2184 1688 2256 dementiaiqnae
1712 2184 1969 2240 vesania?
1997 2198 2119 2254 quae

539 2273 870 2332 crudelitas?
910 2273 1080 2328 liabet
1110 2274 1271 2328 homo
1310 2274 1765 2344 disponendarum
1794 2289 1972 2329 rerum
2000 2289 2120 2328 sua-

535 2381 659 2423 rum
684 2364 911 2423 liberam
950 2363 1294 2430 facultatem,
1329 2376 1387 2421 ut
1412 2368 1762 2437 semetipsum
1793 2365 1904 2420 Deo
1926 2364 2121 2420 offerat

536 2463 860 2528 potestatem
884 2470 989 2509 non
1031 2455 1232 2511 habet?
1259 2455 1408 2512 Valet
1431 2457 1739 2511 hominibus
1764 2458 1977 2511 tradere
2000 2458 2119 2513 sub-

535 2544 793 2600 stantiam
840 2559 1015 2610 suam,
1056 2559 1160 2599 non
1200 2546 1365 2600 habet
1403 2546 1707 2601 libertatem
1754 2545 1863 2601 De»
1893 2546 2120 2601 reddere

537 2637 776 2691 animam
831 2636 1028 2690 suam?
1082 2635 1236 2692 Licet
1306 2637 1512 2692 homini
1574 2637 1854 2706 lapsurum
1919 2637 2118 2691 animal

536 2728 606 2782 ab
637 2727 839 2782 hiantis
890 2727 1035 2797 putei
1067 2741 1162 2782 ore
1190 2727 1511 2798 propellere,
1571 2729 1836 2782 ruituratn
1888 2743 2015 2782 mox
2062 2729 2118 2783 in

538 2815 808 2872 infernum
860 2816 1093 2871 animam
1152 2831 1256 2870 non
1320 2815 1446 2871 licet
1491 2817 1826 2887 poenitentiae
1880 2816 2120 2872 remedio

537 2910 809 2969 liberare?
840 2911 1011 2966 Porro
1038 2911 1084 2965 si
1113 2911 1226 2982 ipse
1251 2910 1396 2967 Deus
1436 2911 1803 2981 omnipotens,
1828 2910 1919 2980 qui
1950 2909 2118 2965 oﬂ‘en—

537 3018 635 3060 sus
657 3011 761 3069 est,
784 3011 1006 3075 paratus
1034 3011 1115 3059 est
1143 3012 1202 3059 ut
1226 3003 1485 3074 recipiat,
1514 3003 1636 3074 quis
1659 3011 1743 3058 est
1782 3003 1871 3058 hic
1901 3002 1993 3074 qui
2020 3018 2119 3058 vo-

536 3096 715 3152 lentes
736 3109 957 3150 currere
1002 3094 1071 3150 ab
1124 3095 1241 3166 ipso
1267 3094 1488 3165 pietatis
1518 3095 1667 3150 fonte
1694 3095 2039 3166 compescat?
2060 3093 2118 3150 Si

2219 1915 2369 1977 dens,
2405 1928 2511 1967 non
2541 1921 2700 1982 aptus
2724 1911 2792 1967 sit
2819 1911 3162 1981 postmodum
3198 1925 3363 1979 regno
3386 1909 3507 1973 Dei.
3540 1907 3579 1962 li
3602 1907 3807 1978 quippe

2222 2003 2374 2068 tales,
2413 2011 2470 2056 ut
2514 2002 2887 2071 experimento
2932 1999 3246 2064 didicimus,
3278 2014 3383 2053 non
3416 1999 3470 2052 in
3501 1996 3713 2061 eadem,
3746 1995 3805 2051 in

2218 2109 2323 2163 qua
2359 2093 2610 2163 primitus
2631 2091 2864 2154 fuerant,
2890 2092 3152 2145 malorum
3180 2104 3433 2145 mensura
3465 2089 3804 2159 pcrsistunt;

2219 2184 2313 2240 sed
2344 2192 2630 2254 postquam
2662 2182 2730 2237 ad
2761 2181 3022 2236 vomitum
3059 2181 3306 2246 redeunt,
3340 2181 3407 2235 ad
3460 2179 3805 2249 iniquitatum

2218 2275 2530 2343 voraginem
2578 2272 2901 2344 profundius
2944 2272 3328 2327 devolvuntur.
3398 2268 3554 2325 Sicut
3616 2277 3674 2323 et
3725 2268 3809 2323 illi

2219 2364 2533 2435 nuperrime
2588 2362 2834 2434 contigit,
2893 2362 2988 2433 qui
3030 2370 3141 2428 tuo,
3200 2371 3260 2416 ut
3313 2360 3502 2425 fertur,
3562 2362 3807 2426 hortatu,

2219 2464 2423 2511 sanctae
2476 2453 2909 2510 conversationis
2967 2454 3209 2508 habitum
3267 2452 3511 2510 deseruit
3559 2452 3811 2508 :deinde

2222 2546 2308 2600 vix
2342 2544 2493 2600 brevi
2541 2543 2751 2600 dierum
2806 2551 3025 2614 peracto
3052 2542 3279 2607 circulo,
3326 2543 3668 2598 innocentem
3709 2541 3813 2595 ho-

2220 2637 2422 2694 minem
2463 2636 2577 2691 suis
2603 2635 2852 2690 manibus
2882 2634 3159 2690 interemit
3207 2632 3266 2688 ln
3304 2647 3411 2703 quo
3437 2631 3689 2687 videlicet
3719 2646 3811 2685 re-

2221 2729 2391 2799 probo
2438 2729 2552 2784 viro
2587 2728 2938 2799 adimpletum
2984 2729 3279 2791 cernimus,
3326 2726 3473 2797 quod
3508 2726 3713 2782 dictum
3741 2738 3814 2779 ex

2222 2835 2319 2875 ore
2347 2819 2604 2877 Veritatis
2635 2821 2962 2886 audivimus,
2997 2822 3252 2876 nimirum
3272 2861 3287 2886 ,
3337 2820 3463 2890 quia
3495 2817 3811 2874 immundus

2223 2911 2469 2981 spiritus,
2518 2913 2609 2983 qui
2645 2926 2768 2967 eum
2799 2921 2926 2968 ante
2977 2913 3290 2982 reliquerat,
3322 2912 3668 2983 postmodum
3718 2925 3810 2966 re-

2223 3002 2377 3057 diens
2403 3011 2609 3073 septem
2647 3003 2783 3059 alios
2830 3003 3121 3073 nequiores
3152 3018 3210 3057 se
3244 3002 3469 3072 spiritus
3517 3000 3813 3070 assumpsit

2225 3089 2378 3163 (Luc.
2440 3093 2540 3163 xl),
2591 3100 2646 3147 et
2697 3109 2820 3148 cum
2872 3094 2957 3149 his
3005 3094 3257 3149 omnibus
3305 3094 3360 3148 in
3407 3090 3660 3149 familiari
3711 3107 3815 3147 suo

532 3187 769 3244 Creator
815 3196 1039 3259 paratus
1082 3196 1167 3243 est
1198 3197 1256 3242 ut
1289 3188 1529 3256 peccatis
1568 3187 1848 3259 ignoscat;
1883 3188 2007 3258 quis
2035 3196 2120 3243 est
2144 3172 2191 3236 C
2224 3184 2441 3239 vasculo
2494 3184 2833 3255 pestilentius
2885 3185 3182 3253 habitavit;
3220 3184 3465 3255 fiuntque
3510 3183 3811 3241 novissima

536 3278 643 3333 iste
668 3276 761 3347 qui
800 3284 1143 3346 peccatorem
1188 3278 1430 3332 converti
1473 3278 1798 3349 prohibeat?
1841 3277 1981 3345 Quid
2035 3288 2123 3333 est

540 3366 687 3424 enim
719 3365 864 3421 aliud
919 3367 1244 3421 monachum
1288 3367 1424 3433 fieri,
1479 3382 1643 3438 quam
1690 3368 1971 3423 converti?
2017 3366 2124 3423 Sed

537 3458 632 3529 qui
669 3457 941 3513 hominem
969 3473 1073 3512 non
1106 3472 1263 3528 posse
1304 3460 1682 3516 monachicum
1714 3460 1898 3516 subire
1928 3476 2125 3531 propo-

537 3548 703 3604 sitqu
744 3547 797 3603 in
827 3547 1086 3618 languore
1115 3548 1358 3619 corporis
1383 3549 1544 3622 362
1576 3551 1930 3606 constitutum
1954 3551 2122 3605 dene-

542 3646 653 3709 gat,
680 3638 926 3709 profecto
952 3653 1057 3693 non
1101 3653 1263 3710 posse
1310 3641 1554 3695 converti
1588 3640 1957 3696 indubitanter
1983 3638 2129 3696 aflir-

540 3738 697 3794 mat;
725 3729 867 3797 quod
899 3729 942 3783 si
970 3729 1137 3784 semel
1190 3729 1521 3796 admittitur,
1554 3731 1684 3786 nulli
1717 3733 1939 3787 dubium
1991 3733 2123 3803 quin

542 3820 889 3890 pauitantia,
929 3835 1049 3890 quae
1078 3835 1201 3891 spes
1254 3832 1341 3877 est
1388 3833 1758 3892 peccatorum,
1815 3831 1871 3879 et
1908 3824 2123 3879 unicum

538 3908 729 3964 salutis
758 3910 1008 3964 humanae
1030 3912 1353 3978 remedium,
1383 3913 1717 3968 destruatur.

615 4000 756 4056 Ecce
806 4000 969 4073 igitur
997 4003 1301 4071 peccatoris
1344 4002 1523 4057 anima
1565 4003 1810 4073 perdita.
1862 4004 2128 4060 irresera-

543 4091 641 4147 bili
694 4092 938 4148 busseris
974 4091 1090 4163 (sic)
1138 4092 1305 4163 janua
1358 4095 1484 4148 vitae
1532 4095 1808 4159 damnata,
1848 4104 1904 4151 et
1950 4098 2128 4153 omnis

538 4196 670 4253 spes
695 4183 942 4238 humana:
970 4184 1327 4254 reparationis
1350 4184 1554 4240 evulsa.
1603 4184 1708 4240 Sed
1734 4186 1936 4242 clamat
1979 4203 2010 4243 e
2049 4189 2129 4243 di-

541 4289 703 4331 verso
755 4275 936 4331 divina
993 4276 1185 4346 pietas,
1240 4276 1475 4332 dicens:
1518 4296 1535 4329 ι
1599 4276 1934 4349 Quacunque
1992 4280 2128 4335 hora

532 4376 796 4438 peccator
826 4381 1122 4424 conversus
1167 4367 1348 4433 fuerit,
1378 4370 1488 4425 vita
1522 4370 1666 4426 vivet
1707 4379 1763 4426 et
1789 4386 1896 4426 non
1931 4372 2130 4426 morie-

533 4466 633 4513 .tur
654 4457 871 4527 (Ezech.
906 4459 1089 4531 xvm);
1126 4478 1145 4512 ι
1182 4469 1236 4514 et
1264 4460 1460 4516 iterum
1492 4478 1506 4516 :
1537 4482 1555 4512 ι
1584 4461 1716 4516 Nolo
1747 4475 1974 4518 mortem
2006 4479 2130 4532 pec-

2226 3274 2460 3330 hominis
2492 3274 2635 3329 illius
2661 3273 2842 3344 peiora
2871 3277 3163 3345 prioribus.

2297 3363 2442 3420 Sane
2495 3365 2541 3420 si
2599 3374 2827 3445 terrena:
2862 3366 3069 3422 militiae
3122 3367 3457 3441 transfugam
3488 3385 3593 3426 non
3634 3369 3811 3426 solum

2227 3458 2516 3513 mundanae
2564 3459 2710 3530 leges
2757 3461 3042 3532 abjiciunt,
3068 3464 3162 3518 sed
3194 3464 3358 3518 etiam
3406 3465 3546 3521 sacri
3574 3480 3819 3521 canones

2228 3548 2459 3605 infames
2483 3550 2775 3621 appellant,
2803 3553 2939 3607 adeo
2963 3561 3022 3607 ut
3045 3568 3169 3607 eum
3193 3556 3358 3608 etiam
3384 3554 3451 3607 ad
3479 3553 3816 3610 reddendum

2228 3640 2283 3695 in
2338 3641 2687 3699 contentione
2724 3644 3092 3700 testimonium
3148 3660 3255 3701 non
3283 3645 3444 3717 363
3495 3646 3813 3717 recipiant:

2228 3732 2320 3801 qui
2368 3733 2421 3789 in
2481 3734 2701 3804 superni
2755 3734 3100 3804 imperatoris
3150 3750 3302 3790 arma
3346 3735 3664 3804 iuraverat,
3720 3737 3818 3807 qui

2230 3827 2568 3899 chlamydem
2586 3828 2701 3898 jam
2753 3830 2959 3886 militiae
2997 3831 3235 3887 caelestis
3264 3832 3538 3899 induerat,
3576 3834 3671 3904 qui
3698 3835 3818 3890 bal-

2231 3929 2378 3975 teum
2432 3922 2697 3976 castitatis
2754 3924 3091 3988 accinxerat,
3153 3927 3246 3993 qui
3301 3926 3613 3981 donativum
3672 3927 3818 3984 sacri

2232 4012 2383 4067 verbi
2418 4012 2486 4066 ab
2508 4012 2625 4083 ipso
2652 4013 2881 4068 militum
2913 4014 3050 4070 duce
3075 4025 3415 4086 susceperat.
3456 4032 3564 4087 quo
3585 4017 3818 4087 judicio,

2231 4120 2340 4175 quo
2365 4105 2508 4175 jure,
2555 4122 2660 4177 qua
2695 4106 2872 4162 fronte
2892 4107 3001 4176 jam
3033 4116 3214 4178 potest
3239 4110 3473 4180 propria:
3518 4108 3819 4180 professio-

2232 4194 2317 4249 nis
2338 4204 2520 4249 castra
2547 4195 2821 4262 deserere,
2855 4207 2907 4252 et
2934 4213 3033 4252 suo
3065 4200 3271 4253 vomitu
3295 4198 3616 4264 delectatus,
3651 4197 3722 4253 ad
3751 4214 3820 4253 ea

2234 4300 2353 4354 qua:
2388 4296 2809 4356 contempserat,
2858 4304 2977 4358 quae
3000 4289 3503 4355 abrenuntiaverat,
3526 4302 3647 4359 quae
3665 4289 3823 4344 dam-

2234 4385 2484 4442 naverat,
2524 4378 2710 4432 mundi
2740 4378 2971 4434 ludibria
3010 4381 3252 4436 aniumm
3299 4382 3594 4438 revocare?
3621 4381 3823 4438 Foedus

2234 4468 2466 4523 mortale
2494 4484 2615 4523 cum
2650 4469 2863 4523 mortali
2894 4471 3243 4540 paeiscimur,
3272 4482 3327 4528 et
3356 4488 3674 4539 servamus;
3706 4472 3820 4528 Deo

531 4549 768 4617 caloris,
799 4552 892 4605 sed
922 4560 981 4604 ut
1002 4561 1373 4618 convertatur,
1408 4565 1465 4607 et
1494 4554 1640 4609 vivat
1677 4555 1839 4625 (Ibid.
1877 4557 2064 4625 xxxv).
2103 4578 2120 4610 ι
2159 4551 2209 4613 D
2235 4560 2578 4629 sponsionem
2603 4559 2851 4627 faciams,
2875 4572 2929 4618 et
2957 4563 3113 4619 fidem
3139 4563 3388 4635 frangere
3410 4580 3517 4620 non
3543 4567 3819 4621 timemus.

534 4638 757 4699 Etcum
805 4656 1098 4697 conversus
1150 4644 1492 4713 ingemuerit,
1526 4654 1653 4702 tunc
1677 4648 1859 4702 salvus
1898 4650 2022 4703 erit.
2061 4651 2129 4703 Et

543 4741 607 4790 ιιι
654 4735 935 4791 canonica:
985 4738 1325 4794 auctoritatis
1381 4741 1759 4810 compendium
1810 4740 2126 4812 proferam:

546 4824 856 4897 Quicunque
883 4838 1057 4899 negat,
1092 4830 1249 4885 etiam
1279 4831 1334 4886 in
1365 4832 1547 4886 ultimo
1579 4834 1695 4887 vim:
1722 4836 1931 4905 spiritu,
1963 4836 2127 4906 paeni-

542 4916 760 4971 tentiam
812 4918 1019 4974 attulere
1069 4937 1172 4976 non
1217 4938 1366 4992 posse
1393 4933 1625 4993 peccata,
1659 4922 1990 4981 Novatianus
2030 4937 2127 4992 est,

546 5022 650 5062 non
676 5007 1027 5066 Christianus.

1171 5102 1399 5160 CAPUT
1444 5106 1507 5160 ll.

616 5186 698 5240 An
737 5200 963 5259 a'grotus
1000 5192 1236 5248 habitum
1278 5195 1579 5266 religiosum
1619 5197 1836 5257 induere
1872 5200 2056 5269 possit.

621 5276 760 5331 Dum
815 5294 947 5349 ergo
997 5287 1322 5340 monachum
1354 5288 1467 5340 fieri
1511 5288 1613 5343 hoc
1660 5289 1733 5345 sit
1767 5290 1957 5358 utique
1993 5305 2131 5345 eon-

548 5368 710 5434 verti,
742 5379 799 5425 et
829 5375 1201 5432 conversionis
1225 5378 1523 5433 remedium
1553 5380 1695 5435 nulla
1728 5380 1863 5435 hora
1893 5383 2127 5452 respuit,

548 5458 757 5515 nullum
819 5470 1031 5534 tempus
1095 5467 1370 5533 excludit;
1438 5480 1654 5526 constat
1704 5472 1890 5543 procul
1939 5472 2126 5540 dubio,

549 5548 678 5617 quia
711 5549 762 5605 in
809 5552 1127 5623 aegritudine
1159 5559 1511 5624 constitutus,
1538 5562 1680 5616 sicut
1709 5563 1948 5619 converti
2005 5580 2128 5620 cum

549 5636 688 5703 Vult,
736 5640 934 5698 nullius
970 5646 1309 5702 auctoritatis
1334 5649 1612 5704 obstaculo
1659 5653 2022 5723 praepeditur;
2054 5655 2127 5709 ita

550 5729 715 5787 etiam
761 5742 821 5791 ut
870 5737 1164 5795 monachus
1211 5738 1336 5807 fiat,
1384 5742 1587 5813 absque
1633 5745 1740 5800 ulla
1768 5746 2130 5819 refragatione

2240 4648 2414 4706 Homo
2460 4652 2666 4706 homini
2701 4652 2913 4709 violata)
2958 4657 3226 4712 cautionis
3261 4666 3476 4712 tenetur
3516 4658 3819 4723 obnoxius;

2236 4742 2327 4812 qui
2382 4753 2660 4800 auctorem
2707 4746 2985 4802 hominum
3041 4747 3228 4805 fallere
3284 4749 3500 4815 nititur,
3561 4749 3826 4806 innocens

2232 4833 2545 4903 indicatur?
2565 4835 2747 4891 Fallax
2772 4838 2983 4895 debitor
3007 4840 3076 4894 ab
3098 4850 3353 4896 exactore
3375 4841 3810 4912 constringitur;

2237 4925 2332 4994 qui
2362 4926 2712 4996 semetipsum
2760 4927 2871 5000 Deo
2917 4930 3213 4997 subtrahit,
3244 4931 3501 4988 immunis
3546 4931 3822 4987 habetur?

2236 5012 2489 5084 Nunquid
2537 5030 2726 5071 servus
2766 5019 2923 5074 venia
2970 5020 3164 5092 dignus
3212 5030 3320 5087 est,
3349 5022 3443 5092 qui
3486 5021 3686 5077 violata
3717 5022 3824 5077 ﬁde

2234 5118 2343 5159 non
2373 5105 2547 5160 solum
2575 5108 2780 5163 recedit
2827 5124 2857 5163 a
2885 5109 3137 5176 Domino,
3181 5113 3277 5168 sed
3303 5111 3446 5167 ultro
3479 5127 3538 5167 se
3566 5115 3686 5180 ejus
3730 5126 3822 5167 so-

2235 5194 2347 5249 ciat
2376 5195 2631 5251 inimico?
2663 5197 2799 5253 Nam
2831 5200 2975 5269 quod
3003 5202 3144 5258 Deus
3170 5202 3298 5259 huic
3331 5202 3535 5257 mundo
3564 5201 3823 5258 inimicus

2235 5285 2327 5349 sit,
2379 5287 2503 5361 audi
2553 5285 2816 5344 Iacobum
2865 5289 3135 5347 dicentem
3178 5308 3191 5345 :
3235 5310 3253 5345 σ
3292 5291 3395 5361 Qui
3432 5292 3568 5360 vult,
3620 5293 3819 5363 inquit,

2237 5375 2444 5431 amicus
2471 5392 2594 5433 esse
2614 5378 2796 5434 saeculi
2830 5380 3006 5449 hujus,
3052 5382 3306 5439 inimicus
3346 5382 3442 5439 Dei
3468 5382 3822 5439 constituitur

2236 5467 2378 5539 (Jac.
2410 5470 2508 5544 tv).
2547 5489 2566 5523 ι

2309 5562 2375 5617 Ει
2400 5572 2456 5617 ut
2486 5564 2553 5620 ad
2591 5567 2918 5623 sententiam
2956 5568 3199 5636 redeam,
3230 5584 3548 5630 conservus,
3599 5567 3692 5638 qui
3724 5568 3821 5623 hu-

2231 5648 2321 5720 jus
2359 5651 2542 5724 eli‘ngii
2572 5654 2818 5712 incentor
2845 5657 3096 5725 edicitur,
3143 5660 3412 5730 nunquid.
3438 5676 3545 5719 non
3573 5657 3821 5715 districta

2238 5746 2527 5804 Dominicae
2557 5750 3038 5809 animadversionis
3068 5752 3268 5809 ultione
3292 5752 3589 5825 plectetur;
3622 5758 3677 5805 et
3705 5763 3820 5821 pm.
