4106 6320
305 397 408 452 369

896 394 1142 454 OPUSC.
1181 397 1321 453 XVI.
1357 427 1430 439 —
1463 396 1746 456 CONTRA
1785 395 1998 453 EPISC.
2040 394 2344 455 MONACH.
2383 394 2476 451 AD
2511 395 2686 452 S/EC.
2728 396 2976 454 REVOC.

3469 400 3573 456 370

309 526 397 570 na,
433 496 598 579 quam
637 517 870 580 uterque
914 519 1207 572 meruerat,
1260 511 1312 564 in
1370 527 1536 564 unum
1577 520 1736 580 caput
1767 527 1894 564 con-
1924 517 1969 574 Α
1999 523 2158 578 posse
2206 509 2502 564 docemus:
2540 515 2592 562 et
2639 523 2798 578 saepe,
2851 509 2989 578 quod
3027 509 3078 564 in
3110 510 3223 580 ipsa
3271 508 3577 568 litterarum

307 613 461 674 gesta
513 602 860 657 retunditur?
914 602 1222 658 Praesertim
1277 605 1321 658 si
1371 605 1634 676 ejusmodi
1686 605 1892 659 fraudis

309 693 396 747 ille
422 707 614 747 servus
637 692 936 764 impetitur,
959 695 1051 763 qui
1079 695 1306 749 rectoris
1333 695 1450 750 loco
1476 697 1707 766 positus,
1732 707 1891 750 crete-

308 782 386 838 ris
410 797 643 851 praaeSse
670 783 985 840 videbatur:
1031 794 1090 839 et.
1121 785 1212 854 qui
1241 786 1470 841 debebat
1509 796 1799 843 extraneos
1827 787 1892 841 ad

306 871 510 925 domini
533 873 614 926 sui
645 872 924 926 servitium
961 874 1192 931 trahere.
1231 875 1600 944 ipseecontra
1635 876 1894 931 domesti-

305 977 401 1016 cos
444 962 734 1031 compellat
784 963 934 1017 exire
962 979 975 1016 :
1009 972 1084 1029 et,
1116 973 1175 1018 ut
1211 965 1282 1018 ita
1313 965 1562 1032 dixerim,
1588 967 1741 1036 cujus
1776 975 1892 1020 erat

305 1053 542 1109 oﬂicium
569 1054 834 1111 violentos
874 1056 1268 1111 incursantium
1297 1056 1534 1113 ferarum
1565 1059 1795 1129 impetus
1825 1058 1892 1112 ad

305 1147 509 1202 domini
537 1148 618 1203 sui
651 1163 868 1219 gregem
915 1163 1284 1219 compescere,
1313 1148 1426 1217 ipse
1454 1157 1666 1220 satagat
1701 1166 1892 1205 cruen-

306 1237 376 1292 tis
402 1236 649 1308 luporum
674 1239 926 1294 dentibus
948 1240 1222 1308 simplices
1249 1255 1378 1295 oves
1402 1239 1616 1294 offerre.

921 1327 1148 1384 CAPUT
1189 1329 1274 1383 ΙΙΙ.

625 1417 844 1476 Prwlati
903 1423 1183 1492 reruiciosi
1223 1422 1551 1490 deplorandi.

377 1509 516 1579 Quid
553 1511 621 1565 ad
672 1512 787 1566 haec
823 1512 1038 1566 dicam?
1081 1512 1232 1580 Quod
1265 1515 1434 1569 dolori
1471 1532 1590 1571 meo
1650 1516 1887 1572 solamen

302 1603 612 1660 inveniam?
656 1604 964 1675 Compellor
990 1607 1330 1672 exclamare,
1362 1609 1656 1677 compellor
1688 1611 1888 1663 amari-

303 1696 548 1752 tudinem
605 1696 708 1750 mei
759 1697 938 1751 cordis
963 1696 1259 1762 effundere,
1292 1708 1350 1752 ut
1382 1699 1628 1754 videlicet
1669 1700 1842 1753 dicam
1871 1717 1884 1752 :

302 1783 351 1842 0
383 1794 643 1856 tempora,
677 1801 710 1840 0
736 1803 935 1851 mores,
964 1803 996 1842 ο
1028 1786 1264 1842 ferreum
1289 1790 1574 1844 szeculum!
1603 1789 1883 1854 Ferreum,

1995 598 2281 669 superﬁcie
2328 597 2469 652 male
2504 598 2785 652 sentientis
2830 611 2984 653 error
3008 599 3275 670 intelligit,
3308 602 3577 657 subtiliter

1993 696 2335 759 perscrutata
2374 686 2602 740 intentio
2634 686 2872 741 doctoris
2892 689 3120 764 evertit;
3151 697 3206 744 et
3226 691 3369 760 quod
3393 691 3447 745 in
3479 707 3575 746 co-

1994 789 2137 832 mare
2177 786 2321 832 recte
2365 777 2554 832 sentiri
2601 778 2914 847 putabatur,
2965 781 3307 836 considerata
3350 783 3578 854 diligen-

1994 872 2102 925 tius
2131 871 2369 925 continui
2401 880 2576 926 textus
2605 871 2774 936 serie,
2813 886 2969 927 error
3011 873 3178 929 fuisse
3211 875 3573 931 convincitur.

2064 964 2289 1034 Jamjam
2316 966 2424 1034 ipsa
2445 963 2745 1034 Scriptura,
2770 981 2888 1035 qua:
2917 967 2984 1020 de
3010 968 3288 1024 monachis
3313 967 3573 1038 loquitur,

1993 1055 2252 1123 procedat
2308 1055 2358 1107 in
2400 1055 2656 1118 medium,
2699 1069 2766 1108 ne
2816 1066 3002 1111 noster
3054 1055 3402 1113 adversarius
3447 1074 3576 1114 con-

1993 1155 2254 1213 queratur
2276 1145 2542 1198 devictum
2573 1159 2630 1198 se
2659 1159 2777 1199 esse
2818 1147 2929 1200 sola
2957 1148 3422 1217 argumentatione
3449 1164 3575 1202 ver-

1993 1239 2204 1292 borum.
2237 1237 2352 1292 Non
2399 1240 2530 1294 mihi
2577 1241 2858 1296 dialectica
2892 1241 3328 1313 syllogismorum
3355 1259 3575 1298 suorum

1995 1331 2226 1386 circulos
2277 1329 2502 1396 offerat,
2554 1347 2659 1387 non
2713 1333 2981 1387 rhetorica
3033 1333 3239 1404 lepidos
3294 1332 3576 1389 delinifica:

1994 1422 2228 1477 suadelae
2280 1423 2492 1478 colores
2548 1423 2834 1488 infundat,
2886 1439 2992 1479 non
3053 1425 3233 1494 aliqua
3300 1423 3577 1479 saecularis

1993 1513 2254 1582 sapientia
2319 1513 2597 1583 phalerata
2658 1514 2787 1568 mihi
2862 1529 2973 1569 suae
3038 1515 3362 1570 urbanitatis
3430 1515 3576 1569 leno-

1993 1601 2132 1654 cinia
2163 1615 2447 1673 suggerat;
2497 1603 2604 1658 sola
2636 1619 2714 1670 se,
2755 1613 2810 1658 et
2839 1605 2978 1659 nuda
3004 1604 3246 1676 proferat
3275 1605 3570 1661 auctoritas

1992 1690 2236 1754 Patrum,
2268 1694 2317 1746 in
2345 1709 2575 1762 quorum
2606 1705 2828 1764 pectore
2864 1694 3208 1764 omnipotens
3237 1693 3399 1760 Deus,
3432 1696 3579 1750 velut

1994 1787 2045 1840 in
2095 1787 2346 1840 tribunali
2391 1786 2526 1841 solio
2571 1787 2890 1857 praesidens,
2941 1787 3206 1842 sanctioni
3245 1803 3355 1842 sum
3407 1787 3578 1842 voluit

301 1877 552 1948 inquam,
600 1880 878 1946 saeculum,
905 1881 956 1934 in
999 1895 1106 1951 quo
1133 1897 1323 1936 aurum
1377 1884 1430 1937 in
1464 1885 1693 1938 scoriam
1724 1885 1891 1939 verti-
1925 1875 1967 1934 Β
1997 1880 2343 1950 promulgare
2396 1880 2704 1945 decretum;
2762 1890 3027 1950 quatenus
3057 1880 3146 1950 qui
3182 1879 3469 1952 conﬂigere
3495 1880 3579 1934 ni-

308 1978 418 2031 tur,
450 1978 504 2022 et
556 1971 768 2045 argenti
800 1972 1034 2041 speciem
1064 1973 1184 2028 vilis
1217 1974 1394 2028 stanni
1445 1990 1578 2029 vena
1628 1975 1885 2030 mentitur

304 2060 441 2128 (Isa.
473 2076 578 2125 xx;
617 2061 806 2115 Ezech.
841 2064 992 2133 xxx).
1027 2065 1082 2118 In
1112 2079 1220 2135 quo
1265 2063 1493 2134 projecti
1523 2074 1650 2120 sunt
1686 2066 1888 2136 lapides

302 2154 604 2209 sanctuarii
633 2155 685 2208 in
711 2155 894 2225 capite
925 2157 1168 2211 onmium
1214 2158 1515 2226 platearum
1546 2158 1760 2218 (Tliren.
1791 2158 1887 2230 iv),

301 2252 358 2298 et
386 2253 472 2298 est
492 2243 635 2299 sicut
664 2245 912 2316 populus,
947 2247 1024 2301 sic
1053 2249 1340 2312 sacerdos;
1374 2251 1515 2304 sicut
1561 2265 1773 2312 servus,
1811 2250 1891 2305 sic

303 2335 557 2390 dominus
613 2335 750 2404 ejus.
805 2337 940 2392 Nam
971 2339 1094 2409 quis
1141 2347 1249 2393 tam
1292 2341 1522 2396 inveniri
1557 2342 1728 2410 possit
1757 2341 1890 2395 elin-

303 2426 447 2498 guis,
477 2428 568 2496 qui
595 2445 700 2482 non
757 2429 822 2483 ad
855 2430 968 2485 haec
1008 2431 1200 2485 saltem
1233 2432 1284 2485 in
1328 2447 1456 2487 voce
1489 2432 1890 2488 lamentationis

301 2519 588 2588 erumpat?
619 2519 750 2587 Quis
779 2529 886 2575 tam
935 2521 1164 2588 ferreus,
1197 2523 1318 2593 quis
1357 2533 1464 2578 tam
1495 2524 1760 2596 lapideus,
1794 2541 1890 2580 cn-

299 2605 383 2677 ins
409 2624 504 2664 cor
531 2609 754 2665 vulnera
785 2612 885 2666 ista
916 2629 1022 2666 non
1050 2613 1291 2668 sentiat?
1313 2613 1565 2669 Pervenit
1591 2615 1738 2670 enim
1766 2614 1882 2684 gla-

300 2697 423 2753 dius
447 2713 618 2770 usqne
643 2701 709 2755 ad
731 2701 986 2756 animam.
1013 2702 1280 2757 Nimirum
1305 2705 1536 2759 mundus
1553 2720 1610 2759 se
1630 2705 1696 2760 ad
1726 2705 1886 2760 finem

300 2787 579 2859 delapsum
599 2791 770 2847 ruinis
791 2793 1264 2850 crebrescentibus
1289 2795 1496 2851 indicat
1520 2805 1602 2850 :ct
1627 2797 1886 2867 episcopi,

301 2881 395 2951 qui
422 2881 633 2936 animas
661 2883 728 2937 ad
761 2882 926 2939 Deum
954 2886 1170 2941 trahere
1213 2887 1519 2956 importune
1547 2888 1887 2953 debuerant,

302 2972 526 3027 student
551 2973 786 3044 qualiter
825 2976 1069 3032 homines
1101 2994 1128 3030 a
1163 2978 1257 3032 Dei
1294 2980 1556 3034 servitute
1591 2981 1890 3034 recedant?

298 3062 478 3120 ludes
496 3065 609 3134 jam
649 3067 863 3123 vicinus
894 3071 1197 3140 appropiat,
1226 3081 1280 3125 et
1311 3087 1511 3140 praeco,
1538 3083 1596 3127 ut
1627 3074 1775 3128 cives
1807 3073 1889 3127 fu-

299 3157 453 3227 giant
473 3196 485 3216 ,
513 3155 748 3212 clamat?
783 3159 922 3214 Ante
947 3161 1180 3215 tribunal
1206 3163 1424 3232 superni
1442 3161 1645 3232 judicis
1663 3162 1885 3232 jamjam

1996 1971 2149 2036 titur,
2184 1987 2287 2024 non
2315 1971 2427 2041 jam
2476 1971 2843 2026 cavillantium
2897 1971 3182 2026 verborum
3225 1971 3575 2037 commentis,

1991 2063 2085 2117 sed
2118 2063 2234 2133 ipso
2266 2063 2444 2132 potius
2482 2063 2727 2117 veritatis
2761 2061 2983 2116 oraculo
3010 2062 3254 2130 superari
3289 2062 3573 2117 videatur:

1991 2163 2046 2209 et
2074 2163 2131 2208 ut
2157 2170 2316 2208 omne
2342 2153 2804 2224 tergiversationis
2833 2154 3070 2223 undique
3098 2151 3448 2208 occlaudatur
3471 2168 3570 2206 au-

1993 2245 2222 2316 fugium,
2271 2247 2418 2316 ipsos
2455 2257 2640 2301 contra
2687 2261 2746 2300 se
2798 2246 2850 2300 in
2918 2246 3179 2308 movenda
3229 2244 3320 2299 lite
3377 2243 3580 2299 sentiat

1992 2349 2260 2403 oratores,
2290 2355 2426 2411 quos
2451 2338 2736 2394 universus
2762 2337 2912 2393 orbis
2937 2337 3100 2392 habet
3125 2346 3178 2392 et
3197 2336 3429 2408 iudices.

2608 2427 2835 2484 CAPUT
2869 2429 2958 2483 IV.

1993 2522 2148 2590 Quod
2186 2533 2366 2594 sponte
2401 2523 2713 2594 suscipitur,
2749 2523 2860 2577 sine
2896 2531 3108 2592 peccato
3147 2537 3249 2576 non
3293 2521 3573 2576 deseritur.

2063 2614 2278 2670 Primus
2310 2616 2492 2684 itaque
2539 2628 2766 2683 magnus
2794 2611 2903 2666 Leo
2931 2627 3040 2667 sua:
3069 2610 3407 2666 auctoritatis
3444 2610 3576 2680 figat

1995 2705 2309 2769 articulum,
2342 2713 2395 2759 et
2428 2713 2485 2758 ut
2517 2718 2707 2759 revera
2733 2703 3114 2774 insuperabilis
3141 2702 3269 2766 dux,
3297 2701 3409 2773 ipse
3437 2716 3576 2771 prae-

1995 2795 2136 2850 ferat
2173 2797 2225 2850 in
2259 2797 2430 2865 prima
2473 2795 2599 2849 belli
2631 2795 2809 2849 fronte
2839 2792 3116 2848 vexillum.
3144 2792 3234 2846 Ait
3264 2792 3408 2846 enim
3434 2791 3575 2845 inter

1993 2897 2220 2942 uetera:
2256 2907 2272 2938 ι
2308 2887 2649 2957 Propositum
2692 2885 2939 2941 monachi
2963 2882 3183 2954 preprio
3210 2881 3457 2948 arbitrio,
3482 2886 3575 2934 aut

1993 2978 2271 3034 voluntate
2303 2989 2613 3048 susceptum
2661 2976 2839 3032 deseri
2867 2991 2972 3031 non
3005 2983 3182 3044 potest
3209 2973 3412 3043 absque
3449 2987 3576 3042 pec-

1992 3077 2133 3122 cato.
2189 3069 2340 3135 Quod
2387 3067 2531 3121 enim
2575 3067 2696 3135 quis
2736 3065 2881 3119 vovit
2937 3064 3066 3128 Deo,
3121 3062 3280 3117 debet
3325 3060 3572 3115 reddere.

1996 3157 2149 3214 Unde
2194 3159 2284 3229 qui
2316 3158 2499 3214 relicta
2535 3155 2927 3228 singularitatis
2960 3153 3314 3224 professione,
3341 3149 3405 3204 ad
3435 3147 3576 3204 mili-

301 3247 529 3302 humani
576 3250 790 3318 generis
829 3266 1042 3306 summa
1086 3253 1379 3324 colligitur,
1435 3262 1489 3309 et
1519 3269 1550 3309 a
1601 3255 1883 3312 sacerdote
1912 3245 1956 3306 C
1993 3251 2144 3317 tiam,
2203 3251 2288 3306 vel
2321 3252 2388 3306 ad
2445 3250 2658 3320 nuptias
2693 3247 2976 3304 devolutus
3005 3255 3110 3311 est,
3145 3243 3372 3316 publicae
3401 3242 3575 3314 patui-

300 3340 634 3410 przecipitur,
671 3351 728 3396 ut
753 3343 1000 3399 homines
1030 3347 1096 3399 ad
1125 3345 1405 3401 saecularia
1431 3348 1645 3417 negotia
1675 3348 1885 3420 disper-

300 3431 540 3500 gantur?
567 3430 706 3487 Proh
736 3433 921 3488 dolor!
967 3435 1198 3491 hucciue
1248 3437 1601 3493 sacerdotalis
1632 3441 1764 3495 ordo
1795 3456 1883 3496 re-

299 3519 493 3576 dactus
533 3531 637 3588 est,
680 3532 738 3577 ut
782 3525 874 3595 qui
907 3527 1184 3581 constituti
1214 3538 1340 3584 sunt
1387 3530 1646 3584 mundum
1684 3539 1886 3588 sanctae

300 3611 709 3680 praedicationis
749 3613 867 3670 luce
905 3616 1262 3685 perfundere,
1291 3618 1392 3688 ipsi
1423 3619 1764 3690 potissimum
1794 3635 1886 3676 co-

302 3709 506 3756 nentur
550 3703 797 3761 homines
851 3723 1230 3776 perversorum
1290 3709 1602 3780 dogmatttm
1648 3713 1887 3768 tenebris

299 3792 618 3850 obcaecare?
657 3797 724 3852 Et
744 3798 833 3867 qui
861 3799 1017 3868 positi
1047 3808 1171 3853 sunt
1203 3799 1369 3871 364
1393 3801 1457 3856 de
1479 3816 1606 3872 agro
1630 3801 1888 3858 Ecclesia:

301 3892 534 3940 cunctos
589 3901 835 3941 errorum
867 3904 1056 3958 vepres
1106 3890 1358 3954 evellere,
1393 3891 1490 3960 ipsi
1522 3907 1627 3947 non
1657 3907 1886 3948 verean-

304 3983 398 4029 tur
439 3975 713 4031 aculeatos
741 3991 984 4033 erronem
1011 3981 1293 4049 pravitatis
1320 3981 1545 4036 tribulos
1585 3983 1889 4040 seminare?

303 4061 447 4119 Olim
477 4079 602 4120 cum
657 4065 852 4122 ﬂorens
905 4069 1079 4124 adhuc
1131 4069 1365 4124 mundus
1405 4070 1757 4137 blandiretur,
1789 4075 1886 4128 ho-

304 4158 512 4211 minum
567 4157 827 4228 plurimos
874 4160 941 4212 ab
976 4175 1041 4216 eo
1097 4161 1452 4218 subtrahebat
1502 4161 1661 4218 docta
1708 4164 1887 4233 lingua

304 4259 586 4320 pastorum
623 4269 636 4304 :
671 4267 812 4307 nunc
852 4264 1032 4308 autem
1087 4269 1208 4309 cum
1239 4254 1352 4322 jam
1383 4255 1791 4310 evidentiSsime
1830 4273 1889 4312 se

305 4339 542 4394 mundus
597 4340 978 4410 despicabilem
1032 4343 1254 4410 indicat,
1313 4345 1508 4400 Pastor
1552 4346 1804 4402 Ecclesiae
1832 4357 1890 4402 ut

301 4431 374 4486 ad
401 4447 524 4486 eum
545 4431 792 4488 homines
823 4442 1168 4490 revertantur
1193 4437 1401 4491 invitat.

379 4523 639 4580 Videmus
667 4526 906 4594 quotidie
939 4527 1184 4584 homines
1229 4527 1407 4583 aliena
1436 4529 1690 4598 diripere,
1724 4530 1890 4586 bello-

1991 3346 2173 3401 tentite
2206 3343 2579 3400 satisfactione
2613 3340 2925 3412 purgandus
2955 3348 3055 3394 est.
3105 3337 3240 3406 Quia
3264 3345 3317 3392 et
3345 3336 3388 3392 si
3415 3335 3571 3390 inno-

1989 3454 2121 3495 cens
2165 3437 2383 3502 militia,
2427 3445 2480 3491 et
2509 3437 2794 3490 honestum
2842 3439 3021 3503 potest
3055 3445 3176 3485 esse
3231 3427 3570 3500 conjugium;

1987 3531 2305 3588 electionem
2353 3529 2632 3584 meliorem
2657 3527 2982 3591 deseruisse,
3019 3523 3378 3594 transgressio
3403 3530 3507 3576 est.
3545 3542 3564 3574 ι

1989 3624 2092 3681 Ubi
2140 3623 2456 3687 notandum,
2482 3621 2624 3692 quod
2671 3620 2754 3676 vir
2780 3617 3170 3674 disertissimus
3226 3630 3334 3670 non
3380 3613 3478 3678 ait,
3511 3621 3573 3669 ut

1988 3723 2171 3770 noster
2197 3714 2368 3785 garrit
2411 3713 2716 3784 episcopus,
2748 3709 3080 3781 propositum
3120 3705 3280 3778 365
3324 3703 3578 3760 monachi

1987 3802 2143 3873 longa
2161 3803 2472 3858 morositate
2493 3809 2824 3870 susceptum.
2847 3797 2981 3854 «Sed
3005 3797 3358 3867 propositum,
3374 3794 3572 3864 inquit,

1991 3893 2240 3950 monachi
2271 3894 2490 3964 proprio
2519 3891 2767 3956 arbitrio,
2809 3899 2903 3944 aut
2948 3891 3227 3944 voluntate
3259 3896 3569 3958 susceptura

1989 3987 2166 4042 deseri
2185 4000 2288 4039 non
2315 3994 2493 4055 potest
2519 3986 2720 4054 absque
2743 3992 2986 4054 peccato.
3012 4003 3028 4034 ι
3049 3981 3191 4036 Nihil
3218 3997 3348 4052 ergo
3375 3981 3571 4035 virium

1993 4076 2274 4146 temporali
2318 4076 2533 4145 reliquit
2567 4073 2886 4138 morositati,
2931 4073 3024 4144 qui
3057 4080 3225 4127 totum
3263 4080 3572 4143 spontaneo:

1993 4166 2180 4220 tribuit
2217 4165 2496 4220 voluntati.

2062 4256 2118 4311 Si
2160 4257 2328 4326 igitur
2362 4255 2694 4326 propositum
2731 4254 2834 4308 hoc
2871 4253 3057 4324 negari
3095 4268 3200 4307 non
3239 4260 3420 4322 potest
3449 4265 3571 4305 cum

1990 4348 2266 4403 voluntate
2315 4356 2622 4416 susceptum
2646 4387 2660 4412 ,
2709 4354 2984 4400 asseratur
3024 4359 3248 4400 necesse
3285 4352 3370 4398 est
3394 4383 3408 4406 ,
3445 4357 3570 4397 cum

1988 4447 2215 4506 peccato
2255 4437 2523 4491 relictum.
2557 4435 2654 4490 Cui
2687 4435 2862 4490 simile
2905 4442 2989 4489 est
3038 4434 3166 4489 illud
3200 4433 3394 4497 etiam,
3427 4430 3573 4502 quod

1995 4529 2062 4585 de
2095 4528 2390 4600 virginibus
2420 4528 2556 4583 idem
2594 4528 2676 4582 vir
2711 4526 3190 4596 eloquentissimus
3227 4525 3304 4580 ait
3332 4543 3344 4578 :
3376 4543 3392 4576 ι
3418 4522 3576 4580 Puel-

305 4627 426 4667 rum
457 4614 652 4668 studiis
683 4615 957 4681 insudare,
1010 4631 1210 4688 egenos
1242 4619 1570 4688 Opprimere,
1607 4621 1888 4674 machina-
1920 4605 1968 4666 D
1996 4621 2092 4685 lae,
2126 4623 2336 4693 inquit,
2371 4637 2489 4691 quae
2519 4638 2623 4677 non
2649 4631 2838 4676 coacto
2868 4630 3153 4690 parentum
3184 4619 3410 4690 imperio
3433 4658 3447 4683 ,
3479 4617 3579 4674 sed

307 4702 516 4758 tionum
558 4705 858 4760 tendieulas
907 4704 1161 4761 fraternis
1186 4708 1462 4775 gressibus
1487 4707 1758 4762 occultare
1791 4727 1802 4761 :
1833 4719 1888 4764 et

303 4808 365 4852 ut
424 4806 618 4851 cuncta
673 4797 859 4852 mundi
919 4798 1060 4852 mala
1120 4798 1270 4853 brevi
1333 4798 1546 4869 cingulo
1605 4799 1886 4853 locutionis

305 4889 626 4958 astringam,
653 4903 843 4945 omnes
866 4905 1020 4961 pene,
1050 4907 1168 4960 qua:
1187 4906 1284 4946 sua
1315 4903 1460 4958 sunt,
1487 4907 1754 4962 quarrere,
1779 4909 1883 4947 non

303 4993 426 5046 quae
451 4977 580 5033 Jesu
607 4978 842 5043 Christi;
875 4995 973 5034 nos
995 4981 1254 5036 adversus
1275 4996 1370 5036 eos
1393 4981 1538 5036 nullo
1560 4982 1677 5036 zelo
1700 4983 1882 5037 chari-

306 5069 434 5124 tatis
481 5071 839 5135 accindimur,
892 5071 1052 5126 nullis
1095 5074 1525 5128 correctionibus
1579 5075 1882 5140 obviamus,

307 5157 453 5212 nulla
476 5161 912 5215 contradictione
936 5161 1235 5216 resistinms
1265 5161 1484 5232 (Philip.
1512 5165 1592 5232 ιι).
1620 5163 1675 5218 Si
1708 5173 1887 5221 autem

308 5247 621 5303 rarissimus
666 5250 892 5318 quilibet
922 5266 987 5305 ex
1043 5261 1190 5306 tanta
1228 5252 1506 5306 hominum
1542 5254 1889 5310 multitudine

307 5349 398 5395 aut
436 5341 663 5411 ﬂagellis
703 5343 940 5407 attritus,
977 5352 1071 5398 aut
1095 5343 1290 5399 divinat
1316 5345 1686 5414 inspirationis
1712 5349 1885 5416 gratia

309 5441 653 5502 provocatus,
685 5433 752 5488 ad
777 5433 1088 5489 Creatorem
1122 5451 1278 5491 suum
1309 5438 1632 5506 quandoque
1661 5454 1886 5494 conver-

309 5524 461 5589 titur,
500 5540 627 5579 mox
675 5526 746 5580 ad
787 5527 1044 5583 suasoria:
1097 5529 1480 5584 assentationis
1516 5529 1882 5586 blandimenta

308 5615 664 5680 convertitur,
713 5617 854 5671 sacri
898 5616 1094 5686 eloquii
1147 5618 1394 5674 flosculos
1441 5635 1505 5673 ac
1561 5621 1885 5689 pravitatem

311 5711 484 5765 nostri
531 5713 836 5768 intellectus
899 5713 1238 5778 inﬂectimus,
1303 5725 1356 5771 et
1402 5717 1482 5772 sic
1528 5717 1723 5772 divinis
1772 5715 1885 5786 jam

305 5801 585 5872 obsequiis
614 5806 976 5875 mancipatum
1008 5807 1073 5869 ad
1127 5808 1310 5863 mundi
1341 5807 1678 5864 volutabrum
1708 5807 1886 5866 redire

1997 4723 2296 4785 spontaneo
2338 4714 2546 4784 judicio
2593 4713 2922 4783 virginitatis
2984 4713 3353 4783 propositum,
3413 4719 3580 4780 atque

1993 4803 2239 4857 habitum
2265 4812 2648 4873 susceperunt,
2673 4804 2715 4858 si
2739 4811 2920 4872 postea
2947 4802 3162 4871 nuptias
3182 4801 3382 4870 eligunt
3399 4839 3413 4864 ,
3437 4812 3576 4868 prae-

1997 4893 2328 4959 varicantur,
2385 4895 2548 4948 etiam
2601 4893 2645 4948 si
2696 4894 2933 4947 nondum
2968 4892 3048 4945 eis
3083 4890 3255 4961 gratia
3295 4904 3575 4944 consecra-

1996 4983 2159 5038 tionis
2208 4985 2537 5038 accesserit:
2593 4981 2745 5051 cujus
2798 4983 2980 5051 itaque
3031 4996 3136 5034 non
3192 4979 3576 5033 fraudarentur

2000 5089 2259 5140 munere,
2285 5076 2328 5130 si
2360 5076 2411 5128 in
2441 5075 2715 5146 proposito
2748 5079 3113 5129 remanerent.
3145 5089 3164 5123 ι
3189 5069 3358 5125 Audis
3388 5069 3572 5140 igitur,

1996 5182 2030 5222 0
2054 5167 2302 5236 episcope
2319 5206 2334 5232 ,
2359 5166 2483 5236 quia
2512 5164 2643 5219 nihil
2673 5163 2928 5218 momenti
2958 5175 3184 5217 morosae
3210 5159 3570 5241 conversioni,

1996 5259 2128 5313 nihil
2171 5259 2268 5328 ipsi
2303 5259 2466 5312 etiam
2505 5255 2899 5312 consecrationi
2939 5253 3227 5315 tribuitur,
3281 5252 3374 5307 sed
3409 5266 3570 5306 omne

1994 5348 2309 5402 monastica:
2371 5346 2717 5416 perfectionis
2787 5344 2951 5401 robur
3017 5351 3317 5415 spontaneo
3368 5341 3573 5412 judicio

1995 5445 2328 5491 reservatur.

2065 5529 2145 5582 Ad
2178 5529 2538 5583 confutandas
2567 5529 2857 5599 litigatoris
2889 5528 3056 5583 nostri
3087 5526 3391 5583 calumnias
3422 5533 3572 5594 pote-

1997 5633 2112 5684 rat,
2168 5623 2274 5676 imo
2319 5622 2579 5676 debuerat
2624 5622 3088 5676 eminentissimus
3135 5619 3244 5675 Leo
3294 5615 3569 5677 sufﬁcere.

1995 5714 2040 5768 si
2083 5714 2170 5768 hic
2205 5721 2391 5783 posset
2427 5709 2586 5768 facile
2625 5713 2848 5782 rigidam
2886 5713 3151 5766 cervicem
3189 5711 3367 5766 cordis
3401 5707 3572 5762 sacris

1995 5805 2413 5862 auctoritatibus
2443 5804 2708 5862 inclinare
2739 5825 2751 5859 :
2787 5803 2881 5858 sed
2913 5803 3038 5874 quia
3069 5803 3173 5858 iste
3205 5800 3432 5858 necdmn
3461 5796 3569 5852 for--
