  <div class='ocr_page' id='page_1' title='image "/cluster/home/n/w/nwhite01/storage/ocr_20150623/145/hvd.32044015471824/193.png"; bbox 0 0 4148 5358; ppageno 0'>
   <div class='ocr_carea' id='block_1_1' title="bbox 552 283 650 377">
    <p class='ocr_par' dir='ltr' id='par_1_1' title="bbox 552 283 650 377">
     <span class='ocr_line' id='line_1_1' title="bbox 552 283 650 377; baseline 0.041 -4"><span class='ocrx_word' id='word_1_1' title='bbox 552 283 650 377; x_wconf 69' lang='lat' dir='ltr'><strong>5n</strong></span> 
     </span>
    </p>
   </div>
   <div class='ocr_carea' id='block_1_2' title="bbox 1010 322 3367 388">
    <p class='ocr_par' dir='ltr' id='par_1_2' title="bbox 1010 322 3367 388">
     <span class='ocr_line' id='line_1_2' title="bbox 1010 322 3367 388; baseline 0.003 -11"><span class='ocrx_word' id='word_1_2' title='bbox 1010 322 1067 377; x_wconf 92' lang='lat' dir='ltr'><strong>S.</strong></span> <span class='ocrx_word' id='word_1_3' title='bbox 1107 323 1309 379; x_wconf 76' lang='lat' dir='ltr'><strong>PETRI</strong></span> <span class='ocrx_word' id='word_1_4' title='bbox 1349 324 1629 382; x_wconf 77' lang='lat' dir='ltr'><strong>DAMIANI</strong></span> <span class='ocrx_word' id='word_1_5' title='bbox 1664 325 1813 384; x_wconf 80' lang='lat' dir='ltr'><strong>OPP.</strong></span> <span class='ocrx_word' id='word_1_6' title='bbox 1853 324 2093 383; x_wconf 70' lang='lat' dir='ltr'><strong>TOMUS</strong></span> <span class='ocrx_word' id='word_1_7' title='bbox 2124 326 2253 383; x_wconf 86' lang='lat' dir='ltr'><strong>SEU</strong></span> <span class='ocrx_word' id='word_1_8' title='bbox 2288 327 2485 384; x_wconf 77' lang='lat' dir='ltr'><strong>PARS.</strong></span> <span class='ocrx_word' id='word_1_9' title='bbox 2523 324 2609 385; x_wconf 83' lang='lat' dir='ltr'><strong>Ill.</strong></span> <span class='ocrx_word' id='word_1_10' title='bbox 2642 360 2711 371; x_wconf 91' lang='lat'><strong>-—</strong></span> <span class='ocrx_word' id='word_1_11' title='bbox 2734 326 3099 388; x_wconf 81' lang='lat' dir='ltr'><strong>OPUSCULA</strong></span> <span class='ocrx_word' id='word_1_12' title='bbox 3137 328 3367 387; x_wconf 79' lang='lat' dir='ltr'><strong>VARIA.</strong></span> 
     </span>
    </p>
   </div>
   <div class='ocr_carea' id='block_1_3' title="bbox 3692 330 3801 386">
    <p class='ocr_par' dir='ltr' id='par_1_3' title="bbox 3692 330 3801 386">
     <span class='ocr_line' id='line_1_3' title="bbox 3692 330 3801 386; baseline -0.009 0"><span class='ocrx_word' id='word_1_13' title='bbox 3692 330 3801 386; x_wconf 68' lang='lat'><strong>373</strong></span> 
     </span>
    </p>
   </div>
   <div class='ocr_carea' id='block_1_4' title="bbox 553 435 3803 512">
    <p class='ocr_par' dir='ltr' id='par_1_4' title="bbox 553 435 3803 512">
     <span class='ocr_line' id='line_1_4' title="bbox 553 435 3803 512; baseline 0.001 -21"><span class='ocrx_word' id='word_1_14' title='bbox 553 437 693 492; x_wconf 99' lang='lat' dir='ltr'><strong>sitan</strong></span> <span class='ocrx_word' id='word_1_15' title='bbox 734 435 986 500; x_wconf 84' lang='lat' dir='ltr'><strong>ﬂectitur,</strong></span> <span class='ocrx_word' id='word_1_16' title='bbox 1019 437 1208 492; x_wconf 89' lang='lat' dir='ltr'><strong>beatus</strong></span> <span class='ocrx_word' id='word_1_17' title='bbox 1238 452 1452 508; x_wconf 88' lang='lat' dir='ltr'><strong>quoque</strong></span> <span class='ocrx_word' id='word_1_18' title='bbox 1480 453 1618 508; x_wconf 88' lang='lat' dir='ltr'><strong>papa</strong></span> <span class='ocrx_word' id='word_1_19' title='bbox 1648 437 1896 495; x_wconf 85' lang='lat' dir='ltr'><strong>Gelasius</strong></span> <span class='ocrx_word' id='word_1_20' title='bbox 1937 439 2003 494; x_wconf 89' lang='lat' dir='ltr'><strong>ad</strong></span> <span class='ocrx_word' id='word_1_21' title='bbox 2039 446 2122 493; x_wconf 89' lang='lat' dir='ltr'><strong>te-</strong></span> <span class='ocrx_word' id='word_1_22' title='bbox 2153 444 2200 502; x_wconf 78' lang='grc' dir='ltr'>Α</span> <span class='ocrx_word' id='word_1_23' title='bbox 2226 444 2435 494; x_wconf 88' lang='lat' dir='ltr'><strong>centur.</strong></span> <span class='ocrx_word' id='word_1_24' title='bbox 2474 438 2627 507; x_wconf 86' lang='lat' dir='ltr'><strong>Quod</strong></span> <span class='ocrx_word' id='word_1_25' title='bbox 2662 440 2707 495; x_wconf 89' lang='lat' dir='ltr'><strong>si</strong></span> <span class='ocrx_word' id='word_1_26' title='bbox 2748 439 2912 512; x_wconf 91' lang='lat' dir='ltr'><strong>aliqui</strong></span> <span class='ocrx_word' id='word_1_27' title='bbox 2960 456 3055 510; x_wconf 91' lang='lat' dir='ltr'><strong>per</strong></span> <span class='ocrx_word' id='word_1_28' title='bbox 3099 440 3476 510; x_wconf 70' lang='lat' dir='ltr'><strong>paenitentiam</strong></span> <span class='ocrx_word' id='word_1_29' title='bbox 3531 438 3803 497; x_wconf 83' lang='lat' dir='ltr'><strong>irrevoca-</strong></span> 
     </span>
    </p>
   </div>
   <div class='ocr_carea' id='block_1_5' title="bbox 552 526 2120 594">
    <p class='ocr_par' dir='ltr' id='par_1_5' title="bbox 552 526 2120 594">
     <span class='ocr_line' id='line_1_5' title="bbox 552 526 2120 594; baseline 0 -12"><span class='ocrx_word' id='word_1_30' title='bbox 552 526 865 582; x_wconf 88' lang='lat' dir='ltr'><strong>stimonium</strong></span> <span class='ocrx_word' id='word_1_31' title='bbox 921 528 1259 594; x_wconf 76' lang='lat' dir='ltr'><strong>deducatur;</strong></span> <span class='ocrx_word' id='word_1_32' title='bbox 1316 529 1508 582; x_wconf 84' lang='lat' dir='ltr'><strong>scribit</strong></span> <span class='ocrx_word' id='word_1_33' title='bbox 1563 530 1706 583; x_wconf 90' lang='lat' dir='ltr'><strong>enim</strong></span> <span class='ocrx_word' id='word_1_34' title='bbox 1768 530 1911 584; x_wconf 88' lang='lat' dir='ltr'><strong>inter</strong></span> <span class='ocrx_word' id='word_1_35' title='bbox 1967 528 2120 585; x_wconf 88' lang='lat' dir='ltr'><strong>alia:</strong></span> 
     </span>
    </p>
   </div>
   <div class='ocr_carea' id='block_1_6' title="bbox 557 618 2127 690">
    <p class='ocr_par' dir='ltr' id='par_1_6' title="bbox 557 618 2127 690">
     <span class='ocr_line' id='line_1_6' title="bbox 557 618 2127 690; baseline 0.005 -20"><span class='ocrx_word' id='word_1_36' title='bbox 557 638 575 668; x_wconf 75' lang='grc' dir='ltr'>ι</span> <span class='ocrx_word' id='word_1_37' title='bbox 609 618 975 686; x_wconf 81' lang='lat' dir='ltr'><strong>Quamobrem</strong></span> <span class='ocrx_word' id='word_1_38' title='bbox 1012 620 1259 690; x_wconf 87' lang='lat' dir='ltr'><strong>quisquis</strong></span> <span class='ocrx_word' id='word_1_39' title='bbox 1297 622 1573 685; x_wconf 83' lang='lat' dir='ltr'><strong>virorum,</strong></span> <span class='ocrx_word' id='word_1_40' title='bbox 1604 623 1687 678; x_wconf 91' lang='lat' dir='ltr'><strong>vel</strong></span> <span class='ocrx_word' id='word_1_41' title='bbox 1720 623 2002 678; x_wconf 77' lang='lat' dir='ltr'><strong>mulierum</strong></span> <span class='ocrx_word' id='word_1_42' title='bbox 2031 623 2127 678; x_wconf 88' lang='lat' dir='ltr'><strong>ha-</strong></span> 
     </span>
    </p>
   </div>
   <div class='ocr_carea' id='block_1_7' title="bbox 551 708 2129 784">
    <p class='ocr_par' dir='ltr' id='par_1_7' title="bbox 551 708 2129 784">
     <span class='ocr_line' id='line_1_7' title="bbox 551 708 2129 784; baseline 0.004 -22"><span class='ocrx_word' id='word_1_43' title='bbox 551 709 723 765; x_wconf 88' lang='lat' dir='ltr'><strong>bitum</strong></span> <span class='ocrx_word' id='word_1_44' title='bbox 755 708 923 765; x_wconf 89' lang='lat' dir='ltr'><strong>semel</strong></span> <span class='ocrx_word' id='word_1_45' title='bbox 956 710 1229 776; x_wconf 86' lang='lat' dir='ltr'><strong>induerit,</strong></span> <span class='ocrx_word' id='word_1_46' title='bbox 1261 713 1342 765; x_wconf 90' lang='lat' dir='ltr'><strong>vel</strong></span> <span class='ocrx_word' id='word_1_47' title='bbox 1382 712 1673 767; x_wconf 86' lang='lat' dir='ltr'><strong>induerunt</strong></span> <span class='ocrx_word' id='word_1_48' title='bbox 1710 727 2006 784; x_wconf 77' lang='lat' dir='ltr'><strong>spouzanee</strong></span> <span class='ocrx_word' id='word_1_49' title='bbox 2045 729 2129 769; x_wconf 86' lang='lat' dir='ltr'><strong>re-</strong></span> 
     </span>
    </p>
   </div>
   <div class='ocr_carea' id='block_1_8' title="bbox 549 798 2127 868">
    <p class='ocr_par' dir='ltr' id='par_1_8' title="bbox 549 798 2127 868">
     <span class='ocr_line' id='line_1_8' title="bbox 549 798 2127 868; baseline 0.004 -17"><span class='ocrx_word' id='word_1_50' title='bbox 549 798 838 868; x_wconf 73' lang='lat' dir='ltr'><strong>ligiosum,</strong></span> <span class='ocrx_word' id='word_1_51' title='bbox 890 808 985 854; x_wconf 89' lang='lat' dir='ltr'><strong>aut</strong></span> <span class='ocrx_word' id='word_1_52' title='bbox 1033 801 1078 859; x_wconf 86' lang='lat' dir='ltr'><strong>si</strong></span> <span class='ocrx_word' id='word_1_53' title='bbox 1126 801 1210 858; x_wconf 90' lang='lat' dir='ltr'><strong>vir</strong></span> <span class='ocrx_word' id='word_1_54' title='bbox 1256 801 1468 858; x_wconf 89' lang='lat' dir='ltr'><strong>deditus</strong></span> <span class='ocrx_word' id='word_1_55' title='bbox 1507 804 1763 858; x_wconf 66' lang='lat' dir='ltr'><strong>Ecclesia:</strong></span> <span class='ocrx_word' id='word_1_56' title='bbox 1801 805 2001 868; x_wconf 75' lang='lat' dir='ltr'><strong>choro,</strong></span> <span class='ocrx_word' id='word_1_57' title='bbox 2041 803 2127 859; x_wconf 92' lang='lat' dir='ltr'><strong>vel</strong></span> 
     </span>
    </p>
   </div>
   <div class='ocr_carea' id='block_1_9' title="bbox 548 887 2124 962">
    <p class='ocr_par' dir='ltr' id='par_1_9' title="bbox 548 887 2124 962">
     <span class='ocr_line' id='line_1_9' title="bbox 548 887 2124 962; baseline 0.002 -19"><span class='ocrx_word' id='word_1_58' title='bbox 548 887 753 943; x_wconf 80' lang='lat' dir='ltr'><strong>femina</strong></span> <span class='ocrx_word' id='word_1_59' title='bbox 800 888 995 954; x_wconf 81' lang='lat' dir='ltr'><strong>fuerit,</strong></span> <span class='ocrx_word' id='word_1_60' title='bbox 1044 898 1137 944; x_wconf 89' lang='lat' dir='ltr'><strong>aut</strong></span> <span class='ocrx_word' id='word_1_61' title='bbox 1184 889 1284 945; x_wconf 82' lang='lat' dir='ltr'><strong>fuit</strong></span> <span class='ocrx_word' id='word_1_62' title='bbox 1322 892 1563 961; x_wconf 82' lang='lat' dir='ltr'><strong>delegata</strong></span> <span class='ocrx_word' id='word_1_63' title='bbox 1599 893 1895 962; x_wconf 80' lang='lat' dir='ltr'><strong>puellarum</strong></span> <span class='ocrx_word' id='word_1_64' title='bbox 1932 908 2124 947; x_wconf 85' lang='lat' dir='ltr'><strong>mona-</strong></span> 
     </span>
    </p>
   </div>
   <div class='ocr_carea' id='block_1_10' title="bbox 552 980 2127 1057">
    <p class='ocr_par' dir='ltr' id='par_1_10' title="bbox 552 980 2127 1057">
     <span class='ocr_line' id='line_1_10' title="bbox 552 980 2127 1057; baseline 0.003 -23"><span class='ocrx_word' id='word_1_65' title='bbox 552 981 757 1045; x_wconf 87' lang='lat' dir='ltr'><strong>sterio,</strong></span> <span class='ocrx_word' id='word_1_66' title='bbox 813 980 866 1034; x_wconf 91' lang='lat' dir='ltr'><strong>in</strong></span> <span class='ocrx_word' id='word_1_67' title='bbox 903 990 1131 1050; x_wconf 89' lang='lat' dir='ltr'><strong>utroque</strong></span> <span class='ocrx_word' id='word_1_68' title='bbox 1169 997 1300 1038; x_wconf 80' lang='lat' dir='ltr'><strong>sexu</strong></span> <span class='ocrx_word' id='word_1_69' title='bbox 1355 986 1740 1052; x_wconf 52' lang='lat' dir='ltr'><strong>praevaricator</strong></span> <span class='ocrx_word' id='word_1_70' title='bbox 1778 987 1842 1040; x_wconf 91' lang='lat' dir='ltr'><strong>ad</strong></span> <span class='ocrx_word' id='word_1_71' title='bbox 1884 986 2127 1057; x_wconf 85' lang='lat' dir='ltr'><strong>proposi-</strong></span> 
     </span>
    </p>
   </div>
   <div class='ocr_carea' id='block_1_11' title="bbox 556 1069 2126 1144">
    <p class='ocr_par' dir='ltr' id='par_1_11' title="bbox 556 1069 2126 1144">
     <span class='ocr_line' id='line_1_11' title="bbox 556 1069 2126 1144; baseline 0.003 -19"><span class='ocrx_word' id='word_1_72' title='bbox 556 1081 673 1125; x_wconf 89' lang='lat' dir='ltr'><strong>tum</strong></span> <span class='ocrx_word' id='word_1_73' title='bbox 706 1069 907 1125; x_wconf 89' lang='lat' dir='ltr'><strong>invitus</strong></span> <span class='ocrx_word' id='word_1_74' title='bbox 942 1074 1139 1127; x_wconf 89' lang='lat' dir='ltr'><strong>reverti</strong></span> <span class='ocrx_word' id='word_1_75' title='bbox 1168 1084 1414 1144; x_wconf 81' lang='lat' dir='ltr'><strong>cogatur,</strong></span> <span class='ocrx_word' id='word_1_76' title='bbox 1450 1084 1511 1129; x_wconf 90' lang='lat' dir='ltr'><strong>ut</strong></span> <span class='ocrx_word' id='word_1_77' title='bbox 1544 1075 1625 1130; x_wconf 89' lang='lat' dir='ltr'><strong>vir</strong></span> <span class='ocrx_word' id='word_1_78' title='bbox 1660 1075 2038 1140; x_wconf 89' lang='lat' dir='ltr'><strong>detondeatur,</strong></span> <span class='ocrx_word' id='word_1_79' title='bbox 2072 1085 2126 1129; x_wconf 91' lang='lat' dir='ltr'><strong>et</strong></span> 
     </span>
    </p>
   </div>
   <div class='ocr_carea' id='block_1_12' title="bbox 549 1161 2126 1237">
    <p class='ocr_par' dir='ltr' id='par_1_12' title="bbox 549 1161 2126 1237">
     <span class='ocr_line' id='line_1_12' title="bbox 549 1161 2126 1237; baseline 0.005 -23"><span class='ocrx_word' id='word_1_80' title='bbox 549 1161 731 1232; x_wconf 87' lang='lat' dir='ltr'><strong>puella</strong></span> <span class='ocrx_word' id='word_1_81' title='bbox 763 1162 1152 1217; x_wconf 84' lang='lat' dir='ltr'><strong>monasterium</strong></span> <span class='ocrx_word' id='word_1_82' title='bbox 1189 1164 1546 1235; x_wconf 71' lang='lat' dir='ltr'><strong>ingrediatur.</strong></span> <span class='ocrx_word' id='word_1_83' title='bbox 1580 1165 1635 1221; x_wconf 91' lang='lat' dir='ltr'><strong>Si</strong></span> <span class='ocrx_word' id='word_1_84' title='bbox 1673 1177 1848 1223; x_wconf 88' lang='lat' dir='ltr'><strong>autem</strong></span> <span class='ocrx_word' id='word_1_85' title='bbox 1886 1166 2126 1237; x_wconf 83' lang='lat' dir='ltr'><strong>quolibet</strong></span> 
     </span>
    </p>
   </div>
   <div class='ocr_carea' id='block_1_13' title="bbox 549 1257 2124 1330">
    <p class='ocr_par' dir='ltr' id='par_1_13' title="bbox 549 1257 2124 1330">
     <span class='ocr_line' id='line_1_13' title="bbox 549 1257 2124 1330; baseline 0.005 -22"><span class='ocrx_word' id='word_1_86' title='bbox 549 1257 863 1322; x_wconf 88' lang='lat' dir='ltr'><strong>patrocinio</strong></span> <span class='ocrx_word' id='word_1_87' title='bbox 894 1260 1202 1315; x_wconf 80' lang='lat' dir='ltr'><strong>desertores</strong></span> <span class='ocrx_word' id='word_1_88' title='bbox 1241 1276 1562 1330; x_wconf 82' lang='lat' dir='ltr'><strong>permanere</strong></span> <span class='ocrx_word' id='word_1_89' title='bbox 1601 1261 1899 1329; x_wconf 80' lang='lat' dir='ltr'><strong>voluerint,</strong></span> <span class='ocrx_word' id='word_1_90' title='bbox 1939 1279 2124 1318; x_wconf 83' lang='lat' dir='ltr'><strong>sacer-</strong></span> 
     </span>
    </p>
   </div>
   <div class='ocr_carea' id='block_1_14' title="bbox 551 1346 2125 1409">
    <p class='ocr_par' dir='ltr' id='par_1_14' title="bbox 551 1346 2125 1409">
     <span class='ocr_line' id='line_1_14' title="bbox 551 1346 2125 1409; baseline 0.006 -10"><span class='ocrx_word' id='word_1_91' title='bbox 551 1346 719 1400; x_wconf 84' lang='lat' dir='ltr'><strong>dotali</strong></span> <span class='ocrx_word' id='word_1_92' title='bbox 757 1350 1025 1404; x_wconf 84' lang='lat' dir='ltr'><strong>sententia</strong></span> <span class='ocrx_word' id='word_1_93' title='bbox 1065 1367 1094 1403; x_wconf 90' lang='lat' dir='ltr'><strong>a</strong></span> <span class='ocrx_word' id='word_1_94' title='bbox 1133 1349 1568 1406; x_wconf 76' lang='lat' dir='ltr'><strong>Christianorum</strong></span> <span class='ocrx_word' id='word_1_95' title='bbox 1621 1363 1767 1408; x_wconf 67' lang='lat' dir='ltr'><strong>metu</strong></span> <span class='ocrx_word' id='word_1_96' title='bbox 1822 1354 2125 1409; x_wconf 77' lang='lat' dir='ltr'><strong>habeantur</strong></span> 
     </span>
    </p>
   </div>
   <div class='ocr_carea' id='block_1_15' title="bbox 550 1442 2116 1506">
    <p class='ocr_par' dir='ltr' id='par_1_15' title="bbox 550 1442 2116 1506">
     <span class='ocr_line' id='line_1_15' title="bbox 550 1442 2116 1506; baseline 0.004 -16"><span class='ocrx_word' id='word_1_97' title='bbox 550 1447 826 1506; x_wconf 81' lang='lat' dir='ltr'><strong>extorres,</strong></span> <span class='ocrx_word' id='word_1_98' title='bbox 878 1450 936 1495; x_wconf 92' lang='lat' dir='ltr'><strong>ut</strong></span> <span class='ocrx_word' id='word_1_99' title='bbox 980 1457 1079 1496; x_wconf 89' lang='lat' dir='ltr'><strong>nec</strong></span> <span class='ocrx_word' id='word_1_100' title='bbox 1131 1442 1278 1497; x_wconf 89' lang='lat' dir='ltr'><strong>locus</strong></span> <span class='ocrx_word' id='word_1_101' title='bbox 1322 1444 1403 1498; x_wconf 89' lang='lat' dir='ltr'><strong>eis</strong></span> <span class='ocrx_word' id='word_1_102' title='bbox 1448 1444 1586 1500; x_wconf 90' lang='lat' dir='ltr'><strong>ullus</strong></span> <span class='ocrx_word' id='word_1_103' title='bbox 1632 1446 1702 1500; x_wconf 88' lang='lat' dir='ltr'><strong>sit</strong></span> <span class='ocrx_word' id='word_1_104' title='bbox 1746 1447 2066 1502; x_wconf 84' lang='lat' dir='ltr'><strong>communis.</strong></span> <span class='ocrx_word' id='word_1_105' title='bbox 2100 1464 2116 1496; x_wconf 73' lang='grc' dir='ltr'><strong><em>ι</em></strong></span> 
     </span>
    </p>
   </div>
   <div class='ocr_carea' id='block_1_16' title="bbox 556 1528 2120 1605">
    <p class='ocr_par' dir='ltr' id='par_1_16' title="bbox 556 1528 2120 1605">
     <span class='ocr_line' id='line_1_16' title="bbox 556 1528 2120 1605; baseline 0.005 -22"><span class='ocrx_word' id='word_1_106' title='bbox 556 1528 799 1602; x_wconf 84' lang='lat' dir='ltr'><strong>Singula,</strong></span> <span class='ocrx_word' id='word_1_107' title='bbox 857 1532 1108 1599; x_wconf 89' lang='lat' dir='ltr'><strong>obsecro,</strong></span> <span class='ocrx_word' id='word_1_108' title='bbox 1141 1535 1307 1590; x_wconf 83' lang='lat' dir='ltr'><strong>verba</strong></span> <span class='ocrx_word' id='word_1_109' title='bbox 1356 1535 1624 1590; x_wconf 75' lang='lat' dir='ltr'><strong>subtiliter</strong></span> <span class='ocrx_word' id='word_1_110' title='bbox 1679 1537 1920 1605; x_wconf 86' lang='lat' dir='ltr'><strong>inspice,</strong></span> <span class='ocrx_word' id='word_1_111' title='bbox 1977 1546 2034 1591; x_wconf 90' lang='lat' dir='ltr'><strong>ut</strong></span> <span class='ocrx_word' id='word_1_112' title='bbox 2068 1538 2120 1591; x_wconf 90' lang='lat' dir='ltr'><strong>in</strong></span> 
     </span>
    </p>
   </div>
   <div class='ocr_carea' id='block_1_17' title="bbox 548 1625 2121 1697">
    <p class='ocr_par' dir='ltr' id='par_1_17' title="bbox 548 1625 2121 1697">
     <span class='ocr_line' id='line_1_17' title="bbox 548 1625 2121 1697; baseline 0.003 -18"><span class='ocrx_word' id='word_1_113' title='bbox 548 1633 745 1679; x_wconf 85' lang='lat' dir='ltr'><strong>statera</strong></span> <span class='ocrx_word' id='word_1_114' title='bbox 778 1625 976 1679; x_wconf 87' lang='lat' dir='ltr'><strong>mentis</strong></span> <span class='ocrx_word' id='word_1_115' title='bbox 1006 1626 1339 1694; x_wconf 82' lang='lat' dir='ltr'><strong>appendeus.</strong></span> <span class='ocrx_word' id='word_1_116' title='bbox 1379 1644 1407 1681; x_wconf 88' lang='lat' dir='ltr'><strong>a</strong></span> <span class='ocrx_word' id='word_1_117' title='bbox 1450 1628 1694 1683; x_wconf 76' lang='lat' dir='ltr'><strong>veritatis</strong></span> <span class='ocrx_word' id='word_1_118' title='bbox 1730 1638 1875 1684; x_wconf 88' lang='lat' dir='ltr'><strong>statu</strong></span> <span class='ocrx_word' id='word_1_119' title='bbox 1917 1644 2121 1697; x_wconf 89' lang='lat' dir='ltr'><strong>nequa-</strong></span> 
     </span>
    </p>
   </div>
   <div class='ocr_carea' id='block_1_18' title="bbox 551 1714 2121 1791">
    <p class='ocr_par' dir='ltr' id='par_1_18' title="bbox 551 1714 2121 1791">
     <span class='ocr_line' id='line_1_18' title="bbox 551 1714 2121 1791; baseline 0.006 -25"><span class='ocrx_word' id='word_1_120' title='bbox 551 1730 711 1781; x_wconf 87' lang='lat' dir='ltr'><strong>quam</strong></span> <span class='ocrx_word' id='word_1_121' title='bbox 745 1714 928 1769; x_wconf 89' lang='lat' dir='ltr'><strong>valcas</strong></span> <span class='ocrx_word' id='word_1_122' title='bbox 972 1716 1263 1771; x_wconf 83' lang='lat' dir='ltr'><strong>declinare.</strong></span> <span class='ocrx_word' id='word_1_123' title='bbox 1313 1716 1592 1787; x_wconf 83' lang='lat' dir='ltr'><strong>Perpende</strong></span> <span class='ocrx_word' id='word_1_124' title='bbox 1636 1736 1767 1791; x_wconf 86' lang='lat' dir='ltr'><strong>ergo</strong></span> <span class='ocrx_word' id='word_1_125' title='bbox 1806 1722 1946 1789; x_wconf 89' lang='lat' dir='ltr'><strong>quod</strong></span> <span class='ocrx_word' id='word_1_126' title='bbox 1987 1720 2121 1775; x_wconf 88' lang='lat' dir='ltr'><strong>dici-</strong></span> 
     </span>
    </p>
   </div>
   <div class='ocr_carea' id='block_1_19' title="bbox 2227 528 3801 602">
    <p class='ocr_par' dir='ltr' id='par_1_19' title="bbox 2227 528 3801 602">
     <span class='ocr_line' id='line_1_19' title="bbox 2227 528 3801 602; baseline 0.002 -19"><span class='ocrx_word' id='word_1_127' title='bbox 2227 528 2362 584; x_wconf 85' lang='lat' dir='ltr'><strong>biles</strong></span> <span class='ocrx_word' id='word_1_128' title='bbox 2400 539 2560 597; x_wconf 84' lang='lat' dir='ltr'><strong>sunt,</strong></span> <span class='ocrx_word' id='word_1_129' title='bbox 2591 545 2690 586; x_wconf 91' lang='lat' dir='ltr'><strong>nec</strong></span> <span class='ocrx_word' id='word_1_130' title='bbox 2727 531 2985 589; x_wconf 87' lang='lat' dir='ltr'><strong>admoniti</strong></span> <span class='ocrx_word' id='word_1_131' title='bbox 3021 541 3384 595; x_wconf 88' lang='lat' dir='ltr'><strong>revertuntur,</strong></span> <span class='ocrx_word' id='word_1_132' title='bbox 3418 545 3543 586; x_wconf 89' lang='lat' dir='ltr'><strong>vere</strong></span> <span class='ocrx_word' id='word_1_133' title='bbox 3583 541 3639 586; x_wconf 90' lang='lat' dir='ltr'><strong>ut</strong></span> <span class='ocrx_word' id='word_1_134' title='bbox 3670 547 3801 602; x_wconf 82' lang='lat' dir='ltr'><strong>apo-</strong></span> 
     </span>
    </p>
   </div>
   <div class='ocr_carea' id='block_1_20' title="bbox 2228 621 3802 678">
    <p class='ocr_par' dir='ltr' id='par_1_20' title="bbox 2228 621 3802 678">
     <span class='ocr_line' id='line_1_20' title="bbox 2228 621 3802 678; baseline 0.002 -3"><span class='ocrx_word' id='word_1_135' title='bbox 2228 630 2386 675; x_wconf 77' lang='lat' dir='ltr'><strong>statze</strong></span> <span class='ocrx_word' id='word_1_136' title='bbox 2408 621 2841 677; x_wconf 83' lang='lat' dir='ltr'><strong>coramEcclesia</strong></span> <span class='ocrx_word' id='word_1_137' title='bbox 2863 623 3222 678; x_wconf 87' lang='lat' dir='ltr'><strong>anathematis</strong></span> <span class='ocrx_word' id='word_1_138' title='bbox 3248 623 3515 677; x_wconf 89' lang='lat' dir='ltr'><strong>sententia</strong></span> <span class='ocrx_word' id='word_1_139' title='bbox 3544 623 3802 678; x_wconf 83' lang='lat' dir='ltr'><strong>condem-</strong></span> 
     </span>
    </p>
   </div>
   <div class='ocr_carea' id='block_1_21' title="bbox 2227 711 3804 785">
    <p class='ocr_par' dir='ltr' id='par_1_21' title="bbox 2227 711 3804 785">
     <span class='ocr_line' id='line_1_21' title="bbox 2227 711 3804 785; baseline 0.003 -21"><span class='ocrx_word' id='word_1_140' title='bbox 2227 720 2442 765; x_wconf 78' lang='lat' dir='ltr'><strong>nentur.</strong></span> <span class='ocrx_word' id='word_1_141' title='bbox 2479 730 2497 764; x_wconf 73' lang='grc' dir='ltr'><strong><em>ι</em></strong></span> <span class='ocrx_word' id='word_1_142' title='bbox 2527 711 2669 767; x_wconf 84' lang='lat' dir='ltr'><strong>Ecce</strong></span> <span class='ocrx_word' id='word_1_143' title='bbox 2695 713 2783 769; x_wconf 85' lang='lat' dir='ltr'><strong>hic</strong></span> <span class='ocrx_word' id='word_1_144' title='bbox 2810 728 3065 783; x_wconf 78' lang='lat' dir='ltr'><strong>expresse</strong></span> <span class='ocrx_word' id='word_1_145' title='bbox 3091 715 3370 781; x_wconf 86' lang='lat' dir='ltr'><strong>docemur,</strong></span> <span class='ocrx_word' id='word_1_146' title='bbox 3401 715 3656 785; x_wconf 86' lang='lat' dir='ltr'><strong>quoniam</strong></span> <span class='ocrx_word' id='word_1_147' title='bbox 3689 714 3804 769; x_wconf 65' lang='lat' dir='ltr'><strong>haec</strong></span> 
     </span>
    </p>
   </div>
   <div class='ocr_carea' id='block_1_22' title="bbox 2228 803 3804 877">
    <p class='ocr_par' dir='ltr' id='par_1_22' title="bbox 2228 803 3804 877">
     <span class='ocr_line' id='line_1_22' title="bbox 2228 803 3804 877; baseline 0.001 -21"><span class='ocrx_word' id='word_1_148' title='bbox 2228 803 2494 873; x_wconf 86' lang='lat' dir='ltr'><strong>episcopis</strong></span> <span class='ocrx_word' id='word_1_149' title='bbox 2542 820 2670 859; x_wconf 89' lang='lat' dir='ltr'><strong>cura</strong></span> <span class='ocrx_word' id='word_1_150' title='bbox 2722 804 3039 877; x_wconf 71' lang='lat' dir='ltr'><strong>iniungitur,</strong></span> <span class='ocrx_word' id='word_1_151' title='bbox 3088 820 3196 860; x_wconf 92' lang='lat' dir='ltr'><strong>non</strong></span> <span class='ocrx_word' id='word_1_152' title='bbox 3242 813 3298 859; x_wconf 93' lang='lat' dir='ltr'><strong>ut</strong></span> <span class='ocrx_word' id='word_1_153' title='bbox 3345 812 3726 874; x_wconf 82' lang='lat' dir='ltr'><strong>permanentes</strong></span> <span class='ocrx_word' id='word_1_154' title='bbox 3770 816 3804 858; x_wconf 82' lang='lat' dir='ltr'><strong>a</strong></span> 
     </span>
    </p>
   </div>
   <div class='ocr_carea' id='block_1_23' title="bbox 2228 893 3805 965">
    <p class='ocr_par' dir='ltr' id='par_1_23' title="bbox 2228 893 3805 965">
     <span class='ocr_line' id='line_1_23' title="bbox 2228 893 3805 965; baseline 0.003 -20"><span class='ocrx_word' id='word_1_155' title='bbox 2228 893 2572 948; x_wconf 77' lang='lat' dir='ltr'><strong>monasteriis</strong></span> <span class='ocrx_word' id='word_1_156' title='bbox 2604 893 2752 947; x_wconf 78' lang='lat' dir='ltr'><strong>exire</strong></span> <span class='ocrx_word' id='word_1_157' title='bbox 2791 893 3081 956; x_wconf 89' lang='lat' dir='ltr'><strong>suadeant,</strong></span> <span class='ocrx_word' id='word_1_158' title='bbox 3115 894 3209 948; x_wconf 90' lang='lat' dir='ltr'><strong>sed</strong></span> <span class='ocrx_word' id='word_1_159' title='bbox 3235 895 3415 965; x_wconf 85' lang='lat' dir='ltr'><strong>potius</strong></span> <span class='ocrx_word' id='word_1_160' title='bbox 3453 904 3511 948; x_wconf 91' lang='lat' dir='ltr'><strong>ut</strong></span> <span class='ocrx_word' id='word_1_161' title='bbox 3541 893 3805 964; x_wconf 67' lang='lat' dir='ltr'><strong>praevari-</strong></span> 
     </span>
    </p>
   </div>
   <div class='ocr_carea' id='block_1_24' title="bbox 2228 975 3800 1054">
    <p class='ocr_par' dir='ltr' id='par_1_24' title="bbox 2228 975 3800 1054">
     <span class='ocr_line' id='line_1_24' title="bbox 2228 975 3800 1054; baseline 0.001 -19"><span class='ocrx_word' id='word_1_162' title='bbox 2228 991 2412 1035; x_wconf 84' lang='lat' dir='ltr'><strong>cantes</strong></span> <span class='ocrx_word' id='word_1_163' title='bbox 2454 982 2631 1037; x_wconf 83' lang='lat' dir='ltr'><strong>redire</strong></span> <span class='ocrx_word' id='word_1_164' title='bbox 2668 983 3012 1054; x_wconf 85' lang='lat' dir='ltr'><strong>compellant.</strong></span> <span class='ocrx_word' id='word_1_165' title='bbox 3054 981 3159 1038; x_wconf 86' lang='lat' dir='ltr'><strong>Sed</strong></span> <span class='ocrx_word' id='word_1_166' title='bbox 3196 982 3325 1053; x_wconf 89' lang='lat' dir='ltr'><strong>quid</strong></span> <span class='ocrx_word' id='word_1_167' title='bbox 3361 996 3425 1036; x_wconf 74' lang='lat' dir='ltr'><strong>ex</strong></span> <span class='ocrx_word' id='word_1_168' title='bbox 3464 982 3570 1038; x_wconf 90' lang='lat' dir='ltr'><strong>illis</strong></span> <span class='ocrx_word' id='word_1_169' title='bbox 3604 975 3800 1037; x_wconf 51' lang='lat' dir='ltr'><strong>causa;</strong></span> 
     </span>
    </p>
   </div>
   <div class='ocr_carea' id='block_1_25' title="bbox 2230 1072 3807 1147">
    <p class='ocr_par' dir='ltr' id='par_1_25' title="bbox 2230 1072 3807 1147">
     <span class='ocr_line' id='line_1_25' title="bbox 2230 1072 3807 1147; baseline 0.001 -20"><span class='ocrx_word' id='word_1_170' title='bbox 2230 1089 2353 1128; x_wconf 91' lang='lat' dir='ltr'><strong>mur</strong></span> <span class='ocrx_word' id='word_1_171' title='bbox 2392 1075 2735 1140; x_wconf 89' lang='lat' dir='ltr'><strong>hominibus,</strong></span> <span class='ocrx_word' id='word_1_172' title='bbox 2776 1077 2866 1145; x_wconf 90' lang='lat' dir='ltr'><strong>qui</strong></span> <span class='ocrx_word' id='word_1_173' title='bbox 2901 1085 3202 1147; x_wconf 85' lang='lat' dir='ltr'><strong>spontaneo</strong></span> <span class='ocrx_word' id='word_1_174' title='bbox 3236 1082 3623 1130; x_wconf 90' lang='lat' dir='ltr'><strong>convertuntur</strong></span> <span class='ocrx_word' id='word_1_175' title='bbox 3661 1072 3807 1134; x_wconf 76' lang='lat' dir='ltr'><strong>arbi-</strong></span> 
     </span>
    </p>
   </div>
   <div class='ocr_carea' id='block_1_26' title="bbox 2230 1163 3804 1238">
    <p class='ocr_par' dir='ltr' id='par_1_26' title="bbox 2230 1163 3804 1238">
     <span class='ocr_line' id='line_1_26' title="bbox 2230 1163 3804 1238; baseline 0 -20"><span class='ocrx_word' id='word_1_176' title='bbox 2230 1164 2365 1229; x_wconf 89' lang='lat' dir='ltr'><strong>trio,</strong></span> <span class='ocrx_word' id='word_1_177' title='bbox 2413 1180 2537 1219; x_wconf 90' lang='lat' dir='ltr'><strong>cum</strong></span> <span class='ocrx_word' id='word_1_178' title='bbox 2586 1175 2641 1220; x_wconf 90' lang='lat' dir='ltr'><strong>et</strong></span> <span class='ocrx_word' id='word_1_179' title='bbox 2687 1166 2791 1221; x_wconf 90' lang='lat' dir='ltr'><strong>illis</strong></span> <span class='ocrx_word' id='word_1_180' title='bbox 2837 1178 2957 1235; x_wconf 85' lang='lat' dir='ltr'><strong>post</strong></span> <span class='ocrx_word' id='word_1_181' title='bbox 2986 1176 3192 1238; x_wconf 87' lang='lat' dir='ltr'><strong>tergum</strong></span> <span class='ocrx_word' id='word_1_182' title='bbox 3240 1166 3417 1221; x_wconf 87' lang='lat' dir='ltr'><strong>redire</strong></span> <span class='ocrx_word' id='word_1_183' title='bbox 3461 1181 3564 1221; x_wconf 93' lang='lat' dir='ltr'><strong>non</strong></span> <span class='ocrx_word' id='word_1_184' title='bbox 3612 1163 3804 1230; x_wconf 87' lang='lat' dir='ltr'><strong>liceat,</strong></span> 
     </span>
    </p>
   </div>
   <div class='ocr_carea' id='block_1_27' title="bbox 2226 1257 2927 1325">
    <p class='ocr_par' dir='ltr' id='par_1_27' title="bbox 2226 1257 2927 1325">
     <span class='ocr_line' id='line_1_27' title="bbox 2226 1257 2927 1325; baseline 0.001 -15"><span class='ocrx_word' id='word_1_185' title='bbox 2226 1257 2315 1325; x_wconf 90' lang='lat' dir='ltr'><strong>qui</strong></span> <span class='ocrx_word' id='word_1_186' title='bbox 2351 1266 2699 1312; x_wconf 88' lang='lat' dir='ltr'><strong>tonsurantur</strong></span> <span class='ocrx_word' id='word_1_187' title='bbox 2732 1258 2927 1313; x_wconf 83' lang='lat' dir='ltr'><strong>inviti?</strong></span> 
     </span>
    </p>
   </div>
   <div class='ocr_carea' id='block_1_28' title="bbox 2297 1344 3805 1420">
    <p class='ocr_par' dir='ltr' id='par_1_28' title="bbox 2297 1344 3805 1420">
     <span class='ocr_line' id='line_1_28' title="bbox 2297 1344 3805 1420; baseline -0.001 -18"><span class='ocrx_word' id='word_1_188' title='bbox 2297 1347 2451 1402; x_wconf 87' lang='lat' dir='ltr'><strong>Unde</strong></span> <span class='ocrx_word' id='word_1_189' title='bbox 2500 1348 2662 1403; x_wconf 85' lang='lat' dir='ltr'><strong>etiam</strong></span> <span class='ocrx_word' id='word_1_190' title='bbox 2714 1348 2850 1420; x_wconf 86' lang='lat' dir='ltr'><strong>apud</strong></span> <span class='ocrx_word' id='word_1_191' title='bbox 2904 1348 3310 1419; x_wconf 81' lang='lat' dir='ltr'><strong>Maguntinense</strong></span> <span class='ocrx_word' id='word_1_192' title='bbox 3359 1346 3641 1403; x_wconf 87' lang='lat' dir='ltr'><strong>concilium</strong></span> <span class='ocrx_word' id='word_1_193' title='bbox 3695 1344 3805 1400; x_wconf 84' lang='lat' dir='ltr'><strong>tale</strong></span> 
     </span>
    </p>
   </div>
   <div class='ocr_carea' id='block_1_29' title="bbox 2226 1436 3800 1512">
    <p class='ocr_par' dir='ltr' id='par_1_29' title="bbox 2226 1436 3800 1512">
     <span class='ocr_line' id='line_1_29' title="bbox 2226 1436 3800 1512; baseline -0.003 -18"><span class='ocrx_word' id='word_1_194' title='bbox 2226 1442 2596 1512; x_wconf 82' lang='lat' dir='ltr'><strong>promulgatur</strong></span> <span class='ocrx_word' id='word_1_195' title='bbox 2628 1441 2860 1496; x_wconf 86' lang='lat' dir='ltr'><strong>edictum</strong></span> <span class='ocrx_word' id='word_1_196' title='bbox 2891 1458 2942 1494; x_wconf 75' lang='grc' dir='ltr'><strong>ε(</strong></span> <span class='ocrx_word' id='word_1_197' title='bbox 2970 1440 3042 1495; x_wconf 90' lang='lat' dir='ltr'><strong>De</strong></span> <span class='ocrx_word' id='word_1_198' title='bbox 3073 1440 3285 1496; x_wconf 87' lang='lat' dir='ltr'><strong>clericis</strong></span> <span class='ocrx_word' id='word_1_199' title='bbox 3314 1455 3443 1495; x_wconf 85' lang='lat' dir='ltr'><strong>vero</strong></span> <span class='ocrx_word' id='word_1_200' title='bbox 3471 1440 3573 1494; x_wconf 75' lang='lat' dir='ltr'><strong>hoc</strong></span> <span class='ocrx_word' id='word_1_201' title='bbox 3603 1436 3800 1505; x_wconf 40' lang='lat' dir='ltr'><strong>statui:</strong></span> 
     </span>
    </p>
   </div>
   <div class='ocr_carea' id='block_1_30' title="bbox 2226 1526 3804 1601">
    <p class='ocr_par' dir='ltr' id='par_1_30' title="bbox 2226 1526 3804 1601">
     <span class='ocr_line' id='line_1_30' title="bbox 2226 1526 3804 1601; baseline -0.001 -18"><span class='ocrx_word' id='word_1_202' title='bbox 2226 1545 2367 1595; x_wconf 88' lang='lat' dir='ltr'><strong>mus,</strong></span> <span class='ocrx_word' id='word_1_203' title='bbox 2394 1538 2451 1584; x_wconf 87' lang='lat' dir='ltr'><strong>ut</strong></span> <span class='ocrx_word' id='word_1_204' title='bbox 2475 1526 2564 1601; x_wconf 91' lang='lat' dir='ltr'><strong>qui</strong></span> <span class='ocrx_word' id='word_1_205' title='bbox 2594 1531 2851 1585; x_wconf 85' lang='lat' dir='ltr'><strong>hactenus</strong></span> <span class='ocrx_word' id='word_1_206' title='bbox 2878 1531 3077 1585; x_wconf 89' lang='lat' dir='ltr'><strong>inventi</strong></span> <span class='ocrx_word' id='word_1_207' title='bbox 3105 1539 3229 1584; x_wconf 89' lang='lat' dir='ltr'><strong>sunt</strong></span> <span class='ocrx_word' id='word_1_208' title='bbox 3249 1570 3263 1594; x_wconf 93' lang='lat'><strong>,</strong></span> <span class='ocrx_word' id='word_1_209' title='bbox 3287 1530 3401 1584; x_wconf 85' lang='lat' dir='ltr'><strong>sive</strong></span> <span class='ocrx_word' id='word_1_210' title='bbox 3430 1529 3481 1582; x_wconf 92' lang='lat' dir='ltr'><strong>in</strong></span> <span class='ocrx_word' id='word_1_211' title='bbox 3510 1526 3804 1591; x_wconf 88' lang='lat' dir='ltr'><strong>canonico,</strong></span> 
     </span>
    </p>
   </div>
   <div class='ocr_carea' id='block_1_31' title="bbox 2226 1619 3806 1685">
    <p class='ocr_par' dir='ltr' id='par_1_31' title="bbox 2226 1619 3806 1685">
     <span class='ocr_line' id='line_1_31' title="bbox 2226 1619 3806 1685; baseline -0.001 -11"><span class='ocrx_word' id='word_1_212' title='bbox 2226 1621 2339 1674; x_wconf 86' lang='lat' dir='ltr'><strong>sive</strong></span> <span class='ocrx_word' id='word_1_213' title='bbox 2372 1621 2420 1673; x_wconf 90' lang='lat' dir='ltr'><strong>in</strong></span> <span class='ocrx_word' id='word_1_214' title='bbox 2455 1620 2770 1676; x_wconf 90' lang='lat' dir='ltr'><strong>monachico</strong></span> <span class='ocrx_word' id='word_1_215' title='bbox 2795 1620 2985 1675; x_wconf 90' lang='lat' dir='ltr'><strong>ordine</strong></span> <span class='ocrx_word' id='word_1_216' title='bbox 3023 1620 3282 1674; x_wconf 88' lang='lat' dir='ltr'><strong>tonsurati</strong></span> <span class='ocrx_word' id='word_1_217' title='bbox 3305 1660 3319 1685; x_wconf 94' lang='lat'><strong>,</strong></span> <span class='ocrx_word' id='word_1_218' title='bbox 3351 1619 3467 1674; x_wconf 89' lang='lat' dir='ltr'><strong>sine</strong></span> <span class='ocrx_word' id='word_1_219' title='bbox 3496 1630 3684 1673; x_wconf 88' lang='lat' dir='ltr'><strong>eorum</strong></span> <span class='ocrx_word' id='word_1_220' title='bbox 3709 1628 3806 1672; x_wconf 86' lang='lat' dir='ltr'><strong>vo-</strong></span> 
     </span>
    </p>
   </div>
   <div class='ocr_carea' id='block_1_32' title="bbox 2226 1714 3483 1783">
    <p class='ocr_par' dir='ltr' id='par_1_32' title="bbox 2226 1714 3483 1783">
     <span class='ocr_line' id='line_1_32' title="bbox 2226 1714 3483 1783; baseline -0.004 -15"><span class='ocrx_word' id='word_1_221' title='bbox 2226 1716 2467 1781; x_wconf 89' lang='lat' dir='ltr'><strong>luntate,</strong></span> <span class='ocrx_word' id='word_1_222' title='bbox 2502 1715 2546 1768; x_wconf 91' lang='lat' dir='ltr'><strong>si</strong></span> <span class='ocrx_word' id='word_1_223' title='bbox 2578 1714 2729 1769; x_wconf 81' lang='lat' dir='ltr'><strong>liberi</strong></span> <span class='ocrx_word' id='word_1_224' title='bbox 2762 1722 2919 1777; x_wconf 90' lang='lat' dir='ltr'><strong>sunt,</strong></span> <span class='ocrx_word' id='word_1_225' title='bbox 2952 1714 3024 1767; x_wconf 92' lang='lat' dir='ltr'><strong>ita</strong></span> <span class='ocrx_word' id='word_1_226' title='bbox 3057 1718 3425 1783; x_wconf 83' lang='lat' dir='ltr'><strong>permaneant.</strong></span> <span class='ocrx_word' id='word_1_227' title='bbox 3466 1730 3483 1763; x_wconf 73' lang='grc' dir='ltr'><strong><em>ι</em></strong></span> 
     </span>
    </p>
   </div>
   <div class='ocr_carea' id='block_1_33' title="bbox 553 1800 3807 1879">
    <p class='ocr_par' dir='ltr' id='par_1_33' title="bbox 553 1800 3807 1879">
     <span class='ocr_line' id='line_1_33' title="bbox 553 1800 3807 1879; baseline 0.003 -22"><span class='ocrx_word' id='word_1_228' title='bbox 553 1813 681 1857; x_wconf 88' lang='lat' dir='ltr'><strong>tur:</strong></span> <span class='ocrx_word' id='word_1_229' title='bbox 717 1822 735 1855; x_wconf 73' lang='grc' dir='ltr'>ι</span> <span class='ocrx_word' id='word_1_230' title='bbox 769 1803 1023 1874; x_wconf 85' lang='lat' dir='ltr'><strong>Quisquis</strong></span> <span class='ocrx_word' id='word_1_231' title='bbox 1061 1807 1301 1861; x_wconf 85' lang='lat' dir='ltr'><strong>habitum</strong></span> <span class='ocrx_word' id='word_1_232' title='bbox 1342 1809 1508 1864; x_wconf 90' lang='lat' dir='ltr'><strong>semel</strong></span> <span class='ocrx_word' id='word_1_233' title='bbox 1548 1810 1784 1864; x_wconf 85' lang='lat' dir='ltr'><strong>induerit</strong></span> <span class='ocrx_word' id='word_1_234' title='bbox 1820 1820 2117 1879; x_wconf 85' lang='lat' dir='ltr'><strong>spontanee</strong></span> <span class='ocrx_word' id='word_1_235' title='bbox 2151 1800 2196 1859; x_wconf 79' lang='grc' dir='ltr'><strong><em>Β</em></strong></span> <span class='ocrx_word' id='word_1_236' title='bbox 2297 1802 2403 1859; x_wconf 74' lang='lat' dir='ltr'><strong>Sed</strong></span> <span class='ocrx_word' id='word_1_237' title='bbox 2435 1803 2789 1873; x_wconf 73' lang='lat' dir='ltr'><strong>respondebis</strong></span> <span class='ocrx_word' id='word_1_238' title='bbox 2817 1801 3044 1857; x_wconf 69' lang='lat' dir='ltr'><strong>fOI‘Silan</strong></span> <span class='ocrx_word' id='word_1_239' title='bbox 3082 1802 3210 1856; x_wconf 74' lang='lat' dir='ltr'><strong>mihi</strong></span> <span class='ocrx_word' id='word_1_240' title='bbox 3239 1840 3254 1865; x_wconf 68' lang='grc' dir='ltr'><strong>ν</strong></span> <span class='ocrx_word' id='word_1_241' title='bbox 3297 1810 3352 1856; x_wconf 76' lang='grc' dir='ltr'><strong>ει</strong></span> <span class='ocrx_word' id='word_1_242' title='bbox 3381 1809 3572 1855; x_wconf 66' lang='lat' dir='ltr'><strong>comm</strong></span> <span class='ocrx_word' id='word_1_243' title='bbox 3603 1808 3683 1855; x_wconf 77' lang='lat' dir='ltr'><strong>l0t</strong></span> <span class='ocrx_word' id='word_1_244' title='bbox 3710 1814 3807 1855; x_wconf 68' lang='grc' dir='ltr'><strong>αα·</strong></span> 
     </span>
    </p>
   </div>
   <div class='ocr_carea' id='block_1_34' title="bbox 552 1896 2120 1969">
    <p class='ocr_par' dir='ltr' id='par_1_34' title="bbox 552 1896 2120 1969">
     <span class='ocr_line' id='line_1_34' title="bbox 552 1896 2120 1969; baseline 0.003 -18"><span class='ocrx_word' id='word_1_245' title='bbox 552 1896 888 1967; x_wconf 78' lang='lat' dir='ltr'><strong>religicsum.</strong></span> <span class='ocrx_word' id='word_1_246' title='bbox 926 1917 945 1952; x_wconf 74' lang='grc' dir='ltr'><strong><em>ι</em></strong></span> <span class='ocrx_word' id='word_1_247' title='bbox 978 1900 1118 1955; x_wconf 80' lang='lat' dir='ltr'><strong>Ecce</strong></span> <span class='ocrx_word' id='word_1_248' title='bbox 1155 1899 1309 1969; x_wconf 79' lang='lat' dir='ltr'><strong>juxta</strong></span> <span class='ocrx_word' id='word_1_249' title='bbox 1349 1900 1619 1957; x_wconf 85' lang='lat' dir='ltr'><strong>Gelasiani</strong></span> <span class='ocrx_word' id='word_1_250' title='bbox 1656 1902 1855 1957; x_wconf 88' lang='lat' dir='ltr'><strong>decreti</strong></span> <span class='ocrx_word' id='word_1_251' title='bbox 1898 1912 2120 1957; x_wconf 90' lang='lat' dir='ltr'><strong>senten-</strong></span> 
     </span>
    </p>
   </div>
   <div class='ocr_carea' id='block_1_35' title="bbox 548 1989 2125 2062">
    <p class='ocr_par' dir='ltr' id='par_1_35' title="bbox 548 1989 2125 2062">
     <span class='ocr_line' id='line_1_35' title="bbox 548 1989 2125 2062; baseline 0.002 -18"><span class='ocrx_word' id='word_1_252' title='bbox 548 1989 681 2044; x_wconf 87' lang='lat' dir='ltr'><strong>tiam</strong></span> <span class='ocrx_word' id='word_1_253' title='bbox 708 2031 721 2054; x_wconf 93' lang='lat'><strong>,</strong></span> <span class='ocrx_word' id='word_1_254' title='bbox 761 2007 1083 2062; x_wconf 88' lang='lat' dir='ltr'><strong>quacunque</strong></span> <span class='ocrx_word' id='word_1_255' title='bbox 1117 1993 1403 2047; x_wconf 85' lang='lat' dir='ltr'><strong>occasione</strong></span> <span class='ocrx_word' id='word_1_256' title='bbox 1428 2033 1443 2057; x_wconf 94' lang='lat'><strong>,</strong></span> <span class='ocrx_word' id='word_1_257' title='bbox 1500 1994 1710 2049; x_wconf 89' lang='lat' dir='ltr'><strong>etiamsi</strong></span> <span class='ocrx_word' id='word_1_258' title='bbox 1772 1994 1917 2048; x_wconf 89' lang='lat' dir='ltr'><strong>nulla</strong></span> <span class='ocrx_word' id='word_1_259' title='bbox 1958 1996 2125 2050; x_wconf 79' lang='lat' dir='ltr'><strong>inter-</strong></span> 
     </span>
    </p>
   </div>
   <div class='ocr_carea' id='block_1_36' title="bbox 548 2079 2124 2156">
    <p class='ocr_par' dir='ltr' id='par_1_36' title="bbox 548 2079 2124 2156">
     <span class='ocr_line' id='line_1_36' title="bbox 548 2079 2124 2156; baseline 0.005 -23"><span class='ocrx_word' id='word_1_260' title='bbox 548 2079 736 2135; x_wconf 83' lang='lat' dir='ltr'><strong>veniat</strong></span> <span class='ocrx_word' id='word_1_261' title='bbox 767 2095 916 2135; x_wconf 90' lang='lat' dir='ltr'><strong>mora</strong></span> <span class='ocrx_word' id='word_1_262' title='bbox 951 2080 1318 2152; x_wconf 83' lang='lat' dir='ltr'><strong>probationis,</strong></span> <span class='ocrx_word' id='word_1_263' title='bbox 1360 2084 1606 2154; x_wconf 90' lang='lat' dir='ltr'><strong>quisquis</strong></span> <span class='ocrx_word' id='word_1_264' title='bbox 1645 2085 1898 2156; x_wconf 87' lang='lat' dir='ltr'><strong>religioso</strong></span> <span class='ocrx_word' id='word_1_265' title='bbox 1936 2085 2124 2141; x_wconf 85' lang='lat' dir='ltr'><strong>habitu</strong></span> 
     </span>
    </p>
   </div>
   <div class='ocr_carea' id='block_1_37' title="bbox 550 2171 2123 2238">
    <p class='ocr_par' dir='ltr' id='par_1_37' title="bbox 550 2171 2123 2238">
     <span class='ocr_line' id='line_1_37' title="bbox 550 2171 2123 2238; baseline 0.004 -13"><span class='ocrx_word' id='word_1_266' title='bbox 550 2171 717 2226; x_wconf 86' lang='lat' dir='ltr'><strong>semel</strong></span> <span class='ocrx_word' id='word_1_267' title='bbox 756 2172 1017 2238; x_wconf 87' lang='lat' dir='ltr'><strong>induitur,</strong></span> <span class='ocrx_word' id='word_1_268' title='bbox 1062 2172 1298 2230; x_wconf 73' lang='lat' dir='ltr'><strong>{traditus</strong></span> <span class='ocrx_word' id='word_1_269' title='bbox 1334 2174 1433 2230; x_wconf 87' lang='lat' dir='ltr'><strong>sibi</strong></span> <span class='ocrx_word' id='word_1_270' title='bbox 1466 2175 1721 2231; x_wconf 86' lang='lat' dir='ltr'><strong>redeundi</strong></span> <span class='ocrx_word' id='word_1_271' title='bbox 1760 2176 1824 2230; x_wconf 89' lang='lat' dir='ltr'><strong>ad</strong></span> <span class='ocrx_word' id='word_1_272' title='bbox 1867 2176 2123 2232; x_wconf 81' lang='lat' dir='ltr'><strong>sacculum</strong></span> 
     </span>
    </p>
   </div>
   <div class='ocr_carea' id='block_1_38' title="bbox 554 2261 1132 2338">
    <p class='ocr_par' dir='ltr' id='par_1_38' title="bbox 554 2261 1132 2338">
     <span class='ocr_line' id='line_1_38' title="bbox 554 2261 1132 2338; baseline 0.009 -23"><span class='ocrx_word' id='word_1_273' title='bbox 554 2261 774 2319; x_wconf 83' lang='lat' dir='ltr'><strong>licentia</strong></span> <span class='ocrx_word' id='word_1_274' title='bbox 815 2265 1132 2338; x_wconf 80' lang='lat' dir='ltr'><strong>denegatur.</strong></span> 
     </span>
    </p>
   </div>
   <div class='ocr_carea' id='block_1_39' title="bbox 1174 2358 1501 2415">
    <p class='ocr_par' dir='ltr' id='par_1_39' title="bbox 1174 2358 1501 2415">
     <span class='ocr_line' id='line_1_39' title="bbox 1174 2358 1501 2415; baseline -0.006 -1"><span class='ocrx_word' id='word_1_275' title='bbox 1174 2358 1401 2415; x_wconf 79' lang='lat' dir='ltr'><strong>CAPUT</strong></span> <span class='ocrx_word' id='word_1_276' title='bbox 1438 2361 1501 2415; x_wconf 83' lang='lat' dir='ltr'><strong>V.</strong></span> 
     </span>
    </p>
   </div>
   <div class='ocr_carea' id='block_1_40' title="bbox 586 2468 2083 2540">
    <p class='ocr_par' dir='ltr' id='par_1_40' title="bbox 586 2468 2083 2540">
     <span class='ocr_line' id='line_1_40' title="bbox 586 2468 2083 2540; baseline 0.005 -20"><span class='ocrx_word' id='word_1_277' title='bbox 586 2469 668 2523; x_wconf 81' lang='lat' dir='ltr'><strong>An</strong></span> <span class='ocrx_word' id='word_1_278' title='bbox 704 2468 805 2538; x_wconf 77' lang='lat' dir='ltr'><strong>ﬁlii</strong></span> <span class='ocrx_word' id='word_1_279' title='bbox 835 2488 866 2524; x_wconf 91' lang='lat' dir='ltr'><strong>a</strong></span> <span class='ocrx_word' id='word_1_280' title='bbox 896 2471 1198 2540; x_wconf 79' lang='lat' dir='ltr'><strong>parentibus</strong></span> <span class='ocrx_word' id='word_1_281' title='bbox 1231 2471 1336 2526; x_wconf 86' lang='lat' dir='ltr'><strong>Deo</strong></span> <span class='ocrx_word' id='word_1_282' title='bbox 1375 2473 1571 2536; x_wconf 84' lang='lat' dir='ltr'><strong>dicati,</strong></span> <span class='ocrx_word' id='word_1_283' title='bbox 1600 2472 1835 2526; x_wconf 78' lang='lat' dir='ltr'><strong>habitum</strong></span> <span class='ocrx_word' id='word_1_284' title='bbox 1875 2473 2083 2538; x_wconf 83' lang='lat' dir='ltr'><strong>induti,</strong></span> 
     </span>
    </p>
   </div>
   <div class='ocr_carea' id='block_1_41' title="bbox 899 2540 1783 2611">
    <p class='ocr_par' dir='ltr' id='par_1_41' title="bbox 899 2540 1783 2611">
     <span class='ocr_line' id='line_1_41' title="bbox 899 2540 1783 2611; baseline 0.002 -18"><span class='ocrx_word' id='word_1_285' title='bbox 899 2543 954 2594; x_wconf 85' lang='lat' dir='ltr'><strong>in</strong></span> <span class='ocrx_word' id='word_1_286' title='bbox 984 2540 1228 2611; x_wconf 79' lang='lat' dir='ltr'><strong>religione</strong></span> <span class='ocrx_word' id='word_1_287' title='bbox 1257 2558 1465 2596; x_wconf 85' lang='lat' dir='ltr'><strong>manere</strong></span> <span class='ocrx_word' id='word_1_288' title='bbox 1494 2552 1783 2596; x_wconf 80' lang='lat' dir='ltr'><strong>teneantur.</strong></span> 
     </span>
    </p>
   </div>
   <div class='ocr_carea' id='block_1_42' title="bbox 622 2627 2130 2702">
    <p class='ocr_par' dir='ltr' id='par_1_42' title="bbox 622 2627 2130 2702">
     <span class='ocr_line' id='line_1_42' title="bbox 622 2627 2130 2702; baseline 0.001 -20"><span class='ocrx_word' id='word_1_289' title='bbox 622 2627 758 2685; x_wconf 85' lang='lat' dir='ltr'><strong>Huic</strong></span> <span class='ocrx_word' id='word_1_290' title='bbox 794 2629 955 2685; x_wconf 87' lang='lat' dir='ltr'><strong>etiam</strong></span> <span class='ocrx_word' id='word_1_291' title='bbox 988 2645 1095 2684; x_wconf 90' lang='lat' dir='ltr'><strong>non</strong></span> <span class='ocrx_word' id='word_1_292' title='bbox 1125 2630 1388 2685; x_wconf 87' lang='lat' dir='ltr'><strong>dissimile</strong></span> <span class='ocrx_word' id='word_1_293' title='bbox 1419 2632 1679 2698; x_wconf 87' lang='lat' dir='ltr'><strong>cernitur,</strong></span> <span class='ocrx_word' id='word_1_294' title='bbox 1711 2633 1854 2702; x_wconf 90' lang='lat' dir='ltr'><strong>quod</strong></span> <span class='ocrx_word' id='word_1_295' title='bbox 1889 2632 1939 2686; x_wconf 89' lang='lat' dir='ltr'><strong>in</strong></span> <span class='ocrx_word' id='word_1_296' title='bbox 1969 2630 2130 2687; x_wconf 86' lang='lat' dir='ltr'><strong>Chal-</strong></span> 
     </span>
    </p>
   </div>
   <div class='ocr_carea' id='block_1_43' title="bbox 554 2717 2130 2790">
    <p class='ocr_par' dir='ltr' id='par_1_43' title="bbox 554 2717 2130 2790">
     <span class='ocr_line' id='line_1_43' title="bbox 554 2717 2130 2790; baseline -0.001 -13"><span class='ocrx_word' id='word_1_297' title='bbox 554 2717 846 2777; x_wconf 88' lang='lat' dir='ltr'><strong>cedonensi</strong></span> <span class='ocrx_word' id='word_1_298' title='bbox 878 2719 1109 2774; x_wconf 88' lang='lat' dir='ltr'><strong>concilio</strong></span> <span class='ocrx_word' id='word_1_299' title='bbox 1138 2720 1428 2789; x_wconf 88' lang='lat' dir='ltr'><strong>reperitur,</strong></span> <span class='ocrx_word' id='word_1_300' title='bbox 1460 2721 1554 2775; x_wconf 87' lang='lat' dir='ltr'><strong>ubi</strong></span> <span class='ocrx_word' id='word_1_301' title='bbox 1585 2722 1673 2790; x_wconf 88' lang='lat' dir='ltr'><strong>qui</strong></span> <span class='ocrx_word' id='word_1_302' title='bbox 1706 2722 1870 2778; x_wconf 87' lang='lat' dir='ltr'><strong>semel</strong></span> <span class='ocrx_word' id='word_1_303' title='bbox 1902 2723 1953 2776; x_wconf 92' lang='lat' dir='ltr'><strong>in</strong></span> <span class='ocrx_word' id='word_1_304' title='bbox 1985 2722 2130 2777; x_wconf 89' lang='lat' dir='ltr'><strong>clero</strong></span> 
     </span>
    </p>
   </div>
   <div class='ocr_carea' id='block_1_44' title="bbox 556 2808 2123 2883">
    <p class='ocr_par' dir='ltr' id='par_1_44' title="bbox 556 2808 2123 2883">
     <span class='ocr_line' id='line_1_44' title="bbox 556 2808 2123 2883; baseline 0.001 -18"><span class='ocrx_word' id='word_1_305' title='bbox 556 2808 795 2880; x_wconf 86' lang='lat' dir='ltr'><strong>deputati</strong></span> <span class='ocrx_word' id='word_1_306' title='bbox 844 2818 1005 2875; x_wconf 88' lang='lat' dir='ltr'><strong>sunt,</strong></span> <span class='ocrx_word' id='word_1_307' title='bbox 1053 2819 1148 2864; x_wconf 82' lang='lat' dir='ltr'><strong>aut</strong></span> <span class='ocrx_word' id='word_1_308' title='bbox 1193 2811 1579 2865; x_wconf 83' lang='lat' dir='ltr'><strong>monachorum</strong></span> <span class='ocrx_word' id='word_1_309' title='bbox 1633 2813 1796 2868; x_wconf 82' lang='lat' dir='ltr'><strong>vitam</strong></span> <span class='ocrx_word' id='word_1_310' title='bbox 1846 2812 2123 2883; x_wconf 83' lang='lat' dir='ltr'><strong>expetive-</strong></span> 
     </span>
    </p>
   </div>
   <div class='ocr_carea' id='block_1_45' title="bbox 550 2902 2132 2976">
    <p class='ocr_par' dir='ltr' id='par_1_45' title="bbox 550 2902 2132 2976">
     <span class='ocr_line' id='line_1_45' title="bbox 550 2902 2132 2976; baseline 0 -19"><span class='ocrx_word' id='word_1_311' title='bbox 550 2910 713 2967; x_wconf 90' lang='lat' dir='ltr'><strong>runt,</strong></span> <span class='ocrx_word' id='word_1_312' title='bbox 743 2902 1035 2956; x_wconf 88' lang='lat' dir='ltr'><strong>statuimus</strong></span> <span class='ocrx_word' id='word_1_313' title='bbox 1063 2915 1235 2975; x_wconf 89' lang='lat' dir='ltr'><strong>neque</strong></span> <span class='ocrx_word' id='word_1_314' title='bbox 1261 2902 1329 2956; x_wconf 90' lang='lat' dir='ltr'><strong>ad</strong></span> <span class='ocrx_word' id='word_1_315' title='bbox 1358 2902 1601 2957; x_wconf 89' lang='lat' dir='ltr'><strong>militiam</strong></span> <span class='ocrx_word' id='word_1_316' title='bbox 1620 2944 1633 2968; x_wconf 87' lang='lat'><strong>,</strong></span> <span class='ocrx_word' id='word_1_317' title='bbox 1663 2918 1836 2971; x_wconf 85' lang='lat' dir='ltr'><strong>neque</strong></span> <span class='ocrx_word' id='word_1_318' title='bbox 1866 2904 1932 2957; x_wconf 87' lang='lat' dir='ltr'><strong>ad</strong></span> <span class='ocrx_word' id='word_1_319' title='bbox 1963 2903 2132 2976; x_wconf 84' lang='lat' dir='ltr'><strong>digni-</strong></span> 
     </span>
    </p>
   </div>
   <div class='ocr_carea' id='block_1_46' title="bbox 554 2989 2132 3060">
    <p class='ocr_par' dir='ltr' id='par_1_46' title="bbox 554 2989 2132 3060">
     <span class='ocr_line' id='line_1_46' title="bbox 554 2989 2132 3060; baseline 0.003 -16"><span class='ocrx_word' id='word_1_320' title='bbox 554 2997 718 3045; x_wconf 87' lang='lat' dir='ltr'><strong>tatem</strong></span> <span class='ocrx_word' id='word_1_321' title='bbox 751 2989 986 3060; x_wconf 87' lang='lat' dir='ltr'><strong>aliquam</strong></span> <span class='ocrx_word' id='word_1_322' title='bbox 1020 2991 1208 3047; x_wconf 89' lang='lat' dir='ltr'><strong>venire</strong></span> <span class='ocrx_word' id='word_1_323' title='bbox 1247 2992 1606 3058; x_wconf 83' lang='lat' dir='ltr'><strong>mundanam,</strong></span> <span class='ocrx_word' id='word_1_324' title='bbox 1647 2993 1741 3048; x_wconf 88' lang='lat' dir='ltr'><strong>sed</strong></span> <span class='ocrx_word' id='word_1_325' title='bbox 1782 2992 1884 3048; x_wconf 84' lang='lat' dir='ltr'><strong>hoc</strong></span> <span class='ocrx_word' id='word_1_326' title='bbox 1925 3004 2132 3049; x_wconf 90' lang='lat' dir='ltr'><strong>tentan-</strong></span> 
     </span>
    </p>
   </div>
   <div class='ocr_carea' id='block_1_47' title="bbox 551 3081 2134 3151">
    <p class='ocr_par' dir='ltr' id='par_1_47' title="bbox 551 3081 2134 3151">
     <span class='ocr_line' id='line_1_47' title="bbox 551 3081 2134 3151; baseline 0 -14"><span class='ocrx_word' id='word_1_327' title='bbox 551 3089 637 3137; x_wconf 85' lang='lat' dir='ltr'><strong>tes</strong></span> <span class='ocrx_word' id='word_1_328' title='bbox 655 3121 670 3147; x_wconf 93' lang='lat'><strong>,</strong></span> <span class='ocrx_word' id='word_1_329' title='bbox 698 3088 754 3135; x_wconf 86' lang='lat' dir='ltr'><strong>et</strong></span> <span class='ocrx_word' id='word_1_330' title='bbox 782 3096 887 3136; x_wconf 85' lang='lat' dir='ltr'><strong>non</strong></span> <span class='ocrx_word' id='word_1_331' title='bbox 918 3090 1137 3150; x_wconf 80' lang='lat' dir='ltr'><strong>agentes</strong></span> <span class='ocrx_word' id='word_1_332' title='bbox 1165 3081 1536 3151; x_wconf 72' lang='lat' dir='ltr'><strong>paenitentiam</strong></span> <span class='ocrx_word' id='word_1_333' title='bbox 1555 3123 1569 3146; x_wconf 96' lang='lat'><strong>,</strong></span> <span class='ocrx_word' id='word_1_334' title='bbox 1598 3083 1885 3151; x_wconf 84' lang='lat' dir='ltr'><strong>quominus</strong></span> <span class='ocrx_word' id='word_1_335' title='bbox 1912 3084 2134 3139; x_wconf 85' lang='lat' dir='ltr'><strong>redeant</strong></span> 
     </span>
    </p>
   </div>
   <div class='ocr_carea' id='block_1_48' title="bbox 2227 1893 3805 1964">
    <p class='ocr_par' dir='ltr' id='par_1_48' title="bbox 2227 1893 3805 1964">
     <span class='ocr_line' id='line_1_48' title="bbox 2227 1893 3805 1964; baseline -0.004 -12"><span class='ocrx_word' id='word_1_336' title='bbox 2227 1896 2464 1952; x_wconf 82' lang='lat' dir='ltr'><strong>tbentica</strong></span> <span class='ocrx_word' id='word_1_337' title='bbox 2505 1903 2814 1951; x_wconf 90' lang='lat' dir='ltr'><strong>sanctorum</strong></span> <span class='ocrx_word' id='word_1_338' title='bbox 2854 1894 3076 1948; x_wconf 86' lang='lat' dir='ltr'><strong>Patrum</strong></span> <span class='ocrx_word' id='word_1_339' title='bbox 3109 1893 3338 1964; x_wconf 82' lang='lat' dir='ltr'><strong>judicia,</strong></span> <span class='ocrx_word' id='word_1_340' title='bbox 3373 1904 3559 1948; x_wconf 87' lang='lat' dir='ltr'><strong>contra</strong></span> <span class='ocrx_word' id='word_1_341' title='bbox 3596 1901 3675 1947; x_wconf 93' lang='lat' dir='ltr'><strong>tot</strong></span> <span class='ocrx_word' id='word_1_342' title='bbox 3711 1907 3805 1947; x_wconf 90' lang='lat' dir='ltr'><strong>ve-</strong></span> 
     </span>
    </p>
   </div>
   <div class='ocr_carea' id='block_1_49' title="bbox 2224 1983 3806 2048">
    <p class='ocr_par' dir='ltr' id='par_1_49' title="bbox 2224 1983 3806 2048">
     <span class='ocr_line' id='line_1_49' title="bbox 2224 1983 3806 2048; baseline -0.003 -6"><span class='ocrx_word' id='word_1_343' title='bbox 2224 1986 2543 2042; x_wconf 88' lang='lat' dir='ltr'><strong>nerabilium</strong></span> <span class='ocrx_word' id='word_1_344' title='bbox 2572 1985 2921 2040; x_wconf 89' lang='lat' dir='ltr'><strong>conciliorum</strong></span> <span class='ocrx_word' id='word_1_345' title='bbox 2952 1994 3175 2048; x_wconf 83' lang='lat' dir='ltr'><strong>statuta,</strong></span> <span class='ocrx_word' id='word_1_346' title='bbox 3208 1992 3416 2039; x_wconf 89' lang='lat' dir='ltr'><strong>scutum</strong></span> <span class='ocrx_word' id='word_1_347' title='bbox 3446 1983 3620 2039; x_wconf 81' lang='lat' dir='ltr'><strong>adhuc</strong></span> <span class='ocrx_word' id='word_1_348' title='bbox 3652 1997 3806 2038; x_wconf 64' lang='lat' dir='ltr'><strong>vanae</strong></span> 
     </span>
    </p>
   </div>
   <div class='ocr_carea' id='block_1_50' title="bbox 2225 2074 3802 2148">
    <p class='ocr_par' dir='ltr' id='par_1_50' title="bbox 2225 2074 3802 2148">
     <span class='ocr_line' id='line_1_50' title="bbox 2225 2074 3802 2148; baseline -0.004 -15"><span class='ocrx_word' id='word_1_349' title='bbox 2225 2077 2553 2133; x_wconf 80' lang='lat' dir='ltr'><strong>defensionis</strong></span> <span class='ocrx_word' id='word_1_350' title='bbox 2592 2092 2876 2148; x_wconf 84' lang='lat' dir='ltr'><strong>oppones:</strong></span> <span class='ocrx_word' id='word_1_351' title='bbox 2916 2076 3082 2140; x_wconf 84' lang='lat' dir='ltr'><strong>Esto,</strong></span> <span class='ocrx_word' id='word_1_352' title='bbox 3126 2076 3371 2145; x_wconf 88' lang='lat' dir='ltr'><strong>inquies,</strong></span> <span class='ocrx_word' id='word_1_353' title='bbox 3418 2074 3595 2143; x_wconf 90' lang='lat' dir='ltr'><strong>utqui</strong></span> <span class='ocrx_word' id='word_1_354' title='bbox 3634 2090 3663 2130; x_wconf 88' lang='lat' dir='ltr'><strong>a</strong></span> <span class='ocrx_word' id='word_1_355' title='bbox 3703 2089 3802 2144; x_wconf 83' lang='lat' dir='ltr'><strong>pa-</strong></span> 
     </span>
    </p>
   </div>
   <div class='ocr_carea' id='block_1_51' title="bbox 2226 2163 3798 2237">
    <p class='ocr_par' dir='ltr' id='par_1_51' title="bbox 2226 2163 3798 2237">
     <span class='ocr_line' id='line_1_51' title="bbox 2226 2163 3798 2237; baseline -0.003 -14"><span class='ocrx_word' id='word_1_356' title='bbox 2226 2169 2468 2223; x_wconf 89' lang='lat' dir='ltr'><strong>rentibus</strong></span> <span class='ocrx_word' id='word_1_357' title='bbox 2490 2167 2815 2232; x_wconf 78' lang='lat' dir='ltr'><strong>offeruntur,</strong></span> <span class='ocrx_word' id='word_1_358' title='bbox 2844 2168 2915 2221; x_wconf 91' lang='lat' dir='ltr'><strong>ita</strong></span> <span class='ocrx_word' id='word_1_359' title='bbox 2947 2173 3300 2237; x_wconf 86' lang='lat' dir='ltr'><strong>permaneant</strong></span> <span class='ocrx_word' id='word_1_360' title='bbox 3329 2183 3341 2217; x_wconf 93' lang='lat'><strong>:</strong></span> <span class='ocrx_word' id='word_1_361' title='bbox 3372 2164 3462 2233; x_wconf 87' lang='lat' dir='ltr'><strong>qui</strong></span> <span class='ocrx_word' id='word_1_362' title='bbox 3494 2163 3798 2219; x_wconf 87' lang='lat' dir='ltr'><strong>voluntarie</strong></span> 
     </span>
    </p>
   </div>
   <div class='ocr_carea' id='block_1_52' title="bbox 2226 2256 3804 2328">
    <p class='ocr_par' dir='ltr' id='par_1_52' title="bbox 2226 2256 3804 2328">
     <span class='ocr_line' id='line_1_52' title="bbox 2226 2256 3804 2328; baseline -0.004 -11"><span class='ocrx_word' id='word_1_363' title='bbox 2226 2270 2647 2326; x_wconf 89' lang='lat' dir='ltr'><strong>convertuntur,</strong></span> <span class='ocrx_word' id='word_1_364' title='bbox 2699 2260 2765 2313; x_wconf 89' lang='lat' dir='ltr'><strong>ad</strong></span> <span class='ocrx_word' id='word_1_365' title='bbox 2815 2259 3030 2328; x_wconf 87' lang='lat' dir='ltr'><strong>negotia</strong></span> <span class='ocrx_word' id='word_1_366' title='bbox 3079 2258 3347 2312; x_wconf 89' lang='lat' dir='ltr'><strong>mundana</strong></span> <span class='ocrx_word' id='word_1_367' title='bbox 3388 2272 3493 2311; x_wconf 88' lang='lat' dir='ltr'><strong>non</strong></span> <span class='ocrx_word' id='word_1_368' title='bbox 3535 2256 3804 2312; x_wconf 81' lang='lat' dir='ltr'><strong>redeant:</strong></span> 
     </span>
    </p>
   </div>
   <div class='ocr_carea' id='block_1_53' title="bbox 2230 2345 3803 2424">
    <p class='ocr_par' dir='ltr' id='par_1_53' title="bbox 2230 2345 3803 2424">
     <span class='ocr_line' id='line_1_53' title="bbox 2230 2345 3803 2424; baseline -0.003 -17"><span class='ocrx_word' id='word_1_369' title='bbox 2230 2353 2322 2424; x_wconf 89' lang='lat' dir='ltr'><strong>qui</strong></span> <span class='ocrx_word' id='word_1_370' title='bbox 2362 2353 2515 2407; x_wconf 91' lang='lat' dir='ltr'><strong>inviti</strong></span> <span class='ocrx_word' id='word_1_371' title='bbox 2551 2352 2716 2407; x_wconf 87' lang='lat' dir='ltr'><strong>etiam</strong></span> <span class='ocrx_word' id='word_1_372' title='bbox 2752 2359 3123 2413; x_wconf 88' lang='lat' dir='ltr'><strong>tousurantur,</strong></span> <span class='ocrx_word' id='word_1_373' title='bbox 3155 2347 3269 2417; x_wconf 87' lang='lat' dir='ltr'><strong>jam</strong></span> <span class='ocrx_word' id='word_1_374' title='bbox 3319 2346 3521 2402; x_wconf 90' lang='lat' dir='ltr'><strong>saniori</strong></span> <span class='ocrx_word' id='word_1_375' title='bbox 3569 2345 3803 2402; x_wconf 88' lang='lat' dir='ltr'><strong>consilio</strong></span> 
     </span>
    </p>
   </div>
   <div class='ocr_carea' id='block_1_54' title="bbox 2229 2440 3807 2514">
    <p class='ocr_par' dir='ltr' id='par_1_54' title="bbox 2229 2440 3807 2514">
     <span class='ocr_line' id='line_1_54' title="bbox 2229 2440 3807 2514; baseline 0 -17"><span class='ocrx_word' id='word_1_376' title='bbox 2229 2458 2582 2514; x_wconf 80' lang='lat' dir='ltr'><strong>perseverare</strong></span> <span class='ocrx_word' id='word_1_377' title='bbox 2636 2442 2983 2497; x_wconf 87' lang='lat' dir='ltr'><strong>contendant.</strong></span> <span class='ocrx_word' id='word_1_378' title='bbox 3038 2441 3170 2497; x_wconf 89' lang='lat' dir='ltr'><strong>Nam</strong></span> <span class='ocrx_word' id='word_1_379' title='bbox 3225 2443 3292 2497; x_wconf 89' lang='lat' dir='ltr'><strong>de</strong></span> <span class='ocrx_word' id='word_1_380' title='bbox 3342 2450 3449 2495; x_wconf 89' lang='lat' dir='ltr'><strong>tam</strong></span> <span class='ocrx_word' id='word_1_381' title='bbox 3501 2440 3807 2511; x_wconf 80' lang='lat' dir='ltr'><strong>perspicuis</strong></span> 
     </span>
    </p>
   </div>
   <div class='ocr_carea' id='block_1_55' title="bbox 2229 2529 3811 2601">
    <p class='ocr_par' dir='ltr' id='par_1_55' title="bbox 2229 2529 3811 2601">
     <span class='ocr_line' id='line_1_55' title="bbox 2229 2529 3811 2601; baseline -0.002 -12"><span class='ocrx_word' id='word_1_382' title='bbox 2229 2543 2537 2589; x_wconf 88' lang='lat' dir='ltr'><strong>sanctorum</strong></span> <span class='ocrx_word' id='word_1_383' title='bbox 2567 2533 2785 2587; x_wconf 89' lang='lat' dir='ltr'><strong>Patrum</strong></span> <span class='ocrx_word' id='word_1_384' title='bbox 2828 2533 2985 2587; x_wconf 91' lang='lat' dir='ltr'><strong>dictis</strong></span> <span class='ocrx_word' id='word_1_385' title='bbox 3026 2533 3329 2601; x_wconf 83' lang='lat' dir='ltr'><strong>ambigere,</strong></span> <span class='ocrx_word' id='word_1_386' title='bbox 3358 2531 3486 2601; x_wconf 86' lang='lat' dir='ltr'><strong>quid</strong></span> <span class='ocrx_word' id='word_1_387' title='bbox 3515 2539 3599 2585; x_wconf 91' lang='lat' dir='ltr'><strong>est</strong></span> <span class='ocrx_word' id='word_1_388' title='bbox 3624 2529 3766 2585; x_wconf 89' lang='lat' dir='ltr'><strong>aliud</strong></span> <span class='ocrx_word' id='word_1_389' title='bbox 3787 2570 3811 2594; x_wconf 31' lang='grc' dir='ltr'><em>,γ</em></span> 
     </span>
    </p>
   </div>
   <div class='ocr_carea' id='block_1_56' title="bbox 2232 2620 3815 2694">
    <p class='ocr_par' dir='ltr' id='par_1_56' title="bbox 2232 2620 3815 2694">
     <span class='ocr_line' id='line_1_56' title="bbox 2232 2620 3815 2694; baseline 0.001 -21"><span class='ocrx_word' id='word_1_390' title='bbox 2232 2639 2389 2694; x_wconf 67' lang='lat' dir='ltr'><strong>quam</strong></span> <span class='ocrx_word' id='word_1_391' title='bbox 2424 2623 2738 2677; x_wconf 88' lang='lat' dir='ltr'><strong>micantium</strong></span> <span class='ocrx_word' id='word_1_392' title='bbox 2773 2630 3044 2677; x_wconf 89' lang='lat' dir='ltr'><strong>astrorum</strong></span> <span class='ocrx_word' id='word_1_393' title='bbox 3077 2621 3249 2692; x_wconf 81' lang='lat' dir='ltr'><strong>globis</strong></span> <span class='ocrx_word' id='word_1_394' title='bbox 3276 2620 3576 2692; x_wconf 76' lang='lat' dir='ltr'><strong>Oppositum</strong></span> <span class='ocrx_word' id='word_1_395' title='bbox 3606 2620 3815 2690; x_wconf 81' lang='lat' dir='ltr'><strong>apertis</strong></span> 
     </span>
    </p>
   </div>
   <div class='ocr_carea' id='block_1_57' title="bbox 2234 2711 2773 2767">
    <p class='ocr_par' dir='ltr' id='par_1_57' title="bbox 2234 2711 2773 2767">
     <span class='ocr_line' id='line_1_57' title="bbox 2234 2711 2773 2767; baseline -0.004 0"><span class='ocrx_word' id='word_1_396' title='bbox 2234 2713 2410 2767; x_wconf 89' lang='lat' dir='ltr'><strong>oculis</strong></span> <span class='ocrx_word' id='word_1_397' title='bbox 2437 2713 2512 2767; x_wconf 89' lang='lat' dir='ltr'><strong>nil</strong></span> <span class='ocrx_word' id='word_1_398' title='bbox 2547 2711 2773 2767; x_wconf 86' lang='lat' dir='ltr'><strong>videre?</strong></span> 
     </span>
    </p>
   </div>
   <div class='ocr_carea' id='block_1_58' title="bbox 2303 2799 3809 2875">
    <p class='ocr_par' dir='ltr' id='par_1_58' title="bbox 2303 2799 3809 2875">
     <span class='ocr_line' id='line_1_58' title="bbox 2303 2799 3809 2875; baseline -0.003 -17"><span class='ocrx_word' id='word_1_399' title='bbox 2303 2804 2408 2859; x_wconf 81' lang='lat' dir='ltr'><strong>Sed</strong></span> <span class='ocrx_word' id='word_1_400' title='bbox 2455 2804 2540 2859; x_wconf 89' lang='lat' dir='ltr'><strong>dic</strong></span> <span class='ocrx_word' id='word_1_401' title='bbox 2562 2845 2576 2869; x_wconf 87' lang='lat'><strong>,</strong></span> <span class='ocrx_word' id='word_1_402' title='bbox 2629 2819 2758 2875; x_wconf 89' lang='lat' dir='ltr'><strong>rogo</strong></span> <span class='ocrx_word' id='word_1_403' title='bbox 2780 2846 2793 2871; x_wconf 97' lang='lat'><strong>,</strong></span> <span class='ocrx_word' id='word_1_404' title='bbox 2846 2803 3202 2859; x_wconf 80' lang='lat' dir='ltr'><strong>ferendumne</strong></span> <span class='ocrx_word' id='word_1_405' title='bbox 3252 2811 3366 2867; x_wconf 91' lang='lat' dir='ltr'><strong>est,</strong></span> <span class='ocrx_word' id='word_1_406' title='bbox 3401 2811 3455 2856; x_wconf 91' lang='lat' dir='ltr'><strong>et</strong></span> <span class='ocrx_word' id='word_1_407' title='bbox 3490 2815 3595 2855; x_wconf 92' lang='lat' dir='ltr'><strong>non</strong></span> <span class='ocrx_word' id='word_1_408' title='bbox 3627 2799 3809 2869; x_wconf 87' lang='lat' dir='ltr'><strong>potius</strong></span> 
     </span>
    </p>
   </div>
   <div class='ocr_carea' id='block_1_59' title="bbox 2232 2891 3806 2965">
    <p class='ocr_par' dir='ltr' id='par_1_59' title="bbox 2232 2891 3806 2965">
     <span class='ocr_line' id='line_1_59' title="bbox 2232 2891 3806 2965; baseline -0.003 -19"><span class='ocrx_word' id='word_1_409' title='bbox 2232 2893 2416 2949; x_wconf 58' lang='lat' dir='ltr'><strong>liberis</strong></span> <span class='ocrx_word' id='word_1_410' title='bbox 2446 2893 2667 2950; x_wconf 87' lang='lat' dir='ltr'><strong>vocibus</strong></span> <span class='ocrx_word' id='word_1_411' title='bbox 2698 2895 3027 2965; x_wconf 82' lang='lat' dir='ltr'><strong>arguendum</strong></span> <span class='ocrx_word' id='word_1_412' title='bbox 3049 2936 3063 2962; x_wconf 95' lang='lat'><strong>,</strong></span> <span class='ocrx_word' id='word_1_413' title='bbox 3098 2908 3217 2948; x_wconf 92' lang='lat' dir='ltr'><strong>cum</strong></span> <span class='ocrx_word' id='word_1_414' title='bbox 3250 2894 3398 2963; x_wconf 88' lang='lat' dir='ltr'><strong>pravi</strong></span> <span class='ocrx_word' id='word_1_415' title='bbox 3434 2891 3657 2961; x_wconf 89' lang='lat' dir='ltr'><strong>quilibet</strong></span> <span class='ocrx_word' id='word_1_416' title='bbox 3687 2904 3806 2943; x_wconf 82' lang='lat' dir='ltr'><strong>mo-</strong></span> 
     </span>
    </p>
   </div>
   <div class='ocr_carea' id='block_1_60' title="bbox 2232 2980 3807 3052">
    <p class='ocr_par' dir='ltr' id='par_1_60' title="bbox 2232 2980 3807 3052">
     <span class='ocr_line' id='line_1_60' title="bbox 2232 2980 3807 3052; baseline -0.005 -13"><span class='ocrx_word' id='word_1_417' title='bbox 2232 2984 2596 3039; x_wconf 88' lang='lat' dir='ltr'><strong>nasteriorum</strong></span> <span class='ocrx_word' id='word_1_418' title='bbox 2637 2993 2909 3047; x_wconf 87' lang='lat' dir='ltr'><strong>rectores,</strong></span> <span class='ocrx_word' id='word_1_419' title='bbox 2950 2983 3039 3052; x_wconf 91' lang='lat' dir='ltr'><strong>qui</strong></span> <span class='ocrx_word' id='word_1_420' title='bbox 3072 2996 3173 3037; x_wconf 90' lang='lat' dir='ltr'><strong>nec</strong></span> <span class='ocrx_word' id='word_1_421' title='bbox 3208 2981 3373 3035; x_wconf 90' lang='lat' dir='ltr'><strong>Deum</strong></span> <span class='ocrx_word' id='word_1_422' title='bbox 3410 2980 3667 3049; x_wconf 76' lang='lat' dir='ltr'><strong>diligunt,</strong></span> <span class='ocrx_word' id='word_1_423' title='bbox 3705 2991 3807 3031; x_wconf 86' lang='lat' dir='ltr'><strong>nec</strong></span> 
     </span>
    </p>
   </div>
   <div class='ocr_carea' id='block_1_61' title="bbox 2233 3064 3807 3143">
    <p class='ocr_par' dir='ltr' id='par_1_61' title="bbox 2233 3064 3807 3143">
     <span class='ocr_line' id='line_1_61' title="bbox 2233 3064 3807 3143; baseline -0.004 -15"><span class='ocrx_word' id='word_1_424' title='bbox 2233 3075 2442 3130; x_wconf 86' lang='lat' dir='ltr'><strong>lucrum</strong></span> <span class='ocrx_word' id='word_1_425' title='bbox 2495 3076 2793 3128; x_wconf 86' lang='lat' dir='ltr'><strong>animarum</strong></span> <span class='ocrx_word' id='word_1_426' title='bbox 2845 3088 3086 3143; x_wconf 65' lang='lat' dir='ltr'><strong>quazrere</strong></span> <span class='ocrx_word' id='word_1_427' title='bbox 3140 3072 3580 3142; x_wconf 90' lang='lat' dir='ltr'><strong>comprobantur,</strong></span> <span class='ocrx_word' id='word_1_428' title='bbox 3635 3064 3807 3138; x_wconf 85' lang='lat' dir='ltr'><strong>turpis</strong></span> 
     </span>
    </p>
   </div>
   <div class='ocr_carea' id='block_1_62' title="bbox 553 3158 3806 3244">
    <p class='ocr_par' dir='ltr' id='par_1_62' title="bbox 553 3158 3806 3244">
     <span class='ocr_line' id='line_1_62' title="bbox 553 3158 3806 3244; baseline -0.005 -16"><span class='ocrx_word' id='word_1_429' title='bbox 553 3171 623 3225; x_wconf 84' lang='lat' dir='ltr'><strong>ad</strong></span> <span class='ocrx_word' id='word_1_430' title='bbox 672 3171 775 3227; x_wconf 87' lang='lat' dir='ltr'><strong>hoc</strong></span> <span class='ocrx_word' id='word_1_431' title='bbox 796 3213 811 3239; x_wconf 94' lang='lat'><strong>,</strong></span> <span class='ocrx_word' id='word_1_432' title='bbox 864 3173 1007 3241; x_wconf 87' lang='lat' dir='ltr'><strong>quod</strong></span> <span class='ocrx_word' id='word_1_433' title='bbox 1048 3182 1271 3243; x_wconf 89' lang='lat' dir='ltr'><strong>propter</strong></span> <span class='ocrx_word' id='word_1_434' title='bbox 1308 3173 1476 3232; x_wconf 87' lang='lat' dir='ltr'><strong>Deum</strong></span> <span class='ocrx_word' id='word_1_435' title='bbox 1515 3174 1767 3244; x_wconf 77' lang='lat' dir='ltr'><strong>primitus</strong></span> <span class='ocrx_word' id='word_1_436' title='bbox 1805 3174 2119 3244; x_wconf 86' lang='lat' dir='ltr'><strong>elegerunt,</strong></span> <span class='ocrx_word' id='word_1_437' title='bbox 2150 3160 2193 3220; x_wconf 89' lang='lat' dir='ltr'><strong>C</strong></span> <span class='ocrx_word' id='word_1_438' title='bbox 2226 3165 2363 3220; x_wconf 86' lang='lat' dir='ltr'><strong>lucri</strong></span> <span class='ocrx_word' id='word_1_439' title='bbox 2400 3164 2635 3219; x_wconf 88' lang='lat' dir='ltr'><strong>stimulis</strong></span> <span class='ocrx_word' id='word_1_440' title='bbox 2665 3165 2909 3230; x_wconf 87' lang='lat' dir='ltr'><strong>accensi,</strong></span> <span class='ocrx_word' id='word_1_441' title='bbox 2943 3165 3012 3217; x_wconf 88' lang='lat' dir='ltr'><strong>ita</strong></span> <span class='ocrx_word' id='word_1_442' title='bbox 3043 3163 3315 3233; x_wconf 88' lang='lat' dir='ltr'><strong>simplices</strong></span> <span class='ocrx_word' id='word_1_443' title='bbox 3341 3176 3586 3233; x_wconf 86' lang='lat' dir='ltr'><strong>quosque</strong></span> <span class='ocrx_word' id='word_1_444' title='bbox 3610 3158 3806 3215; x_wconf 85' lang='lat' dir='ltr'><strong>blanda</strong></span> 
     </span>
    </p>
   </div>
   <div class='ocr_carea' id='block_1_63' title="bbox 554 3261 1025 3315">
    <p class='ocr_par' dir='ltr' id='par_1_63' title="bbox 554 3261 1025 3315">
     <span class='ocr_line' id='line_1_63' title="bbox 554 3261 1025 3315; baseline 0.002 -2"><span class='ocrx_word' id='word_1_445' title='bbox 554 3261 1025 3315; x_wconf 81' lang='lat' dir='ltr'><strong>anathematizari.</strong></span> 
     </span>
    </p>
   </div>
   <div class='ocr_carea' id='block_1_64' title="bbox 630 3352 2126 3424">
    <p class='ocr_par' dir='ltr' id='par_1_64' title="bbox 630 3352 2126 3424">
     <span class='ocr_line' id='line_1_64' title="bbox 630 3352 2126 3424; baseline 0.002 -18"><span class='ocrx_word' id='word_1_446' title='bbox 630 3352 948 3410; x_wconf 87' lang='lat' dir='ltr'><strong>Toletanum</strong></span> <span class='ocrx_word' id='word_1_447' title='bbox 982 3370 1195 3424; x_wconf 88' lang='lat' dir='ltr'><strong>quoque</strong></span> <span class='ocrx_word' id='word_1_448' title='bbox 1234 3357 1523 3412; x_wconf 90' lang='lat' dir='ltr'><strong>concilium</strong></span> <span class='ocrx_word' id='word_1_449' title='bbox 1566 3357 1892 3412; x_wconf 88' lang='lat' dir='ltr'><strong>testimoniis</strong></span> <span class='ocrx_word' id='word_1_450' title='bbox 1929 3364 2126 3410; x_wconf 61' lang='lat' dir='ltr'><strong>nostra;</strong></span> 
     </span>
    </p>
   </div>
   <div class='ocr_carea' id='block_1_65' title="bbox 555 3442 2127 3517">
    <p class='ocr_par' dir='ltr' id='par_1_65' title="bbox 555 3442 2127 3517">
     <span class='ocr_line' id='line_1_65' title="bbox 555 3442 2127 3517; baseline 0.001 -19"><span class='ocrx_word' id='word_1_451' title='bbox 555 3442 892 3515; x_wconf 82' lang='lat' dir='ltr'><strong>allegationis</strong></span> <span class='ocrx_word' id='word_1_452' title='bbox 947 3445 1107 3498; x_wconf 83' lang='lat' dir='ltr'><strong>addat</strong></span> <span class='ocrx_word' id='word_1_453' title='bbox 1165 3455 1511 3517; x_wconf 79' lang='lat' dir='ltr'><strong>augmentum</strong></span> <span class='ocrx_word' id='word_1_454' title='bbox 1548 3465 1560 3499; x_wconf 90' lang='lat'><strong>:</strong></span> <span class='ocrx_word' id='word_1_455' title='bbox 1600 3465 1617 3497; x_wconf 76' lang='grc' dir='ltr'>ι</span> <span class='ocrx_word' id='word_1_456' title='bbox 1657 3446 2001 3509; x_wconf 84' lang='lat' dir='ltr'><strong>Monachum,</strong></span> <span class='ocrx_word' id='word_1_457' title='bbox 2046 3447 2127 3500; x_wconf 89' lang='lat' dir='ltr'><strong>in-</strong></span> 
     </span>
    </p>
   </div>
   <div class='ocr_carea' id='block_1_66' title="bbox 555 3535 2123 3606">
    <p class='ocr_par' dir='ltr' id='par_1_66' title="bbox 555 3535 2123 3606">
     <span class='ocr_line' id='line_1_66' title="bbox 555 3535 2123 3606; baseline 0.002 -18"><span class='ocrx_word' id='word_1_458' title='bbox 555 3535 674 3603; x_wconf 91' lang='lat' dir='ltr'><strong>quit</strong></span> <span class='ocrx_word' id='word_1_459' title='bbox 699 3575 714 3601; x_wconf 94' lang='lat'><strong>,</strong></span> <span class='ocrx_word' id='word_1_460' title='bbox 740 3544 964 3604; x_wconf 88' lang='lat' dir='ltr'><strong>paterna</strong></span> <span class='ocrx_word' id='word_1_461' title='bbox 992 3535 1238 3597; x_wconf 88' lang='lat' dir='ltr'><strong>devotio.</strong></span> <span class='ocrx_word' id='word_1_462' title='bbox 1271 3545 1363 3590; x_wconf 88' lang='lat' dir='ltr'><strong>aut</strong></span> <span class='ocrx_word' id='word_1_463' title='bbox 1390 3536 1606 3606; x_wconf 90' lang='lat' dir='ltr'><strong>propria</strong></span> <span class='ocrx_word' id='word_1_464' title='bbox 1633 3537 1899 3606; x_wconf 73' lang='lat' dir='ltr'><strong>professio</strong></span> <span class='ocrx_word' id='word_1_465' title='bbox 1924 3536 2084 3592; x_wconf 79' lang='lat' dir='ltr'><strong>faciat</strong></span> <span class='ocrx_word' id='word_1_466' title='bbox 2110 3555 2123 3591; x_wconf 90' lang='lat'><strong>:</strong></span> 
     </span>
    </p>
   </div>
   <div class='ocr_carea' id='block_1_67' title="bbox 557 3624 2127 3698">
    <p class='ocr_par' dir='ltr' id='par_1_67' title="bbox 557 3624 2127 3698">
     <span class='ocr_line' id='line_1_67' title="bbox 557 3624 2127 3698; baseline 0.001 -19"><span class='ocrx_word' id='word_1_467' title='bbox 557 3625 830 3694; x_wconf 85' lang='lat' dir='ltr'><strong>Quidquid</strong></span> <span class='ocrx_word' id='word_1_468' title='bbox 865 3625 1056 3679; x_wconf 89' lang='lat' dir='ltr'><strong>horum</strong></span> <span class='ocrx_word' id='word_1_469' title='bbox 1092 3624 1254 3679; x_wconf 81' lang='lat' dir='ltr'><strong>fuerit</strong></span> <span class='ocrx_word' id='word_1_470' title='bbox 1293 3626 1574 3696; x_wconf 90' lang='lat' dir='ltr'><strong>allegatum</strong></span> <span class='ocrx_word' id='word_1_471' title='bbox 1616 3628 1817 3682; x_wconf 87' lang='lat' dir='ltr'><strong>tenebit</strong></span> <span class='ocrx_word' id='word_1_472' title='bbox 1848 3644 1862 3693; x_wconf 91' lang='lat'>;</span> <span class='ocrx_word' id='word_1_473' title='bbox 1905 3628 2127 3698; x_wconf 88' lang='lat' dir='ltr'><strong>proinde</strong></span> 
     </span>
    </p>
   </div>
   <div class='ocr_carea' id='block_1_68' title="bbox 559 3702 2126 3788">
    <p class='ocr_par' dir='ltr' id='par_1_68' title="bbox 559 3702 2126 3788">
     <span class='ocr_line' id='line_1_68' title="bbox 559 3702 2126 3788; baseline 0.004 -21"><span class='ocrx_word' id='word_1_474' title='bbox 559 3713 646 3768; x_wconf 85' lang='lat' dir='ltr'><strong>his</strong></span> <span class='ocrx_word' id='word_1_475' title='bbox 694 3715 761 3768; x_wconf 84' lang='lat' dir='ltr'><strong>ad</strong></span> <span class='ocrx_word' id='word_1_476' title='bbox 806 3714 1064 3769; x_wconf 88' lang='lat' dir='ltr'><strong>mundum</strong></span> <span class='ocrx_word' id='word_1_477' title='bbox 1100 3716 1402 3770; x_wconf 88' lang='lat' dir='ltr'><strong>revertendi</strong></span> <span class='ocrx_word' id='word_1_478' title='bbox 1442 3716 1605 3788; x_wconf 76' lang='lat'><strong>366</strong></span> <span class='ocrx_word' id='word_1_479' title='bbox 1645 3702 1968 3773; x_wconf 81' lang='lat' dir='ltr'><strong>recludimns</strong></span> <span class='ocrx_word' id='word_1_480' title='bbox 2029 3718 2126 3773; x_wconf 91' lang='lat' dir='ltr'><strong>ad-</strong></span> 
     </span>
    </p>
   </div>
   <div class='ocr_carea' id='block_1_69' title="bbox 556 3801 2121 3878">
    <p class='ocr_par' dir='ltr' id='par_1_69' title="bbox 556 3801 2121 3878">
     <span class='ocr_line' id='line_1_69' title="bbox 556 3801 2121 3878; baseline 0.004 -24"><span class='ocrx_word' id='word_1_481' title='bbox 556 3801 717 3867; x_wconf 84' lang='lat' dir='ltr'><strong>itum,</strong></span> <span class='ocrx_word' id='word_1_482' title='bbox 735 3810 789 3856; x_wconf 85' lang='lat' dir='ltr'><strong>et</strong></span> <span class='ocrx_word' id='word_1_483' title='bbox 812 3818 1002 3857; x_wconf 88' lang='lat' dir='ltr'><strong>omnes</strong></span> <span class='ocrx_word' id='word_1_484' title='bbox 1026 3804 1090 3858; x_wconf 89' lang='lat' dir='ltr'><strong>ad</strong></span> <span class='ocrx_word' id='word_1_485' title='bbox 1119 3803 1372 3858; x_wconf 71' lang='lat' dir='ltr'><strong>saeculum</strong></span> <span class='ocrx_word' id='word_1_486' title='bbox 1398 3805 1773 3862; x_wconf 89' lang='lat' dir='ltr'><strong>interdicimus</strong></span> <span class='ocrx_word' id='word_1_487' title='bbox 1795 3822 2087 3878; x_wconf 86' lang='lat' dir='ltr'><strong>regressus.</strong></span> <span class='ocrx_word' id='word_1_488' title='bbox 2104 3828 2121 3860; x_wconf 76' lang='grc' dir='ltr'><strong><em>ι</em></strong></span> 
     </span>
    </p>
   </div>
   <div class='ocr_carea' id='block_1_70' title="bbox 556 3892 2126 3965">
    <p class='ocr_par' dir='ltr' id='par_1_70' title="bbox 556 3892 2126 3965">
     <span class='ocr_line' id='line_1_70' title="bbox 556 3892 2126 3965; baseline 0.003 -19"><span class='ocrx_word' id='word_1_489' title='bbox 556 3892 768 3948; x_wconf 80' lang='lat' dir='ltr'><strong>Rursus</strong></span> <span class='ocrx_word' id='word_1_490' title='bbox 795 3894 849 3948; x_wconf 91' lang='lat' dir='ltr'><strong>in</strong></span> <span class='ocrx_word' id='word_1_491' title='bbox 876 3894 1065 3948; x_wconf 90' lang='lat' dir='ltr'><strong>eodem</strong></span> <span class='ocrx_word' id='word_1_492' title='bbox 1091 3895 1349 3961; x_wconf 88' lang='lat' dir='ltr'><strong>concilio,</strong></span> <span class='ocrx_word' id='word_1_493' title='bbox 1384 3895 1539 3964; x_wconf 89' lang='lat' dir='ltr'><strong>longe</strong></span> <span class='ocrx_word' id='word_1_494' title='bbox 1564 3897 1826 3965; x_wconf 89' lang='lat' dir='ltr'><strong>superius,</strong></span> <span class='ocrx_word' id='word_1_495' title='bbox 1856 3898 1996 3952; x_wconf 89' lang='lat' dir='ltr'><strong>inter</strong></span> <span class='ocrx_word' id='word_1_496' title='bbox 2022 3897 2126 3951; x_wconf 88' lang='lat' dir='ltr'><strong>alia</strong></span> 
     </span>
    </p>
   </div>
   <div class='ocr_carea' id='block_1_71' title="bbox 555 3984 2128 4056">
    <p class='ocr_par' dir='ltr' id='par_1_71' title="bbox 555 3984 2128 4056">
     <span class='ocr_line' id='line_1_71' title="bbox 555 3984 2128 4056; baseline 0.001 -18"><span class='ocrx_word' id='word_1_497' title='bbox 555 3984 794 4055; x_wconf 77' lang='lat' dir='ltr'><strong>legitur:</strong></span> <span class='ocrx_word' id='word_1_498' title='bbox 828 4002 848 4038; x_wconf 72' lang='grc' dir='ltr'>ι</span> <span class='ocrx_word' id='word_1_499' title='bbox 878 3984 1111 4055; x_wconf 85' lang='lat' dir='ltr'><strong>Ideoque</strong></span> <span class='ocrx_word' id='word_1_500' title='bbox 1149 3987 1193 4041; x_wconf 91' lang='lat' dir='ltr'><strong>si</strong></span> <span class='ocrx_word' id='word_1_501' title='bbox 1234 3986 1286 4040; x_wconf 91' lang='lat' dir='ltr'><strong>in</strong></span> <span class='ocrx_word' id='word_1_502' title='bbox 1317 3987 1554 4056; x_wconf 86' lang='lat' dir='ltr'><strong>qualibet</strong></span> <span class='ocrx_word' id='word_1_503' title='bbox 1585 3989 1780 4043; x_wconf 88' lang='lat' dir='ltr'><strong>minori</strong></span> <span class='ocrx_word' id='word_1_504' title='bbox 1813 3997 1973 4043; x_wconf 84' lang='lat' dir='ltr'><strong>aetate</strong></span> <span class='ocrx_word' id='word_1_505' title='bbox 1994 4029 2008 4052; x_wconf 93' lang='lat'><strong>,</strong></span> <span class='ocrx_word' id='word_1_506' title='bbox 2046 3988 2128 4043; x_wconf 90' lang='lat' dir='ltr'><strong>vel</strong></span> 
     </span>
    </p>
   </div>
   <div class='ocr_carea' id='block_1_72' title="bbox 556 4076 2125 4150">
    <p class='ocr_par' dir='ltr' id='par_1_72' title="bbox 556 4076 2125 4150">
     <span class='ocr_line' id='line_1_72' title="bbox 556 4076 2125 4150; baseline 0.002 -19"><span class='ocrx_word' id='word_1_507' title='bbox 556 4076 835 4147; x_wconf 81' lang='lat' dir='ltr'><strong>religionis</strong></span> <span class='ocrx_word' id='word_1_508' title='bbox 867 4086 1139 4132; x_wconf 90' lang='lat' dir='ltr'><strong>tonsuram</strong></span> <span class='ocrx_word' id='word_1_509' title='bbox 1161 4119 1174 4141; x_wconf 93' lang='lat'><strong>,</strong></span> <span class='ocrx_word' id='word_1_510' title='bbox 1204 4077 1288 4132; x_wconf 88' lang='lat' dir='ltr'><strong>vel</strong></span> <span class='ocrx_word' id='word_1_511' title='bbox 1318 4078 1594 4150; x_wconf 87' lang='lat' dir='ltr'><strong>religionis</strong></span> <span class='ocrx_word' id='word_1_512' title='bbox 1625 4079 1857 4134; x_wconf 87' lang='lat' dir='ltr'><strong>debitam</strong></span> <span class='ocrx_word' id='word_1_513' title='bbox 1890 4089 2092 4135; x_wconf 84' lang='lat' dir='ltr'><strong>vestem</strong></span> <span class='ocrx_word' id='word_1_514' title='bbox 2111 4121 2125 4146; x_wconf 95' lang='lat'><strong>,</strong></span> 
     </span>
    </p>
   </div>
   <div class='ocr_carea' id='block_1_73' title="bbox 557 4168 2129 4241">
    <p class='ocr_par' dir='ltr' id='par_1_73' title="bbox 557 4168 2129 4241">
     <span class='ocr_line' id='line_1_73' title="bbox 557 4168 2129 4241; baseline 0.003 -18"><span class='ocrx_word' id='word_1_515' title='bbox 557 4168 617 4223; x_wconf 82' lang='lat' dir='ltr'><strong>in</strong></span> <span class='ocrx_word' id='word_1_516' title='bbox 644 4177 874 4238; x_wconf 86' lang='lat' dir='ltr'><strong>utroque</strong></span> <span class='ocrx_word' id='word_1_517' title='bbox 903 4184 1033 4224; x_wconf 81' lang='lat' dir='ltr'><strong>sexu</strong></span> <span class='ocrx_word' id='word_1_518' title='bbox 1068 4168 1192 4223; x_wconf 77' lang='lat' dir='ltr'><strong>[iliis</strong></span> <span class='ocrx_word' id='word_1_519' title='bbox 1212 4211 1224 4231; x_wconf 92' lang='lat'><strong>,</strong></span> <span class='ocrx_word' id='word_1_520' title='bbox 1256 4179 1350 4224; x_wconf 89' lang='lat' dir='ltr'><strong>aut</strong></span> <span class='ocrx_word' id='word_1_521' title='bbox 1380 4186 1515 4224; x_wconf 87' lang='lat' dir='ltr'><strong>unus</strong></span> <span class='ocrx_word' id='word_1_522' title='bbox 1536 4213 1548 4233; x_wconf 86' lang='lat'><strong>,</strong></span> <span class='ocrx_word' id='word_1_523' title='bbox 1575 4181 1667 4225; x_wconf 87' lang='lat' dir='ltr'><strong>aut</strong></span> <span class='ocrx_word' id='word_1_524' title='bbox 1692 4171 1850 4226; x_wconf 87' lang='lat' dir='ltr'><strong>ambo</strong></span> <span class='ocrx_word' id='word_1_525' title='bbox 1878 4181 2129 4241; x_wconf 88' lang='lat' dir='ltr'><strong>parentes</strong></span> 
     </span>
    </p>
   </div>
   <div class='ocr_carea' id='block_1_74' title="bbox 560 4258 2130 4325">
    <p class='ocr_par' dir='ltr' id='par_1_74' title="bbox 560 4258 2130 4325">
     <span class='ocr_line' id='line_1_74' title="bbox 560 4258 2130 4325; baseline 0.006 -16"><span class='ocrx_word' id='word_1_526' title='bbox 560 4258 839 4324; x_wconf 87' lang='lat' dir='ltr'><strong>dederint,</strong></span> <span class='ocrx_word' id='word_1_527' title='bbox 893 4268 1042 4320; x_wconf 85' lang='lat' dir='ltr'><strong>certe</strong></span> <span class='ocrx_word' id='word_1_528' title='bbox 1097 4260 1180 4315; x_wconf 85' lang='lat' dir='ltr'><strong>vel</strong></span> <span class='ocrx_word' id='word_1_529' title='bbox 1230 4260 1569 4325; x_wconf 87' lang='lat' dir='ltr'><strong>nolentibus,</strong></span> <span class='ocrx_word' id='word_1_530' title='bbox 1623 4272 1715 4316; x_wconf 88' lang='lat' dir='ltr'><strong>aut</strong></span> <span class='ocrx_word' id='word_1_531' title='bbox 1768 4263 2130 4319; x_wconf 89' lang='lat' dir='ltr'><strong>nescientibus</strong></span> 
     </span>
    </p>
   </div>
   <div class='ocr_carea' id='block_1_75' title="bbox 558 4352 2126 4418">
    <p class='ocr_par' dir='ltr' id='par_1_75' title="bbox 558 4352 2126 4418">
     <span class='ocr_line' id='line_1_75' title="bbox 558 4352 2126 4418; baseline 0.001 -14"><span class='ocrx_word' id='word_1_532' title='bbox 558 4358 862 4418; x_wconf 85' lang='lat' dir='ltr'><strong>susceptam</strong></span> <span class='ocrx_word' id='word_1_533' title='bbox 884 4391 898 4417; x_wconf 95' lang='lat'><strong>,</strong></span> <span class='ocrx_word' id='word_1_534' title='bbox 925 4360 977 4404; x_wconf 89' lang='lat' dir='ltr'><strong>et</strong></span> <span class='ocrx_word' id='word_1_535' title='bbox 1007 4364 1111 4405; x_wconf 86' lang='lat' dir='ltr'><strong>non</strong></span> <span class='ocrx_word' id='word_1_536' title='bbox 1141 4367 1263 4405; x_wconf 79' lang='lat' dir='ltr'><strong>mox</strong></span> <span class='ocrx_word' id='word_1_537' title='bbox 1290 4353 1465 4409; x_wconf 83' lang='lat' dir='ltr'><strong>visain</strong></span> <span class='ocrx_word' id='word_1_538' title='bbox 1492 4353 1543 4406; x_wconf 89' lang='lat' dir='ltr'><strong>in</strong></span> <span class='ocrx_word' id='word_1_539' title='bbox 1577 4352 1700 4407; x_wconf 81' lang='lat' dir='ltr'><strong>ﬁliis</strong></span> <span class='ocrx_word' id='word_1_540' title='bbox 1728 4353 2126 4417; x_wconf 83' lang='lat' dir='ltr'><strong>abdicavcrint,</strong></span> 
     </span>
    </p>
   </div>
   <div class='ocr_carea' id='block_1_76' title="bbox 555 4432 2123 4512">
    <p class='ocr_par' dir='ltr' id='par_1_76' title="bbox 555 4432 2123 4512">
     <span class='ocr_line' id='line_1_76' title="bbox 555 4432 2123 4512; baseline 0.003 -20"><span class='ocrx_word' id='word_1_541' title='bbox 555 4438 641 4493; x_wconf 81' lang='lat' dir='ltr'><strong>vel</strong></span> <span class='ocrx_word' id='word_1_542' title='bbox 690 4455 873 4493; x_wconf 86' lang='lat' dir='ltr'><strong>coram</strong></span> <span class='ocrx_word' id='word_1_543' title='bbox 922 4432 1009 4504; x_wconf 87' lang='lat' dir='ltr'><strong>se,</strong></span> <span class='ocrx_word' id='word_1_544' title='bbox 1064 4441 1148 4500; x_wconf 83' lang='lat' dir='ltr'><strong>vel</strong></span> <span class='ocrx_word' id='word_1_545' title='bbox 1197 4457 1374 4496; x_wconf 89' lang='lat' dir='ltr'><strong>coram</strong></span> <span class='ocrx_word' id='word_1_546' title='bbox 1426 4442 1693 4507; x_wconf 78' lang='lat' dir='ltr'><strong>Ecclesia,</strong></span> <span class='ocrx_word' id='word_1_547' title='bbox 1742 4442 2025 4512; x_wconf 87' lang='lat' dir='ltr'><strong>palamque</strong></span> <span class='ocrx_word' id='word_1_548' title='bbox 2072 4443 2123 4496; x_wconf 91' lang='lat' dir='ltr'><strong>iu</strong></span> 
     </span>
    </p>
   </div>
   <div class='ocr_carea' id='block_1_77' title="bbox 560 4532 2123 4603">
    <p class='ocr_par' dir='ltr' id='par_1_77' title="bbox 560 4532 2123 4603">
     <span class='ocr_line' id='line_1_77' title="bbox 560 4532 2123 4603; baseline 0.001 -18"><span class='ocrx_word' id='word_1_549' title='bbox 560 4540 834 4586; x_wconf 89' lang='lat' dir='ltr'><strong>conventu</strong></span> <span class='ocrx_word' id='word_1_550' title='bbox 884 4532 1101 4587; x_wconf 88' lang='lat' dir='ltr'><strong>eosdem</strong></span> <span class='ocrx_word' id='word_1_551' title='bbox 1145 4532 1285 4586; x_wconf 78' lang='lat' dir='ltr'><strong>ﬁlios</strong></span> <span class='ocrx_word' id='word_1_552' title='bbox 1334 4534 1461 4587; x_wconf 86' lang='lat' dir='ltr'><strong>talia</strong></span> <span class='ocrx_word' id='word_1_553' title='bbox 1509 4533 1710 4587; x_wconf 88' lang='lat' dir='ltr'><strong>habere</strong></span> <span class='ocrx_word' id='word_1_554' title='bbox 1751 4534 2123 4603; x_wconf 87' lang='lat' dir='ltr'><strong>permiserint,</strong></span> 
     </span>
    </p>
   </div>
   <div class='ocr_carea' id='block_1_78' title="bbox 558 4620 2129 4692">
    <p class='ocr_par' dir='ltr' id='par_1_78' title="bbox 558 4620 2129 4692">
     <span class='ocr_line' id='line_1_78' title="bbox 558 4620 2129 4692; baseline 0 -16"><span class='ocrx_word' id='word_1_555' title='bbox 558 4620 627 4676; x_wconf 85' lang='lat' dir='ltr'><strong>ad</strong></span> <span class='ocrx_word' id='word_1_556' title='bbox 662 4620 975 4677; x_wconf 54' lang='lat' dir='ltr'><strong>saecularem</strong></span> <span class='ocrx_word' id='word_1_557' title='bbox 1016 4624 1213 4677; x_wconf 88' lang='lat' dir='ltr'><strong>reverti</strong></span> <span class='ocrx_word' id='word_1_558' title='bbox 1252 4622 1491 4677; x_wconf 87' lang='lat' dir='ltr'><strong>habitum</strong></span> <span class='ocrx_word' id='word_1_559' title='bbox 1531 4624 1661 4692; x_wconf 86' lang='lat' dir='ltr'><strong>ipsis</strong></span> <span class='ocrx_word' id='word_1_560' title='bbox 1693 4623 1925 4692; x_wconf 81' lang='lat' dir='ltr'><strong>filiisque</strong></span> <span class='ocrx_word' id='word_1_561' title='bbox 1955 4638 2129 4692; x_wconf 91' lang='lat' dir='ltr'><strong>quan-</strong></span> 
     </span>
    </p>
   </div>
   <div class='ocr_carea' id='block_1_79' title="bbox 558 4711 2128 4783">
    <p class='ocr_par' dir='ltr' id='par_1_79' title="bbox 558 4711 2128 4783">
     <span class='ocr_line' id='line_1_79' title="bbox 558 4711 2128 4783; baseline -0.001 -16"><span class='ocrx_word' id='word_1_562' title='bbox 558 4713 734 4782; x_wconf 91' lang='lat' dir='ltr'><strong>doque</strong></span> <span class='ocrx_word' id='word_1_563' title='bbox 762 4711 974 4781; x_wconf 83' lang='lat' dir='ltr'><strong>penitus</strong></span> <span class='ocrx_word' id='word_1_564' title='bbox 1004 4727 1108 4767; x_wconf 89' lang='lat' dir='ltr'><strong>non</strong></span> <span class='ocrx_word' id='word_1_565' title='bbox 1142 4712 1339 4767; x_wconf 87' lang='lat' dir='ltr'><strong>licebit.</strong></span> <span class='ocrx_word' id='word_1_566' title='bbox 1382 4711 1485 4767; x_wconf 88' lang='lat' dir='ltr'><strong>Sed</strong></span> <span class='ocrx_word' id='word_1_567' title='bbox 1523 4713 1789 4778; x_wconf 86' lang='lat' dir='ltr'><strong>convicti,</strong></span> <span class='ocrx_word' id='word_1_568' title='bbox 1827 4714 1966 4783; x_wconf 88' lang='lat' dir='ltr'><strong>quod</strong></span> <span class='ocrx_word' id='word_1_569' title='bbox 2009 4722 2128 4766; x_wconf 90' lang='lat' dir='ltr'><strong>ton-</strong></span> 
     </span>
    </p>
   </div>
   <div class='ocr_carea' id='block_1_80' title="bbox 557 4802 2130 4873">
    <p class='ocr_par' dir='ltr' id='par_1_80' title="bbox 557 4802 2130 4873">
     <span class='ocr_line' id='line_1_80' title="bbox 557 4802 2130 4873; baseline -0.002 -15"><span class='ocrx_word' id='word_1_570' title='bbox 557 4819 763 4870; x_wconf 88' lang='lat' dir='ltr'><strong>suram,</strong></span> <span class='ocrx_word' id='word_1_571' title='bbox 798 4811 891 4859; x_wconf 90' lang='lat' dir='ltr'><strong>ant</strong></span> <span class='ocrx_word' id='word_1_572' title='bbox 936 4802 1240 4872; x_wconf 84' lang='lat' dir='ltr'><strong>religiosam</strong></span> <span class='ocrx_word' id='word_1_573' title='bbox 1268 4811 1471 4859; x_wconf 84' lang='lat' dir='ltr'><strong>vestem</strong></span> <span class='ocrx_word' id='word_1_574' title='bbox 1501 4803 1787 4873; x_wconf 75' lang='lat' dir='ltr'><strong>aliquando</strong></span> <span class='ocrx_word' id='word_1_575' title='bbox 1814 4804 2130 4866; x_wconf 85' lang='lat' dir='ltr'><strong>habuerint,</strong></span> 
     </span>
    </p>
   </div>
   <div class='ocr_carea' id='block_1_81' title="bbox 556 4895 2127 4966">
    <p class='ocr_par' dir='ltr' id='par_1_81' title="bbox 556 4895 2127 4966">
     <span class='ocr_line' id='line_1_81' title="bbox 556 4895 2127 4966; baseline -0.001 -18"><span class='ocrx_word' id='word_1_576' title='bbox 556 4910 683 4948; x_wconf 82' lang='lat' dir='ltr'><strong>mox</strong></span> <span class='ocrx_word' id='word_1_577' title='bbox 722 4896 789 4948; x_wconf 90' lang='lat' dir='ltr'><strong>ad</strong></span> <span class='ocrx_word' id='word_1_578' title='bbox 830 4895 1103 4966; x_wconf 86' lang='lat' dir='ltr'><strong>religionis</strong></span> <span class='ocrx_word' id='word_1_579' title='bbox 1155 4896 1356 4951; x_wconf 89' lang='lat' dir='ltr'><strong>cultum</strong></span> <span class='ocrx_word' id='word_1_580' title='bbox 1398 4896 1744 4965; x_wconf 82' lang='lat' dir='ltr'><strong>habitumque</strong></span> <span class='ocrx_word' id='word_1_581' title='bbox 1783 4904 2127 4959; x_wconf 87' lang='lat' dir='ltr'><strong>revocentur,</strong></span> 
     </span>
    </p>
   </div>
   <div class='ocr_carea' id='block_1_82' title="bbox 560 4985 2126 5055">
    <p class='ocr_par' dir='ltr' id='par_1_82' title="bbox 560 4985 2126 5055">
     <span class='ocr_line' id='line_1_82' title="bbox 560 4985 2126 5055; baseline 0.001 -17"><span class='ocrx_word' id='word_1_582' title='bbox 560 4994 617 5046; x_wconf 80' lang='lat' dir='ltr'><strong>et</strong></span> <span class='ocrx_word' id='word_1_583' title='bbox 645 4987 745 5041; x_wconf 90' lang='lat' dir='ltr'><strong>sub</strong></span> <span class='ocrx_word' id='word_1_584' title='bbox 774 4996 990 5042; x_wconf 88' lang='lat' dir='ltr'><strong>strenua</strong></span> <span class='ocrx_word' id='word_1_585' title='bbox 1021 4987 1346 5042; x_wconf 89' lang='lat' dir='ltr'><strong>discretione</strong></span> <span class='ocrx_word' id='word_1_586' title='bbox 1376 4986 1738 5055; x_wconf 84' lang='lat' dir='ltr'><strong>hujuscemodi</strong></span> <span class='ocrx_word' id='word_1_587' title='bbox 1771 4985 2126 5047; x_wconf 66' lang='lat' dir='ltr'><strong>observantiae</strong></span> 
     </span>
    </p>
   </div>
   <div class='ocr_carea' id='block_1_83' title="bbox 565 5074 2126 5150">
    <p class='ocr_par' dir='ltr' id='par_1_83' title="bbox 565 5074 2126 5150">
     <span class='ocr_line' id='line_1_83' title="bbox 565 5074 2126 5150; baseline 0.001 -21"><span class='ocrx_word' id='word_1_588' title='bbox 565 5074 835 5139; x_wconf 81' lang='lat' dir='ltr'><strong>inservire</strong></span> <span class='ocrx_word' id='word_1_589' title='bbox 863 5088 1145 5149; x_wconf 77' lang='lat' dir='ltr'><strong>cogantur.</strong></span> <span class='ocrx_word' id='word_1_590' title='bbox 1180 5099 1197 5132; x_wconf 78' lang='grc' dir='ltr'><strong><em>ι</em></strong></span> <span class='ocrx_word' id='word_1_591' title='bbox 1230 5080 1248 5150; x_wconf 96' lang='grc'>(</span> <span class='ocrx_word' id='word_1_592' title='bbox 1281 5076 1408 5133; x_wconf 82' lang='lat' dir='ltr'><strong>Vide</strong></span> <span class='ocrx_word' id='word_1_593' title='bbox 1436 5079 1631 5134; x_wconf 78' lang='lat' dir='ltr'><strong>scholia</strong></span> <span class='ocrx_word' id='word_1_594' title='bbox 1671 5080 1739 5132; x_wconf 85' lang='lat' dir='ltr'><strong>ad</strong></span> <span class='ocrx_word' id='word_1_595' title='bbox 1773 5077 1967 5132; x_wconf 83' lang='lat' dir='ltr'><strong>calcem</strong></span> <span class='ocrx_word' id='word_1_596' title='bbox 1998 5092 2126 5146; x_wconf 84' lang='lat' dir='ltr'><strong>apu-</strong></span> 
     </span>
    </p>
   </div>
   <div class='ocr_carea' id='block_1_84' title="bbox 558 5164 755 5235">
    <p class='ocr_par' dir='ltr' id='par_1_84' title="bbox 558 5164 755 5235">
     <span class='ocr_line' id='line_1_84' title="bbox 558 5164 755 5235; baseline 0.005 -18"><span class='ocrx_word' id='word_1_597' title='bbox 558 5164 711 5226; x_wconf 64' lang='lat' dir='ltr'><strong>sculi.</strong></span> <span class='ocrx_word' id='word_1_598' title='bbox 734 5165 755 5235; x_wconf 93' lang='lat'><strong>)</strong></span> 
     </span>
    </p>
   </div>
   <div class='ocr_carea' id='block_1_85' title="bbox 632 5250 2126 5323">
    <p class='ocr_par' dir='ltr' id='par_1_85' title="bbox 632 5250 2126 5323">
     <span class='ocr_line' id='line_1_85' title="bbox 632 5250 2126 5323; baseline 0.001 -18"><span class='ocrx_word' id='word_1_599' title='bbox 632 5251 691 5305; x_wconf 89' lang='lat' dir='ltr'><strong>Si</strong></span> <span class='ocrx_word' id='word_1_600' title='bbox 726 5250 902 5321; x_wconf 88' lang='lat' dir='ltr'><strong>placet</strong></span> <span class='ocrx_word' id='word_1_601' title='bbox 942 5253 1104 5309; x_wconf 89' lang='lat' dir='ltr'><strong>etiam</strong></span> <span class='ocrx_word' id='word_1_602' title='bbox 1143 5256 1474 5312; x_wconf 88' lang='lat' dir='ltr'><strong>Triburense</strong></span> <span class='ocrx_word' id='word_1_603' title='bbox 1520 5255 1844 5319; x_wconf 90' lang='lat' dir='ltr'><strong>concilium,</strong></span> <span class='ocrx_word' id='word_1_604' title='bbox 1884 5253 2012 5323; x_wconf 87' lang='lat' dir='ltr'><strong>quid</strong></span> <span class='ocrx_word' id='word_1_605' title='bbox 2061 5253 2126 5308; x_wconf 87' lang='lat' dir='ltr'><strong>de</strong></span> 
     </span>
    </p>
   </div>
   <div class='ocr_carea' id='block_1_86' title="bbox 2226 3248 3794 3323">
    <p class='ocr_par' dir='ltr' id='par_1_86' title="bbox 2226 3248 3794 3323">
     <span class='ocr_line' id='line_1_86' title="bbox 2226 3248 3794 3323; baseline -0.004 -16"><span class='ocrx_word' id='word_1_606' title='bbox 2226 3253 2574 3323; x_wconf 86' lang='lat' dir='ltr'><strong>persuasione</strong></span> <span class='ocrx_word' id='word_1_607' title='bbox 2613 3253 2912 3321; x_wconf 85' lang='lat' dir='ltr'><strong>decipiant,</strong></span> <span class='ocrx_word' id='word_1_608' title='bbox 2945 3260 3003 3304; x_wconf 91' lang='lat' dir='ltr'><strong>ut</strong></span> <span class='ocrx_word' id='word_1_609' title='bbox 3031 3266 3126 3305; x_wconf 92' lang='lat' dir='ltr'><strong>eos</strong></span> <span class='ocrx_word' id='word_1_610' title='bbox 3154 3251 3307 3304; x_wconf 89' lang='lat' dir='ltr'><strong>vanis</strong></span> <span class='ocrx_word' id='word_1_611' title='bbox 3342 3248 3794 3319; x_wconf 89' lang='lat' dir='ltr'><strong>promissionibus</strong></span> 
     </span>
    </p>
   </div>
   <div class='ocr_carea' id='block_1_87' title="bbox 2226 3335 3807 3407">
    <p class='ocr_par' dir='ltr' id='par_1_87' title="bbox 2226 3335 3807 3407">
     <span class='ocr_line' id='line_1_87' title="bbox 2226 3335 3807 3407; baseline -0.003 -10"><span class='ocrx_word' id='word_1_612' title='bbox 2226 3343 2438 3398; x_wconf 85' lang='lat' dir='ltr'><strong>illectos</strong></span> <span class='ocrx_word' id='word_1_613' title='bbox 2457 3383 2471 3405; x_wconf 90' lang='lat'><strong>,</strong></span> <span class='ocrx_word' id='word_1_614' title='bbox 2497 3343 2563 3396; x_wconf 90' lang='lat' dir='ltr'><strong>ad</strong></span> <span class='ocrx_word' id='word_1_615' title='bbox 2590 3342 2976 3396; x_wconf 90' lang='lat' dir='ltr'><strong>monasterium</strong></span> <span class='ocrx_word' id='word_1_616' title='bbox 3011 3341 3228 3394; x_wconf 87' lang='lat' dir='ltr'><strong>trahant</strong></span> <span class='ocrx_word' id='word_1_617' title='bbox 3254 3356 3268 3403; x_wconf 93' lang='lat'><strong>;</strong></span> <span class='ocrx_word' id='word_1_618' title='bbox 3300 3340 3474 3394; x_wconf 86' lang='lat' dir='ltr'><strong>eritne</strong></span> <span class='ocrx_word' id='word_1_619' title='bbox 3500 3335 3807 3407; x_wconf 78' lang='lat' dir='ltr'><strong>huiusmodi</strong></span> 
     </span>
    </p>
   </div>
   <div class='ocr_carea' id='block_1_88' title="bbox 2204 3428 3806 3502">
    <p class='ocr_par' dir='ltr' id='par_1_88' title="bbox 2204 3428 3806 3502">
     <span class='ocr_line' id='line_1_88' title="bbox 2204 3428 3806 3502; baseline -0.004 -12"><span class='ocrx_word' id='word_1_620' title='bbox 2204 3442 2379 3490; x_wconf 76' lang='lat' dir='ltr'><strong>recta</strong></span> <span class='ocrx_word' id='word_1_621' title='bbox 2410 3434 2729 3497; x_wconf 83' lang='lat' dir='ltr'><strong>conversio,</strong></span> <span class='ocrx_word' id='word_1_622' title='bbox 2766 3447 2926 3502; x_wconf 88' lang='lat' dir='ltr'><strong>quam</strong></span> <span class='ocrx_word' id='word_1_623' title='bbox 2960 3447 3063 3486; x_wconf 90' lang='lat' dir='ltr'><strong>non</strong></span> <span class='ocrx_word' id='word_1_624' title='bbox 3100 3432 3151 3485; x_wconf 89' lang='lat' dir='ltr'><strong>in</strong></span> <span class='ocrx_word' id='word_1_625' title='bbox 3188 3444 3591 3501; x_wconf 87' lang='lat' dir='ltr'><strong>possessorem,</strong></span> <span class='ocrx_word' id='word_1_626' title='bbox 3622 3429 3715 3485; x_wconf 88' lang='lat' dir='ltr'><strong>sed</strong></span> <span class='ocrx_word' id='word_1_627' title='bbox 3749 3428 3806 3484; x_wconf 87' lang='lat' dir='ltr'><strong>in</strong></span> 
     </span>
    </p>
   </div>
   <div class='ocr_carea' id='block_1_89' title="bbox 2230 3519 3807 3596">
    <p class='ocr_par' dir='ltr' id='par_1_89' title="bbox 2230 3519 3807 3596">
     <span class='ocr_line' id='line_1_89' title="bbox 2230 3519 3807 3596; baseline -0.005 -17"><span class='ocrx_word' id='word_1_628' title='bbox 2230 3525 2572 3596; x_wconf 87' lang='lat' dir='ltr'><strong>possessione</strong></span> <span class='ocrx_word' id='word_1_629' title='bbox 2608 3523 2888 3593; x_wconf 65' lang='lat' dir='ltr'><strong>praeessit</strong></span> <span class='ocrx_word' id='word_1_630' title='bbox 2925 3520 3252 3575; x_wconf 81' lang='lat' dir='ltr'><strong>inﬂammata</strong></span> <span class='ocrx_word' id='word_1_631' title='bbox 3288 3519 3529 3589; x_wconf 84' lang='lat' dir='ltr'><strong>cupido?</strong></span> <span class='ocrx_word' id='word_1_632' title='bbox 3562 3520 3641 3574; x_wconf 76' lang='lat' dir='ltr'><strong>Ad</strong></span> <span class='ocrx_word' id='word_1_633' title='bbox 3693 3520 3807 3572; x_wconf 54' lang='lat' dir='ltr'><strong>hate</strong></span> 
     </span>
    </p>
   </div>
   <div class='ocr_carea' id='block_1_90' title="bbox 2226 3609 3879 3684">
    <p class='ocr_par' dir='ltr' id='par_1_90' title="bbox 2226 3609 3879 3684">
     <span class='ocr_line' id='line_1_90' title="bbox 2226 3609 3879 3684; baseline -0.007 -14"><span class='ocrx_word' id='word_1_634' title='bbox 2226 3630 2326 3684; x_wconf 85' lang='lat' dir='ltr'><strong>ego</strong></span> <span class='ocrx_word' id='word_1_635' title='bbox 2353 3615 2470 3669; x_wconf 91' lang='lat' dir='ltr'><strong>sine</strong></span> <span class='ocrx_word' id='word_1_636' title='bbox 2498 3612 2844 3669; x_wconf 86' lang='lat' dir='ltr'><strong>cunctatione</strong></span> <span class='ocrx_word' id='word_1_637' title='bbox 2874 3610 3204 3682; x_wconf 87' lang='lat' dir='ltr'><strong>respondeo,</strong></span> <span class='ocrx_word' id='word_1_638' title='bbox 3240 3619 3293 3664; x_wconf 91' lang='lat' dir='ltr'><strong>et</strong></span> <span class='ocrx_word' id='word_1_639' title='bbox 3324 3609 3442 3663; x_wconf 88' lang='lat' dir='ltr'><strong>istis</strong></span> <span class='ocrx_word' id='word_1_640' title='bbox 3472 3609 3635 3662; x_wconf 84' lang='lat' dir='ltr'><strong>etiam</strong></span> <span class='ocrx_word' id='word_1_641' title='bbox 3675 3615 3735 3660; x_wconf 93' lang='lat' dir='ltr'><strong>ut</strong></span> <span class='ocrx_word' id='word_1_642' title='bbox 3774 3619 3805 3658; x_wconf 87' lang='lat' dir='ltr'><strong>a</strong></span> <span class='ocrx_word' id='word_1_643' title='bbox 3878 3632 3879 3635; x_wconf 57' lang='grc' dir='ltr'><strong>η</strong></span> 
     </span>
    </p>
   </div>
   <div class='ocr_carea' id='block_1_91' title="bbox 2225 3699 3804 3780">
    <p class='ocr_par' dir='ltr' id='par_1_91' title="bbox 2225 3699 3804 3780">
     <span class='ocr_line' id='line_1_91' title="bbox 2225 3699 3804 3780; baseline -0.009 -17"><span class='ocrx_word' id='word_1_644' title='bbox 2225 3708 2502 3780; x_wconf 85' lang='lat' dir='ltr'><strong>proposito</strong></span> <span class='ocrx_word' id='word_1_645' title='bbox 2554 3705 2695 3776; x_wconf 91' lang='lat' dir='ltr'><strong>quod</strong></span> <span class='ocrx_word' id='word_1_646' title='bbox 2727 3712 3008 3774; x_wconf 79' lang='lat' dir='ltr'><strong>coeperunt</strong></span> <span class='ocrx_word' id='word_1_647' title='bbox 3065 3702 3283 3757; x_wconf 87' lang='lat' dir='ltr'><strong>deviare</strong></span> <span class='ocrx_word' id='word_1_648' title='bbox 3314 3716 3418 3754; x_wconf 90' lang='lat' dir='ltr'><strong>non</strong></span> <span class='ocrx_word' id='word_1_649' title='bbox 3452 3699 3637 3761; x_wconf 87' lang='lat' dir='ltr'><strong>liccat,</strong></span> <span class='ocrx_word' id='word_1_650' title='bbox 3670 3710 3804 3751; x_wconf 70' lang='lat' dir='ltr'><strong>conv</strong></span> 
     </span>
    </p>
   </div>
   <div class='ocr_carea' id='block_1_92' title="bbox 2227 3787 3808 3865">
    <p class='ocr_par' dir='ltr' id='par_1_92' title="bbox 2227 3787 3808 3865">
     <span class='ocr_line' id='line_1_92' title="bbox 2227 3787 3808 3865; baseline -0.008 -10"><span class='ocrx_word' id='word_1_651' title='bbox 2227 3810 2440 3856; x_wconf 85' lang='lat' dir='ltr'><strong>stanter</strong></span> <span class='ocrx_word' id='word_1_652' title='bbox 2477 3796 2684 3852; x_wconf 66' lang='grc' dir='ltr'><strong>τισὶτιηο</strong></span> <span class='ocrx_word' id='word_1_653' title='bbox 2715 3815 2728 3851; x_wconf 91' lang='lat'><strong>:</strong></span> <span class='ocrx_word' id='word_1_654' title='bbox 2769 3805 2823 3850; x_wconf 90' lang='lat' dir='ltr'><strong>et</strong></span> <span class='ocrx_word' id='word_1_655' title='bbox 2857 3804 2914 3850; x_wconf 87' lang='lat' dir='ltr'><strong>ut</strong></span> <span class='ocrx_word' id='word_1_656' title='bbox 2965 3790 3524 3865; x_wconf 84' lang='lat' dir='ltr'><strong>argumentationibus</strong></span> <span class='ocrx_word' id='word_1_657' title='bbox 3569 3787 3808 3857; x_wconf 87' lang='lat' dir='ltr'><strong>propriis</strong></span> 
     </span>
    </p>
   </div>
   <div class='ocr_carea' id='block_1_93' title="bbox 2229 3875 3806 3958">
    <p class='ocr_par' dir='ltr' id='par_1_93' title="bbox 2229 3875 3806 3958">
     <span class='ocr_line' id='line_1_93' title="bbox 2229 3875 3806 3958; baseline -0.009 -14"><span class='ocrx_word' id='word_1_658' title='bbox 2229 3891 2367 3944; x_wconf 88' lang='lat' dir='ltr'><strong>ratio</strong></span> <span class='ocrx_word' id='word_1_659' title='bbox 2398 3905 2502 3943; x_wconf 91' lang='lat' dir='ltr'><strong>non</strong></span> <span class='ocrx_word' id='word_1_660' title='bbox 2535 3888 2808 3958; x_wconf 83' lang='lat' dir='ltr'><strong>indigeat,</strong></span> <span class='ocrx_word' id='word_1_661' title='bbox 2843 3901 3030 3941; x_wconf 87' lang='lat' dir='ltr'><strong>rursus</strong></span> <span class='ocrx_word' id='word_1_662' title='bbox 3068 3884 3133 3938; x_wconf 88' lang='lat' dir='ltr'><strong>ad</strong></span> <span class='ocrx_word' id='word_1_663' title='bbox 3173 3879 3579 3950; x_wconf 85' lang='lat' dir='ltr'><strong>Maguntinense</strong></span> <span class='ocrx_word' id='word_1_664' title='bbox 3608 3875 3806 3931; x_wconf 82' lang='lat' dir='ltr'><strong>conci-</strong></span> 
     </span>
    </p>
   </div>
   <div class='ocr_carea' id='block_1_94' title="bbox 2230 3965 3803 4042">
    <p class='ocr_par' dir='ltr' id='par_1_94' title="bbox 2230 3965 3803 4042">
     <span class='ocr_line' id='line_1_94' title="bbox 2230 3965 3803 4042; baseline -0.01 -8"><span class='ocrx_word' id='word_1_665' title='bbox 2230 3982 2358 4035; x_wconf 90' lang='lat' dir='ltr'><strong>lium</strong></span> <span class='ocrx_word' id='word_1_666' title='bbox 2387 3994 2568 4034; x_wconf 87' lang='lat' dir='ltr'><strong>sermo</strong></span> <span class='ocrx_word' id='word_1_667' title='bbox 2595 3987 2839 4032; x_wconf 89' lang='lat' dir='ltr'><strong>recurrat</strong></span> <span class='ocrx_word' id='word_1_668' title='bbox 2867 3991 2883 4029; x_wconf 89' lang='lat'><strong>:</strong></span> <span class='ocrx_word' id='word_1_669' title='bbox 2913 3976 3043 4031; x_wconf 90' lang='lat' dir='ltr'><strong>dicit</strong></span> <span class='ocrx_word' id='word_1_670' title='bbox 3071 3974 3216 4028; x_wconf 90' lang='lat' dir='ltr'><strong>enim</strong></span> <span class='ocrx_word' id='word_1_671' title='bbox 3245 3979 3365 4042; x_wconf 89' lang='lat' dir='ltr'><strong>post</strong></span> <span class='ocrx_word' id='word_1_672' title='bbox 3395 3969 3561 4023; x_wconf 87' lang='lat' dir='ltr'><strong>multa</strong></span> <span class='ocrx_word' id='word_1_673' title='bbox 3588 3985 3642 4021; x_wconf 73' lang='grc' dir='ltr'><strong>ει</strong></span> <span class='ocrx_word' id='word_1_674' title='bbox 3662 3965 3803 4022; x_wconf 84' lang='lat' dir='ltr'><strong>Con-</strong></span> 
     </span>
    </p>
   </div>
   <div class='ocr_carea' id='block_1_95' title="bbox 2229 4059 3797 4133">
    <p class='ocr_par' dir='ltr' id='par_1_95' title="bbox 2229 4059 3797 4133">
     <span class='ocr_line' id='line_1_95' title="bbox 2229 4059 3797 4133; baseline -0.009 -8"><span class='ocrx_word' id='word_1_675' title='bbox 2229 4071 2403 4126; x_wconf 90' lang='lat' dir='ltr'><strong>stituit</strong></span> <span class='ocrx_word' id='word_1_676' title='bbox 2427 4084 2557 4124; x_wconf 91' lang='lat' dir='ltr'><strong>saue</strong></span> <span class='ocrx_word' id='word_1_677' title='bbox 2586 4083 2740 4124; x_wconf 88' lang='lat' dir='ltr'><strong>sacer</strong></span> <span class='ocrx_word' id='word_1_678' title='bbox 2765 4069 2865 4123; x_wconf 87' lang='lat' dir='ltr'><strong>iste</strong></span> <span class='ocrx_word' id='word_1_679' title='bbox 2890 4074 3186 4121; x_wconf 89' lang='lat' dir='ltr'><strong>conventus</strong></span> <span class='ocrx_word' id='word_1_680' title='bbox 3206 4104 3220 4128; x_wconf 92' lang='lat'><strong>,</strong></span> <span class='ocrx_word' id='word_1_681' title='bbox 3249 4062 3409 4133; x_wconf 77' lang='lat'><strong>367</strong></span> <span class='ocrx_word' id='word_1_682' title='bbox 3442 4068 3500 4113; x_wconf 92' lang='lat' dir='ltr'><strong>ut</strong></span> <span class='ocrx_word' id='word_1_683' title='bbox 3526 4059 3764 4129; x_wconf 84' lang='lat' dir='ltr'><strong>episcopi</strong></span> <span class='ocrx_word' id='word_1_684' title='bbox 3782 4098 3797 4122; x_wconf 90' lang='lat'><strong>,</strong></span> 
     </span>
    </p>
   </div>
   <div class='ocr_carea' id='block_1_96' title="bbox 2227 4148 3792 4231">
    <p class='ocr_par' dir='ltr' id='par_1_96' title="bbox 2227 4148 3792 4231">
     <span class='ocr_line' id='line_1_96' title="bbox 2227 4148 3792 4231; baseline -0.012 -10"><span class='ocrx_word' id='word_1_685' title='bbox 2227 4165 2339 4221; x_wconf 83' lang='lat' dir='ltr'><strong>sive</strong></span> <span class='ocrx_word' id='word_1_686' title='bbox 2364 4164 2618 4230; x_wconf 88' lang='lat' dir='ltr'><strong>ahbates,</strong></span> <span class='ocrx_word' id='word_1_687' title='bbox 2648 4161 2736 4231; x_wconf 91' lang='lat' dir='ltr'><strong>qui</strong></span> <span class='ocrx_word' id='word_1_688' title='bbox 2769 4175 2872 4214; x_wconf 89' lang='lat' dir='ltr'><strong>non</strong></span> <span class='ocrx_word' id='word_1_689' title='bbox 2899 4170 2956 4212; x_wconf 91' lang='lat' dir='ltr'><strong>ut</strong></span> <span class='ocrx_word' id='word_1_690' title='bbox 2986 4158 3039 4211; x_wconf 91' lang='lat' dir='ltr'><strong>in</strong></span> <span class='ocrx_word' id='word_1_691' title='bbox 3069 4154 3299 4209; x_wconf 83' lang='lat' dir='ltr'><strong>fructum</strong></span> <span class='ocrx_word' id='word_1_692' title='bbox 3327 4152 3629 4206; x_wconf 87' lang='lat' dir='ltr'><strong>animarum</strong></span> <span class='ocrx_word' id='word_1_693' title='bbox 3651 4191 3664 4215; x_wconf 94' lang='lat'><strong>,</strong></span> <span class='ocrx_word' id='word_1_694' title='bbox 3698 4148 3792 4203; x_wconf 89' lang='lat' dir='ltr'><strong>sed</strong></span> 
     </span>
    </p>
   </div>
   <div class='ocr_carea' id='block_1_97' title="bbox 2231 4238 3800 4320">
    <p class='ocr_par' dir='ltr' id='par_1_97' title="bbox 2231 4238 3800 4320">
     <span class='ocr_line' id='line_1_97' title="bbox 2231 4238 3800 4320; baseline -0.015 -6"><span class='ocrx_word' id='word_1_695' title='bbox 2231 4260 2285 4314; x_wconf 90' lang='lat' dir='ltr'><strong>in</strong></span> <span class='ocrx_word' id='word_1_696' title='bbox 2325 4257 2645 4318; x_wconf 89' lang='lat' dir='ltr'><strong>avaritiam,</strong></span> <span class='ocrx_word' id='word_1_697' title='bbox 2678 4261 2731 4307; x_wconf 90' lang='lat' dir='ltr'><strong>et</strong></span> <span class='ocrx_word' id='word_1_698' title='bbox 2763 4259 2918 4320; x_wconf 84' lang='lat' dir='ltr'><strong>turpe</strong></span> <span class='ocrx_word' id='word_1_699' title='bbox 2948 4248 3160 4302; x_wconf 88' lang='lat' dir='ltr'><strong>lucrum</strong></span> <span class='ocrx_word' id='word_1_700' title='bbox 3200 4244 3467 4298; x_wconf 88' lang='lat' dir='ltr'><strong>inhiantes</strong></span> <span class='ocrx_word' id='word_1_701' title='bbox 3488 4282 3501 4304; x_wconf 92' lang='lat'><strong>,</strong></span> <span class='ocrx_word' id='word_1_702' title='bbox 3534 4238 3800 4309; x_wconf 87' lang='lat' dir='ltr'><strong>quoslibet</strong></span> 
     </span>
    </p>
   </div>
   <div class='ocr_carea' id='block_1_98' title="bbox 2228 4331 3801 4406">
    <p class='ocr_par' dir='ltr' id='par_1_98' title="bbox 2228 4331 3801 4406">
     <span class='ocr_line' id='line_1_98' title="bbox 2228 4331 3801 4406; baseline -0.015 -1"><span class='ocrx_word' id='word_1_703' title='bbox 2228 4350 2476 4406; x_wconf 86' lang='lat' dir='ltr'><strong>homines</strong></span> <span class='ocrx_word' id='word_1_704' title='bbox 2502 4346 2710 4400; x_wconf 91' lang='lat' dir='ltr'><strong>illectos</strong></span> <span class='ocrx_word' id='word_1_705' title='bbox 2733 4335 3207 4396; x_wconf 88' lang='lat' dir='ltr'><strong>circumveniendo</strong></span> <span class='ocrx_word' id='word_1_706' title='bbox 3233 4331 3582 4387; x_wconf 87' lang='lat' dir='ltr'><strong>totouderuut</strong></span> <span class='ocrx_word' id='word_1_707' title='bbox 3601 4371 3614 4392; x_wconf 93' lang='lat'><strong>,</strong></span> <span class='ocrx_word' id='word_1_708' title='bbox 3637 4337 3692 4383; x_wconf 90' lang='lat' dir='ltr'><strong>et</strong></span> <span class='ocrx_word' id='word_1_709' title='bbox 3717 4342 3801 4381; x_wconf 82' lang='lat' dir='ltr'><strong>res</strong></span> 
     </span>
    </p>
   </div>
   <div class='ocr_carea' id='block_1_99' title="bbox 2230 4418 3798 4506">
    <p class='ocr_par' dir='ltr' id='par_1_99' title="bbox 2230 4418 3798 4506">
     <span class='ocr_line' id='line_1_99' title="bbox 2230 4418 3798 4506; baseline -0.015 -11"><span class='ocrx_word' id='word_1_710' title='bbox 2230 4456 2416 4497; x_wconf 87' lang='lat' dir='ltr'><strong>eorum</strong></span> <span class='ocrx_word' id='word_1_711' title='bbox 2457 4437 2553 4492; x_wconf 89' lang='lat' dir='ltr'><strong>tali</strong></span> <span class='ocrx_word' id='word_1_712' title='bbox 2595 4432 2945 4506; x_wconf 89' lang='lat' dir='ltr'><strong>persuasione</strong></span> <span class='ocrx_word' id='word_1_713' title='bbox 2974 4443 3080 4483; x_wconf 91' lang='lat' dir='ltr'><strong>non</strong></span> <span class='ocrx_word' id='word_1_714' title='bbox 3113 4426 3286 4482; x_wconf 89' lang='lat' dir='ltr'><strong>solum</strong></span> <span class='ocrx_word' id='word_1_715' title='bbox 3315 4429 3673 4492; x_wconf 86' lang='lat' dir='ltr'><strong>acceperunt,</strong></span> <span class='ocrx_word' id='word_1_716' title='bbox 3706 4418 3798 4473; x_wconf 87' lang='lat' dir='ltr'><strong>sed</strong></span> 
     </span>
    </p>
   </div>
   <div class='ocr_carea' id='block_1_100' title="bbox 2231 4513 3800 4602">
    <p class='ocr_par' dir='ltr' id='par_1_100' title="bbox 2231 4513 3800 4602">
     <span class='ocr_line' id='line_1_100' title="bbox 2231 4513 3800 4602; baseline -0.017 -15"><span class='ocrx_word' id='word_1_717' title='bbox 2231 4532 2406 4602; x_wconf 86' lang='lat' dir='ltr'><strong>potius</strong></span> <span class='ocrx_word' id='word_1_718' title='bbox 2435 4528 2839 4596; x_wconf 86' lang='lat' dir='ltr'><strong>surripuerunt,</strong></span> <span class='ocrx_word' id='word_1_719' title='bbox 2872 4518 3203 4591; x_wconf 64' lang='lat' dir='ltr'><strong>poenitentiae</strong></span> <span class='ocrx_word' id='word_1_720' title='bbox 3230 4514 3502 4571; x_wconf 70' lang='lat' dir='ltr'><strong>canonictc</strong></span> <span class='ocrx_word' id='word_1_721' title='bbox 3521 4552 3535 4575; x_wconf 94' lang='lat'><strong>,</strong></span> <span class='ocrx_word' id='word_1_722' title='bbox 3565 4513 3680 4602; x_wconf 80' lang='lat' dir='ltr'><strong>sive</strong></span> <span class='ocrx_word' id='word_1_723' title='bbox 3711 4523 3800 4563; x_wconf 84' lang='lat' dir='ltr'><strong>re-</strong></span> 
     </span>
    </p>
   </div>
   <div class='ocr_carea' id='block_1_101' title="bbox 2229 4599 3797 4693">
    <p class='ocr_par' dir='ltr' id='par_1_101' title="bbox 2229 4599 3797 4693">
     <span class='ocr_line' id='line_1_101' title="bbox 2229 4599 3797 4693; baseline -0.016 -20"><span class='ocrx_word' id='word_1_724' title='bbox 2229 4599 2438 4693; x_wconf 77' lang='lat' dir='ltr'><strong>gulari,</strong></span> <span class='ocrx_word' id='word_1_725' title='bbox 2478 4626 2535 4672; x_wconf 92' lang='lat' dir='ltr'><strong>ut</strong></span> <span class='ocrx_word' id='word_1_726' title='bbox 2569 4623 2698 4686; x_wconf 88' lang='lat' dir='ltr'><strong>puta</strong></span> <span class='ocrx_word' id='word_1_727' title='bbox 2740 4611 2912 4682; x_wconf 90' lang='lat' dir='ltr'><strong>turpis</strong></span> <span class='ocrx_word' id='word_1_728' title='bbox 2950 4608 3085 4662; x_wconf 90' lang='lat' dir='ltr'><strong>lucri</strong></span> <span class='ocrx_word' id='word_1_729' title='bbox 3125 4614 3422 4660; x_wconf 86' lang='lat' dir='ltr'><strong>sectatores</strong></span> <span class='ocrx_word' id='word_1_730' title='bbox 3461 4599 3797 4693; x_wconf 74' lang='lat' dir='ltr'><strong>subiaceant.</strong></span> 
     </span>
    </p>
   </div>
   <div class='ocr_carea' id='block_1_102' title="bbox 2230 4688 3800 4778">
    <p class='ocr_par' dir='ltr' id='par_1_102' title="bbox 2230 4688 3800 4778">
     <span class='ocr_line' id='line_1_102' title="bbox 2230 4688 3800 4778; baseline -0.016 -11"><span class='ocrx_word' id='word_1_731' title='bbox 2230 4688 2271 4767; x_wconf 77' lang='lat' dir='ltr'><strong>li</strong></span> <span class='ocrx_word' id='word_1_732' title='bbox 2311 4726 2469 4769; x_wconf 82' lang='lat' dir='ltr'><strong>vero.</strong></span> <span class='ocrx_word' id='word_1_733' title='bbox 2511 4708 2603 4778; x_wconf 87' lang='lat' dir='ltr'><strong>qui</strong></span> <span class='ocrx_word' id='word_1_734' title='bbox 2642 4706 2796 4760; x_wconf 84' lang='lat' dir='ltr'><strong>vanis</strong></span> <span class='ocrx_word' id='word_1_735' title='bbox 2835 4699 3282 4773; x_wconf 88' lang='lat' dir='ltr'><strong>promissionibus</strong></span> <span class='ocrx_word' id='word_1_736' title='bbox 3317 4694 3517 4757; x_wconf 86' lang='lat' dir='ltr'><strong>illecti,</strong></span> <span class='ocrx_word' id='word_1_737' title='bbox 3555 4690 3643 4746; x_wconf 82' lang='lat' dir='ltr'><strong>vel</strong></span> <span class='ocrx_word' id='word_1_738' title='bbox 3680 4688 3800 4759; x_wconf 85' lang='lat' dir='ltr'><strong>qui-</strong></span> 
     </span>
    </p>
   </div>
   <div class='ocr_carea' id='block_1_103' title="bbox 2232 4780 3801 4859">
    <p class='ocr_par' dir='ltr' id='par_1_103' title="bbox 2232 4780 3801 4859">
     <span class='ocr_line' id='line_1_103' title="bbox 2232 4780 3801 4859; baseline -0.015 -3"><span class='ocrx_word' id='word_1_739' title='bbox 2232 4800 2468 4856; x_wconf 87' lang='lat' dir='ltr'><strong>buslibet</strong></span> <span class='ocrx_word' id='word_1_740' title='bbox 2521 4792 3016 4851; x_wconf 83' lang='lat' dir='ltr'><strong>machinationibus</strong></span> <span class='ocrx_word' id='word_1_741' title='bbox 3063 4787 3335 4859; x_wconf 88' lang='lat' dir='ltr'><strong>persuasi,</strong></span> <span class='ocrx_word' id='word_1_742' title='bbox 3379 4780 3801 4848; x_wconf 56' lang='lat' dir='ltr'><strong>mentis‘inopcs</strong></span> 
     </span>
    </p>
   </div>
   <div class='ocr_carea' id='block_1_104' title="bbox 2232 4873 3802 4952">
    <p class='ocr_par' dir='ltr' id='par_1_104' title="bbox 2232 4873 3802 4952">
     <span class='ocr_line' id='line_1_104' title="bbox 2232 4873 3802 4952; baseline -0.013 -9"><span class='ocrx_word' id='word_1_743' title='bbox 2232 4889 2433 4952; x_wconf 74' lang='lat' dir='ltr'><strong>etl‘ecti,</strong></span> <span class='ocrx_word' id='word_1_744' title='bbox 2466 4900 2646 4941; x_wconf 88' lang='lat' dir='ltr'><strong>rerum</strong></span> <span class='ocrx_word' id='word_1_745' title='bbox 2674 4895 2895 4937; x_wconf 90' lang='lat' dir='ltr'><strong>suarum</strong></span> <span class='ocrx_word' id='word_1_746' title='bbox 2936 4879 3138 4934; x_wconf 88' lang='lat' dir='ltr'><strong>domini</strong></span> <span class='ocrx_word' id='word_1_747' title='bbox 3177 4891 3299 4932; x_wconf 88' lang='lat' dir='ltr'><strong>esse</strong></span> <span class='ocrx_word' id='word_1_748' title='bbox 3337 4873 3671 4934; x_wconf 89' lang='lat' dir='ltr'><strong>nescientes,</strong></span> <span class='ocrx_word' id='word_1_749' title='bbox 3709 4884 3802 4924; x_wconf 46' lang='lat' dir='ltr'><strong>co‘</strong></span> 
     </span>
    </p>
   </div>
   <div class='ocr_carea' id='block_1_105' title="bbox 2235 4968 3799 5047">
    <p class='ocr_par' dir='ltr' id='par_1_105' title="bbox 2235 4968 3799 5047">
     <span class='ocr_line' id='line_1_105' title="bbox 2235 4968 3799 5047; baseline -0.014 -12"><span class='ocrx_word' id='word_1_750' title='bbox 2235 4994 2379 5035; x_wconf 91' lang='lat' dir='ltr'><strong>mam</strong></span> <span class='ocrx_word' id='word_1_751' title='bbox 2421 4978 2816 5047; x_wconf 86' lang='lat' dir='ltr'><strong>deposuerunt,</strong></span> <span class='ocrx_word' id='word_1_752' title='bbox 2856 4972 2908 5026; x_wconf 89' lang='lat' dir='ltr'><strong>in</strong></span> <span class='ocrx_word' id='word_1_753' title='bbox 2947 4986 3047 5036; x_wconf 88' lang='lat' dir='ltr'><strong>eo,</strong></span> <span class='ocrx_word' id='word_1_754' title='bbox 3085 4968 3226 5038; x_wconf 86' lang='lat' dir='ltr'><strong>quod</strong></span> <span class='ocrx_word' id='word_1_755' title='bbox 3265 4969 3576 5035; x_wconf 77' lang='lat' dir='ltr'><strong>ccep‘erunt,</strong></span> <span class='ocrx_word' id='word_1_756' title='bbox 3615 4972 3799 5030; x_wconf 83' lang='lat' dir='ltr'><strong>perse-</strong></span> 
     </span>
    </p>
   </div>
   <div class='ocr_carea' id='block_1_106' title="bbox 2233 5073 2780 5137">
    <p class='ocr_par' dir='ltr' id='par_1_106' title="bbox 2233 5073 2780 5137">
     <span class='ocr_line' id='line_1_106' title="bbox 2233 5073 2780 5137; baseline -0.018 -12"><span class='ocrx_word' id='word_1_757' title='bbox 2233 5085 2357 5125; x_wconf 87' lang='lat' dir='ltr'><strong>vera</strong></span> <span class='ocrx_word' id='word_1_758' title='bbox 2365 5084 2421 5122; x_wconf 79' lang='grc' dir='ltr'><strong>ΓΟ</strong></span> <span class='ocrx_word' id='word_1_759' title='bbox 2450 5073 2727 5137; x_wconf 86' lang='lat' dir='ltr'><strong>cogantur.</strong></span> <span class='ocrx_word' id='word_1_760' title='bbox 2761 5084 2780 5115; x_wconf 69' lang='grc'><strong>1</strong></span> 
     </span>
    </p>
   </div>
   <div class='ocr_carea' id='block_1_107' title="bbox 2305 5139 3799 5225">
    <p class='ocr_par' dir='ltr' id='par_1_107' title="bbox 2305 5139 3799 5225">
     <span class='ocr_line' id='line_1_107' title="bbox 2305 5139 3799 5225; baseline -0.015 -11"><span class='ocrx_word' id='word_1_761' title='bbox 2305 5159 2411 5214; x_wconf 89' lang='lat' dir='ltr'><strong>Sed</strong></span> <span class='ocrx_word' id='word_1_762' title='bbox 2451 5155 2710 5225; x_wconf 90' lang='lat' dir='ltr'><strong>quoniam</strong></span> <span class='ocrx_word' id='word_1_763' title='bbox 2751 5153 2928 5207; x_wconf 88' lang='lat' dir='ltr'><strong>omnis</strong></span> <span class='ocrx_word' id='word_1_764' title='bbox 2962 5148 3165 5204; x_wconf 88' lang='lat' dir='ltr'><strong>versuti</strong></span> <span class='ocrx_word' id='word_1_765' title='bbox 3207 5142 3495 5215; x_wconf 82' lang='lat' dir='ltr'><strong>litigatoris</strong></span> <span class='ocrx_word' id='word_1_766' title='bbox 3545 5139 3799 5195; x_wconf 81' lang='lat' dir='ltr'><strong>machina</strong></span> 
     </span>
    </p>
   </div>
   <div class='ocr_carea' id='block_1_108' title="bbox 2234 5225 3800 5304">
    <p class='ocr_par' dir='ltr' id='par_1_108' title="bbox 2234 5225 3800 5304">
     <span class='ocr_line' id='line_1_108' title="bbox 2234 5225 3800 5304; baseline -0.015 -2"><span class='ocrx_word' id='word_1_767' title='bbox 2234 5257 2361 5302; x_wconf 88' lang='lat' dir='ltr'><strong>tunc</strong></span> <span class='ocrx_word' id='word_1_768' title='bbox 2410 5255 2599 5300; x_wconf 74' lang='lat' dir='ltr'><strong>exacte</strong></span> <span class='ocrx_word' id='word_1_769' title='bbox 2644 5240 3000 5301; x_wconf 71' lang='lat' dir='ltr'><strong>convincitur,</strong></span> <span class='ocrx_word' id='word_1_770' title='bbox 3048 5237 3093 5290; x_wconf 89' lang='lat' dir='ltr'><strong>si</strong></span> <span class='ocrx_word' id='word_1_771' title='bbox 3140 5232 3398 5304; x_wconf 80' lang='lat' dir='ltr'><strong>quidquid</strong></span> <span class='ocrx_word' id='word_1_772' title='bbox 3434 5229 3502 5284; x_wconf 83' lang='lat' dir='ltr'><strong>ab</strong></span> <span class='ocrx_word' id='word_1_773' title='bbox 3537 5244 3602 5283; x_wconf 87' lang='lat' dir='ltr'><strong>eo</strong></span> <span class='ocrx_word' id='word_1_774' title='bbox 3639 5225 3800 5292; x_wconf 75' lang='lat' dir='ltr'><strong>obji&#39;ci</strong></span> 
     </span>
    </p>
   </div>
   <div class='ocr_carea' id='block_1_109' title="bbox 3142 5316 3803 5358">
    <p class='ocr_par' dir='ltr' id='par_1_109' title="bbox 3142 5316 3803 5358">
     <span class='ocr_line' id='line_1_109' title="bbox 3142 5316 3803 5358; baseline 0 0"><span class='ocrx_word' id='word_1_775' title='bbox 3142 5321 3340 5358; x_wconf 62' lang='lat' dir='ltr'><strong>icui-hic</strong></span> <span class='ocrx_word' id='word_1_776' title='bbox 3380 5316 3803 5358; x_wconf 57' lang='lat' dir='ltr'><strong>argumentatio-</strong></span> 
     </span>
    </p>
   </div>
   <div class='ocr_carea' id='block_1_110' title="bbox 2233 5328 3184 5358">
    <p class='ocr_par' dir='ltr' id='par_1_110' title="bbox 2233 5328 3184 5358">
     <span class='ocr_line' id='line_1_110' title="bbox 2233 5328 3184 5358; baseline 0 0"><span class='ocrx_word' id='word_1_777' title='bbox 2233 5349 2389 5358; x_wconf 63' lang='grc' dir='ltr'><strong>..ΔΑ-Α</strong></span> <span class='ocrx_word' id='word_1_778' title='bbox 2423 5332 2774 5358; x_wconf 51' lang='grc' dir='ltr'><strong>ΑΑ-ἎΑ-ινιζίιιη</strong></span> <span class='ocrx_word' id='word_1_779' title='bbox 2825 5328 2963 5358; x_wconf 67' lang='grc' dir='ltr'><strong>ΙΊΔ1ΙΙ¹</strong></span> <span class='ocrx_word' id='word_1_780' title='bbox 3009 5328 3184 5358; x_wconf 58' lang='grc' dir='ltr'><strong>ηὀὶὶῗὶἓ</strong></span> 
     </span>
    </p>
   </div>
  </div>
