  <div class='ocr_page' id='page_1' title='image "/cluster/home/n/w/nwhite01/storage/ocr_20150623/145/hvd.32044015471824/194.png"; bbox 0 0 4148 5358; ppageno 0'>
   <div class='ocr_carea' id='block_1_1' title="bbox 341 179 3600 267">
    <p class='ocr_par' dir='ltr' id='par_1_1' title="bbox 341 179 3600 267">
     <span class='ocr_line' id='line_1_1' title="bbox 341 179 3600 267; baseline -0.011 0"><span class='ocrx_word' id='word_1_1' title='bbox 341 212 450 267; x_wconf 74' lang='lat'><strong>373</strong></span> <span class='ocrx_word' id='word_1_2' title='bbox 948 197 1190 258; x_wconf 87' lang='lat' dir='ltr'><strong>OPUSC.</strong></span> <span class='ocrx_word' id='word_1_3' title='bbox 1232 195 1370 251; x_wconf 73' lang='lat' dir='ltr'><strong>XVI.</strong></span> <span class='ocrx_word' id='word_1_4' title='bbox 1398 226 1466 236; x_wconf 94' lang='lat'><strong><em>—</em></strong></span> <span class='ocrx_word' id='word_1_5' title='bbox 1492 192 1771 250; x_wconf 73' lang='lat' dir='ltr'><strong>CONTRA</strong></span> <span class='ocrx_word' id='word_1_6' title='bbox 1815 187 2027 246; x_wconf 81' lang='lat' dir='ltr'><strong>EPlSC.</strong></span> <span class='ocrx_word' id='word_1_7' title='bbox 2070 184 2374 243; x_wconf 73' lang='lat' dir='ltr'><strong>MONACH.</strong></span> <span class='ocrx_word' id='word_1_8' title='bbox 2419 185 2508 239; x_wconf 80' lang='lat' dir='ltr'><strong>AD</strong></span> <span class='ocrx_word' id='word_1_9' title='bbox 2549 183 2722 239; x_wconf 67' lang='lat' dir='ltr'><strong>SAEC.</strong></span> <span class='ocrx_word' id='word_1_10' title='bbox 2760 180 3024 252; x_wconf 66' lang='lat' dir='ltr'><strong>BEVOC.</strong></span> <span class='ocrx_word' id='word_1_11' title='bbox 3495 179 3600 232; x_wconf 68' lang='grc' dir='ltr'><strong>δτι</strong></span> 
     </span>
    </p>
   </div>
   <div class='ocr_carea' id='block_1_2' title="bbox 344 293 3604 385">
    <p class='ocr_par' dir='ltr' id='par_1_2' title="bbox 344 293 3604 385">
     <span class='ocr_line' id='line_1_2' title="bbox 344 293 3604 385; baseline -0.01 -6"><span class='ocrx_word' id='word_1_12' title='bbox 344 321 618 380; x_wconf 75' lang='lat' dir='ltr'><strong>immerito</strong></span> <span class='ocrx_word' id='word_1_13' title='bbox 674 313 1094 385; x_wconf 87' lang='lat' dir='ltr'><strong>respondemus,</strong></span> <span class='ocrx_word' id='word_1_14' title='bbox 1151 310 1276 379; x_wconf 86' lang='lat' dir='ltr'><strong>quia</strong></span> <span class='ocrx_word' id='word_1_15' title='bbox 1330 309 1521 378; x_wconf 76' lang='lat' dir='ltr'><strong>sagitta</strong></span> <span class='ocrx_word' id='word_1_16' title='bbox 1577 308 1628 359; x_wconf 88' lang='lat' dir='ltr'><strong>in</strong></span> <span class='ocrx_word' id='word_1_17' title='bbox 1686 304 1915 373; x_wconf 87' lang='lat' dir='ltr'><strong>lapidem</strong></span> <span class='ocrx_word' id='word_1_18' title='bbox 1949 307 1994 364; x_wconf 78' lang='grc' dir='ltr'><strong>Α</strong></span> <span class='ocrx_word' id='word_1_19' title='bbox 2025 299 2389 355; x_wconf 89' lang='lat' dir='ltr'><strong>testimonium</strong></span> <span class='ocrx_word' id='word_1_20' title='bbox 2430 297 2752 366; x_wconf 68' lang='lat' dir='ltr'><strong>quaarimus,</strong></span> <span class='ocrx_word' id='word_1_21' title='bbox 2785 296 2845 349; x_wconf 83' lang='grc' dir='ltr'><strong>Β.</strong></span> <span class='ocrx_word' id='word_1_22' title='bbox 2890 294 3136 350; x_wconf 84' lang='lat' dir='ltr'><strong>Gclasius</strong></span> <span class='ocrx_word' id='word_1_23' title='bbox 3175 293 3452 348; x_wconf 76' lang='lat' dir='ltr'><strong>memorite</strong></span> <span class='ocrx_word' id='word_1_24' title='bbox 3490 293 3604 362; x_wconf 88' lang='lat' dir='ltr'><strong>pri-</strong></span> 
     </span>
    </p>
   </div>
   <div class='ocr_carea' id='block_1_3' title="bbox 345 385 3608 474">
    <p class='ocr_par' dir='ltr' id='par_1_3' title="bbox 345 385 3608 474">
     <span class='ocr_line' id='line_1_3' title="bbox 345 385 3608 474; baseline -0.009 -5"><span class='ocrx_word' id='word_1_25' title='bbox 345 415 510 469; x_wconf 88' lang='lat' dir='ltr'><strong>missa</strong></span> <span class='ocrx_word' id='word_1_26' title='bbox 550 407 822 465; x_wconf 79' lang='lat' dir='ltr'><strong>interdum</strong></span> <span class='ocrx_word' id='word_1_27' title='bbox 864 404 1099 474; x_wconf 88' lang='lat' dir='ltr'><strong>percutit</strong></span> <span class='ocrx_word' id='word_1_28' title='bbox 1133 401 1494 469; x_wconf 81' lang='lat' dir='ltr'><strong>dirigentem:</strong></span> <span class='ocrx_word' id='word_1_29' title='bbox 1549 405 1602 450; x_wconf 88' lang='lat' dir='ltr'><strong>et</strong></span> <span class='ocrx_word' id='word_1_30' title='bbox 1652 409 1793 463; x_wconf 71' lang='lat' dir='ltr'><strong>s&#39;epe</strong></span> <span class='ocrx_word' id='word_1_31' title='bbox 1844 394 1923 446; x_wconf 90' lang='lat' dir='ltr'><strong>in-</strong></span> <span class='ocrx_word' id='word_1_32' title='bbox 2029 408 2146 448; x_wconf 90' lang='lat' dir='ltr'><strong>mus</strong></span> <span class='ocrx_word' id='word_1_33' title='bbox 2175 392 2458 456; x_wconf 91' lang='lat' dir='ltr'><strong>occurrit,</strong></span> <span class='ocrx_word' id='word_1_34' title='bbox 2489 391 2580 459; x_wconf 94' lang='lat' dir='ltr'><strong>qui</strong></span> <span class='ocrx_word' id='word_1_35' title='bbox 2614 391 2721 444; x_wconf 90' lang='lat' dir='ltr'><strong>ait:</strong></span> <span class='ocrx_word' id='word_1_36' title='bbox 2754 408 2770 440; x_wconf 80' lang='grc' dir='ltr'><strong>ι</strong></span> <span class='ocrx_word' id='word_1_37' title='bbox 2803 389 3021 443; x_wconf 90' lang='lat' dir='ltr'><strong>Devotis</strong></span> <span class='ocrx_word' id='word_1_38' title='bbox 3058 402 3274 458; x_wconf 89' lang='lat' dir='ltr'><strong>quoque</strong></span> <span class='ocrx_word' id='word_1_39' title='bbox 3312 385 3608 457; x_wconf 77' lang='lat' dir='ltr'><strong>virginibus</strong></span> 
     </span>
    </p>
   </div>
   <div class='ocr_carea' id='block_1_4' title="bbox 345 485 1959 560">
    <p class='ocr_par' dir='ltr' id='par_1_4' title="bbox 345 485 1926 558">
     <span class='ocr_line' id='line_1_4' title="bbox 345 485 1926 558; baseline -0.012 -1"><span class='ocrx_word' id='word_1_40' title='bbox 345 511 538 557; x_wconf 86' lang='lat' dir='ltr'><strong>cautus</strong></span> <span class='ocrx_word' id='word_1_41' title='bbox 578 497 731 552; x_wconf 87' lang='lat' dir='ltr'><strong>miles</strong></span> <span class='ocrx_word' id='word_1_42' title='bbox 769 495 958 550; x_wconf 88' lang='lat' dir='ltr'><strong>eodem</strong></span> <span class='ocrx_word' id='word_1_43' title='bbox 1001 492 1136 556; x_wconf 85' lang='lat' dir='ltr'><strong>telo,</strong></span> <span class='ocrx_word' id='word_1_44' title='bbox 1183 506 1290 558; x_wconf 89' lang='lat' dir='ltr'><strong>quo</strong></span> <span class='ocrx_word' id='word_1_45' title='bbox 1344 498 1625 558; x_wconf 81' lang='lat' dir='ltr'><strong>percutere</strong></span> <span class='ocrx_word' id='word_1_46' title='bbox 1673 485 1926 538; x_wconf 86' lang='lat' dir='ltr'><strong>adversa-</strong></span> 
     </span>
    </p>
   </div>
   <div class='ocr_carea' id='block_1_5' title="bbox 2064 485 3607 560">
    <p class='ocr_par' dir='ltr' id='par_1_5' title="bbox 2067 487 3607 560">
     <span class='ocr_line' id='line_1_5' title="bbox 2067 487 3607 560; baseline -0.003 -16"><span class='ocrx_word' id='word_1_47' title='bbox 2067 493 2130 546; x_wconf 90' lang='lat' dir='ltr'><strong>isi</strong></span> <span class='ocrx_word' id='word_1_48' title='bbox 2162 499 2255 544; x_wconf 89' lang='lat' dir='ltr'><strong>aut</strong></span> <span class='ocrx_word' id='word_1_49' title='bbox 2285 492 2336 543; x_wconf 90' lang='lat' dir='ltr'><strong>in</strong></span> <span class='ocrx_word' id='word_1_50' title='bbox 2368 489 2662 560; x_wconf 85' lang='lat' dir='ltr'><strong>Epiphania</strong></span> <span class='ocrx_word' id='word_1_51' title='bbox 2687 531 2702 554; x_wconf 90' lang='lat'><strong>,</strong></span> <span class='ocrx_word' id='word_1_52' title='bbox 2737 497 2828 542; x_wconf 88' lang='lat' dir='ltr'><strong>aut</strong></span> <span class='ocrx_word' id='word_1_53' title='bbox 2858 489 2910 543; x_wconf 92' lang='lat' dir='ltr'><strong>in</strong></span> <span class='ocrx_word' id='word_1_54' title='bbox 2943 487 3078 542; x_wconf 83' lang='lat' dir='ltr'><strong>albis</strong></span> <span class='ocrx_word' id='word_1_55' title='bbox 3107 487 3476 558; x_wconf 89' lang='lat' dir='ltr'><strong>paschalibus,</strong></span> <span class='ocrx_word' id='word_1_56' title='bbox 3513 497 3607 540; x_wconf 83' lang='lat' dir='ltr'><strong>aut</strong></span> 
     </span>
    </p>
   </div>
   <div class='ocr_carea' id='block_1_6' title="bbox 347 573 1959 655">
    <p class='ocr_par' dir='ltr' id='par_1_6' title="bbox 347 573 1924 655">
     <span class='ocr_line' id='line_1_6' title="bbox 347 573 1924 655; baseline -0.015 -6"><span class='ocrx_word' id='word_1_57' title='bbox 347 594 486 649; x_wconf 83' lang='lat' dir='ltr'><strong>rium</strong></span> <span class='ocrx_word' id='word_1_58' title='bbox 535 590 748 652; x_wconf 85' lang='lat' dir='ltr'><strong>nititur,</strong></span> <span class='ocrx_word' id='word_1_59' title='bbox 795 587 906 655; x_wconf 85' lang='lat' dir='ltr'><strong>ipse</strong></span> <span class='ocrx_word' id='word_1_60' title='bbox 949 588 1126 653; x_wconf 71' lang='lat' dir='ltr'><strong>potius</strong></span> <span class='ocrx_word' id='word_1_61' title='bbox 1166 581 1441 636; x_wconf 81' lang='lat' dir='ltr'><strong>lethaliter</strong></span> <span class='ocrx_word' id='word_1_62' title='bbox 1483 577 1817 630; x_wconf 78' lang='lat' dir='ltr'><strong>vulneratur.</strong></span> <span class='ocrx_word' id='word_1_63' title='bbox 1867 573 1924 628; x_wconf 85' lang='lat' dir='ltr'><strong>Si</strong></span> 
     </span>
    </p>
   </div>
   <div class='ocr_carea' id='block_1_7' title="bbox 2064 573 3608 655">
    <p class='ocr_par' dir='ltr' id='par_1_7' title="bbox 2064 579 3608 652">
     <span class='ocr_line' id='line_1_7' title="bbox 2064 579 3608 652; baseline -0.003 -16"><span class='ocrx_word' id='word_1_64' title='bbox 2064 599 2081 636; x_wconf 85' lang='grc' dir='ltr'><strong>ι</strong></span> <span class='ocrx_word' id='word_1_65' title='bbox 2127 581 2492 652; x_wconf 79' lang='lat' dir='ltr'><strong>apostolorum</strong></span> <span class='ocrx_word' id='word_1_66' title='bbox 2545 580 2804 634; x_wconf 88' lang='lat' dir='ltr'><strong>natalitiis</strong></span> <span class='ocrx_word' id='word_1_67' title='bbox 2851 595 3064 634; x_wconf 88' lang='lat' dir='ltr'><strong>sacrum</strong></span> <span class='ocrx_word' id='word_1_68' title='bbox 3107 580 3327 634; x_wconf 90' lang='lat' dir='ltr'><strong>minime</strong></span> <span class='ocrx_word' id='word_1_69' title='bbox 3363 579 3608 633; x_wconf 89' lang='lat' dir='ltr'><strong>velamen</strong></span> 
     </span>
    </p>
   </div>
   <div class='ocr_carea' id='block_1_8' title="bbox 346 665 3610 748">
    <p class='ocr_par' dir='ltr' id='par_1_8' title="bbox 346 665 3610 748">
     <span class='ocr_line' id='line_1_8' title="bbox 346 665 3610 748; baseline -0.006 -8"><span class='ocrx_word' id='word_1_70' title='bbox 346 686 492 741; x_wconf 87' lang='lat' dir='ltr'><strong>enim</strong></span> <span class='ocrx_word' id='word_1_71' title='bbox 525 683 628 736; x_wconf 88' lang='lat' dir='ltr'><strong>hoc</strong></span> <span class='ocrx_word' id='word_1_72' title='bbox 657 677 965 748; x_wconf 72' lang='lat' dir='ltr'><strong>exemplum</strong></span> <span class='ocrx_word' id='word_1_73' title='bbox 994 675 1284 744; x_wconf 76' lang='lat' dir='ltr'><strong>diligenter</strong></span> <span class='ocrx_word' id='word_1_74' title='bbox 1315 669 1595 738; x_wconf 77' lang='lat' dir='ltr'><strong>inspicias,</strong></span> <span class='ocrx_word' id='word_1_75' title='bbox 1635 682 1732 737; x_wconf 88' lang='lat' dir='ltr'><strong>pro</strong></span> <span class='ocrx_word' id='word_1_76' title='bbox 1772 665 1927 718; x_wconf 90' lang='lat' dir='ltr'><strong>nobis</strong></span> <span class='ocrx_word' id='word_1_77' title='bbox 2030 674 2358 742; x_wconf 76' lang='lat' dir='ltr'><strong>imponatur,</strong></span> <span class='ocrx_word' id='word_1_78' title='bbox 2392 679 2447 726; x_wconf 82' lang='lat' dir='ltr'><strong>et</strong></span> <span class='ocrx_word' id='word_1_79' title='bbox 2478 687 2582 726; x_wconf 88' lang='lat' dir='ltr'><strong>non</strong></span> <span class='ocrx_word' id='word_1_80' title='bbox 2615 679 2740 725; x_wconf 88' lang='lat' dir='ltr'><strong>ante</strong></span> <span class='ocrx_word' id='word_1_81' title='bbox 2771 670 2958 740; x_wconf 81' lang='lat' dir='ltr'><strong>viginti</strong></span> <span class='ocrx_word' id='word_1_82' title='bbox 2991 670 3228 739; x_wconf 90' lang='lat' dir='ltr'><strong>quinque</strong></span> <span class='ocrx_word' id='word_1_83' title='bbox 3265 684 3466 733; x_wconf 90' lang='lat' dir='ltr'><strong>annos,</strong></span> <span class='ocrx_word' id='word_1_84' title='bbox 3506 669 3610 722; x_wconf 83' lang='lat' dir='ltr'><strong>nisi</strong></span> 
     </span>
    </p>
   </div>
   <div class='ocr_carea' id='block_1_9' title="bbox 347 755 3608 833">
    <p class='ocr_par' dir='ltr' id='par_1_9' title="bbox 347 755 3608 833">
     <span class='ocr_line' id='line_1_9' title="bbox 347 755 3608 833; baseline -0.011 -2"><span class='ocrx_word' id='word_1_85' title='bbox 347 786 496 832; x_wconf 89' lang='lat' dir='ltr'><strong>stare</strong></span> <span class='ocrx_word' id='word_1_86' title='bbox 524 771 786 833; x_wconf 87' lang='lat' dir='ltr'><strong>cernitur,</strong></span> <span class='ocrx_word' id='word_1_87' title='bbox 821 766 1023 822; x_wconf 86' lang='lat' dir='ltr'><strong>nostris</strong></span> <span class='ocrx_word' id='word_1_88' title='bbox 1062 761 1476 833; x_wconf 71' lang='lat' dir='ltr'><strong>allegationibus</strong></span> <span class='ocrx_word' id='word_1_89' title='bbox 1508 756 1752 812; x_wconf 83' lang='lat' dir='ltr'><strong>attestari</strong></span> <span class='ocrx_word' id='word_1_90' title='bbox 1785 756 1931 808; x_wconf 81' lang='lat' dir='ltr'><strong>inex-</strong></span> <span class='ocrx_word' id='word_1_91' title='bbox 2030 763 2205 826; x_wconf 57' lang='grc' dir='ltr'><strong>ἴοι-ιε,</strong></span> <span class='ocrx_word' id='word_1_92' title='bbox 2253 763 2393 816; x_wconf 61' lang='lat' dir='ltr'><strong>sicut</strong></span> <span class='ocrx_word' id='word_1_93' title='bbox 2439 761 2506 814; x_wconf 77' lang='grc' dir='ltr'><strong>(ιο</strong></span> <span class='ocrx_word' id='word_1_94' title='bbox 2555 759 2878 828; x_wconf 56' lang='lat' dir='ltr'><strong>baptismate</strong></span> <span class='ocrx_word' id='word_1_95' title='bbox 2906 759 3106 812; x_wconf 58' lang='lat' dir='ltr'><strong>dictum</strong></span> <span class='ocrx_word' id='word_1_96' title='bbox 3137 765 3250 821; x_wconf 55' lang='lat' dir='ltr'><strong>est,</strong></span> <span class='ocrx_word' id='word_1_97' title='bbox 3299 757 3448 827; x_wconf 67' lang='lat' dir='ltr'><strong>gravi</strong></span> <span class='ocrx_word' id='word_1_98' title='bbox 3492 755 3608 810; x_wconf 70' lang='lat' dir='ltr'><strong>la“-</strong></span> 
     </span>
    </p>
   </div>
   <div class='ocr_carea' id='block_1_10' title="bbox 345 845 1959 936">
    <p class='ocr_par' dir='ltr' id='par_1_10' title="bbox 345 845 1925 936">
     <span class='ocr_line' id='line_1_10' title="bbox 345 845 1925 936; baseline -0.013 -18"><span class='ocrx_word' id='word_1_99' title='bbox 345 863 711 936; x_wconf 81' lang='lat' dir='ltr'><strong>pugnabiliter</strong></span> <span class='ocrx_word' id='word_1_100' title='bbox 742 857 1016 913; x_wconf 76' lang='lat' dir='ltr'><strong>invenitur</strong></span> <span class='ocrx_word' id='word_1_101' title='bbox 1063 873 1075 907; x_wconf 88' lang='lat'><strong>:</strong></span> <span class='ocrx_word' id='word_1_102' title='bbox 1121 864 1173 908; x_wconf 89' lang='lat' dir='ltr'><strong>et</strong></span> <span class='ocrx_word' id='word_1_103' title='bbox 1205 862 1262 905; x_wconf 89' lang='lat' dir='ltr'><strong>ut</strong></span> <span class='ocrx_word' id='word_1_104' title='bbox 1287 850 1430 920; x_wconf 87' lang='lat' dir='ltr'><strong>quod</strong></span> <span class='ocrx_word' id='word_1_105' title='bbox 1461 850 1655 904; x_wconf 86' lang='lat' dir='ltr'><strong>dicitur</strong></span> <span class='ocrx_word' id='word_1_106' title='bbox 1709 847 1821 914; x_wconf 88' lang='lat' dir='ltr'><strong>ipsa</strong></span> <span class='ocrx_word' id='word_1_107' title='bbox 1852 845 1925 897; x_wconf 85' lang='lat' dir='ltr'><strong>rei</strong></span> 
     </span>
    </p>
   </div>
   <div class='ocr_carea' id='block_1_11' title="bbox 2064 845 3614 936">
    <p class='ocr_par' dir='ltr' id='par_1_11' title="bbox 2068 847 3614 923">
     <span class='ocr_line' id='line_1_11' title="bbox 2068 847 3614 923; baseline -0.006 -13"><span class='ocrx_word' id='word_1_108' title='bbox 2068 869 2196 910; x_wconf 89' lang='lat' dir='ltr'><strong>uore</strong></span> <span class='ocrx_word' id='word_1_109' title='bbox 2227 854 2524 923; x_wconf 87' lang='lat' dir='ltr'><strong>correptis,</strong></span> <span class='ocrx_word' id='word_1_110' title='bbox 2559 867 2626 906; x_wconf 92' lang='lat' dir='ltr'><strong>ue</strong></span> <span class='ocrx_word' id='word_1_111' title='bbox 2651 851 2768 906; x_wconf 88' lang='lat' dir='ltr'><strong>sine</strong></span> <span class='ocrx_word' id='word_1_112' title='bbox 2800 852 2902 905; x_wconf 90' lang='lat' dir='ltr'><strong>hoc</strong></span> <span class='ocrx_word' id='word_1_113' title='bbox 2943 864 3164 904; x_wconf 89' lang='lat' dir='ltr'><strong>munere</strong></span> <span class='ocrx_word' id='word_1_114' title='bbox 3203 849 3268 903; x_wconf 91' lang='lat' dir='ltr'><strong>de</strong></span> <span class='ocrx_word' id='word_1_115' title='bbox 3301 847 3494 902; x_wconf 62' lang='lat' dir='ltr'><strong>sarculo</strong></span> <span class='ocrx_word' id='word_1_116' title='bbox 3521 861 3614 901; x_wconf 78' lang='lat' dir='ltr'><strong>ex—</strong></span> 
     </span>
    </p>
   </div>
   <div class='ocr_carea' id='block_1_12' title="bbox 347 937 3612 1015">
    <p class='ocr_par' dir='ltr' id='par_1_12' title="bbox 347 937 3612 1015">
     <span class='ocr_line' id='line_1_12' title="bbox 347 937 3612 1015; baseline -0.006 -5"><span class='ocrx_word' id='word_1_117' title='bbox 347 952 788 1010; x_wconf 82' lang='lat' dir='ltr'><strong>mauifestatione</strong></span> <span class='ocrx_word' id='word_1_118' title='bbox 822 949 1084 1002; x_wconf 87' lang='lat' dir='ltr'><strong>clarescat</strong></span> <span class='ocrx_word' id='word_1_119' title='bbox 1107 987 1120 1008; x_wconf 85' lang='lat'><strong>,</strong></span> <span class='ocrx_word' id='word_1_120' title='bbox 1151 943 1351 1012; x_wconf 78' lang='lat' dir='ltr'><strong>aliquid</strong></span> <span class='ocrx_word' id='word_1_121' title='bbox 1387 942 1471 995; x_wconf 90' lang='lat' dir='ltr'><strong>hic</strong></span> <span class='ocrx_word' id='word_1_122' title='bbox 1502 941 1567 994; x_wconf 90' lang='lat' dir='ltr'><strong>de</strong></span> <span class='ocrx_word' id='word_1_123' title='bbox 1597 937 1930 1007; x_wconf 69' lang='lat' dir='ltr'><strong>Grcgoriaua</strong></span> <span class='ocrx_word' id='word_1_124' title='bbox 2032 956 2188 1010; x_wconf 60' lang='lat' dir='ltr'><strong>eam,</strong></span> <span class='ocrx_word' id='word_1_125' title='bbox 2223 943 2635 1015; x_wconf 61' lang='lat' dir='ltr'><strong>implorantibus</strong></span> <span class='ocrx_word' id='word_1_126' title='bbox 2669 958 2774 997; x_wconf 85' lang='lat' dir='ltr'><strong>non</strong></span> <span class='ocrx_word' id='word_1_127' title='bbox 2809 951 3049 1011; x_wconf 80' lang='lat' dir='ltr'><strong>negetur.</strong></span> <span class='ocrx_word' id='word_1_128' title='bbox 3077 961 3094 991; x_wconf 74' lang='grc' dir='ltr'><strong>ι</strong></span> <span class='ocrx_word' id='word_1_129' title='bbox 3119 939 3280 994; x_wconf 81' lang='lat' dir='ltr'><strong>Vides</strong></span> <span class='ocrx_word' id='word_1_130' title='bbox 3306 954 3457 1010; x_wconf 82' lang='lat' dir='ltr'><strong>ergo,</strong></span> <span class='ocrx_word' id='word_1_131' title='bbox 3489 939 3612 1007; x_wconf 85' lang='lat' dir='ltr'><strong>quia</strong></span> 
     </span>
    </p>
   </div>
   <div class='ocr_carea' id='block_1_13' title="bbox 348 1027 1959 1116">
    <p class='ocr_par' dir='ltr' id='par_1_13' title="bbox 348 1027 1932 1116">
     <span class='ocr_line' id='line_1_13' title="bbox 348 1027 1932 1116; baseline -0.014 -15"><span class='ocrx_word' id='word_1_132' title='bbox 348 1044 580 1116; x_wconf 82' lang='lat' dir='ltr'><strong>epistola</strong></span> <span class='ocrx_word' id='word_1_133' title='bbox 623 1041 1002 1099; x_wconf 78' lang='lat' dir='ltr'><strong>intermiscere</strong></span> <span class='ocrx_word' id='word_1_134' title='bbox 1040 1052 1145 1090; x_wconf 86' lang='lat' dir='ltr'><strong>non</strong></span> <span class='ocrx_word' id='word_1_135' title='bbox 1188 1035 1368 1104; x_wconf 75' lang='lat' dir='ltr'><strong>pigeat</strong></span> <span class='ocrx_word' id='word_1_136' title='bbox 1397 1051 1410 1086; x_wconf 86' lang='lat'><strong>:</strong></span> <span class='ocrx_word' id='word_1_137' title='bbox 1442 1051 1457 1083; x_wconf 82' lang='grc' dir='ltr'><strong>ι</strong></span> <span class='ocrx_word' id='word_1_138' title='bbox 1494 1030 1805 1100; x_wconf 80' lang='lat' dir='ltr'><strong>Agathora,</strong></span> <span class='ocrx_word' id='word_1_139' title='bbox 1849 1027 1932 1080; x_wconf 84' lang='lat' dir='ltr'><strong>in-</strong></span> 
     </span>
    </p>
   </div>
   <div class='ocr_carea' id='block_1_14' title="bbox 2064 1027 3620 1116">
    <p class='ocr_par' dir='ltr' id='par_1_14' title="bbox 2064 1029 3620 1101">
     <span class='ocr_line' id='line_1_14' title="bbox 2064 1029 3620 1101; baseline -0.004 -12"><span class='ocrx_word' id='word_1_140' title='bbox 2064 1038 2179 1091; x_wconf 86' lang='lat' dir='ltr'><strong>llam</strong></span> <span class='ocrx_word' id='word_1_141' title='bbox 2209 1038 2373 1090; x_wconf 89' lang='lat' dir='ltr'><strong>etiam</strong></span> <span class='ocrx_word' id='word_1_142' title='bbox 2407 1035 2816 1089; x_wconf 88' lang='lat' dir='ltr'><strong>conversionem</strong></span> <span class='ocrx_word' id='word_1_143' title='bbox 2837 1075 2850 1096; x_wconf 97' lang='lat'><strong>,</strong></span> <span class='ocrx_word' id='word_1_144' title='bbox 2881 1048 3042 1101; x_wconf 88' lang='lat' dir='ltr'><strong>quam</strong></span> <span class='ocrx_word' id='word_1_145' title='bbox 3095 1031 3372 1085; x_wconf 90' lang='lat' dir='ltr'><strong>inﬁrmare</strong></span> <span class='ocrx_word' id='word_1_146' title='bbox 3415 1039 3469 1084; x_wconf 86' lang='lat' dir='ltr'><strong>et</strong></span> <span class='ocrx_word' id='word_1_147' title='bbox 3496 1029 3620 1082; x_wconf 88' lang='lat' dir='ltr'><strong>irri-</strong></span> 
     </span>
    </p>
   </div>
   <div class='ocr_carea' id='block_1_15' title="bbox 348 1118 3619 1208">
    <p class='ocr_par' dir='ltr' id='par_1_15' title="bbox 348 1118 3619 1208">
     <span class='ocr_line' id='line_1_15' title="bbox 348 1118 3619 1208; baseline -0.008 -11"><span class='ocrx_word' id='word_1_148' title='bbox 348 1137 496 1208; x_wconf 80' lang='lat' dir='ltr'><strong>quit.</strong></span> <span class='ocrx_word' id='word_1_149' title='bbox 538 1133 698 1188; x_wconf 74' lang='lat' dir='ltr'><strong>lalrix</strong></span> <span class='ocrx_word' id='word_1_150' title='bbox 739 1130 1086 1202; x_wconf 68' lang='grc' dir='ltr'><strong>Ρτῑιεδριιιὶυηι</strong></span> <span class='ocrx_word' id='word_1_151' title='bbox 1119 1135 1311 1196; x_wconf 74' lang='lat' dir='ltr'><strong>questa</strong></span> <span class='ocrx_word' id='word_1_152' title='bbox 1340 1134 1421 1179; x_wconf 71' lang='grc' dir='ltr'><strong>εει</strong></span> <span class='ocrx_word' id='word_1_153' title='bbox 1444 1164 1458 1187; x_wconf 73' lang='grc'><strong>9</strong></span> <span class='ocrx_word' id='word_1_154' title='bbox 1493 1121 1744 1175; x_wconf 65' lang='grc' dir='ltr'><strong>ιιιίὶνίιιιηι</strong></span> <span class='ocrx_word' id='word_1_155' title='bbox 1777 1133 1934 1172; x_wconf 69' lang='lat' dir='ltr'><strong>suum</strong></span> <span class='ocrx_word' id='word_1_156' title='bbox 2037 1137 2144 1182; x_wconf 84' lang='lat' dir='ltr'><strong>tam</strong></span> <span class='ocrx_word' id='word_1_157' title='bbox 2173 1126 2400 1182; x_wconf 89' lang='lat' dir='ltr'><strong>reddere</strong></span> <span class='ocrx_word' id='word_1_158' title='bbox 2427 1126 2632 1179; x_wconf 85' lang='lat' dir='ltr'><strong>sanitas</strong></span> <span class='ocrx_word' id='word_1_159' title='bbox 2652 1133 2885 1193; x_wconf 85' lang='lat' dir='ltr'><strong>poterat,</strong></span> <span class='ocrx_word' id='word_1_160' title='bbox 2905 1122 3191 1176; x_wconf 86' lang='lat' dir='ltr'><strong>inﬁrmitas</strong></span> <span class='ocrx_word' id='word_1_161' title='bbox 3220 1121 3443 1174; x_wconf 80' lang='lat' dir='ltr'><strong>roborat</strong></span> <span class='ocrx_word' id='word_1_162' title='bbox 3462 1159 3476 1177; x_wconf 91' lang='lat'><strong>.</strong></span> <span class='ocrx_word' id='word_1_163' title='bbox 3504 1118 3619 1171; x_wconf 83' lang='lat' dir='ltr'><strong>lan-</strong></span> 
     </span>
    </p>
   </div>
   <div class='ocr_carea' id='block_1_16' title="bbox 351 1212 1959 1290">
    <p class='ocr_par' dir='ltr' id='par_1_16' title="bbox 351 1212 1936 1287">
     <span class='ocr_line' id='line_1_16' title="bbox 351 1212 1936 1287; baseline -0.016 0"><span class='ocrx_word' id='word_1_164' title='bbox 351 1239 538 1287; x_wconf 87' lang='lat' dir='ltr'><strong>conlra</strong></span> <span class='ocrx_word' id='word_1_165' title='bbox 562 1227 896 1282; x_wconf 84' lang='lat' dir='ltr'><strong>voluntatem</strong></span> <span class='ocrx_word' id='word_1_166' title='bbox 923 1236 1075 1276; x_wconf 82' lang='lat' dir='ltr'><strong>suam</strong></span> <span class='ocrx_word' id='word_1_167' title='bbox 1105 1221 1155 1274; x_wconf 89' lang='lat' dir='ltr'><strong>in</strong></span> <span class='ocrx_word' id='word_1_168' title='bbox 1185 1216 1516 1271; x_wconf 83' lang='lat' dir='ltr'><strong>monasterio</strong></span> <span class='ocrx_word' id='word_1_169' title='bbox 1545 1213 1729 1269; x_wconf 67' lang='grc' dir='ltr'><strong>υινὶιὶυἱ</strong></span> <span class='ocrx_word' id='word_1_170' title='bbox 1771 1212 1936 1265; x_wconf 87' lang='lat' dir='ltr'><strong>abha-</strong></span> 
     </span>
    </p>
   </div>
   <div class='ocr_carea' id='block_1_17' title="bbox 2064 1212 3618 1290">
    <p class='ocr_par' dir='ltr' id='par_1_17' title="bbox 2064 1212 3618 1282">
     <span class='ocr_line' id='line_1_17' title="bbox 2064 1212 3618 1282; baseline -0.006 -9"><span class='ocrx_word' id='word_1_171' title='bbox 2064 1234 2174 1280; x_wconf 73' lang='grc' dir='ltr'><strong>ςιιοι⁵</strong></span> <span class='ocrx_word' id='word_1_172' title='bbox 2211 1217 2480 1273; x_wconf 77' lang='lat' dir='ltr'><strong>excusat?</strong></span> <span class='ocrx_word' id='word_1_173' title='bbox 2519 1217 2622 1281; x_wconf 84' lang='lat' dir='ltr'><strong>Et,</strong></span> <span class='ocrx_word' id='word_1_174' title='bbox 2664 1224 2722 1270; x_wconf 89' lang='lat' dir='ltr'><strong>ut</strong></span> <span class='ocrx_word' id='word_1_175' title='bbox 2763 1216 2835 1270; x_wconf 90' lang='lat' dir='ltr'><strong>ita</strong></span> <span class='ocrx_word' id='word_1_176' title='bbox 2874 1213 3088 1282; x_wconf 90' lang='lat' dir='ltr'><strong>loquar,</strong></span> <span class='ocrx_word' id='word_1_177' title='bbox 3139 1212 3282 1267; x_wconf 90' lang='lat' dir='ltr'><strong>unde</strong></span> <span class='ocrx_word' id='word_1_178' title='bbox 3321 1223 3618 1266; x_wconf 89' lang='lat' dir='ltr'><strong>conversus</strong></span> 
     </span>
    </p>
   </div>
   <div class='ocr_carea' id='block_1_18' title="bbox 352 1299 1959 1378">
    <p class='ocr_par' dir='ltr' id='par_1_18' title="bbox 352 1299 1933 1378">
     <span class='ocr_line' id='line_1_18' title="bbox 352 1299 1933 1378; baseline -0.014 -2"><span class='ocrx_word' id='word_1_179' title='bbox 352 1322 422 1376; x_wconf 81' lang='lat' dir='ltr'><strong>tis</strong></span> <span class='ocrx_word' id='word_1_180' title='bbox 448 1335 570 1374; x_wconf 89' lang='lat' dir='ltr'><strong>esse</strong></span> <span class='ocrx_word' id='word_1_181' title='bbox 597 1331 941 1372; x_wconf 72' lang='lat' dir='ltr'><strong>c0nverszuu.</strong></span> <span class='ocrx_word' id='word_1_182' title='bbox 973 1311 1158 1376; x_wconf 79' lang='lat' dir='ltr'><strong>Quod,</strong></span> <span class='ocrx_word' id='word_1_183' title='bbox 1188 1308 1314 1378; x_wconf 86' lang='lat' dir='ltr'><strong>quia</strong></span> <span class='ocrx_word' id='word_1_184' title='bbox 1347 1307 1413 1359; x_wconf 92' lang='lat' dir='ltr'><strong>ad</strong></span> <span class='ocrx_word' id='word_1_185' title='bbox 1446 1303 1687 1372; x_wconf 80' lang='lat' dir='ltr'><strong>ejusdem</strong></span> <span class='ocrx_word' id='word_1_186' title='bbox 1720 1299 1933 1355; x_wconf 77' lang='lat' dir='ltr'><strong>abbatis</strong></span> 
     </span>
    </p>
   </div>
   <div class='ocr_carea' id='block_1_19' title="bbox 2064 1299 3124 1378">
    <p class='ocr_par' dir='ltr' id='par_1_19' title="bbox 2064 1307 3124 1376">
     <span class='ocr_line' id='line_1_19' title="bbox 2064 1307 3124 1376; baseline 0 -16"><span class='ocrx_word' id='word_1_187' title='bbox 2064 1312 2276 1376; x_wconf 10' lang='lat' dir='ltr'><strong>torruit,</strong></span> <span class='ocrx_word' id='word_1_188' title='bbox 2311 1311 2434 1364; x_wconf 89' lang='lat' dir='ltr'><strong>inde</strong></span> <span class='ocrx_word' id='word_1_189' title='bbox 2463 1308 2744 1363; x_wconf 84' lang='lat' dir='ltr'><strong>conversio</strong></span> <span class='ocrx_word' id='word_1_190' title='bbox 2775 1307 3124 1362; x_wconf 80' lang='lat' dir='ltr'><strong>convalescit.</strong></span> 
     </span>
    </p>
   </div>
   <div class='ocr_carea' id='block_1_20' title="bbox 352 1394 3619 1481">
    <p class='ocr_par' dir='ltr' id='par_1_20' title="bbox 352 1394 3619 1481">
     <span class='ocr_line' id='line_1_20' title="bbox 352 1394 3619 1481; baseline -0.01 -14"><span class='ocrx_word' id='word_1_191' title='bbox 352 1413 608 1481; x_wconf 89' lang='lat' dir='ltr'><strong>culpam,</strong></span> <span class='ocrx_word' id='word_1_192' title='bbox 655 1418 709 1464; x_wconf 77' lang='lat' dir='ltr'><strong>et</strong></span> <span class='ocrx_word' id='word_1_193' title='bbox 761 1406 1016 1461; x_wconf 81' lang='lat' dir='ltr'><strong>invidiam</strong></span> <span class='ocrx_word' id='word_1_194' title='bbox 1071 1418 1177 1456; x_wconf 86' lang='grc'><strong>11011</strong></span> <span class='ocrx_word' id='word_1_195' title='bbox 1228 1409 1310 1454; x_wconf 76' lang='lat' dir='ltr'><strong>CSI.</strong></span> <span class='ocrx_word' id='word_1_196' title='bbox 1364 1398 1582 1451; x_wconf 75' lang='grc' dir='ltr'>ι1ιιΙιὶιιιϊι</span> <span class='ocrx_word' id='word_1_197' title='bbox 1633 1394 1935 1464; x_wconf 85' lang='lat' dir='ltr'><strong>pertinere,</strong></span> <span class='ocrx_word' id='word_1_198' title='bbox 2253 1402 2298 1455; x_wconf 65' lang='lat' dir='ltr'><strong>si</strong></span> <span class='ocrx_word' id='word_1_199' title='bbox 2330 1401 2469 1455; x_wconf 73' lang='grc' dir='ltr'><strong>[οι-ιθ</strong></span> <span class='ocrx_word' id='word_1_200' title='bbox 2499 1399 2852 1454; x_wconf 74' lang='lat' dir='ltr'><strong>calumniaris</strong></span> <span class='ocrx_word' id='word_1_201' title='bbox 2881 1413 2966 1451; x_wconf 75' lang='lat' dir='ltr'><strong>me</strong></span> <span class='ocrx_word' id='word_1_202' title='bbox 2996 1395 3302 1464; x_wconf 67' lang='lat' dir='ltr'><strong>exemplum</strong></span> <span class='ocrx_word' id='word_1_203' title='bbox 3334 1396 3401 1450; x_wconf 74' lang='lat' dir='ltr'><strong>de</strong></span> <span class='ocrx_word' id='word_1_204' title='bbox 3429 1394 3619 1449; x_wconf 76' lang='lat' dir='ltr'><strong>mulie-</strong></span> 
     </span>
    </p>
   </div>
   <div class='ocr_carea' id='block_1_21' title="bbox 349 1484 3619 1575">
    <p class='ocr_par' dir='ltr' id='par_1_21' title="bbox 349 1484 3619 1575">
     <span class='ocr_line' id='line_1_21' title="bbox 349 1484 3619 1575; baseline -0.012 -14"><span class='ocrx_word' id='word_1_205' title='bbox 349 1503 700 1575; x_wconf 77' lang='lat' dir='ltr'><strong>experientia:</strong></span> <span class='ocrx_word' id='word_1_206' title='bbox 747 1509 850 1554; x_wconf 72' lang='lat' dir='ltr'><strong>tua:</strong></span> <span class='ocrx_word' id='word_1_207' title='bbox 904 1495 1276 1568; x_wconf 73' lang='lat' dir='ltr'><strong>prmcipitnus,</strong></span> <span class='ocrx_word' id='word_1_208' title='bbox 1321 1500 1385 1545; x_wconf 77' lang='lat' dir='ltr'><strong>ut</strong></span> <span class='ocrx_word' id='word_1_209' title='bbox 1427 1488 1665 1559; x_wconf 81' lang='lat' dir='ltr'><strong>diligenti</strong></span> <span class='ocrx_word' id='word_1_210' title='bbox 1713 1485 1938 1554; x_wconf 89' lang='lat' dir='ltr'><strong>inquisi-</strong></span> <span class='ocrx_word' id='word_1_211' title='bbox 2040 1494 2189 1548; x_wconf 68' lang='lat' dir='ltr'><strong>ribus</strong></span> <span class='ocrx_word' id='word_1_212' title='bbox 2218 1493 2556 1556; x_wconf 57' lang='lat' dir='ltr'><strong>reddidisse,</strong></span> <span class='ocrx_word' id='word_1_213' title='bbox 2590 1506 2712 1544; x_wconf 76' lang='lat' dir='ltr'><strong>cum</strong></span> <span class='ocrx_word' id='word_1_214' title='bbox 2755 1499 2809 1544; x_wconf 71' lang='grc' dir='ltr'><strong>ιιι</strong></span> <span class='ocrx_word' id='word_1_215' title='bbox 2851 1488 2918 1542; x_wconf 72' lang='lat' dir='ltr'><strong>de</strong></span> <span class='ocrx_word' id='word_1_216' title='bbox 2946 1487 3079 1540; x_wconf 66' lang='lat' dir='ltr'><strong>viris</strong></span> <span class='ocrx_word' id='word_1_217' title='bbox 3111 1487 3454 1556; x_wconf 49' lang='lat' dir='ltr'><strong>inquii-ores;</strong></span> <span class='ocrx_word' id='word_1_218' title='bbox 3494 1484 3619 1538; x_wconf 79' lang='grc' dir='ltr'><strong>ηοιο</strong></span> 
     </span>
    </p>
   </div>
   <div class='ocr_carea' id='block_1_22' title="bbox 352 1577 3624 1655">
    <p class='ocr_par' dir='ltr' id='par_1_22' title="bbox 352 1577 3624 1655">
     <span class='ocr_line' id='line_1_22' title="bbox 352 1577 3624 1655; baseline -0.011 -3"><span class='ocrx_word' id='word_1_219' title='bbox 352 1602 500 1652; x_wconf 86' lang='lat' dir='ltr'><strong>tione</strong></span> <span class='ocrx_word' id='word_1_220' title='bbox 553 1593 842 1655; x_wconf 86' lang='lat' dir='ltr'><strong>discutiat,</strong></span> <span class='ocrx_word' id='word_1_221' title='bbox 895 1606 958 1642; x_wconf 81' lang='lat' dir='ltr'><strong>ne</strong></span> <span class='ocrx_word' id='word_1_222' title='bbox 1000 1589 1136 1642; x_wconf 82' lang='lat' dir='ltr'><strong>forte</strong></span> <span class='ocrx_word' id='word_1_223' title='bbox 1177 1601 1300 1641; x_wconf 85' lang='lat' dir='ltr'><strong>cum</strong></span> <span class='ocrx_word' id='word_1_224' title='bbox 1336 1584 1452 1654; x_wconf 82' lang='lat' dir='ltr'><strong>ejus</strong></span> <span class='ocrx_word' id='word_1_225' title='bbox 1490 1582 1766 1636; x_wconf 89' lang='lat' dir='ltr'><strong>voluntate</strong></span> <span class='ocrx_word' id='word_1_226' title='bbox 1811 1594 1941 1633; x_wconf 73' lang='grc' dir='ltr'><strong>(Σοη-</strong></span> <span class='ocrx_word' id='word_1_227' title='bbox 2041 1597 2094 1642; x_wconf 61' lang='lat' dir='ltr'><strong>te</strong></span> <span class='ocrx_word' id='word_1_228' title='bbox 2116 1587 2300 1650; x_wconf 50' lang='lat' dir='ltr'><strong>lauant,</strong></span> <span class='ocrx_word' id='word_1_229' title='bbox 2319 1585 2460 1654; x_wconf 78' lang='lat' dir='ltr'><strong>quod</strong></span> <span class='ocrx_word' id='word_1_230' title='bbox 2495 1585 2546 1638; x_wconf 73' lang='lat' dir='ltr'><strong>in</strong></span> <span class='ocrx_word' id='word_1_231' title='bbox 2572 1579 2937 1639; x_wconf 70' lang='lat' dir='ltr'><strong>Vel-nicriensi</strong></span> <span class='ocrx_word' id='word_1_232' title='bbox 2963 1579 3439 1648; x_wconf 70' lang='lat' dir='ltr'><strong>conciliolegilur:</strong></span> <span class='ocrx_word' id='word_1_233' title='bbox 3469 1594 3488 1629; x_wconf 68' lang='grc' dir='ltr'><strong>ι</strong></span> <span class='ocrx_word' id='word_1_234' title='bbox 3521 1577 3624 1631; x_wconf 67' lang='lat' dir='ltr'><strong>Ea-</strong></span> 
     </span>
    </p>
   </div>
   <div class='ocr_carea' id='block_1_23' title="bbox 353 1661 3626 1750">
    <p class='ocr_par' dir='ltr' id='par_1_23' title="bbox 353 1661 3626 1750">
     <span class='ocr_line' id='line_1_23' title="bbox 353 1661 3626 1750; baseline -0.011 -11"><span class='ocrx_word' id='word_1_235' title='bbox 353 1702 543 1742; x_wconf 82' lang='lat' dir='ltr'><strong>versus</strong></span> <span class='ocrx_word' id='word_1_236' title='bbox 573 1685 671 1748; x_wconf 81' lang='lat' dir='ltr'><strong>sit,</strong></span> <span class='ocrx_word' id='word_1_237' title='bbox 704 1682 787 1737; x_wconf 89' lang='lat' dir='ltr'><strong>vel</strong></span> <span class='ocrx_word' id='word_1_238' title='bbox 821 1681 935 1750; x_wconf 84' lang='lat' dir='ltr'><strong>ipsa</strong></span> <span class='ocrx_word' id='word_1_239' title='bbox 964 1695 1022 1734; x_wconf 88' lang='lat' dir='ltr'><strong>se</strong></span> <span class='ocrx_word' id='word_1_240' title='bbox 1052 1687 1264 1732; x_wconf 89' lang='lat' dir='ltr'><strong>mutare</strong></span> <span class='ocrx_word' id='word_1_241' title='bbox 1294 1672 1640 1745; x_wconf 84' lang='lat' dir='ltr'><strong>promiserit:</strong></span> <span class='ocrx_word' id='word_1_242' title='bbox 1672 1679 1724 1724; x_wconf 91' lang='lat' dir='ltr'><strong>et</strong></span> <span class='ocrx_word' id='word_1_243' title='bbox 1755 1671 1797 1725; x_wconf 89' lang='lat' dir='ltr'><strong>si</strong></span> <span class='ocrx_word' id='word_1_244' title='bbox 1838 1671 1939 1724; x_wconf 91' lang='lat' dir='ltr'><strong>hoc</strong></span> <span class='ocrx_word' id='word_1_245' title='bbox 1970 1661 2015 1720; x_wconf 83' lang='grc' dir='ltr'>Β</span> <span class='ocrx_word' id='word_1_246' title='bbox 2045 1677 2197 1740; x_wconf 65' lang='lat' dir='ltr'><strong>dem,</strong></span> <span class='ocrx_word' id='word_1_247' title='bbox 2240 1677 2446 1744; x_wconf 53' lang='lat' dir='ltr'><strong>inquit,</strong></span> <span class='ocrx_word' id='word_1_248' title='bbox 2491 1673 2574 1727; x_wconf 73' lang='grc' dir='ltr'>ιρχ</span> <span class='ocrx_word' id='word_1_249' title='bbox 2611 1673 2718 1726; x_wconf 70' lang='lat' dir='ltr'><strong>em</strong></span> <span class='ocrx_word' id='word_1_250' title='bbox 2754 1672 2872 1724; x_wconf 71' lang='lat' dir='ltr'><strong>vim</strong></span> <span class='ocrx_word' id='word_1_251' title='bbox 2911 1679 2964 1725; x_wconf 70' lang='grc' dir='ltr'>ει</span> <span class='ocrx_word' id='word_1_252' title='bbox 3003 1668 3236 1722; x_wconf 60' lang='lat' dir='ltr'><strong>feminae,</strong></span> <span class='ocrx_word' id='word_1_253' title='bbox 3272 1686 3289 1718; x_wconf 82' lang='grc'><strong><em>,</em></strong></span> <span class='ocrx_word' id='word_1_254' title='bbox 3318 1666 3385 1720; x_wconf 54' lang='lat' dir='ltr'><strong>Et</strong></span> <span class='ocrx_word' id='word_1_255' title='bbox 3421 1664 3466 1720; x_wconf 73' lang='lat' dir='ltr'><strong>si</strong></span> <span class='ocrx_word' id='word_1_256' title='bbox 3504 1680 3626 1735; x_wconf 67' lang='grc' dir='ltr'><strong>φιω</strong></span> 
     </span>
    </p>
   </div>
   <div class='ocr_carea' id='block_1_24' title="bbox 353 1761 1940 1849">
    <p class='ocr_par' dir='ltr' id='par_1_24' title="bbox 353 1761 1940 1849">
     <span class='ocr_line' id='line_1_24' title="bbox 353 1761 1940 1849; baseline -0.013 -16"><span class='ocrx_word' id='word_1_257' title='bbox 353 1776 646 1849; x_wconf 89' lang='lat' dir='ltr'><strong>repererit,</strong></span> <span class='ocrx_word' id='word_1_258' title='bbox 676 1783 729 1828; x_wconf 88' lang='lat' dir='ltr'><strong>et</strong></span> <span class='ocrx_word' id='word_1_259' title='bbox 768 1773 914 1828; x_wconf 88' lang='lat' dir='ltr'><strong>illum</strong></span> <span class='ocrx_word' id='word_1_260' title='bbox 955 1773 1006 1825; x_wconf 95' lang='lat' dir='ltr'><strong>in</strong></span> <span class='ocrx_word' id='word_1_261' title='bbox 1048 1767 1377 1824; x_wconf 89' lang='lat' dir='ltr'><strong>monasterio</strong></span> <span class='ocrx_word' id='word_1_262' title='bbox 1412 1778 1730 1835; x_wconf 86' lang='lat' dir='ltr'><strong>permanere</strong></span> <span class='ocrx_word' id='word_1_263' title='bbox 1759 1761 1940 1830; x_wconf 89' lang='lat' dir='ltr'><strong>provi-</strong></span> 
     </span>
    </p>
   </div>
   <div class='ocr_carea' id='block_1_25' title="bbox 355 1853 1934 1930">
    <p class='ocr_par' dir='ltr' id='par_1_25' title="bbox 355 1853 1934 1930">
     <span class='ocr_line' id='line_1_25' title="bbox 355 1853 1934 1930; baseline -0.012 -8"><span class='ocrx_word' id='word_1_264' title='bbox 355 1869 504 1930; x_wconf 88' lang='lat' dir='ltr'><strong>deat,</strong></span> <span class='ocrx_word' id='word_1_265' title='bbox 561 1874 617 1920; x_wconf 87' lang='lat' dir='ltr'><strong>et</strong></span> <span class='ocrx_word' id='word_1_266' title='bbox 645 1865 785 1919; x_wconf 85' lang='lat' dir='ltr'><strong>hanc</strong></span> <span class='ocrx_word' id='word_1_267' title='bbox 805 1903 820 1926; x_wconf 91' lang='lat'><strong>,</strong></span> <span class='ocrx_word' id='word_1_268' title='bbox 853 1862 995 1918; x_wconf 90' lang='lat' dir='ltr'><strong>sicut</strong></span> <span class='ocrx_word' id='word_1_269' title='bbox 1030 1859 1310 1930; x_wconf 90' lang='lat' dir='ltr'><strong>promisit,</strong></span> <span class='ocrx_word' id='word_1_270' title='bbox 1351 1855 1546 1910; x_wconf 84' lang='lat' dir='ltr'><strong>mutari</strong></span> <span class='ocrx_word' id='word_1_271' title='bbox 1577 1853 1888 1918; x_wconf 69' lang='lat' dir='ltr'><strong>compellant.</strong></span> <span class='ocrx_word' id='word_1_272' title='bbox 1917 1869 1934 1903; x_wconf 71' lang='grc' dir='ltr'><strong>ι</strong></span> 
     </span>
    </p>
   </div>
   <div class='ocr_carea' id='block_1_26' title="bbox 356 1942 1941 2012">
    <p class='ocr_par' dir='ltr' id='par_1_26' title="bbox 356 1942 1941 2012">
     <span class='ocr_line' id='line_1_26' title="bbox 356 1942 1941 2012; baseline -0.011 0"><span class='ocrx_word' id='word_1_273' title='bbox 356 1959 495 2012; x_wconf 82' lang='lat' dir='ltr'><strong>Ecce</strong></span> <span class='ocrx_word' id='word_1_274' title='bbox 535 1955 666 2011; x_wconf 84' lang='lat' dir='ltr'><strong>nihil</strong></span> <span class='ocrx_word' id='word_1_275' title='bbox 696 1954 781 2009; x_wconf 90' lang='lat' dir='ltr'><strong>hic</strong></span> <span class='ocrx_word' id='word_1_276' title='bbox 810 1953 874 2008; x_wconf 88' lang='lat' dir='ltr'><strong>de</strong></span> <span class='ocrx_word' id='word_1_277' title='bbox 901 1967 1111 2007; x_wconf 86' lang='lat' dir='ltr'><strong>morosa</strong></span> <span class='ocrx_word' id='word_1_278' title='bbox 1142 1947 1496 2004; x_wconf 90' lang='lat' dir='ltr'><strong>conversione</strong></span> <span class='ocrx_word' id='word_1_279' title='bbox 1517 1987 1531 2009; x_wconf 93' lang='lat'><strong>,</strong></span> <span class='ocrx_word' id='word_1_280' title='bbox 1563 1945 1694 2002; x_wconf 88' lang='lat' dir='ltr'><strong>nihil</strong></span> <span class='ocrx_word' id='word_1_281' title='bbox 1721 1944 1784 1997; x_wconf 92' lang='lat' dir='ltr'><strong>de</strong></span> <span class='ocrx_word' id='word_1_282' title='bbox 1821 1942 1941 1996; x_wconf 89' lang='lat' dir='ltr'><strong>diu-</strong></span> 
     </span>
    </p>
   </div>
   <div class='ocr_carea' id='block_1_27' title="bbox 356 2033 1936 2116">
    <p class='ocr_par' dir='ltr' id='par_1_27' title="bbox 356 2033 1936 2116">
     <span class='ocr_line' id='line_1_27' title="bbox 356 2033 1936 2116; baseline -0.011 -14"><span class='ocrx_word' id='word_1_283' title='bbox 356 2048 617 2104; x_wconf 86' lang='lat' dir='ltr'><strong>turnitate</strong></span> <span class='ocrx_word' id='word_1_284' title='bbox 649 2043 984 2116; x_wconf 81' lang='lat' dir='ltr'><strong>probationis</strong></span> <span class='ocrx_word' id='word_1_285' title='bbox 1015 2039 1323 2109; x_wconf 88' lang='lat' dir='ltr'><strong>inquiritur,</strong></span> <span class='ocrx_word' id='word_1_286' title='bbox 1351 2038 1444 2092; x_wconf 87' lang='lat' dir='ltr'><strong>sed</strong></span> <span class='ocrx_word' id='word_1_287' title='bbox 1474 2038 1574 2090; x_wconf 87' lang='lat' dir='ltr'><strong>hoc</strong></span> <span class='ocrx_word' id='word_1_288' title='bbox 1609 2044 1818 2090; x_wconf 87' lang='lat' dir='ltr'><strong>tantum</strong></span> <span class='ocrx_word' id='word_1_289' title='bbox 1850 2033 1936 2103; x_wconf 72' lang='lat' dir='ltr'><strong>ju-</strong></span> 
     </span>
    </p>
   </div>
   <div class='ocr_carea' id='block_1_28' title="bbox 355 2127 1941 2200">
    <p class='ocr_par' dir='ltr' id='par_1_28' title="bbox 355 2127 1941 2200">
     <span class='ocr_line' id='line_1_28' title="bbox 355 2127 1941 2200; baseline -0.01 -6"><span class='ocrx_word' id='word_1_290' title='bbox 355 2139 532 2200; x_wconf 81' lang='lat' dir='ltr'><strong>belur,</strong></span> <span class='ocrx_word' id='word_1_291' title='bbox 559 2145 619 2191; x_wconf 85' lang='lat' dir='ltr'><strong>ut</strong></span> <span class='ocrx_word' id='word_1_292' title='bbox 644 2138 686 2192; x_wconf 91' lang='lat' dir='ltr'><strong>si</strong></span> <span class='ocrx_word' id='word_1_293' title='bbox 719 2136 805 2190; x_wconf 91' lang='lat' dir='ltr'><strong>ille</strong></span> <span class='ocrx_word' id='word_1_294' title='bbox 830 2150 952 2189; x_wconf 91' lang='lat' dir='ltr'><strong>cum</strong></span> <span class='ocrx_word' id='word_1_295' title='bbox 983 2133 1171 2187; x_wconf 73' lang='lat' dir='ltr'><strong>uxoria</strong></span> <span class='ocrx_word' id='word_1_296' title='bbox 1200 2132 1475 2186; x_wconf 86' lang='lat' dir='ltr'><strong>voluntate</strong></span> <span class='ocrx_word' id='word_1_297' title='bbox 1501 2140 1554 2184; x_wconf 89' lang='lat' dir='ltr'><strong>et</strong></span> <span class='ocrx_word' id='word_1_298' title='bbox 1583 2127 1941 2197; x_wconf 88' lang='lat' dir='ltr'><strong>promissione</strong></span> 
     </span>
    </p>
   </div>
   <div class='ocr_carea' id='block_1_29' title="bbox 357 2221 1943 2290">
    <p class='ocr_par' dir='ltr' id='par_1_29' title="bbox 357 2221 1943 2290">
     <span class='ocr_line' id='line_1_29' title="bbox 357 2221 1943 2290; baseline -0.009 -5"><span class='ocrx_word' id='word_1_299' title='bbox 357 2243 660 2285; x_wconf 87' lang='lat' dir='ltr'><strong>conversus</strong></span> <span class='ocrx_word' id='word_1_300' title='bbox 687 2227 853 2282; x_wconf 85' lang='lat' dir='ltr'><strong>fuisse</strong></span> <span class='ocrx_word' id='word_1_301' title='bbox 885 2225 1246 2287; x_wconf 82' lang='lat' dir='ltr'><strong>convincitur,</strong></span> <span class='ocrx_word' id='word_1_302' title='bbox 1281 2223 1332 2277; x_wconf 94' lang='lat' dir='ltr'><strong>in</strong></span> <span class='ocrx_word' id='word_1_303' title='bbox 1367 2221 1555 2276; x_wconf 87' lang='lat' dir='ltr'><strong>eodem</strong></span> <span class='ocrx_word' id='word_1_304' title='bbox 1589 2232 1943 2290; x_wconf 83' lang='lat' dir='ltr'><strong>perseverare</strong></span> 
     </span>
    </p>
   </div>
   <div class='ocr_carea' id='block_1_30' title="bbox 357 2313 1405 2394">
    <p class='ocr_par' dir='ltr' id='par_1_30' title="bbox 357 2313 1405 2394">
     <span class='ocr_line' id='line_1_30' title="bbox 357 2313 1405 2394; baseline -0.01 -20"><span class='ocrx_word' id='word_1_305' title='bbox 357 2322 640 2394; x_wconf 86' lang='lat' dir='ltr'><strong>proposito</strong></span> <span class='ocrx_word' id='word_1_306' title='bbox 670 2318 998 2374; x_wconf 86' lang='lat' dir='ltr'><strong>omnimodis</strong></span> <span class='ocrx_word' id='word_1_307' title='bbox 1029 2313 1405 2382; x_wconf 87' lang='lat' dir='ltr'><strong>compellatur.</strong></span> 
     </span>
    </p>
   </div>
   <div class='ocr_carea' id='block_1_31' title="bbox 429 2401 1942 2480">
    <p class='ocr_par' dir='ltr' id='par_1_31' title="bbox 429 2401 1942 2480">
     <span class='ocr_line' id='line_1_31' title="bbox 429 2401 1942 2480; baseline -0.009 -14"><span class='ocrx_word' id='word_1_308' title='bbox 429 2411 582 2480; x_wconf 83' lang='lat' dir='ltr'><strong>Quod</strong></span> <span class='ocrx_word' id='word_1_309' title='bbox 615 2421 796 2465; x_wconf 88' lang='lat' dir='ltr'><strong>autem</strong></span> <span class='ocrx_word' id='word_1_310' title='bbox 828 2409 1116 2477; x_wconf 67' lang='lat' dir='ltr'><strong>sequitur:</strong></span> <span class='ocrx_word' id='word_1_311' title='bbox 1148 2425 1164 2456; x_wconf 80' lang='grc' dir='ltr'><strong>ι</strong></span> <span class='ocrx_word' id='word_1_312' title='bbox 1196 2406 1251 2460; x_wconf 90' lang='lat' dir='ltr'><strong>Si</strong></span> <span class='ocrx_word' id='word_1_313' title='bbox 1285 2419 1412 2460; x_wconf 87' lang='lat' dir='ltr'><strong>vero</strong></span> <span class='ocrx_word' id='word_1_314' title='bbox 1444 2403 1577 2457; x_wconf 84' lang='lat' dir='ltr'><strong>nihil</strong></span> <span class='ocrx_word' id='word_1_315' title='bbox 1609 2401 1799 2456; x_wconf 85' lang='lat' dir='ltr'><strong>horum</strong></span> <span class='ocrx_word' id='word_1_316' title='bbox 1829 2409 1942 2464; x_wconf 84' lang='lat' dir='ltr'><strong>est,</strong></span> 
     </span>
    </p>
   </div>
   <div class='ocr_carea' id='block_1_32' title="bbox 359 2496 1947 2569">
    <p class='ocr_par' dir='ltr' id='par_1_32' title="bbox 359 2496 1947 2569">
     <span class='ocr_line' id='line_1_32' title="bbox 359 2496 1947 2569; baseline -0.007 -10"><span class='ocrx_word' id='word_1_317' title='bbox 359 2505 467 2560; x_wconf 82' lang='lat' dir='ltr'><strong>hoc</strong></span> <span class='ocrx_word' id='word_1_318' title='bbox 501 2513 586 2558; x_wconf 87' lang='lat' dir='ltr'><strong>est</strong></span> <span class='ocrx_word' id='word_1_319' title='bbox 624 2502 913 2565; x_wconf 85' lang='lat' dir='ltr'><strong>videlicet,</strong></span> <span class='ocrx_word' id='word_1_320' title='bbox 953 2501 998 2555; x_wconf 89' lang='lat' dir='ltr'><strong>si</strong></span> <span class='ocrx_word' id='word_1_321' title='bbox 1040 2513 1214 2569; x_wconf 88' lang='lat' dir='ltr'><strong>neque</strong></span> <span class='ocrx_word' id='word_1_322' title='bbox 1254 2514 1376 2553; x_wconf 90' lang='lat' dir='ltr'><strong>cum</strong></span> <span class='ocrx_word' id='word_1_323' title='bbox 1417 2496 1729 2558; x_wconf 89' lang='lat' dir='ltr'><strong>voluntate,</strong></span> <span class='ocrx_word' id='word_1_324' title='bbox 1772 2509 1947 2562; x_wconf 89' lang='lat' dir='ltr'><strong>neque</strong></span> 
     </span>
    </p>
   </div>
   <div class='ocr_carea' id='block_1_33' title="bbox 356 2583 1951 2663">
    <p class='ocr_par' dir='ltr' id='par_1_33' title="bbox 356 2583 1951 2663">
     <span class='ocr_line' id='line_1_33' title="bbox 356 2583 1951 2663; baseline -0.01 -11"><span class='ocrx_word' id='word_1_325' title='bbox 356 2609 486 2652; x_wconf 87' lang='lat' dir='ltr'><strong>cum</strong></span> <span class='ocrx_word' id='word_1_326' title='bbox 538 2594 896 2663; x_wconf 83' lang='lat' dir='ltr'><strong>promissione</strong></span> <span class='ocrx_word' id='word_1_327' title='bbox 947 2601 1032 2646; x_wconf 87' lang='lat' dir='ltr'><strong>est</strong></span> <span class='ocrx_word' id='word_1_328' title='bbox 1081 2590 1267 2644; x_wconf 83' lang='lat' dir='ltr'><strong>uxoris</strong></span> <span class='ocrx_word' id='word_1_329' title='bbox 1293 2602 1626 2650; x_wconf 87' lang='lat' dir='ltr'><strong>conversus,</strong></span> <span class='ocrx_word' id='word_1_330' title='bbox 1656 2595 1715 2638; x_wconf 92' lang='lat' dir='ltr'><strong>ut</strong></span> <span class='ocrx_word' id='word_1_331' title='bbox 1757 2583 1951 2639; x_wconf 77' lang='lat' dir='ltr'><strong>redda-</strong></span> 
     </span>
    </p>
   </div>
   <div class='ocr_carea' id='block_1_34' title="bbox 364 2675 1948 2748">
    <p class='ocr_par' dir='ltr' id='par_1_34' title="bbox 364 2675 1948 2748">
     <span class='ocr_line' id='line_1_34' title="bbox 364 2675 1948 2748; baseline -0.007 -8"><span class='ocrx_word' id='word_1_332' title='bbox 364 2696 471 2740; x_wconf 90' lang='lat' dir='ltr'><strong>tur.</strong></span> <span class='ocrx_word' id='word_1_333' title='bbox 509 2705 526 2736; x_wconf 73' lang='grc' dir='ltr'><strong>ι</strong></span> <span class='ocrx_word' id='word_1_334' title='bbox 558 2683 670 2738; x_wconf 85' lang='lat' dir='ltr'><strong>lloc</strong></span> <span class='ocrx_word' id='word_1_335' title='bbox 709 2683 873 2738; x_wconf 85' lang='lat' dir='ltr'><strong>etiam</strong></span> <span class='ocrx_word' id='word_1_336' title='bbox 915 2682 1150 2736; x_wconf 77' lang='lat' dir='ltr'><strong>maxime</strong></span> <span class='ocrx_word' id='word_1_337' title='bbox 1189 2681 1394 2736; x_wconf 89' lang='lat' dir='ltr'><strong>nostris</strong></span> <span class='ocrx_word' id='word_1_338' title='bbox 1422 2677 1670 2748; x_wconf 89' lang='lat' dir='ltr'><strong>opitulari</strong></span> <span class='ocrx_word' id='word_1_339' title='bbox 1704 2675 1948 2747; x_wconf 84' lang='lat' dir='ltr'><strong>partibus</strong></span> 
     </span>
    </p>
   </div>
   <div class='ocr_carea' id='block_1_35' title="bbox 364 2767 1948 2838">
    <p class='ocr_par' dir='ltr' id='par_1_35' title="bbox 364 2767 1948 2838">
     <span class='ocr_line' id='line_1_35' title="bbox 364 2767 1948 2838; baseline -0.007 -6"><span class='ocrx_word' id='word_1_340' title='bbox 364 2793 473 2832; x_wconf 89' lang='lat' dir='ltr'><strong>non</strong></span> <span class='ocrx_word' id='word_1_341' title='bbox 507 2787 595 2831; x_wconf 85' lang='lat' dir='ltr'><strong>est</strong></span> <span class='ocrx_word' id='word_1_342' title='bbox 632 2775 888 2838; x_wconf 87' lang='lat' dir='ltr'><strong>dubium,</strong></span> <span class='ocrx_word' id='word_1_343' title='bbox 926 2773 1186 2827; x_wconf 88' lang='lat' dir='ltr'><strong>nimirum</strong></span> <span class='ocrx_word' id='word_1_344' title='bbox 1227 2771 1352 2826; x_wconf 90' lang='lat' dir='ltr'><strong>dum</strong></span> <span class='ocrx_word' id='word_1_345' title='bbox 1379 2769 1712 2826; x_wconf 86' lang='lat' dir='ltr'><strong>enumeratis</strong></span> <span class='ocrx_word' id='word_1_346' title='bbox 1736 2767 1948 2832; x_wconf 86' lang='lat' dir='ltr'><strong>causis,</strong></span> 
     </span>
    </p>
   </div>
   <div class='ocr_carea' id='block_1_36' title="bbox 367 2862 1949 2938">
    <p class='ocr_par' dir='ltr' id='par_1_36' title="bbox 367 2862 1949 2938">
     <span class='ocr_line' id='line_1_36' title="bbox 367 2862 1949 2938; baseline -0.005 -17"><span class='ocrx_word' id='word_1_347' title='bbox 367 2869 564 2938; x_wconf 88' lang='lat' dir='ltr'><strong>quibus</strong></span> <span class='ocrx_word' id='word_1_348' title='bbox 597 2869 682 2922; x_wconf 91' lang='lat' dir='ltr'><strong>vir</strong></span> <span class='ocrx_word' id='word_1_349' title='bbox 713 2868 867 2922; x_wconf 81' lang='lat' dir='ltr'><strong>uxori</strong></span> <span class='ocrx_word' id='word_1_350' title='bbox 900 2865 1051 2920; x_wconf 84' lang='lat' dir='ltr'><strong>reddi</strong></span> <span class='ocrx_word' id='word_1_351' title='bbox 1085 2865 1414 2936; x_wconf 47' lang='lat' dir='ltr'><strong>praecipitur,</strong></span> <span class='ocrx_word' id='word_1_352' title='bbox 1444 2863 1593 2918; x_wconf 90' lang='lat' dir='ltr'><strong>nulla</strong></span> <span class='ocrx_word' id='word_1_353' title='bbox 1633 2862 1698 2916; x_wconf 92' lang='lat' dir='ltr'><strong>de</strong></span> <span class='ocrx_word' id='word_1_354' title='bbox 1736 2875 1949 2914; x_wconf 87' lang='lat' dir='ltr'><strong>morosa</strong></span> 
     </span>
    </p>
   </div>
   <div class='ocr_carea' id='block_1_37' title="bbox 368 2953 1952 3026">
    <p class='ocr_par' dir='ltr' id='par_1_37' title="bbox 368 2953 1952 3026">
     <span class='ocr_line' id='line_1_37' title="bbox 368 2953 1952 3026; baseline -0.008 -10"><span class='ocrx_word' id='word_1_355' title='bbox 368 2961 728 3016; x_wconf 82' lang='lat' dir='ltr'><strong>conversione</strong></span> <span class='ocrx_word' id='word_1_356' title='bbox 773 2958 978 3013; x_wconf 78' lang='lat' dir='ltr'><strong>n&#39;tentio</strong></span> <span class='ocrx_word' id='word_1_357' title='bbox 1018 2957 1285 3026; x_wconf 85' lang='lat' dir='ltr'><strong>reperitur</strong></span> <span class='ocrx_word' id='word_1_358' title='bbox 1312 2975 1323 3008; x_wconf 93' lang='lat'><strong>:</strong></span> <span class='ocrx_word' id='word_1_359' title='bbox 1355 2970 1517 3023; x_wconf 87' lang='lat' dir='ltr'><strong>quam</strong></span> <span class='ocrx_word' id='word_1_360' title='bbox 1546 2953 1752 3010; x_wconf 87' lang='lat' dir='ltr'><strong>scilicet</strong></span> <span class='ocrx_word' id='word_1_361' title='bbox 1783 2953 1952 3021; x_wconf 60' lang='lat' dir='ltr'><strong>longa!</strong></span> 
     </span>
    </p>
   </div>
   <div class='ocr_carea' id='block_1_38' title="bbox 371 3043 1954 3117">
    <p class='ocr_par' dir='ltr' id='par_1_38' title="bbox 371 3043 1954 3117">
     <span class='ocr_line' id='line_1_38' title="bbox 371 3043 1954 3117; baseline -0.006 -12"><span class='ocrx_word' id='word_1_362' title='bbox 371 3051 742 3106; x_wconf 85' lang='lat' dir='ltr'><strong>conversionis</strong></span> <span class='ocrx_word' id='word_1_363' title='bbox 784 3063 991 3104; x_wconf 89' lang='lat' dir='ltr'><strong>moram</strong></span> <span class='ocrx_word' id='word_1_364' title='bbox 1037 3049 1080 3102; x_wconf 89' lang='lat' dir='ltr'><strong>si</strong></span> <span class='ocrx_word' id='word_1_365' title='bbox 1123 3047 1250 3117; x_wconf 91' lang='lat' dir='ltr'><strong>quid</strong></span> <span class='ocrx_word' id='word_1_366' title='bbox 1293 3046 1582 3106; x_wconf 89' lang='lat' dir='ltr'><strong>momenti,</strong></span> <span class='ocrx_word' id='word_1_367' title='bbox 1613 3045 1656 3098; x_wconf 93' lang='lat' dir='ltr'><strong>si</strong></span> <span class='ocrx_word' id='word_1_368' title='bbox 1701 3043 1830 3114; x_wconf 87' lang='lat' dir='ltr'><strong>quid</strong></span> <span class='ocrx_word' id='word_1_369' title='bbox 1873 3043 1954 3096; x_wconf 90' lang='lat' dir='ltr'><strong>vi-</strong></span> 
     </span>
    </p>
   </div>
   <div class='ocr_carea' id='block_1_39' title="bbox 371 3133 1955 3210">
    <p class='ocr_par' dir='ltr' id='par_1_39' title="bbox 371 3133 1955 3210">
     <span class='ocr_line' id='line_1_39' title="bbox 371 3133 1955 3210; baseline -0.005 -14"><span class='ocrx_word' id='word_1_370' title='bbox 371 3140 511 3196; x_wconf 87' lang='lat' dir='ltr'><strong>rium</strong></span> <span class='ocrx_word' id='word_1_371' title='bbox 555 3139 1006 3210; x_wconf 80' lang='lat' dir='ltr'><strong>vigilantissimus</strong></span> <span class='ocrx_word' id='word_1_372' title='bbox 1033 3138 1115 3192; x_wconf 90' lang='lat' dir='ltr'><strong>vir</strong></span> <span class='ocrx_word' id='word_1_373' title='bbox 1147 3137 1347 3192; x_wconf 88' lang='lat' dir='ltr'><strong>habere</strong></span> <span class='ocrx_word' id='word_1_374' title='bbox 1391 3135 1741 3198; x_wconf 84' lang='lat' dir='ltr'><strong>decerneret,</strong></span> <span class='ocrx_word' id='word_1_375' title='bbox 1787 3133 1955 3203; x_wconf 71' lang='lat' dir='ltr'><strong>expli-</strong></span> 
     </span>
    </p>
   </div>
   <div class='ocr_carea' id='block_1_40' title="bbox 371 3225 1949 3301">
    <p class='ocr_par' dir='ltr' id='par_1_40' title="bbox 371 3225 1949 3301">
     <span class='ocr_line' id='line_1_40' title="bbox 371 3225 1949 3301; baseline -0.004 -15"><span class='ocrx_word' id='word_1_376' title='bbox 371 3233 509 3287; x_wconf 84' lang='lat' dir='ltr'><strong>catis</strong></span> <span class='ocrx_word' id='word_1_377' title='bbox 538 3231 676 3296; x_wconf 88' lang='lat' dir='ltr'><strong>aliis,</strong></span> <span class='ocrx_word' id='word_1_378' title='bbox 706 3246 1050 3301; x_wconf 83' lang='lat' dir='ltr'><strong>nequaquam</strong></span> <span class='ocrx_word' id='word_1_379' title='bbox 1073 3230 1212 3284; x_wconf 89' lang='lat' dir='ltr'><strong>hanc</strong></span> <span class='ocrx_word' id='word_1_380' title='bbox 1241 3229 1453 3284; x_wconf 89' lang='lat' dir='ltr'><strong>silentio</strong></span> <span class='ocrx_word' id='word_1_381' title='bbox 1478 3228 1780 3298; x_wconf 72' lang='lat' dir='ltr'><strong>praeteriret</strong></span> <span class='ocrx_word' id='word_1_382' title='bbox 1809 3246 1820 3280; x_wconf 89' lang='lat'><strong>:</strong></span> <span class='ocrx_word' id='word_1_383' title='bbox 1853 3225 1949 3281; x_wconf 90' lang='lat' dir='ltr'><strong>sed</strong></span> 
     </span>
    </p>
   </div>
   <div class='ocr_carea' id='block_1_41' title="bbox 371 3320 1962 3395">
    <p class='ocr_par' dir='ltr' id='par_1_41' title="bbox 371 3320 1962 3395">
     <span class='ocr_line' id='line_1_41' title="bbox 371 3320 1962 3395; baseline -0.003 -17"><span class='ocrx_word' id='word_1_384' title='bbox 371 3337 540 3395; x_wconf 86' lang='lat' dir='ltr'><strong>quam</strong></span> <span class='ocrx_word' id='word_1_385' title='bbox 573 3325 774 3390; x_wconf 86' lang='lat' dir='ltr'><strong>tacuit,</strong></span> <span class='ocrx_word' id='word_1_386' title='bbox 806 3324 1087 3379; x_wconf 77' lang='lat' dir='ltr'><strong>tacendum</strong></span> <span class='ocrx_word' id='word_1_387' title='bbox 1119 3337 1239 3378; x_wconf 88' lang='lat' dir='ltr'><strong>esse</strong></span> <span class='ocrx_word' id='word_1_388' title='bbox 1267 3320 1486 3377; x_wconf 90' lang='lat' dir='ltr'><strong>silentio</strong></span> <span class='ocrx_word' id='word_1_389' title='bbox 1511 3320 1778 3375; x_wconf 88' lang='lat' dir='ltr'><strong>clamante</strong></span> <span class='ocrx_word' id='word_1_390' title='bbox 1821 3332 1962 3388; x_wconf 74' lang='lat' dir='ltr'><strong>pra:-</strong></span> 
     </span>
    </p>
   </div>
   <div class='ocr_carea' id='block_1_42' title="bbox 372 3417 541 3488">
    <p class='ocr_par' dir='ltr' id='par_1_42' title="bbox 372 3417 541 3488">
     <span class='ocr_line' id='line_1_42' title="bbox 372 3417 541 3488; baseline -0.018 -14"><span class='ocrx_word' id='word_1_391' title='bbox 372 3417 541 3488; x_wconf 87' lang='lat' dir='ltr'><strong>cepit.</strong></span> 
     </span>
    </p>
   </div>
   <div class='ocr_carea' id='block_1_43' title="bbox 979 3507 1334 3566">
    <p class='ocr_par' dir='ltr' id='par_1_43' title="bbox 979 3507 1334 3566">
     <span class='ocr_line' id='line_1_43' title="bbox 979 3507 1334 3566; baseline -0.008 -2"><span class='ocrx_word' id='word_1_392' title='bbox 979 3508 1204 3566; x_wconf 74' lang='lat' dir='ltr'><strong>CAPUT</strong></span> <span class='ocrx_word' id='word_1_393' title='bbox 1251 3507 1334 3562; x_wconf 75' lang='lat' dir='ltr'><strong>Vl.</strong></span> 
     </span>
    </p>
   </div>
   <div class='ocr_carea' id='block_1_44' title="bbox 445 3598 1886 3670">
    <p class='ocr_par' dir='ltr' id='par_1_44' title="bbox 445 3598 1886 3670">
     <span class='ocr_line' id='line_1_44' title="bbox 445 3598 1886 3670; baseline -0.003 -16"><span class='ocrx_word' id='word_1_394' title='bbox 445 3599 578 3667; x_wconf 68' lang='lat' dir='ltr'><strong>Quae</strong></span> <span class='ocrx_word' id='word_1_395' title='bbox 605 3609 734 3654; x_wconf 74' lang='lat' dir='ltr'><strong>tetas</strong></span> <span class='ocrx_word' id='word_1_396' title='bbox 765 3602 1064 3670; x_wconf 84' lang='lat' dir='ltr'><strong>requiratur</strong></span> <span class='ocrx_word' id='word_1_397' title='bbox 1090 3601 1144 3654; x_wconf 87' lang='lat' dir='ltr'><strong>in</strong></span> <span class='ocrx_word' id='word_1_398' title='bbox 1176 3599 1548 3654; x_wconf 73' lang='lat' dir='ltr'><strong>consecrandis</strong></span> <span class='ocrx_word' id='word_1_399' title='bbox 1581 3598 1886 3668; x_wconf 73' lang='lat' dir='ltr'><strong>virginibus.</strong></span> 
     </span>
    </p>
   </div>
   <div class='ocr_carea' id='block_1_45' title="bbox 449 3689 1960 3758">
    <p class='ocr_par' dir='ltr' id='par_1_45' title="bbox 449 3689 1960 3758">
     <span class='ocr_line' id='line_1_45' title="bbox 449 3689 1960 3758; baseline -0.005 -10"><span class='ocrx_word' id='word_1_400' title='bbox 449 3694 650 3748; x_wconf 79' lang='lat' dir='ltr'><strong>Verum</strong></span> <span class='ocrx_word' id='word_1_401' title='bbox 684 3692 776 3758; x_wconf 88' lang='lat' dir='ltr'><strong>qui</strong></span> <span class='ocrx_word' id='word_1_402' title='bbox 812 3701 921 3744; x_wconf 88' lang='lat' dir='ltr'><strong>tam</strong></span> <span class='ocrx_word' id='word_1_403' title='bbox 951 3690 1327 3745; x_wconf 88' lang='lat' dir='ltr'><strong>densissimam</strong></span> <span class='ocrx_word' id='word_1_404' title='bbox 1368 3689 1582 3742; x_wconf 80' lang='lat' dir='ltr'><strong>testium</strong></span> <span class='ocrx_word' id='word_1_405' title='bbox 1630 3690 1827 3742; x_wconf 88' lang='lat' dir='ltr'><strong>nubem</strong></span> <span class='ocrx_word' id='word_1_406' title='bbox 1867 3703 1960 3757; x_wconf 85' lang='lat' dir='ltr'><strong>op-</strong></span> 
     </span>
    </p>
   </div>
   <div class='ocr_carea' id='block_1_46' title="bbox 375 3779 1964 3854">
    <p class='ocr_par' dir='ltr' id='par_1_46' title="bbox 375 3779 1964 3854">
     <span class='ocr_line' id='line_1_46' title="bbox 375 3779 1964 3854; baseline -0.003 -17"><span class='ocrx_word' id='word_1_407' title='bbox 375 3786 611 3854; x_wconf 85' lang='lat' dir='ltr'><strong>positam</strong></span> <span class='ocrx_word' id='word_1_408' title='bbox 643 3783 750 3835; x_wconf 90' lang='lat' dir='ltr'><strong>tuis</strong></span> <span class='ocrx_word' id='word_1_409' title='bbox 778 3779 1250 3835; x_wconf 85' lang='lat' dir='ltr'><strong>adinventionibus</strong></span> <span class='ocrx_word' id='word_1_410' title='bbox 1275 3780 1562 3849; x_wconf 78' lang='lat' dir='ltr'><strong>conspicis,</strong></span> <span class='ocrx_word' id='word_1_411' title='bbox 1593 3788 1648 3833; x_wconf 93' lang='lat' dir='ltr'><strong>ut</strong></span> <span class='ocrx_word' id='word_1_412' title='bbox 1671 3781 1784 3848; x_wconf 85' lang='lat' dir='ltr'><strong>jam</strong></span> <span class='ocrx_word' id='word_1_413' title='bbox 1814 3795 1964 3832; x_wconf 91' lang='lat' dir='ltr'><strong>more</strong></span> 
     </span>
    </p>
   </div>
   <div class='ocr_carea' id='block_1_47' title="bbox 382 3869 1964 3940">
    <p class='ocr_par' dir='ltr' id='par_1_47' title="bbox 382 3869 1964 3940">
     <span class='ocr_line' id='line_1_47' title="bbox 382 3869 1964 3940; baseline -0.004 -13"><span class='ocrx_word' id='word_1_414' title='bbox 382 3873 582 3929; x_wconf 89' lang='lat' dir='ltr'><strong>lubrici</strong></span> <span class='ocrx_word' id='word_1_415' title='bbox 615 3872 838 3940; x_wconf 75' lang='lat' dir='ltr'><strong>anguis,</strong></span> <span class='ocrx_word' id='word_1_416' title='bbox 872 3872 977 3924; x_wconf 90' lang='lat' dir='ltr'><strong>huc</strong></span> <span class='ocrx_word' id='word_1_417' title='bbox 1007 3869 1248 3937; x_wconf 87' lang='lat' dir='ltr'><strong>illucque</strong></span> <span class='ocrx_word' id='word_1_418' title='bbox 1288 3878 1341 3921; x_wconf 90' lang='lat' dir='ltr'><strong>te</strong></span> <span class='ocrx_word' id='word_1_419' title='bbox 1379 3876 1596 3921; x_wconf 83' lang='lat' dir='ltr'><strong>vertere</strong></span> <span class='ocrx_word' id='word_1_420' title='bbox 1637 3869 1964 3922; x_wconf 88' lang='lat' dir='ltr'><strong>constrictus</strong></span> 
     </span>
    </p>
   </div>
   <div class='ocr_carea' id='block_1_48' title="bbox 381 3957 1962 4028">
    <p class='ocr_par' dir='ltr' id='par_1_48' title="bbox 381 3957 1962 4028">
     <span class='ocr_line' id='line_1_48' title="bbox 381 3957 1962 4028; baseline -0.004 -10"><span class='ocrx_word' id='word_1_421' title='bbox 381 3979 545 4018; x_wconf 90' lang='lat' dir='ltr'><strong>manu</strong></span> <span class='ocrx_word' id='word_1_422' title='bbox 578 3962 770 4017; x_wconf 64' lang='lat' dir='ltr'><strong>validm</strong></span> <span class='ocrx_word' id='word_1_423' title='bbox 802 3961 1026 4016; x_wconf 85' lang='lat' dir='ltr'><strong>rationis</strong></span> <span class='ocrx_word' id='word_1_424' title='bbox 1053 3958 1276 4013; x_wconf 88' lang='lat' dir='ltr'><strong>minime</strong></span> <span class='ocrx_word' id='word_1_425' title='bbox 1303 3958 1501 4028; x_wconf 89' lang='lat' dir='ltr'><strong>possis,</strong></span> <span class='ocrx_word' id='word_1_426' title='bbox 1527 3957 1758 4012; x_wconf 82' lang='lat' dir='ltr'><strong>fortasse</strong></span> <span class='ocrx_word' id='word_1_427' title='bbox 1784 3968 1962 4012; x_wconf 87' lang='lat' dir='ltr'><strong>tamen</strong></span> 
     </span>
    </p>
   </div>
   <div class='ocr_carea' id='block_1_49' title="bbox 383 4046 1964 4123">
    <p class='ocr_par' dir='ltr' id='par_1_49' title="bbox 383 4046 1964 4123">
     <span class='ocr_line' id='line_1_49' title="bbox 383 4046 1964 4123; baseline -0.006 -14"><span class='ocrx_word' id='word_1_428' title='bbox 383 4055 559 4109; x_wconf 89' lang='lat' dir='ltr'><strong>adhuc</strong></span> <span class='ocrx_word' id='word_1_429' title='bbox 593 4053 658 4107; x_wconf 90' lang='lat' dir='ltr'><strong>de</strong></span> <span class='ocrx_word' id='word_1_430' title='bbox 690 4053 775 4108; x_wconf 91' lang='lat' dir='ltr'><strong>his</strong></span> <span class='ocrx_word' id='word_1_431' title='bbox 803 4050 968 4123; x_wconf 76' lang='lat'><strong>368</strong></span> <span class='ocrx_word' id='word_1_432' title='bbox 996 4049 1086 4120; x_wconf 89' lang='lat' dir='ltr'><strong>qui</strong></span> <span class='ocrx_word' id='word_1_433' title='bbox 1117 4049 1168 4103; x_wconf 91' lang='lat' dir='ltr'><strong>in</strong></span> <span class='ocrx_word' id='word_1_434' title='bbox 1200 4049 1518 4118; x_wconf 71' lang='lat' dir='ltr'><strong>aegritudine</strong></span> <span class='ocrx_word' id='word_1_435' title='bbox 1551 4046 1707 4116; x_wconf 89' lang='lat' dir='ltr'><strong>positi</strong></span> <span class='ocrx_word' id='word_1_436' title='bbox 1738 4061 1964 4101; x_wconf 87' lang='lat' dir='ltr'><strong>conver-</strong></span> 
     </span>
    </p>
   </div>
   <div class='ocr_carea' id='block_1_50' title="bbox 387 4137 1960 4208">
    <p class='ocr_par' dir='ltr' id='par_1_50' title="bbox 387 4137 1960 4208">
     <span class='ocr_line' id='line_1_50' title="bbox 387 4137 1960 4208; baseline -0.005 -10"><span class='ocrx_word' id='word_1_437' title='bbox 387 4152 594 4208; x_wconf 89' lang='lat' dir='ltr'><strong>tuntur,</strong></span> <span class='ocrx_word' id='word_1_438' title='bbox 629 4143 894 4196; x_wconf 89' lang='lat' dir='ltr'><strong>rationem</strong></span> <span class='ocrx_word' id='word_1_439' title='bbox 930 4142 1026 4195; x_wconf 87' lang='lat' dir='ltr'><strong>tibi</strong></span> <span class='ocrx_word' id='word_1_440' title='bbox 1063 4138 1216 4196; x_wconf 86' lang='lat' dir='ltr'><strong>reddi</strong></span> <span class='ocrx_word' id='word_1_441' title='bbox 1246 4137 1560 4208; x_wconf 82' lang='lat' dir='ltr'><strong>specialiter</strong></span> <span class='ocrx_word' id='word_1_442' title='bbox 1589 4137 1828 4207; x_wconf 66' lang='lat' dir='ltr'><strong>quaeris;</strong></span> <span class='ocrx_word' id='word_1_443' title='bbox 1865 4137 1960 4191; x_wconf 89' lang='lat' dir='ltr'><strong>sed</strong></span> 
     </span>
    </p>
   </div>
   <div class='ocr_carea' id='block_1_51' title="bbox 385 4230 1968 4303">
    <p class='ocr_par' dir='ltr' id='par_1_51' title="bbox 385 4230 1968 4303">
     <span class='ocr_line' id='line_1_51' title="bbox 385 4230 1968 4303; baseline -0.004 -13"><span class='ocrx_word' id='word_1_444' title='bbox 385 4236 426 4290; x_wconf 92' lang='lat' dir='ltr'><strong>si</strong></span> <span class='ocrx_word' id='word_1_445' title='bbox 469 4243 660 4290; x_wconf 90' lang='lat' dir='ltr'><strong>cuncta</strong></span> <span class='ocrx_word' id='word_1_446' title='bbox 688 4274 702 4298; x_wconf 93' lang='lat'><strong>,</strong></span> <span class='ocrx_word' id='word_1_447' title='bbox 739 4249 858 4303; x_wconf 71' lang='lat' dir='ltr'><strong>quae</strong></span> <span class='ocrx_word' id='word_1_448' title='bbox 896 4233 1149 4301; x_wconf 88' lang='lat' dir='ltr'><strong>superius</strong></span> <span class='ocrx_word' id='word_1_449' title='bbox 1183 4232 1325 4285; x_wconf 85' lang='lat' dir='ltr'><strong>dicta</strong></span> <span class='ocrx_word' id='word_1_450' title='bbox 1365 4239 1525 4294; x_wconf 90' lang='lat' dir='ltr'><strong>sunt,</strong></span> <span class='ocrx_word' id='word_1_451' title='bbox 1563 4230 1853 4300; x_wconf 79' lang='lat' dir='ltr'><strong>diligenter</strong></span> <span class='ocrx_word' id='word_1_452' title='bbox 1889 4239 1968 4284; x_wconf 88' lang='lat' dir='ltr'><strong>at-</strong></span> 
     </span>
    </p>
   </div>
   <div class='ocr_carea' id='block_1_52' title="bbox 385 4320 2040 4419">
    <p class='ocr_par' dir='ltr' id='par_1_52' title="bbox 385 4320 2040 4419">
     <span class='ocr_line' id='line_1_52' title="bbox 385 4320 2040 4419; baseline -0.005 -39"><span class='ocrx_word' id='word_1_453' title='bbox 385 4325 606 4391; x_wconf 81' lang='lat' dir='ltr'><strong>tendas,</strong></span> <span class='ocrx_word' id='word_1_454' title='bbox 649 4327 992 4395; x_wconf 69' lang='lat' dir='ltr'><strong>perspicuum:</strong></span> <span class='ocrx_word' id='word_1_455' title='bbox 1025 4334 1107 4378; x_wconf 88' lang='lat' dir='ltr'><strong>est</strong></span> <span class='ocrx_word' id='word_1_456' title='bbox 1130 4363 1144 4385; x_wconf 90' lang='lat'><strong>,</strong></span> <span class='ocrx_word' id='word_1_457' title='bbox 1191 4333 1242 4375; x_wconf 88' lang='lat' dir='ltr'><strong>te</strong></span> <span class='ocrx_word' id='word_1_458' title='bbox 1281 4320 1550 4391; x_wconf 80' lang='lat' dir='ltr'><strong>superﬂuo</strong></span> <span class='ocrx_word' id='word_1_459' title='bbox 1587 4322 1654 4375; x_wconf 87' lang='lat' dir='ltr'><strong>de</strong></span> <span class='ocrx_word' id='word_1_460' title='bbox 1682 4322 1862 4389; x_wconf 79' lang='lat' dir='ltr'><strong>Specie</strong></span> <span class='ocrx_word' id='word_1_461' title='bbox 1897 4321 1959 4374; x_wconf 88' lang='lat' dir='ltr'><strong>il-</strong></span> <span class='ocrx_word' id='word_1_462' title='bbox 1993 4361 2040 4419; x_wconf 64' lang='grc' dir='ltr'>Β</span> 
     </span>
    </p>
   </div>
   <div class='ocr_carea' id='block_1_53' title="bbox 385 4409 1959 4487">
    <p class='ocr_par' dir='ltr' id='par_1_53' title="bbox 385 4409 1959 4487">
     <span class='ocr_line' id='line_1_53' title="bbox 385 4409 1959 4487; baseline -0.005 -15"><span class='ocrx_word' id='word_1_463' title='bbox 385 4417 475 4473; x_wconf 90' lang='lat' dir='ltr'><strong>lud</strong></span> <span class='ocrx_word' id='word_1_464' title='bbox 524 4418 831 4487; x_wconf 84' lang='lat' dir='ltr'><strong>ambigere,</strong></span> <span class='ocrx_word' id='word_1_465' title='bbox 864 4415 1006 4484; x_wconf 87' lang='lat' dir='ltr'><strong>quod</strong></span> <span class='ocrx_word' id='word_1_466' title='bbox 1057 4413 1122 4466; x_wconf 92' lang='lat' dir='ltr'><strong>de</strong></span> <span class='ocrx_word' id='word_1_467' title='bbox 1171 4427 1369 4481; x_wconf 81' lang='lat' dir='ltr'><strong>genere</strong></span> <span class='ocrx_word' id='word_1_468' title='bbox 1417 4411 1628 4482; x_wconf 82' lang='lat' dir='ltr'><strong>cogeris</strong></span> <span class='ocrx_word' id='word_1_469' title='bbox 1667 4409 1959 4464; x_wconf 82' lang='lat' dir='ltr'><strong>allirmare.</strong></span> 
     </span>
    </p>
   </div>
   <div class='ocr_carea' id='block_1_54' title="bbox 387 4500 1966 4570">
    <p class='ocr_par' dir='ltr' id='par_1_54' title="bbox 387 4500 1966 4570">
     <span class='ocr_line' id='line_1_54' title="bbox 387 4500 1966 4570; baseline -0.007 -8"><span class='ocrx_word' id='word_1_470' title='bbox 387 4505 444 4562; x_wconf 89' lang='lat' dir='ltr'><strong>Si</strong></span> <span class='ocrx_word' id='word_1_471' title='bbox 485 4508 628 4560; x_wconf 89' lang='lat' dir='ltr'><strong>enim</strong></span> <span class='ocrx_word' id='word_1_472' title='bbox 660 4508 724 4560; x_wconf 89' lang='lat' dir='ltr'><strong>de</strong></span> <span class='ocrx_word' id='word_1_473' title='bbox 754 4505 1004 4560; x_wconf 88' lang='lat' dir='ltr'><strong>omnibus</strong></span> <span class='ocrx_word' id='word_1_474' title='bbox 1042 4518 1147 4556; x_wconf 87' lang='lat' dir='ltr'><strong>non</strong></span> <span class='ocrx_word' id='word_1_475' title='bbox 1189 4500 1360 4555; x_wconf 89' lang='lat' dir='ltr'><strong>solmn</strong></span> <span class='ocrx_word' id='word_1_476' title='bbox 1398 4510 1625 4570; x_wconf 83' lang='lat' dir='ltr'><strong>sponte,</strong></span> <span class='ocrx_word' id='word_1_477' title='bbox 1665 4501 1756 4554; x_wconf 89' lang='lat' dir='ltr'><strong>scd</strong></span> <span class='ocrx_word' id='word_1_478' title='bbox 1801 4500 1966 4554; x_wconf 89' lang='lat' dir='ltr'><strong>etiam</strong></span> 
     </span>
    </p>
   </div>
   <div class='ocr_carea' id='block_1_55' title="bbox 384 4591 1965 4660">
    <p class='ocr_par' dir='ltr' id='par_1_55' title="bbox 384 4591 1965 4660">
     <span class='ocr_line' id='line_1_55' title="bbox 384 4591 1965 4660; baseline -0.007 -8"><span class='ocrx_word' id='word_1_479' title='bbox 384 4603 574 4652; x_wconf 85' lang='lat' dir='ltr'><strong>eoacte</strong></span> <span class='ocrx_word' id='word_1_480' title='bbox 623 4596 925 4654; x_wconf 86' lang='lat' dir='ltr'><strong>conversis,</strong></span> <span class='ocrx_word' id='word_1_481' title='bbox 978 4593 1044 4647; x_wconf 86' lang='lat' dir='ltr'><strong>de</strong></span> <span class='ocrx_word' id='word_1_482' title='bbox 1101 4593 1187 4646; x_wconf 87' lang='lat' dir='ltr'><strong>his</strong></span> <span class='ocrx_word' id='word_1_483' title='bbox 1223 4591 1386 4646; x_wconf 85' lang='lat' dir='ltr'><strong>etiam</strong></span> <span class='ocrx_word' id='word_1_484' title='bbox 1427 4592 1517 4660; x_wconf 91' lang='lat' dir='ltr'><strong>qui</strong></span> <span class='ocrx_word' id='word_1_485' title='bbox 1556 4591 1965 4660; x_wconf 85' lang='lat' dir='ltr'><strong>despiciuntur,</strong></span> 
     </span>
    </p>
   </div>
   <div class='ocr_carea' id='block_1_56' title="bbox 388 4681 1968 4754">
    <p class='ocr_par' dir='ltr' id='par_1_56' title="bbox 388 4681 1968 4754">
     <span class='ocr_line' id='line_1_56' title="bbox 388 4681 1968 4754; baseline -0.005 -10"><span class='ocrx_word' id='word_1_486' title='bbox 388 4691 671 4745; x_wconf 88' lang='lat' dir='ltr'><strong>conversio</strong></span> <span class='ocrx_word' id='word_1_487' title='bbox 719 4699 836 4742; x_wconf 90' lang='lat' dir='ltr'><strong>rata</strong></span> <span class='ocrx_word' id='word_1_488' title='bbox 879 4687 1226 4748; x_wconf 88' lang='lat' dir='ltr'><strong>decernilur;</strong></span> <span class='ocrx_word' id='word_1_489' title='bbox 1270 4685 1501 4754; x_wconf 89' lang='lat' dir='ltr'><strong>qualiter</strong></span> <span class='ocrx_word' id='word_1_490' title='bbox 1539 4685 1592 4738; x_wconf 90' lang='lat' dir='ltr'><strong>in</strong></span> <span class='ocrx_word' id='word_1_491' title='bbox 1644 4684 1863 4753; x_wconf 76' lang='lat' dir='ltr'><strong>:egrolis</strong></span> <span class='ocrx_word' id='word_1_492' title='bbox 1901 4681 1968 4736; x_wconf 89' lang='lat' dir='ltr'><strong>ad</strong></span> 
     </span>
    </p>
   </div>
   <div class='ocr_carea' id='block_1_57' title="bbox 387 4776 1968 4842">
    <p class='ocr_par' dir='ltr' id='par_1_57' title="bbox 387 4776 1968 4842">
     <span class='ocr_line' id='line_1_57' title="bbox 387 4776 1968 4842; baseline -0.004 -9"><span class='ocrx_word' id='word_1_493' title='bbox 387 4780 492 4834; x_wconf 90' lang='lat' dir='ltr'><strong>hoc</strong></span> <span class='ocrx_word' id='word_1_494' title='bbox 550 4777 987 4836; x_wconf 88' lang='lat' dir='ltr'><strong>inenarrabiliter</strong></span> <span class='ocrx_word' id='word_1_495' title='bbox 1039 4776 1415 4839; x_wconf 62' lang='lat' dir='ltr'><strong>aestuantibus,</strong></span> <span class='ocrx_word' id='word_1_496' title='bbox 1476 4785 1532 4828; x_wconf 89' lang='lat' dir='ltr'><strong>et</strong></span> <span class='ocrx_word' id='word_1_497' title='bbox 1587 4791 1709 4829; x_wconf 92' lang='lat' dir='ltr'><strong>cum</strong></span> <span class='ocrx_word' id='word_1_498' title='bbox 1772 4788 1968 4842; x_wconf 81' lang='lat' dir='ltr'><strong>magno</strong></span> 
     </span>
    </p>
   </div>
   <div class='ocr_carea' id='block_1_58' title="bbox 386 4864 1975 4938">
    <p class='ocr_par' dir='ltr' id='par_1_58' title="bbox 386 4864 1975 4938">
     <span class='ocr_line' id='line_1_58' title="bbox 386 4864 1975 4938; baseline -0.004 -17"><span class='ocrx_word' id='word_1_499' title='bbox 386 4864 657 4925; x_wconf 82' lang='lat' dir='ltr'><strong>desiderio</strong></span> <span class='ocrx_word' id='word_1_500' title='bbox 712 4868 1084 4938; x_wconf 73' lang='lat' dir='ltr'><strong>ﬂagitantibus</strong></span> <span class='ocrx_word' id='word_1_501' title='bbox 1135 4883 1242 4922; x_wconf 91' lang='lat' dir='ltr'><strong>non</strong></span> <span class='ocrx_word' id='word_1_502' title='bbox 1291 4867 1478 4920; x_wconf 89' lang='lat' dir='ltr'><strong>eadem</strong></span> <span class='ocrx_word' id='word_1_503' title='bbox 1534 4864 1804 4937; x_wconf 80' lang='lat' dir='ltr'><strong>praecipue</strong></span> <span class='ocrx_word' id='word_1_504' title='bbox 1851 4877 1975 4916; x_wconf 86' lang='lat' dir='ltr'><strong>sen-</strong></span> 
     </span>
    </p>
   </div>
   <div class='ocr_carea' id='block_1_59' title="bbox 388 4957 974 5017">
    <p class='ocr_par' dir='ltr' id='par_1_59' title="bbox 388 4957 974 5017">
     <span class='ocr_line' id='line_1_59' title="bbox 388 4957 974 5017; baseline 0.002 -9"><span class='ocrx_word' id='word_1_505' title='bbox 388 4957 545 5012; x_wconf 88' lang='lat' dir='ltr'><strong>tentia</strong></span> <span class='ocrx_word' id='word_1_506' title='bbox 575 4959 974 5017; x_wconf 84' lang='lat' dir='ltr'><strong>conservetur?</strong></span> 
     </span>
    </p>
   </div>
   <div class='ocr_carea' id='block_1_60' title="bbox 448 5041 1975 5116">
    <p class='ocr_par' dir='ltr' id='par_1_60' title="bbox 448 5041 1975 5116">
     <span class='ocr_line' id='line_1_60' title="bbox 448 5041 1975 5116; baseline -0.003 -14"><span class='ocrx_word' id='word_1_507' title='bbox 448 5041 580 5102; x_wconf 81' lang='lat' dir='ltr'><strong>Nam</strong></span> <span class='ocrx_word' id='word_1_508' title='bbox 619 5062 678 5109; x_wconf 88' lang='lat' dir='ltr'><strong>ut</strong></span> <span class='ocrx_word' id='word_1_509' title='bbox 721 5049 794 5103; x_wconf 86' lang='lat' dir='ltr'><strong>de</strong></span> <span class='ocrx_word' id='word_1_510' title='bbox 833 5047 960 5100; x_wconf 87' lang='lat' dir='ltr'><strong>viris</strong></span> <span class='ocrx_word' id='word_1_511' title='bbox 999 5055 1239 5113; x_wconf 86' lang='lat' dir='ltr'><strong>taceam,</strong></span> <span class='ocrx_word' id='word_1_512' title='bbox 1275 5048 1472 5116; x_wconf 88' lang='lat' dir='ltr'><strong>quibus</strong></span> <span class='ocrx_word' id='word_1_513' title='bbox 1502 5049 1568 5103; x_wconf 84' lang='lat' dir='ltr'><strong>ad</strong></span> <span class='ocrx_word' id='word_1_514' title='bbox 1601 5044 1975 5102; x_wconf 84' lang='lat' dir='ltr'><strong>conversionis</strong></span> 
     </span>
    </p>
   </div>
   <div class='ocr_carea' id='block_1_61' title="bbox 381 5136 1975 5208">
    <p class='ocr_par' dir='ltr' id='par_1_61' title="bbox 381 5136 1975 5208">
     <span class='ocr_line' id='line_1_61' title="bbox 381 5136 1975 5208; baseline 0.001 -23"><span class='ocrx_word' id='word_1_515' title='bbox 381 5136 669 5198; x_wconf 86' lang='lat' dir='ltr'><strong>remedium</strong></span> <span class='ocrx_word' id='word_1_516' title='bbox 728 5137 878 5193; x_wconf 84' lang='lat' dir='ltr'><strong>nulla</strong></span> <span class='ocrx_word' id='word_1_517' title='bbox 927 5140 1248 5208; x_wconf 65' lang='lat' dir='ltr'><strong>prmjudicat</strong></span> <span class='ocrx_word' id='word_1_518' title='bbox 1295 5149 1463 5204; x_wconf 73' lang='lat' dir='ltr'><strong>tetas,</strong></span> <span class='ocrx_word' id='word_1_519' title='bbox 1502 5139 1704 5195; x_wconf 90' lang='lat' dir='ltr'><strong>nullum</strong></span> <span class='ocrx_word' id='word_1_520' title='bbox 1763 5146 1975 5203; x_wconf 86' lang='lat' dir='ltr'><strong>tempus</strong></span> 
     </span>
    </p>
   </div>
   <div class='ocr_carea' id='block_1_62' title="bbox 374 5220 1968 5302">
    <p class='ocr_par' dir='ltr' id='par_1_62' title="bbox 374 5220 1968 5302">
     <span class='ocr_line' id='line_1_62' title="bbox 374 5220 1968 5302; baseline 0.001 -30"><span class='ocrx_word' id='word_1_521' title='bbox 374 5220 608 5296; x_wconf 76' lang='lat' dir='ltr'><strong>obsistit,</strong></span> <span class='ocrx_word' id='word_1_522' title='bbox 648 5234 814 5300; x_wconf 82' lang='lat' dir='ltr'><strong>ipsas</strong></span> <span class='ocrx_word' id='word_1_523' title='bbox 843 5227 1002 5279; x_wconf 75' lang='lat' dir='ltr'><strong>etiam</strong></span> <span class='ocrx_word' id='word_1_524' title='bbox 1045 5231 1317 5302; x_wconf 79' lang='lat' dir='ltr'><strong>virgines,</strong></span> <span class='ocrx_word' id='word_1_525' title='bbox 1360 5245 1500 5298; x_wconf 88' lang='lat' dir='ltr'><strong>quas</strong></span> <span class='ocrx_word' id='word_1_526' title='bbox 1539 5228 1640 5282; x_wconf 90' lang='lat' dir='ltr'><strong>nisi</strong></span> <span class='ocrx_word' id='word_1_527' title='bbox 1682 5226 1734 5278; x_wconf 83' lang='lat' dir='ltr'><strong>in</strong></span> <span class='ocrx_word' id='word_1_528' title='bbox 1777 5223 1968 5293; x_wconf 75' lang='lat' dir='ltr'><strong>praeci-</strong></span> 
     </span>
    </p>
   </div>
   <div class='ocr_carea' id='block_1_63' title="bbox 365 5310 1974 5358">
    <p class='ocr_par' dir='ltr' id='par_1_63' title="bbox 365 5310 1974 5358">
     <span class='ocr_line' id='line_1_63' title="bbox 365 5310 1974 5358; baseline 0 0"><span class='ocrx_word' id='word_1_529' title='bbox 365 5310 479 5358; x_wconf 79' lang='lat' dir='ltr'><strong>nnis</strong></span> <span class='ocrx_word' id='word_1_530' title='bbox 518 5315 966 5358; x_wconf 67' lang='grc' dir='ltr'>ὕιριῖινίιςιιίιιιις.</span> <span class='ocrx_word' id='word_1_531' title='bbox 1025 5330 1076 5358; x_wconf 71' lang='grc' dir='ltr'><strong>ιιι</strong></span> <span class='ocrx_word' id='word_1_532' title='bbox 1118 5328 1236 5358; x_wconf 68' lang='grc' dir='ltr'><strong>πηαι</strong></span> <span class='ocrx_word' id='word_1_533' title='bbox 1283 5319 1479 5358; x_wconf 62' lang='grc' dir='ltr'><strong>νὴνίηή</strong></span> <span class='ocrx_word' id='word_1_534' title='bbox 1521 5319 1762 5358; x_wconf 74' lang='lat' dir='ltr'><strong>animum</strong></span> <span class='ocrx_word' id='word_1_535' title='bbox 1801 5328 1974 5358; x_wconf 58' lang='lat' dir='ltr'><strong>mum:</strong></span> 
     </span>
    </p>
   </div>
   <div class='ocr_carea' id='block_1_64' title="bbox 2047 1756 3627 1832">
    <p class='ocr_par' dir='ltr' id='par_1_64' title="bbox 2047 1756 3627 1832">
     <span class='ocr_line' id='line_1_64' title="bbox 2047 1756 3627 1832; baseline -0.009 -8"><span class='ocrx_word' id='word_1_536' title='bbox 2047 1770 2190 1824; x_wconf 87' lang='lat' dir='ltr'><strong>dicta</strong></span> <span class='ocrx_word' id='word_1_537' title='bbox 2214 1776 2335 1823; x_wconf 89' lang='lat' dir='ltr'><strong>sunt</strong></span> <span class='ocrx_word' id='word_1_538' title='bbox 2358 1808 2372 1832; x_wconf 97' lang='lat'><strong>,</strong></span> <span class='ocrx_word' id='word_1_539' title='bbox 2399 1765 2638 1820; x_wconf 90' lang='lat' dir='ltr'><strong>studiose</strong></span> <span class='ocrx_word' id='word_1_540' title='bbox 2667 1762 3000 1826; x_wconf 88' lang='lat' dir='ltr'><strong>consideras,</strong></span> <span class='ocrx_word' id='word_1_541' title='bbox 3030 1760 3094 1813; x_wconf 91' lang='lat' dir='ltr'><strong>ad</strong></span> <span class='ocrx_word' id='word_1_542' title='bbox 3121 1756 3497 1828; x_wconf 85' lang='lat' dir='ltr'><strong>disputationis</strong></span> <span class='ocrx_word' id='word_1_543' title='bbox 3519 1757 3627 1809; x_wconf 90' lang='lat' dir='ltr'><strong>vim</strong></span> 
     </span>
    </p>
   </div>
   <div class='ocr_carea' id='block_1_65' title="bbox 2048 1846 3627 1932">
    <p class='ocr_par' dir='ltr' id='par_1_65' title="bbox 2048 1846 3627 1932">
     <span class='ocr_line' id='line_1_65' title="bbox 2048 1846 3627 1932; baseline -0.011 -18"><span class='ocrx_word' id='word_1_544' title='bbox 2048 1859 2366 1932; x_wconf 87' lang='lat' dir='ltr'><strong>propensius</strong></span> <span class='ocrx_word' id='word_1_545' title='bbox 2399 1855 2758 1911; x_wconf 87' lang='lat' dir='ltr'><strong>roborandam</strong></span> <span class='ocrx_word' id='word_1_546' title='bbox 2791 1855 2895 1908; x_wconf 87' lang='lat' dir='ltr'><strong>hoc</strong></span> <span class='ocrx_word' id='word_1_547' title='bbox 2928 1867 3031 1906; x_wconf 93' lang='lat' dir='ltr'><strong>non</strong></span> <span class='ocrx_word' id='word_1_548' title='bbox 3065 1866 3131 1904; x_wconf 83' lang='lat' dir='ltr'><strong>ex</strong></span> <span class='ocrx_word' id='word_1_549' title='bbox 3157 1849 3504 1911; x_wconf 79' lang='lat' dir='ltr'><strong>necessitate,</strong></span> <span class='ocrx_word' id='word_1_550' title='bbox 3535 1846 3627 1900; x_wconf 92' lang='lat' dir='ltr'><strong>sed</strong></span> 
     </span>
    </p>
   </div>
   <div class='ocr_carea' id='block_1_66' title="bbox 2048 1940 3628 2013">
    <p class='ocr_par' dir='ltr' id='par_1_66' title="bbox 2048 1940 3628 2013">
     <span class='ocr_line' id='line_1_66' title="bbox 2048 1940 3628 2013; baseline -0.011 -4"><span class='ocrx_word' id='word_1_551' title='bbox 2048 1970 2112 2009; x_wconf 80' lang='lat' dir='ltr'><strong>ex</strong></span> <span class='ocrx_word' id='word_1_552' title='bbox 2159 1953 2317 2007; x_wconf 68' lang='grc' dir='ltr'><strong>ιωιὶἰο</strong></span> <span class='ocrx_word' id='word_1_553' title='bbox 2354 1950 2548 2004; x_wconf 80' lang='lat' dir='ltr'><strong>fecisse</strong></span> <span class='ocrx_word' id='word_1_554' title='bbox 2589 1962 2673 2001; x_wconf 88' lang='lat' dir='ltr'><strong>me</strong></span> <span class='ocrx_word' id='word_1_555' title='bbox 2712 1961 2818 2000; x_wconf 92' lang='lat' dir='ltr'><strong>non</strong></span> <span class='ocrx_word' id='word_1_556' title='bbox 2861 1946 3098 2013; x_wconf 78' lang='lat' dir='ltr'><strong>ignoras.</strong></span> <span class='ocrx_word' id='word_1_557' title='bbox 3142 1941 3309 1996; x_wconf 79' lang='lat' dir='ltr'><strong>Plane</strong></span> <span class='ocrx_word' id='word_1_558' title='bbox 3348 1940 3392 1994; x_wconf 88' lang='lat' dir='ltr'><strong>si</strong></span> <span class='ocrx_word' id='word_1_559' title='bbox 3432 1948 3628 1992; x_wconf 85' lang='lat' dir='ltr'><strong>cuncta</strong></span> 
     </span>
    </p>
   </div>
   <div class='ocr_carea' id='block_1_67' title="bbox 2047 2029 3634 2111">
    <p class='ocr_par' dir='ltr' id='par_1_67' title="bbox 2047 2029 3634 2111">
     <span class='ocr_line' id='line_1_67' title="bbox 2047 2029 3634 2111; baseline -0.011 -11"><span class='ocrx_word' id='word_1_560' title='bbox 2047 2061 2223 2100; x_wconf 74' lang='lat' dir='ltr'><strong>sacra:</strong></span> <span class='ocrx_word' id='word_1_561' title='bbox 2276 2043 2574 2111; x_wconf 74' lang='lat' dir='ltr'><strong>Scriptura:</strong></span> <span class='ocrx_word' id='word_1_562' title='bbox 2626 2038 2976 2098; x_wconf 86' lang='lat' dir='ltr'><strong>testimonia,</strong></span> <span class='ocrx_word' id='word_1_563' title='bbox 3025 2049 3144 2103; x_wconf 78' lang='lat' dir='ltr'><strong>quae</strong></span> <span class='ocrx_word' id='word_1_564' title='bbox 3177 2034 3303 2088; x_wconf 90' lang='lat' dir='ltr'><strong>huic</strong></span> <span class='ocrx_word' id='word_1_565' title='bbox 3344 2029 3634 2086; x_wconf 63' lang='lat' dir='ltr'><strong>assertioni</strong></span> 
     </span>
    </p>
   </div>
   <div class='ocr_carea' id='block_1_68' title="bbox 2050 2130 3634 2204">
    <p class='ocr_par' dir='ltr' id='par_1_68' title="bbox 2050 2130 3634 2204">
     <span class='ocr_line' id='line_1_68' title="bbox 2050 2130 3634 2204; baseline -0.012 -13"><span class='ocrx_word' id='word_1_566' title='bbox 2050 2150 2291 2204; x_wconf 77' lang='lat' dir='ltr'><strong>congrua</strong></span> <span class='ocrx_word' id='word_1_567' title='bbox 2348 2132 2715 2202; x_wconf 88' lang='lat' dir='ltr'><strong>reperiuntur,</strong></span> <span class='ocrx_word' id='word_1_568' title='bbox 2772 2136 3108 2183; x_wconf 89' lang='lat' dir='ltr'><strong>tentaremus</strong></span> <span class='ocrx_word' id='word_1_569' title='bbox 3155 2137 3456 2193; x_wconf 86' lang='lat' dir='ltr'><strong>apponere,</strong></span> <span class='ocrx_word' id='word_1_570' title='bbox 3506 2130 3634 2173; x_wconf 84' lang='lat' dir='ltr'><strong>ante</strong></span> 
     </span>
    </p>
   </div>
   <div class='ocr_carea' id='block_1_69' title="bbox 2050 2215 3629 2291">
    <p class='ocr_par' dir='ltr' id='par_1_69' title="bbox 2050 2215 3629 2291">
     <span class='ocr_line' id='line_1_69' title="bbox 2050 2215 3629 2291; baseline -0.013 -8"><span class='ocrx_word' id='word_1_571' title='bbox 2050 2228 2282 2283; x_wconf 82' lang='lat' dir='ltr'><strong>fortasse</strong></span> <span class='ocrx_word' id='word_1_572' title='bbox 2319 2224 2470 2286; x_wconf 90' lang='lat' dir='ltr'><strong>dies,</strong></span> <span class='ocrx_word' id='word_1_573' title='bbox 2506 2237 2668 2291; x_wconf 87' lang='lat' dir='ltr'><strong>quam</strong></span> <span class='ocrx_word' id='word_1_574' title='bbox 2709 2220 3080 2291; x_wconf 73' lang='lat' dir='ltr'><strong>exemplorum</strong></span> <span class='ocrx_word' id='word_1_575' title='bbox 3135 2215 3289 2285; x_wconf 89' lang='lat' dir='ltr'><strong>copia</strong></span> <span class='ocrx_word' id='word_1_576' title='bbox 3339 2225 3629 2267; x_wconf 87' lang='lat' dir='ltr'><strong>ntnnerosa</strong></span> 
     </span>
    </p>
   </div>
   <div class='ocr_carea' id='block_1_70' title="bbox 2050 2301 3630 2384">
    <p class='ocr_par' dir='ltr' id='par_1_70' title="bbox 2050 2301 3630 2384">
     <span class='ocr_line' id='line_1_70' title="bbox 2050 2301 3630 2384; baseline -0.015 -10"><span class='ocrx_word' id='word_1_577' title='bbox 2050 2317 2349 2374; x_wconf 89' lang='lat' dir='ltr'><strong>deﬁceret:</strong></span> <span class='ocrx_word' id='word_1_578' title='bbox 2393 2327 2625 2384; x_wconf 88' lang='lat' dir='ltr'><strong>quorum</strong></span> <span class='ocrx_word' id='word_1_579' title='bbox 2662 2308 2914 2364; x_wconf 72' lang='lat' dir='ltr'><strong>videlicet</strong></span> <span class='ocrx_word' id='word_1_580' title='bbox 2953 2306 3158 2360; x_wconf 87' lang='lat' dir='ltr'><strong>idcirco</strong></span> <span class='ocrx_word' id='word_1_581' title='bbox 3196 2303 3439 2357; x_wconf 89' lang='lat' dir='ltr'><strong>scribere</strong></span> <span class='ocrx_word' id='word_1_582' title='bbox 3475 2301 3630 2371; x_wconf 87' lang='lat' dir='ltr'><strong>plura</strong></span> 
     </span>
    </p>
   </div>
   <div class='ocr_carea' id='block_1_71' title="bbox 2054 2391 3629 2479">
    <p class='ocr_par' dir='ltr' id='par_1_71' title="bbox 2054 2391 3629 2479">
     <span class='ocr_line' id='line_1_71' title="bbox 2054 2391 3629 2479; baseline -0.014 -17"><span class='ocrx_word' id='word_1_583' title='bbox 2054 2406 2459 2479; x_wconf 88' lang='lat' dir='ltr'><strong>postponimus,</strong></span> <span class='ocrx_word' id='word_1_584' title='bbox 2488 2402 2614 2471; x_wconf 89' lang='lat' dir='ltr'><strong>quia</strong></span> <span class='ocrx_word' id='word_1_585' title='bbox 2641 2397 2970 2471; x_wconf 80' lang='lat' dir='ltr'><strong>prolixitatis</strong></span> <span class='ocrx_word' id='word_1_586' title='bbox 2998 2395 3273 2450; x_wconf 80' lang='lat' dir='ltr'><strong>fastidium</strong></span> <span class='ocrx_word' id='word_1_587' title='bbox 3305 2391 3629 2446; x_wconf 86' lang='lat' dir='ltr'><strong>devitamus.</strong></span> 
     </span>
    </p>
   </div>
   <div class='ocr_carea' id='block_1_72' title="bbox 2053 2480 3634 2569">
    <p class='ocr_par' dir='ltr' id='par_1_72' title="bbox 2053 2480 3634 2569">
     <span class='ocr_line' id='line_1_72' title="bbox 2053 2480 3634 2569; baseline -0.012 -18"><span class='ocrx_word' id='word_1_588' title='bbox 2053 2500 2393 2569; x_wconf 84' lang='lat' dir='ltr'><strong>Quapropter</strong></span> <span class='ocrx_word' id='word_1_589' title='bbox 2462 2493 2804 2563; x_wconf 89' lang='lat' dir='ltr'><strong>impudenter</strong></span> <span class='ocrx_word' id='word_1_590' title='bbox 2881 2488 3058 2542; x_wconf 90' lang='lat' dir='ltr'><strong>adhuc</strong></span> <span class='ocrx_word' id='word_1_591' title='bbox 3099 2483 3408 2539; x_wconf 89' lang='lat' dir='ltr'><strong>testimonia</strong></span> <span class='ocrx_word' id='word_1_592' title='bbox 3448 2480 3634 2549; x_wconf 88' lang='lat' dir='ltr'><strong>requi-</strong></span> 
     </span>
    </p>
   </div>
   <div class='ocr_carea' id='block_1_73' title="bbox 2055 2573 3636 2654">
    <p class='ocr_par' dir='ltr' id='par_1_73' title="bbox 2055 2573 3636 2654">
     <span class='ocr_line' id='line_1_73' title="bbox 2055 2573 3636 2654; baseline -0.014 -9"><span class='ocrx_word' id='word_1_593' title='bbox 2055 2599 2265 2645; x_wconf 87' lang='lat' dir='ltr'><strong>rentem</strong></span> <span class='ocrx_word' id='word_1_594' title='bbox 2300 2588 2366 2641; x_wconf 92' lang='lat' dir='ltr'><strong>ad</strong></span> <span class='ocrx_word' id='word_1_595' title='bbox 2401 2600 2486 2650; x_wconf 90' lang='lat' dir='ltr'><strong>ea,</strong></span> <span class='ocrx_word' id='word_1_596' title='bbox 2509 2599 2630 2654; x_wconf 73' lang='lat' dir='ltr'><strong>quae</strong></span> <span class='ocrx_word' id='word_1_597' title='bbox 2669 2580 2916 2650; x_wconf 88' lang='lat' dir='ltr'><strong>superius</strong></span> <span class='ocrx_word' id='word_1_598' title='bbox 2951 2585 3374 2646; x_wconf 80' lang='lat' dir='ltr'><strong>suntcongesta,</strong></span> <span class='ocrx_word' id='word_1_599' title='bbox 3404 2573 3636 2627; x_wconf 89' lang='lat' dir='ltr'><strong>remitti-</strong></span> 
     </span>
    </p>
   </div>
   <div class='ocr_carea' id='block_1_74' title="bbox 2058 2664 3636 2746">
    <p class='ocr_par' dir='ltr' id='par_1_74' title="bbox 2058 2664 3636 2746">
     <span class='ocr_line' id='line_1_74' title="bbox 2058 2664 3636 2746; baseline -0.013 -11"><span class='ocrx_word' id='word_1_600' title='bbox 2058 2696 2218 2744; x_wconf 89' lang='lat' dir='ltr'><strong>mus;</strong></span> <span class='ocrx_word' id='word_1_601' title='bbox 2260 2678 2350 2733; x_wconf 88' lang='lat' dir='ltr'><strong>ubi</strong></span> <span class='ocrx_word' id='word_1_602' title='bbox 2391 2684 2622 2746; x_wconf 75' lang='lat' dir='ltr'><strong>tegi-otes</strong></span> <span class='ocrx_word' id='word_1_603' title='bbox 2661 2672 2868 2742; x_wconf 88' lang='lat' dir='ltr'><strong>pariter</strong></span> <span class='ocrx_word' id='word_1_604' title='bbox 2905 2679 2959 2724; x_wconf 90' lang='lat' dir='ltr'><strong>et</strong></span> <span class='ocrx_word' id='word_1_605' title='bbox 2998 2667 3294 2723; x_wconf 90' lang='lat' dir='ltr'><strong>incolumes</strong></span> <span class='ocrx_word' id='word_1_606' title='bbox 3325 2664 3512 2718; x_wconf 89' lang='lat' dir='ltr'><strong>eadem</strong></span> <span class='ocrx_word' id='word_1_607' title='bbox 3555 2677 3636 2716; x_wconf 85' lang='lat' dir='ltr'><strong>re-</strong></span> 
     </span>
    </p>
   </div>
   <div class='ocr_carea' id='block_1_75' title="bbox 2057 2752 3639 2841">
    <p class='ocr_par' dir='ltr' id='par_1_75' title="bbox 2057 2752 3639 2841">
     <span class='ocr_line' id='line_1_75' title="bbox 2057 2752 3639 2841; baseline -0.011 -19"><span class='ocrx_word' id='word_1_608' title='bbox 2057 2771 2178 2841; x_wconf 80' lang='lat' dir='ltr'><strong>gula</strong></span> <span class='ocrx_word' id='word_1_609' title='bbox 2209 2763 2651 2836; x_wconf 87' lang='lat' dir='ltr'><strong>comprehcndit,</strong></span> <span class='ocrx_word' id='word_1_610' title='bbox 2685 2777 2806 2830; x_wconf 67' lang='lat' dir='ltr'><strong>quae</strong></span> <span class='ocrx_word' id='word_1_611' title='bbox 2834 2776 2940 2814; x_wconf 92' lang='lat' dir='ltr'><strong>non</strong></span> <span class='ocrx_word' id='word_1_612' title='bbox 2970 2759 3143 2813; x_wconf 89' lang='lat' dir='ltr'><strong>solum</strong></span> <span class='ocrx_word' id='word_1_613' title='bbox 3175 2753 3508 2816; x_wconf 89' lang='lat' dir='ltr'><strong>voluntarie,</strong></span> <span class='ocrx_word' id='word_1_614' title='bbox 3542 2752 3639 2806; x_wconf 89' lang='lat' dir='ltr'><strong>sed</strong></span> 
     </span>
    </p>
   </div>
   <div class='ocr_carea' id='block_1_76' title="bbox 2059 2847 3638 2918">
    <p class='ocr_par' dir='ltr' id='par_1_76' title="bbox 2059 2847 3638 2918">
     <span class='ocr_line' id='line_1_76' title="bbox 2059 2847 3638 2918; baseline -0.013 0"><span class='ocrx_word' id='word_1_615' title='bbox 2059 2864 2224 2918; x_wconf 89' lang='lat' dir='ltr'><strong>etiam</strong></span> <span class='ocrx_word' id='word_1_616' title='bbox 2267 2859 2533 2914; x_wconf 86' lang='lat' dir='ltr'><strong>violenter</strong></span> <span class='ocrx_word' id='word_1_617' title='bbox 2567 2868 2864 2912; x_wconf 86' lang='lat' dir='ltr'><strong>conversos</strong></span> <span class='ocrx_word' id='word_1_618' title='bbox 2889 2895 2902 2917; x_wconf 99' lang='lat'><strong>,</strong></span> <span class='ocrx_word' id='word_1_619' title='bbox 2945 2852 3089 2906; x_wconf 86' lang='lat' dir='ltr'><strong>ultro</strong></span> <span class='ocrx_word' id='word_1_620' title='bbox 3127 2850 3290 2903; x_wconf 90' lang='lat' dir='ltr'><strong>etiam</strong></span> <span class='ocrx_word' id='word_1_621' title='bbox 3333 2847 3638 2914; x_wconf 87' lang='lat' dir='ltr'><strong>deceptoris</strong></span> 
     </span>
    </p>
   </div>
   <div class='ocr_carea' id='block_1_77' title="bbox 2063 2939 3635 3018">
    <p class='ocr_par' dir='ltr' id='par_1_77' title="bbox 2063 2939 3635 3018">
     <span class='ocr_line' id='line_1_77' title="bbox 2063 2939 3635 3018; baseline -0.012 -10"><span class='ocrx_word' id='word_1_622' title='bbox 2063 2949 2558 3009; x_wconf 86' lang='lat' dir='ltr'><strong>machinationibus</strong></span> <span class='ocrx_word' id='word_1_623' title='bbox 2589 2961 2877 3018; x_wconf 88' lang='lat' dir='ltr'><strong>persuasos</strong></span> <span class='ocrx_word' id='word_1_624' title='bbox 2904 2946 2955 2999; x_wconf 91' lang='lat' dir='ltr'><strong>in</strong></span> <span class='ocrx_word' id='word_1_625' title='bbox 2986 2943 3173 2998; x_wconf 90' lang='lat' dir='ltr'><strong>eodem</strong></span> <span class='ocrx_word' id='word_1_626' title='bbox 3207 2939 3482 3010; x_wconf 88' lang='lat' dir='ltr'><strong>proposito</strong></span> <span class='ocrx_word' id='word_1_627' title='bbox 3512 2952 3635 3008; x_wconf 87' lang='lat' dir='ltr'><strong>per-</strong></span> 
     </span>
    </p>
   </div>
   <div class='ocr_carea' id='block_1_78' title="bbox 2062 3042 2603 3106">
    <p class='ocr_par' dir='ltr' id='par_1_78' title="bbox 2062 3042 2603 3106">
     <span class='ocr_line' id='line_1_78' title="bbox 2062 3042 2603 3106; baseline -0.02 0"><span class='ocrx_word' id='word_1_628' title='bbox 2062 3061 2313 3106; x_wconf 87' lang='lat' dir='ltr'><strong>severare</strong></span> <span class='ocrx_word' id='word_1_629' title='bbox 2341 3042 2603 3100; x_wconf 89' lang='lat' dir='ltr'><strong>decernit.</strong></span> 
     </span>
    </p>
   </div>
   <div class='ocr_carea' id='block_1_79' title="bbox 2658 3175 3030 3235">
    <p class='ocr_par' dir='ltr' id='par_1_79' title="bbox 2658 3175 3030 3235">
     <span class='ocr_line' id='line_1_79' title="bbox 2658 3175 3030 3235; baseline -0.019 -1"><span class='ocrx_word' id='word_1_630' title='bbox 2658 3176 2884 3235; x_wconf 78' lang='lat' dir='ltr'><strong>CAPUT</strong></span> <span class='ocrx_word' id='word_1_631' title='bbox 2924 3175 3030 3229; x_wconf 70' lang='lat' dir='ltr'><strong>Vll.</strong></span> 
     </span>
    </p>
   </div>
   <div class='ocr_carea' id='block_1_80' title="bbox 2485 3286 3204 3357">
    <p class='ocr_par' dir='ltr' id='par_1_80' title="bbox 2485 3286 3204 3357">
     <span class='ocr_line' id='line_1_80' title="bbox 2485 3286 3204 3357; baseline -0.014 -10"><span class='ocrx_word' id='word_1_632' title='bbox 2485 3294 2564 3347; x_wconf 83' lang='lat' dir='ltr'><strong>Au</strong></span> <span class='ocrx_word' id='word_1_633' title='bbox 2600 3292 2768 3346; x_wconf 67' lang='lat' dir='ltr'><strong>viduus</strong></span> <span class='ocrx_word' id='word_1_634' title='bbox 2799 3288 2956 3343; x_wconf 79' lang='lat' dir='ltr'><strong>velari</strong></span> <span class='ocrx_word' id='word_1_635' title='bbox 2985 3286 3204 3357; x_wconf 81' lang='lat' dir='ltr'><strong>possint.</strong></span> 
     </span>
    </p>
   </div>
   <div class='ocr_carea' id='block_1_81' title="bbox 2134 3397 3644 3469">
    <p class='ocr_par' dir='ltr' id='par_1_81' title="bbox 2134 3397 3644 3469">
     <span class='ocr_line' id='line_1_81' title="bbox 2134 3397 3644 3469; baseline -0.015 -2"><span class='ocrx_word' id='word_1_636' title='bbox 2134 3411 2306 3466; x_wconf 84' lang='lat' dir='ltr'><strong>Tanta</strong></span> <span class='ocrx_word' id='word_1_637' title='bbox 2345 3407 2733 3469; x_wconf 88' lang='lat' dir='ltr'><strong>veneratione,</strong></span> <span class='ocrx_word' id='word_1_638' title='bbox 2776 3411 2926 3457; x_wconf 85' lang='lat' dir='ltr'><strong>tanta</strong></span> <span class='ocrx_word' id='word_1_639' title='bbox 2967 3397 3226 3455; x_wconf 64' lang='lat' dir='ltr'><strong>custodia:</strong></span> <span class='ocrx_word' id='word_1_640' title='bbox 3263 3409 3490 3451; x_wconf 87' lang='lat' dir='ltr'><strong>censura</strong></span> <span class='ocrx_word' id='word_1_641' title='bbox 3525 3408 3644 3447; x_wconf 85' lang='lat' dir='ltr'><strong>mo-</strong></span> 
     </span>
    </p>
   </div>
   <div class='ocr_carea' id='block_1_82' title="bbox 2063 3490 3645 3561">
    <p class='ocr_par' dir='ltr' id='par_1_82' title="bbox 2063 3490 3645 3561">
     <span class='ocr_line' id='line_1_82' title="bbox 2063 3490 3645 3561; baseline -0.015 0"><span class='ocrx_word' id='word_1_642' title='bbox 2063 3505 2349 3561; x_wconf 90' lang='lat' dir='ltr'><strong>nachicum</strong></span> <span class='ocrx_word' id='word_1_643' title='bbox 2388 3499 2632 3556; x_wconf 88' lang='lat' dir='ltr'><strong>habitum</strong></span> <span class='ocrx_word' id='word_1_644' title='bbox 2674 3495 2848 3551; x_wconf 90' lang='lat' dir='ltr'><strong>sancti</strong></span> <span class='ocrx_word' id='word_1_645' title='bbox 2887 3494 3076 3547; x_wconf 89' lang='lat' dir='ltr'><strong>Patres</strong></span> <span class='ocrx_word' id='word_1_646' title='bbox 3111 3490 3331 3559; x_wconf 81' lang='lat' dir='ltr'><strong>dignum</strong></span> <span class='ocrx_word' id='word_1_647' title='bbox 3361 3500 3482 3542; x_wconf 84' lang='lat' dir='ltr'><strong>esse</strong></span> <span class='ocrx_word' id='word_1_648' title='bbox 3512 3499 3645 3539; x_wconf 87' lang='lat' dir='ltr'><strong>ceu-</strong></span> 
     </span>
    </p>
   </div>
   <div class='ocr_carea' id='block_1_83' title="bbox 2061 3575 3642 3661">
    <p class='ocr_par' dir='ltr' id='par_1_83' title="bbox 2061 3575 3642 3661">
     <span class='ocr_line' id='line_1_83' title="bbox 2061 3575 3642 3661; baseline -0.018 -6"><span class='ocrx_word' id='word_1_649' title='bbox 2061 3603 2318 3661; x_wconf 85' lang='lat' dir='ltr'><strong>suerunt,</strong></span> <span class='ocrx_word' id='word_1_650' title='bbox 2344 3603 2405 3648; x_wconf 90' lang='lat' dir='ltr'><strong>ut</strong></span> <span class='ocrx_word' id='word_1_651' title='bbox 2434 3606 2570 3661; x_wconf 89' lang='lat' dir='ltr'><strong>pene</strong></span> <span class='ocrx_word' id='word_1_652' title='bbox 2601 3601 2925 3659; x_wconf 90' lang='lat' dir='ltr'><strong>quocunque</strong></span> <span class='ocrx_word' id='word_1_653' title='bbox 2954 3583 3110 3637; x_wconf 91' lang='lat' dir='ltr'><strong>modo</strong></span> <span class='ocrx_word' id='word_1_654' title='bbox 3148 3580 3303 3634; x_wconf 47' lang='lat' dir='ltr'><strong>illum.</strong></span> <span class='ocrx_word' id='word_1_655' title='bbox 3327 3578 3450 3649; x_wconf 91' lang='lat' dir='ltr'><strong>quis</strong></span> <span class='ocrx_word' id='word_1_656' title='bbox 3475 3575 3642 3630; x_wconf 82' lang='lat' dir='ltr'><strong>semel</strong></span> 
     </span>
    </p>
   </div>
   <div class='ocr_carea' id='block_1_84' title="bbox 2064 3667 3647 3752">
    <p class='ocr_par' dir='ltr' id='par_1_84' title="bbox 2064 3667 3647 3752">
     <span class='ocr_line' id='line_1_84' title="bbox 2064 3667 3647 3752; baseline -0.016 -8"><span class='ocrx_word' id='word_1_657' title='bbox 2064 3689 2331 3750; x_wconf 87' lang='lat' dir='ltr'><strong>indueret,</strong></span> <span class='ocrx_word' id='word_1_658' title='bbox 2357 3681 2700 3752; x_wconf 80' lang='lat' dir='ltr'><strong>relinquendi</strong></span> <span class='ocrx_word' id='word_1_659' title='bbox 2733 3676 3072 3748; x_wconf 89' lang='lat' dir='ltr'><strong>postmodum</strong></span> <span class='ocrx_word' id='word_1_660' title='bbox 3107 3671 3376 3726; x_wconf 86' lang='lat' dir='ltr'><strong>licentiam</strong></span> <span class='ocrx_word' id='word_1_661' title='bbox 3410 3685 3514 3722; x_wconf 91' lang='lat' dir='ltr'><strong>non</strong></span> <span class='ocrx_word' id='word_1_662' title='bbox 3550 3667 3647 3720; x_wconf 78' lang='lat' dir='ltr'><strong>ha-</strong></span> 
     </span>
    </p>
   </div>
   <div class='ocr_carea' id='block_1_85' title="bbox 2063 3760 3649 3837">
    <p class='ocr_par' dir='ltr' id='par_1_85' title="bbox 2063 3760 3649 3837">
     <span class='ocr_line' id='line_1_85' title="bbox 2063 3760 3649 3837; baseline -0.015 -1"><span class='ocrx_word' id='word_1_663' title='bbox 2063 3783 2236 3837; x_wconf 90' lang='lat' dir='ltr'><strong>beret.</strong></span> <span class='ocrx_word' id='word_1_664' title='bbox 2281 3778 2349 3831; x_wconf 87' lang='lat' dir='ltr'><strong>Et</strong></span> <span class='ocrx_word' id='word_1_665' title='bbox 2387 3786 2478 3837; x_wconf 88' lang='lat' dir='ltr'><strong>ut,</strong></span> <span class='ocrx_word' id='word_1_666' title='bbox 2517 3773 2658 3833; x_wconf 77' lang='grc' dir='ltr'>(ιιιοά</span> <span class='ocrx_word' id='word_1_667' title='bbox 2709 3771 2968 3830; x_wconf 87' lang='lat' dir='ltr'><strong>dicimus,</strong></span> <span class='ocrx_word' id='word_1_668' title='bbox 3019 3763 3343 3819; x_wconf 87' lang='lat' dir='ltr'><strong>testimoniis</strong></span> <span class='ocrx_word' id='word_1_669' title='bbox 3389 3760 3649 3831; x_wconf 86' lang='lat' dir='ltr'><strong>approbe-</strong></span> 
     </span>
    </p>
   </div>
   <div class='ocr_carea' id='block_1_86' title="bbox 2066 3851 3642 3936">
    <p class='ocr_par' dir='ltr' id='par_1_86' title="bbox 2066 3851 3642 3936">
     <span class='ocr_line' id='line_1_86' title="bbox 2066 3851 3642 3936; baseline -0.014 -11"><span class='ocrx_word' id='word_1_670' title='bbox 2066 3886 2216 3933; x_wconf 89' lang='lat' dir='ltr'><strong>mus,</strong></span> <span class='ocrx_word' id='word_1_671' title='bbox 2257 3867 2496 3936; x_wconf 89' lang='lat' dir='ltr'><strong>nunquid</strong></span> <span class='ocrx_word' id='word_1_672' title='bbox 2536 3879 2640 3918; x_wconf 90' lang='lat' dir='ltr'><strong>non</strong></span> <span class='ocrx_word' id='word_1_673' title='bbox 2696 3859 2993 3930; x_wconf 65' lang='lat' dir='ltr'><strong>saepissime</strong></span> <span class='ocrx_word' id='word_1_674' title='bbox 3023 3858 3074 3909; x_wconf 91' lang='lat' dir='ltr'><strong>in</strong></span> <span class='ocrx_word' id='word_1_675' title='bbox 3107 3853 3278 3910; x_wconf 90' lang='lat' dir='ltr'><strong>sacris</strong></span> <span class='ocrx_word' id='word_1_676' title='bbox 3307 3851 3604 3907; x_wconf 90' lang='lat' dir='ltr'><strong>canonihus</strong></span> <span class='ocrx_word' id='word_1_677' title='bbox 3629 3891 3642 3911; x_wconf 90' lang='lat'><strong>,</strong></span> 
     </span>
    </p>
   </div>
   <div class='ocr_carea' id='block_1_87' title="bbox 2067 3943 3651 4020">
    <p class='ocr_par' dir='ltr' id='par_1_87' title="bbox 2067 3943 3651 4020">
     <span class='ocr_line' id='line_1_87' title="bbox 2067 3943 3651 4020; baseline -0.015 -4"><span class='ocrx_word' id='word_1_678' title='bbox 2067 3958 2430 4020; x_wconf 88' lang='lat' dir='ltr'><strong>interdicitur,</strong></span> <span class='ocrx_word' id='word_1_679' title='bbox 2468 3964 2527 4008; x_wconf 91' lang='lat' dir='ltr'><strong>ut</strong></span> <span class='ocrx_word' id='word_1_680' title='bbox 2555 3953 2714 4007; x_wconf 88' lang='lat' dir='ltr'><strong>vidua</strong></span> <span class='ocrx_word' id='word_1_681' title='bbox 2742 3966 2847 4002; x_wconf 87' lang='lat' dir='ltr'><strong>non</strong></span> <span class='ocrx_word' id='word_1_682' title='bbox 2875 3945 3123 4002; x_wconf 79' lang='lat' dir='ltr'><strong>veletur?</strong></span> <span class='ocrx_word' id='word_1_683' title='bbox 3151 3943 3329 4006; x_wconf 90' lang='lat' dir='ltr'><strong>Unde,</strong></span> <span class='ocrx_word' id='word_1_684' title='bbox 3364 3951 3422 3995; x_wconf 91' lang='lat' dir='ltr'><strong>ut</strong></span> <span class='ocrx_word' id='word_1_685' title='bbox 3455 3943 3518 3996; x_wconf 89' lang='lat' dir='ltr'><strong>de</strong></span> <span class='ocrx_word' id='word_1_686' title='bbox 3545 3957 3651 3995; x_wconf 83' lang='lat' dir='ltr'><strong>cae-</strong></span> 
     </span>
    </p>
   </div>
   <div class='ocr_carea' id='block_1_88' title="bbox 2069 4032 3649 4109">
    <p class='ocr_par' dir='ltr' id='par_1_88' title="bbox 2069 4032 3649 4109">
     <span class='ocr_line' id='line_1_88' title="bbox 2069 4032 3649 4109; baseline -0.013 -5"><span class='ocrx_word' id='word_1_687' title='bbox 2069 4050 2201 4105; x_wconf 91' lang='lat' dir='ltr'><strong>teris</strong></span> <span class='ocrx_word' id='word_1_688' title='bbox 2229 4047 2420 4101; x_wconf 89' lang='lat' dir='ltr'><strong>sileam</strong></span> <span class='ocrx_word' id='word_1_689' title='bbox 2444 4086 2456 4109; x_wconf 94' lang='lat'><strong>,</strong></span> <span class='ocrx_word' id='word_1_690' title='bbox 2485 4042 2734 4098; x_wconf 87' lang='lat' dir='ltr'><strong>Gelasius</strong></span> <span class='ocrx_word' id='word_1_691' title='bbox 2762 4040 2875 4092; x_wconf 91' lang='lat' dir='ltr'><strong>ait:</strong></span> <span class='ocrx_word' id='word_1_692' title='bbox 2908 4057 2927 4087; x_wconf 77' lang='grc' dir='ltr'><strong>ι</strong></span> <span class='ocrx_word' id='word_1_693' title='bbox 2965 4037 3194 4097; x_wconf 79' lang='lat' dir='ltr'><strong>Viduas,</strong></span> <span class='ocrx_word' id='word_1_694' title='bbox 3227 4034 3437 4102; x_wconf 90' lang='lat' dir='ltr'><strong>inquit,</strong></span> <span class='ocrx_word' id='word_1_695' title='bbox 3468 4032 3649 4084; x_wconf 88' lang='lat' dir='ltr'><strong>velare</strong></span> 
     </span>
    </p>
   </div>
   <div class='ocr_carea' id='block_1_89' title="bbox 2069 4121 3650 4210">
    <p class='ocr_par' dir='ltr' id='par_1_89' title="bbox 2069 4121 3650 4210">
     <span class='ocr_line' id='line_1_89' title="bbox 2069 4121 3650 4210; baseline -0.011 -17"><span class='ocrx_word' id='word_1_696' title='bbox 2069 4136 2387 4210; x_wconf 85' lang='lat' dir='ltr'><strong>pontiﬁcum</strong></span> <span class='ocrx_word' id='word_1_697' title='bbox 2427 4133 2603 4186; x_wconf 92' lang='lat' dir='ltr'><strong>nullus</strong></span> <span class='ocrx_word' id='word_1_698' title='bbox 2643 4136 2893 4183; x_wconf 89' lang='lat' dir='ltr'><strong>attentct.</strong></span> <span class='ocrx_word' id='word_1_699' title='bbox 2929 4126 3052 4180; x_wconf 66' lang='lat' dir='ltr'><strong>llaec</strong></span> <span class='ocrx_word' id='word_1_700' title='bbox 3085 4135 3262 4179; x_wconf 90' lang='lat' dir='ltr'><strong>tamen</strong></span> <span class='ocrx_word' id='word_1_701' title='bbox 3283 4164 3297 4188; x_wconf 90' lang='lat'><strong>,</strong></span> <span class='ocrx_word' id='word_1_702' title='bbox 3329 4140 3448 4192; x_wconf 83' lang='lat' dir='ltr'><strong>quae</strong></span> <span class='ocrx_word' id='word_1_703' title='bbox 3477 4121 3650 4175; x_wconf 88' lang='lat' dir='ltr'><strong>velari</strong></span> 
     </span>
    </p>
   </div>
   <div class='ocr_carea' id='block_1_90' title="bbox 2066 4213 3654 4304">
    <p class='ocr_par' dir='ltr' id='par_1_90' title="bbox 2066 4213 3654 4304">
     <span class='ocr_line' id='line_1_90' title="bbox 2066 4213 3654 4304; baseline -0.014 -17"><span class='ocrx_word' id='word_1_704' title='bbox 2066 4231 2231 4304; x_wconf 78' lang='lat'><strong>369</strong></span> <span class='ocrx_word' id='word_1_705' title='bbox 2253 4229 2415 4284; x_wconf 88' lang='lat' dir='ltr'><strong>etiam</strong></span> <span class='ocrx_word' id='word_1_706' title='bbox 2454 4242 2480 4278; x_wconf 94' lang='lat' dir='ltr'><strong>a</strong></span> <span class='ocrx_word' id='word_1_707' title='bbox 2523 4223 2778 4294; x_wconf 87' lang='lat' dir='ltr'><strong>pontiﬁce</strong></span> <span class='ocrx_word' id='word_1_708' title='bbox 2826 4218 3164 4289; x_wconf 90' lang='lat' dir='ltr'><strong>prohibetur,</strong></span> <span class='ocrx_word' id='word_1_709' title='bbox 3200 4215 3242 4268; x_wconf 89' lang='lat' dir='ltr'><strong>si</strong></span> <span class='ocrx_word' id='word_1_710' title='bbox 3275 4213 3512 4284; x_wconf 89' lang='lat' dir='ltr'><strong>quolibet</strong></span> <span class='ocrx_word' id='word_1_711' title='bbox 3556 4214 3654 4266; x_wconf 88' lang='lat' dir='ltr'><strong>im-</strong></span> 
     </span>
    </p>
   </div>
   <div class='ocr_carea' id='block_1_91' title="bbox 2070 4304 3650 4392">
    <p class='ocr_par' dir='ltr' id='par_1_91' title="bbox 2070 4304 3650 4392">
     <span class='ocr_line' id='line_1_91' title="bbox 2070 4304 3650 4392; baseline -0.008 -22"><span class='ocrx_word' id='word_1_712' title='bbox 2070 4322 2223 4392; x_wconf 82' lang='lat' dir='ltr'><strong>pulsu</strong></span> <span class='ocrx_word' id='word_1_713' title='bbox 2257 4320 2371 4389; x_wconf 88' lang='lat' dir='ltr'><strong>ipsa</strong></span> <span class='ocrx_word' id='word_1_714' title='bbox 2415 4315 2518 4370; x_wconf 89' lang='lat' dir='ltr'><strong>sibi</strong></span> <span class='ocrx_word' id='word_1_715' title='bbox 2556 4313 2768 4380; x_wconf 77' lang='lat' dir='ltr'><strong>signum</strong></span> <span class='ocrx_word' id='word_1_716' title='bbox 2800 4309 2941 4364; x_wconf 87' lang='lat' dir='ltr'><strong>sacri</strong></span> <span class='ocrx_word' id='word_1_717' title='bbox 2991 4305 3277 4361; x_wconf 85' lang='lat' dir='ltr'><strong>vclatninis</strong></span> <span class='ocrx_word' id='word_1_718' title='bbox 3313 4304 3650 4373; x_wconf 87' lang='lat' dir='ltr'><strong>imposuerit,</strong></span> 
     </span>
    </p>
   </div>
   <div class='ocr_carea' id='block_1_92' title="bbox 2070 4395 3651 4481">
    <p class='ocr_par' dir='ltr' id='par_1_92' title="bbox 2070 4395 3651 4481">
     <span class='ocr_line' id='line_1_92' title="bbox 2070 4395 3651 4481; baseline -0.011 -13"><span class='ocrx_word' id='word_1_719' title='bbox 2070 4415 2273 4481; x_wconf 84' lang='lat' dir='ltr'><strong>absque</strong></span> <span class='ocrx_word' id='word_1_720' title='bbox 2324 4408 2430 4463; x_wconf 91' lang='lat' dir='ltr'><strong>ullo</strong></span> <span class='ocrx_word' id='word_1_721' title='bbox 2476 4403 2862 4461; x_wconf 89' lang='lat' dir='ltr'><strong>retractatione</strong></span> <span class='ocrx_word' id='word_1_722' title='bbox 2905 4401 3210 4469; x_wconf 87' lang='lat' dir='ltr'><strong>relinquere</strong></span> <span class='ocrx_word' id='word_1_723' title='bbox 3268 4395 3493 4451; x_wconf 91' lang='lat' dir='ltr'><strong>ulterius</strong></span> <span class='ocrx_word' id='word_1_724' title='bbox 3543 4411 3651 4450; x_wconf 86' lang='lat' dir='ltr'><strong>non</strong></span> 
     </span>
    </p>
   </div>
   <div class='ocr_carea' id='block_1_93' title="bbox 2071 4485 3650 4558">
    <p class='ocr_par' dir='ltr' id='par_1_93' title="bbox 2071 4485 3650 4558">
     <span class='ocr_line' id='line_1_93' title="bbox 2071 4485 3650 4558; baseline -0.014 0"><span class='ocrx_word' id='word_1_725' title='bbox 2071 4501 2311 4558; x_wconf 88' lang='lat' dir='ltr'><strong>audebit.</strong></span> <span class='ocrx_word' id='word_1_726' title='bbox 2369 4517 2386 4549; x_wconf 76' lang='grc' dir='ltr'><strong>ι</strong></span> <span class='ocrx_word' id='word_1_727' title='bbox 2423 4497 2576 4552; x_wconf 87' lang='lat' dir='ltr'><strong>Unde</strong></span> <span class='ocrx_word' id='word_1_728' title='bbox 2619 4494 2670 4547; x_wconf 91' lang='lat' dir='ltr'><strong>in</strong></span> <span class='ocrx_word' id='word_1_729' title='bbox 2709 4489 3087 4545; x_wconf 79' lang='lat' dir='ltr'><strong>Aurelianensi</strong></span> <span class='ocrx_word' id='word_1_730' title='bbox 3124 4487 3355 4542; x_wconf 87' lang='lat' dir='ltr'><strong>concilio</strong></span> <span class='ocrx_word' id='word_1_731' title='bbox 3385 4485 3579 4554; x_wconf 83' lang='lat' dir='ltr'><strong>legitur</strong></span> <span class='ocrx_word' id='word_1_732' title='bbox 3637 4502 3650 4537; x_wconf 93' lang='lat'><strong>:</strong></span> 
     </span>
    </p>
   </div>
   <div class='ocr_carea' id='block_1_94' title="bbox 2077 4576 3658 4658">
    <p class='ocr_par' dir='ltr' id='par_1_94' title="bbox 2077 4576 3658 4658">
     <span class='ocr_line' id='line_1_94' title="bbox 2077 4576 3658 4658; baseline -0.01 -12"><span class='ocrx_word' id='word_1_733' title='bbox 2077 4613 2095 4646; x_wconf 75' lang='grc' dir='ltr'><strong>ι</strong></span> <span class='ocrx_word' id='word_1_734' title='bbox 2136 4592 2338 4654; x_wconf 65' lang='lat' dir='ltr'><strong>Vitium,</strong></span> <span class='ocrx_word' id='word_1_735' title='bbox 2371 4603 2491 4658; x_wconf 76' lang='lat' dir='ltr'><strong>quae</strong></span> <span class='ocrx_word' id='word_1_736' title='bbox 2533 4592 2830 4655; x_wconf 89' lang='lat' dir='ltr'><strong>spontanea</strong></span> <span class='ocrx_word' id='word_1_737' title='bbox 2882 4582 3158 4637; x_wconf 89' lang='lat' dir='ltr'><strong>voluntate</strong></span> <span class='ocrx_word' id='word_1_738' title='bbox 3189 4577 3256 4630; x_wconf 89' lang='lat' dir='ltr'><strong>ab</strong></span> <span class='ocrx_word' id='word_1_739' title='bbox 3297 4576 3452 4629; x_wconf 90' lang='lat' dir='ltr'><strong>altari</strong></span> <span class='ocrx_word' id='word_1_740' title='bbox 3487 4590 3658 4630; x_wconf 83' lang='lat' dir='ltr'><strong>sacrae</strong></span> 
     </span>
    </p>
   </div>
   <div class='ocr_carea' id='block_1_95' title="bbox 2073 4667 3660 4744">
    <p class='ocr_par' dir='ltr' id='par_1_95' title="bbox 2073 4667 3660 4744">
     <span class='ocr_line' id='line_1_95' title="bbox 2073 4667 3660 4744; baseline -0.011 -4"><span class='ocrx_word' id='word_1_741' title='bbox 2073 4679 2500 4740; x_wconf 90' lang='lat' dir='ltr'><strong>conversationis</strong></span> <span class='ocrx_word' id='word_1_742' title='bbox 2528 4677 2773 4732; x_wconf 88' lang='lat' dir='ltr'><strong>velamen</strong></span> <span class='ocrx_word' id='word_1_743' title='bbox 2801 4675 3126 4744; x_wconf 87' lang='lat' dir='ltr'><strong>suscipiunt,</strong></span> <span class='ocrx_word' id='word_1_744' title='bbox 3157 4667 3398 4722; x_wconf 86' lang='lat' dir='ltr'><strong>decrevit</strong></span> <span class='ocrx_word' id='word_1_745' title='bbox 3421 4667 3660 4735; x_wconf 84' lang='lat' dir='ltr'><strong>synodus</strong></span> 
     </span>
    </p>
   </div>
   <div class='ocr_carea' id='block_1_96' title="bbox 2075 4755 3667 4838">
    <p class='ocr_par' dir='ltr' id='par_1_96' title="bbox 2075 4755 3667 4838">
     <span class='ocr_line' id='line_1_96' title="bbox 2075 4755 3667 4838; baseline -0.014 -9"><span class='ocrx_word' id='word_1_746' title='bbox 2075 4776 2126 4829; x_wconf 92' lang='lat' dir='ltr'><strong>in</strong></span> <span class='ocrx_word' id='word_1_747' title='bbox 2163 4772 2352 4827; x_wconf 90' lang='lat' dir='ltr'><strong>eodem</strong></span> <span class='ocrx_word' id='word_1_748' title='bbox 2391 4766 2666 4838; x_wconf 88' lang='lat' dir='ltr'><strong>proposito</strong></span> <span class='ocrx_word' id='word_1_749' title='bbox 2721 4779 2814 4816; x_wconf 89' lang='lat' dir='ltr'><strong>eas</strong></span> <span class='ocrx_word' id='word_1_750' title='bbox 2861 4773 3204 4832; x_wconf 85' lang='lat' dir='ltr'><strong>permanere.</strong></span> <span class='ocrx_word' id='word_1_751' title='bbox 3255 4755 3372 4810; x_wconf 83' lang='lat' dir='ltr'><strong>Non</strong></span> <span class='ocrx_word' id='word_1_752' title='bbox 3406 4757 3549 4809; x_wconf 87' lang='lat' dir='ltr'><strong>enim</strong></span> <span class='ocrx_word' id='word_1_753' title='bbox 3583 4756 3667 4813; x_wconf 80' lang='lat' dir='ltr'><strong>fas</strong></span> 
     </span>
    </p>
   </div>
   <div class='ocr_carea' id='block_1_97' title="bbox 2079 4846 3669 4922">
    <p class='ocr_par' dir='ltr' id='par_1_97' title="bbox 2079 4846 3669 4922">
     <span class='ocr_line' id='line_1_97' title="bbox 2079 4846 3669 4922; baseline -0.011 -2"><span class='ocrx_word' id='word_1_754' title='bbox 2079 4880 2202 4920; x_wconf 86' lang='lat' dir='ltr'><strong>esse</strong></span> <span class='ocrx_word' id='word_1_755' title='bbox 2254 4860 2615 4919; x_wconf 89' lang='lat' dir='ltr'><strong>decernimus,</strong></span> <span class='ocrx_word' id='word_1_756' title='bbox 2672 4859 2962 4922; x_wconf 84' lang='lat' dir='ltr'><strong>postquam</strong></span> <span class='ocrx_word' id='word_1_757' title='bbox 3011 4868 3067 4908; x_wconf 92' lang='lat' dir='ltr'><strong>se</strong></span> <span class='ocrx_word' id='word_1_758' title='bbox 3106 4846 3334 4904; x_wconf 87' lang='lat' dir='ltr'><strong>Domino</strong></span> <span class='ocrx_word' id='word_1_759' title='bbox 3364 4847 3526 4902; x_wconf 90' lang='lat' dir='ltr'><strong>semel</strong></span> <span class='ocrx_word' id='word_1_760' title='bbox 3567 4851 3669 4903; x_wconf 90' lang='lat' dir='ltr'><strong>sub</strong></span> 
     </span>
    </p>
   </div>
   <div class='ocr_carea' id='block_1_98' title="bbox 2079 4938 3677 5011">
    <p class='ocr_par' dir='ltr' id='par_1_98' title="bbox 2079 4938 3677 5011">
     <span class='ocr_line' id='line_1_98' title="bbox 2079 4938 3677 5011; baseline -0.012 -1"><span class='ocrx_word' id='word_1_761' title='bbox 2079 4956 2198 5011; x_wconf 87' lang='lat' dir='ltr'><strong>velo</strong></span> <span class='ocrx_word' id='word_1_762' title='bbox 2245 4950 2707 5010; x_wconf 87' lang='lat' dir='ltr'><strong>consecraverint,</strong></span> <span class='ocrx_word' id='word_1_763' title='bbox 2749 4945 2956 5004; x_wconf 89' lang='lat' dir='ltr'><strong>iterum</strong></span> <span class='ocrx_word' id='word_1_764' title='bbox 3016 4947 3094 5002; x_wconf 87' lang='lat' dir='ltr'><strong>eis</strong></span> <span class='ocrx_word' id='word_1_765' title='bbox 3171 4938 3387 4992; x_wconf 87' lang='lat' dir='ltr'><strong>concedi</strong></span> <span class='ocrx_word' id='word_1_766' title='bbox 3444 4939 3677 5011; x_wconf 82' lang='lat' dir='ltr'><strong>Spiritui</strong></span> 
     </span>
    </p>
   </div>
   <div class='ocr_carea' id='block_1_99' title="bbox 2081 5031 3679 5106">
    <p class='ocr_par' dir='ltr' id='par_1_99' title="bbox 2081 5031 3679 5106">
     <span class='ocr_line' id='line_1_99' title="bbox 2081 5031 3679 5106; baseline -0.009 -3"><span class='ocrx_word' id='word_1_767' title='bbox 2081 5056 2267 5103; x_wconf 89' lang='lat' dir='ltr'><strong>sancto</strong></span> <span class='ocrx_word' id='word_1_768' title='bbox 2296 5044 2538 5100; x_wconf 91' lang='lat' dir='ltr'><strong>mentiri.</strong></span> <span class='ocrx_word' id='word_1_769' title='bbox 2595 5060 2614 5092; x_wconf 84' lang='grc'><strong><em>›</em></strong></span> <span class='ocrx_word' id='word_1_770' title='bbox 2656 5037 2722 5092; x_wconf 86' lang='grc' dir='ltr'>Ει</span> <span class='ocrx_word' id='word_1_771' title='bbox 2759 5035 2907 5092; x_wconf 90' lang='lat' dir='ltr'><strong>idem</strong></span> <span class='ocrx_word' id='word_1_772' title='bbox 2944 5039 3070 5096; x_wconf 77' lang='lat' dir='ltr'><strong>alibi</strong></span> <span class='ocrx_word' id='word_1_773' title='bbox 3105 5039 3231 5106; x_wconf 84' lang='lat' dir='ltr'><strong>post</strong></span> <span class='ocrx_word' id='word_1_774' title='bbox 3264 5031 3429 5086; x_wconf 87' lang='lat' dir='ltr'><strong>multa</strong></span> <span class='ocrx_word' id='word_1_775' title='bbox 3461 5050 3474 5085; x_wconf 90' lang='lat'><strong>:</strong></span> <span class='ocrx_word' id='word_1_776' title='bbox 3513 5053 3530 5084; x_wconf 75' lang='grc' dir='ltr'><strong>ι</strong></span> <span class='ocrx_word' id='word_1_777' title='bbox 3569 5033 3679 5091; x_wconf 88' lang='lat' dir='ltr'><strong>Nos</strong></span> 
     </span>
    </p>
   </div>
   <div class='ocr_carea' id='block_1_100' title="bbox 2083 5122 3685 5192">
    <p class='ocr_par' dir='ltr' id='par_1_100' title="bbox 2083 5122 3685 5192">
     <span class='ocr_line' id='line_1_100' title="bbox 2083 5122 3685 5192; baseline -0.011 0"><span class='ocrx_word' id='word_1_778' title='bbox 2083 5148 2262 5192; x_wconf 87' lang='lat' dir='ltr'><strong>autem</strong></span> <span class='ocrx_word' id='word_1_779' title='bbox 2291 5134 2618 5188; x_wconf 88' lang='lat' dir='ltr'><strong>auctoritate</strong></span> <span class='ocrx_word' id='word_1_780' title='bbox 2662 5127 2885 5181; x_wconf 84' lang='lat' dir='ltr'><strong>Patrum</strong></span> <span class='ocrx_word' id='word_1_781' title='bbox 2921 5127 3124 5187; x_wconf 82' lang='lat' dir='ltr'><strong>suffulti</strong></span> <span class='ocrx_word' id='word_1_782' title='bbox 3159 5123 3212 5177; x_wconf 90' lang='lat' dir='ltr'><strong>in</strong></span> <span class='ocrx_word' id='word_1_783' title='bbox 3242 5122 3342 5175; x_wconf 89' lang='lat' dir='ltr'><strong>hoc</strong></span> <span class='ocrx_word' id='word_1_784' title='bbox 3371 5137 3526 5178; x_wconf 90' lang='lat' dir='ltr'><strong>sacro</strong></span> <span class='ocrx_word' id='word_1_785' title='bbox 3551 5139 3685 5180; x_wconf 78' lang='lat' dir='ltr'><strong>con-</strong></span> 
     </span>
    </p>
   </div>
   <div class='ocr_carea' id='block_1_101' title="bbox 2080 5212 3687 5292">
    <p class='ocr_par' dir='ltr' id='par_1_101' title="bbox 2080 5212 3687 5292">
     <span class='ocr_line' id='line_1_101' title="bbox 2080 5212 3687 5292; baseline -0.009 -9"><span class='ocrx_word' id='word_1_786' title='bbox 2080 5238 2240 5283; x_wconf 88' lang='lat' dir='ltr'><strong>ventu</strong></span> <span class='ocrx_word' id='word_1_787' title='bbox 2315 5224 2614 5286; x_wconf 87' lang='lat' dir='ltr'><strong>sancimus,</strong></span> <span class='ocrx_word' id='word_1_788' title='bbox 2682 5225 2736 5270; x_wconf 84' lang='lat' dir='ltr'><strong>et</strong></span> <span class='ocrx_word' id='word_1_789' title='bbox 2783 5215 2966 5280; x_wconf 83' lang='lat' dir='ltr'><strong>libere</strong></span> <span class='ocrx_word' id='word_1_790' title='bbox 3006 5218 3353 5292; x_wconf 61' lang='lat' dir='ltr'><strong>&#39;judicantus;</strong></span> <span class='ocrx_word' id='word_1_791' title='bbox 3412 5213 3456 5268; x_wconf 83' lang='lat' dir='ltr'><strong>si</strong></span> <span class='ocrx_word' id='word_1_792' title='bbox 3523 5212 3687 5269; x_wconf 84' lang='lat' dir='ltr'><strong>vidua</strong></span> 
     </span>
    </p>
   </div>
   <div class='ocr_carea' id='block_1_102' title="bbox 2082 5305 3691 5358">
    <p class='ocr_par' dir='ltr' id='par_1_102' title="bbox 2082 5305 3691 5358">
     <span class='ocr_line' id='line_1_102' title="bbox 2082 5305 3691 5358; baseline 0 0"><span class='ocrx_word' id='word_1_793' title='bbox 2082 5329 2271 5358; x_wconf 71' lang='lat' dir='ltr'><strong>mnum</strong></span> <span class='ocrx_word' id='word_1_794' title='bbox 2309 5316 2555 5358; x_wconf 69' lang='lat' dir='ltr'><strong>vplnmnn</strong></span> <span class='ocrx_word' id='word_1_795' title='bbox 2627 5312 2881 5358; x_wconf 71' lang='lat' dir='ltr'><strong>mtamvis</strong></span> <span class='ocrx_word' id='word_1_796' title='bbox 2933 5334 3037 5358; x_wconf 86' lang='lat' dir='ltr'><strong>nnn</strong></span> <span class='ocrx_word' id='word_1_797' title='bbox 3097 5322 3338 5358; x_wconf 71' lang='lat' dir='ltr'><strong>sacrum.</strong></span> <span class='ocrx_word' id='word_1_798' title='bbox 3374 5305 3476 5358; x_wconf 89' lang='lat' dir='ltr'><strong>sibi</strong></span> <span class='ocrx_word' id='word_1_799' title='bbox 3518 5307 3691 5358; x_wconf 79' lang='lat' dir='ltr'><strong>impo-</strong></span> 
     </span>
    </p>
   </div>
  </div>
