4106 6320
514 373 582 429 75
956 368 1024 442 ,S.
1064 368 1267 424 PETRI
1309 367 1595 425 DAMIANI
1637 368 1786 424 OPP.
1827 355 2062 424 TOMUS
2102 369 2233 425 SEU
2274 369 2452 427 PARS
2487 371 2571 427 lll.
2604 337 3042 429 —OPIlSCULA
3085 370 3294 428 VARIA
3642 367 3752 424 576

475 505 541 543 eo
597 495 779 541 tenore
825 494 879 540 et
923 485 1134 538 ratione
1178 483 1430 539 velamen
1485 483 1587 538 sibi
1621 482 1961 553 imposuisse,
2002 492 2060 537 ut
2091 492 2132 543 Α
2163 500 2431 540 canonum
2459 485 2786 540 auctoritate
2839 485 3210 550 confunditur,
3241 483 3442 541 nostris
3465 483 3631 537 etiam
3664 497 3727 536 ra

475 581 668 634 iterum
694 587 874 648 posset
901 577 1190 646 deponere.
1219 595 1238 628 ι

547 671 738 739 Liquet
774 670 960 741 igitur,
1005 669 1130 739 quia
1160 677 1217 723 et
1256 667 1342 722 illa
1374 668 1686 732 conversio,
1727 683 1848 739 quae
1879 666 2066 738 legali-

478 776 560 820 ter
588 780 694 818 non
735 764 1021 834 processit,
1071 771 1126 818 et
1165 761 1279 818 fieri
1331 761 1558 816 omnino
1585 776 1690 814 non
1733 759 1948 823 debuit;
1982 769 2066 814 ta-

478 873 601 912 men
646 865 898 926 propter,
922 855 1067 910 sacri
1117 852 1324 909 ordinis
1361 853 1750 917 reverentiam,
1781 861 2066 920 postquam

479 948 622 1003 facta
651 958 753 1010 est,
775 949 887 1019 jam
917 963 1021 1002 non
1063 947 1401 1016 permittitur
1438 945 1649 1001 violari.
1680 945 1736 999 Si
1762 944 2065 1014 ergoillam

482 1039 888 1095 conversionem
916 1037 1086 1092 sancti
1117 1035 1308 1092 Patres
1349 1035 1608 1090 roborant
1654 1033 1876 1096 factam,
1908 1043 2068 1103 quam

481 1141 536 1183 et
587 1129 687 1197 ipsi
741 1127 1067 1199 prohibuere
1111 1125 1389 1185 futuram;
1413 1126 1542 1194 quid
1577 1125 1644 1180 de
1674 1125 1786 1188 illa,
1817 1126 2070 1188 obsecro,

483 1221 822 1276 sentiendum
847 1228 953 1284 est,
977 1219 1042 1273 ad
1076 1232 1238 1290 quam
1281 1218 1564 1272 venientes
1596 1214 2073 1272 adhortationibus

483 1322 810 1382 provocant,
870 1312 922 1364 in
971 1327 1074 1380 qtta
1111 1311 1316 1379 positos
1361 1310 1707 1364 obtestantur
1736 1318 1791 1362 ut
1827 1323 2074 1378 perseve-

486 1417 612 1456 rare
631 1418 733 1456 non
758 1403 1044 1456 desinant?
1071 1401 1161 1456 Sic
1176 1403 1336 1456 etiam
1354 1410 1435 1465 tu,
1459 1401 1502 1454 si
1530 1401 1720 1471 quovis
1743 1410 1900 1470 pacto
1928 1400 2074 1455 subi-

487 1504 645 1547 tanca
699 1493 794 1546 tibi
837 1493 1121 1546 conversio
1161 1491 1501 1560 displicebat.
1556 1500 1616 1546 ut
1669 1509 1699 1546 a
1761 1501 2074 1547 sanctorum

486 1585 710 1638 Patrum
761 1599 951 1638 norma
1001 1583 1052 1636 in
1105 1583 1251 1637 nullo
1281 1593 1332 1637 te
1358 1584 1711 1639 dissidentem
1740 1586 2073 1649 ostenderes,

486 1687 704 1746 poteras
751 1674 976 1729 forsitan
1025 1675 1408 1729 convertendis
1461 1675 1679 1746 quidem
1736 1675 1944 1745 aliquid
2005 1677 2073 1730 de

489 1781 642 1821 mora
721 1766 1092 1822 conversionis
1166 1765 1457 1836 objicere;
1539 1767 1815 1822 conversis
1895 1776 2076 1821 autem

2165 575 2399 631 tionibus
2427 576 2780 646 probabiliter
2805 584 3095 647 superetur
3127 590 3142 629 :
3171 583 3438 645 quatenus
3464 587 3757 644 argumen-

2168 672 2432 723 tationum
2455 668 2692 726 circulus
2714 669 2794 724 sic
2816 667 3056 739 undique
3083 666 3226 722 labia
3271 665 3457 722 dolosa
3483 663 3761 719 constrin-

2167 769 2279 832 gat,
2318 768 2378 816 ut
2427 776 2456 815 a
2489 769 2599 816 tam
2630 774 2888 830 perversa
2928 759 3173 816 doctrina
3202 755 3518 814 necessario
3554 754 3607 809 in
3632 769 3761 825 per-

2167 861 2389 922 petuum
2419 852 2786 920 conticescat;
2817 860 2876 907 ut
2901 860 2958 907 et
2985 851 3051 906 de
3082 849 3237 905 nobis
3263 846 3460 903 merito
3500 845 3713 900 dicatur
3741 862 3761 898 :

2170 945 2294 1015 quia
2327 961 2431 1000 non
2481 945 2729 1000 dedimus
2772 959 2943 1002 cornu
2993 941 3302 1014 peccaturi;
3331 948 3388 994 et
3421 938 3490 994 de
3519 937 3613 993 illo
3635 937 3763 1007 iure

2169 1054 2291 1093 cum
2323 1037 2610 1093 Psalmista
2637 1042 2887 1093 cantetur
2917 1056 2928 1089 :
2966 1055 2984 1089 ‹
3017 1033 3284 1104 Quoniam
3315 1031 3652 1088 obstructum
3676 1037 3765 1085 est

2171 1146 2232 1184 os
2264 1129 2595 1199 loquentium
2622 1129 2809 1200 iniqua
2837 1126 3010 1200 (Psal.
3038 1129 3192 1197 an).
3244 1144 3264 1179 ι

2243 1225 2355 1293 Age
2398 1238 2551 1293 ergo,
2579 1223 2708 1292 quid
2743 1231 2826 1277 est
2869 1222 3014 1292 quod
3041 1220 3241 1276 dicitur
3269 1237 3284 1273 :
3317 1238 3338 1270 ι
3373 1217 3510 1285 Quia
3535 1215 3643 1271 nisi
3671 1215 3765 1285 qui

2173 1315 2498 1386 regulariter
2558 1323 2906 1385 protractus,
2965 1321 3019 1367 et
3047 1325 3144 1382 per
3189 1309 3383 1366 annale
3433 1308 3667 1378 spatium
3693 1306 3770 1360 sit

2174 1408 2456 1477 probatus,
2504 1405 2717 1461 etiamsi
2765 1419 3059 1461 conversus
3113 1403 3183 1458 sit
3239 1418 3340 1474 per
3367 1399 3766 1472 :egritudinem,

2178 1499 2483 1554 absolutam
2535 1497 2811 1553 relabeudi
2858 1497 2924 1551 ad
2985 1496 3240 1554 sacculum
3300 1495 3500 1550 habeat
3551 1491 3770 1547 liberta-

2178 1591 2324 1644 tem?
2357 1609 2375 1641 ι
2405 1588 2660 1658 Nunquid
2685 1587 2776 1657 qui
2801 1587 2905 1643 hoc
2927 1587 2993 1640 de
3023 1586 3332 1640 valentibus
3356 1582 3591 1644 censuit,
3625 1582 3770 1636 idem

2178 1682 2534 1738 nihilominus
2594 1681 2660 1736 de
2699 1680 3082 1751 languentibus
3128 1676 3429 1746 judicavit?
3480 1673 3587 1728 Sed
3645 1675 3773 1743 quis

2180 1775 2263 1829 vel
2309 1775 2510 1828 insanae
2539 1774 2738 1828 mentis
2782 1773 2945 1827 homo
2992 1786 3099 1826 non
3140 1771 3324 1825 videat
3375 1768 3500 1838 quia
3538 1765 3773 1838 quilibet

490 1859 652 1922 absit,
708 1867 765 1911 Ill
802 1859 946 1928 quod
994 1859 1421 1913 irrcvocabiliter
1486 1868 1666 1912 actum
1707 1867 1808 1923 est,
1878 1858 2076 1914 doceas
2108 1842 2149 1900 Β
2180 1867 2487 1938 languidus,
2512 1866 2597 1921 vel
2621 1865 2731 1934 jam
2761 1865 2918 1920 morli
2950 1864 3284 1935 propinquus
3332 1863 3473 1917 hanc
3511 1861 3775 1916 observa-

492 1958 810 2004 retractare.
843 1949 910 2003 Et
943 1949 1070 2018 quia
1116 1963 1297 2003 sermo
1341 1964 1400 2003 se
1425 1948 1492 2003 de
1523 1949 1841 2004 mulieribus
1871 1949 2071 2015 intulit,

491 2057 590 2096 cur
616 2041 717 2096 ista
751 2041 817 2096 de
866 2040 1054 2096 velatis
1084 2039 1261 2094 viduis
1288 2040 1545 2104 diximus,
1589 2056 1710 2095 cum
1735 2050 1789 2096 et
1818 2041 2074 2112 virgines,

491 2148 614 2203 qua:
665 2132 811 2188 nullo
861 2131 1037 2187 adhuc
1085 2147 1241 2186 sacro
1285 2131 1551 2186 velamine
1602 2143 1986 2203 conteguntur,
2033 2134 2078 2187 si

494 2224 686 2277 saltem
709 2237 1032 2294 permanere
1055 2238 1111 2277 se
1143 2223 1194 2277 in
1220 2223 1464 2292 virginali
1490 2225 1768 2292 proposito
1790 2225 2078 2279 simulave-

496 2315 627 2378 rint,
671 2315 920 2370 districle
966 2315 1344 2383 prohibentur,
1395 2326 1453 2370 ut
1491 2317 1692 2372 nubere
1728 2333 1834 2373 non
1878 2333 2082 2387 praesu-

496 2405 686 2460 mant?
731 2404 905 2475 Super
946 2406 1143 2476 quibus
1181 2405 1529 2482 lnpocentius
1557 2421 1692 2477 papa
1733 2408 1812 2463 sic
1847 2409 2077 2464 scribit:

501 2514 523 2547 ς
560 2495 654 2551 lla:
685 2511 838 2560 vero,
885 2511 1004 2566 qua:
1033 2497 1262 2551 necdum
1291 2512 1449 2554 sacro
1489 2497 1754 2553 velamine
1785 2507 1962 2561 tectae.
1997 2509 2081 2554 ta-

495 2603 624 2643 men
655 2588 707 2641 in
733 2589 1012 2658 proposito
1068 2589 1317 2659 virginali
1362 2604 1577 2658 semper
1611 2605 1670 2644 se
1700 2590 2085 2646 simulaverant

497 2693 840 2749 permanere,
870 2679 996 2734 licet
1023 2679 1212 2734 velatae
1239 2696 1346 2735 non
1373 2680 1606 2745 fuerint;
1638 2683 1683 2737 si
1727 2683 1864 2737 forte
1891 2699 2086 2752 nupse-

501 2770 631 2834 rint,
659 2769 972 2824 revocandae
1012 2778 1161 2835 sunt,
1191 2779 1246 2824 et
1266 2769 1472 2840 agenda
1501 2771 1815 2841 paenitentia
1842 2772 1945 2827 illis
1969 2787 2083 2838 est;

499 2863 628 2930 quia
652 2861 868 2929 sponsio
892 2876 1079 2917 earum
1131 2877 1160 2915 a
1191 2861 1422 2917 Domino
1463 2861 1767 2917 tenebatur.
1805 2883 1824 2914 ι
1881 2863 2013 2917 Nam
2040 2865 2085 2918 si

499 2951 792 3021 Apostolus
805 2949 947 3017 illas,
965 2965 1087 3020 quae
1101 2965 1128 3004 a
1147 2953 1423 3021 proposito
1436 2952 1710 3007 viduitatis
1724 2953 2088 3009 discesserant

503 3043 714 3096 dixerat
729 3041 930 3096 habere
950 3042 1374 3108 damnationem,
1393 3045 1520 3114 quia
1541 3045 1768 3113 primam
1787 3045 1946 3099 fidem
1969 3046 2091 3101 irri-

502 3145 615 3188 tam
641 3133 884 3188 fecerunt
901 3133 950 3205 (1
969 3133 1104 3188 Tim.
1130 3136 1206 3204 v),
1235 3145 1438 3205 quanto
1459 3135 1629 3206 magis
1655 3137 1736 3190 ha:
1761 3153 1880 3206 quas
1931 3137 2088 3192 Iidem

2181 1959 2382 2013 tionem
2433 1971 2657 2028 prorsus
2723 1955 3022 2024 adimplere
3079 1970 3186 2009 non
3237 1953 3455 2008 valeat?
3512 1949 3571 2007 Si
3607 1949 3776 2023 igitur

2180 2066 2369 2107 onmes
2414 2049 2574 2106 simul
2629 2047 2878 2104 homines
2904 2056 3124 2102 sanctus
3150 2045 3475 2100 Benedictus
3520 2044 3626 2099 hac
3651 2057 3775 2096 sen-

2183 2142 2348 2197 tentia
2397 2139 2808 2211 comprehendit
2833 2182 2848 2205 ,
2906 2147 3054 2208 patet
3083 2136 3348 2208 profecto,
3377 2135 3504 2206 quia
3531 2133 3692 2206 aegris
3717 2141 3775 2187 et

2181 2235 2404 2288 onmino
2445 2232 2734 2298 debilibus,
2783 2230 2875 2300 qui
2916 2230 2984 2285 ad
3029 2226 3416 2300 perferendum
3443 2242 3549 2282 non
3583 2240 3776 2281 assur-

2183 2335 2333 2397 gunt,
2375 2323 2749 2380 conversionis
2777 2323 2984 2378 aditum
3021 2319 3315 2376 obseravit.
3361 2317 3469 2375 Sed
3493 2317 3616 2390 quis
3639 2315 3780 2371 ferat

2185 2419 2288 2474 hoc
2331 2419 2397 2472 de
2422 2423 2612 2472 sancto
2650 2414 2768 2469 viro
2813 2411 3079 2482 suspicari
3105 2410 3445 2480 aliquatenus
3471 2422 3652 2479 posse,
3684 2405 3780 2476 qui

2185 2523 2294 2562 non
2320 2506 2492 2562 solum
2520 2506 2587 2561 ab
2615 2505 2737 2569 hac,
2771 2512 2827 2559 et
2853 2503 2922 2558 ab
2949 2501 3097 2557 omni
3125 2509 3276 2572 peste
3303 2500 3572 2555 luereticae
3597 2497 3784 2568 pravi-

2187 2597 2312 2652 tatis
2342 2596 2549 2651 alienus
2591 2595 2824 2660 exstitit,
2857 2593 2966 2648 imo
3008 2591 3213 2662 Spiritu
3245 2599 3435 2646 sancto
3463 2589 3674 2658 plenus.
3702 2595 3784 2642 tot

2188 2691 2356 2760 signis
2379 2688 2766 2744 attestantihus
2785 2685 3192 2742 cvidenlissime
3216 2681 3460 2740 claruit?
3483 2678 3782 2748 Quisillum

2189 2782 2325 2836 ferat
2347 2797 2442 2851 per
2466 2779 2894 2834 Novatianorum
2940 2776 3190 2832 haeresim
3223 2773 3469 2830 homines
3499 2771 3566 2826 ad
3587 2770 3786 2839 despeo

2189 2872 2455 2926 rationem
2493 2871 2732 2932 trahere,
2755 2868 2845 2938 qui
2882 2853 2978 2938 per
3000 2881 3170 2921 sacra:
3200 2865 3463 2920 doctrina:
3493 2859 3782 2918 sincerita-

2193 2971 2298 3014 tem
2328 2969 2403 3014 tot
2439 2961 2648 3012 animas
2677 2959 2956 3011 hominum
3005 2957 3219 3010 videtur
3239 2951 3485 3024 quotidie
3512 2950 3580 3005 ad
3629 2963 3782 3020 spem

2192 3063 2407 3107 :eterme
2443 3053 2564 3106 vitae
2593 3050 2888 3105 reducere?
2937 3049 3231 3103 Fateamur
3257 3059 3387 3117 ergo
3415 3057 3644 3098 necesse
3675 3049 3783 3106 est,

2195 3145 2354 3216 hujus
2432 3143 2686 3214 pra-copti
2745 3155 2992 3194 normam
3043 3137 3341 3194 incolumes
3393 3144 3646 3204 tangere;
3712 3129 3785 3186 ad

505 3226 757 3296 frangere
791 3234 1001 3280 conata:
1031 3227 1195 3280 sunt?
1219 3226 1287 3280 Et
1313 3242 1411 3282 nos
1453 3229 1642 3294 etiam,
1676 3237 1734 3284 ut
1764 3231 2090 3286 venerabilis
2118 3209 2164 3270 ε
2197 3209 2639 3305 aegrotos-autem
2674 3230 2982 3285 nullatenus
3009 3228 3304 3298 pertinere.

505 3314 807 3372 Innocentii
855 3318 1248 3385 probatissimae
1299 3319 1642 3374 auctoritatis
1700 3320 1842 3375 dicta
1894 3336 2091 3390 sequa-

509 3423 652 3472 nmr,
699 3409 743 3462 si
793 3407 913 3462 illas
965 3407 1255 3477 Apostolus
1285 3408 1622 3464 damnabiles
1670 3411 1938 3479 perhibet,
1972 3428 2091 3481 quae

510 3497 846 3552 solummodo
928 3497 1203 3552 viduitatis
1273 3499 1610 3568 propositum
1688 3499 2088 3562 dissolveruut;

509 3589 639 3658 quid
687 3590 754 3645 de
803 3589 908 3644 illis
956 3590 1242 3644 dicendum
1282 3600 1386 3656 est,
1433 3590 1560 3661 quid
1591 3590 1776 3660 utique
1803 3592 2092 3661 perhiben-

512 3683 661 3746 dum,
684 3682 777 3750 qui
810 3681 1064 3736 sxculum
1105 3682 1383 3745 deserunt,
1415 3681 1784 3752 possessiones
1807 3683 2092 3753 abjiciunt,

512 3772 762 3828 Creatori
820 3787 919 3828 suo
985 3789 1044 3828 se
1080 3773 1355 3828 ultroneos
1387 3772 1646 3839 oll'erunt,
1682 3773 1872 3828 aliena:
1922 3790 1980 3830 se
2009 3777 2095 3831 di-

497 3865 652 3919 -tioni
701 3865 1043 3926 submittunt,
1075 3874 1131 3919 et
1161 3873 1220 3918 ut
1253 3864 1454 3918 mundo
1492 3863 1732 3921 funditus
1772 3867 1969 3920 mortui
2015 3868 2096 3921 vi-

515 3952 768 4020 deantur,
812 3953 1265 4018 mortificationis,
1311 3961 1369 4008 et
1397 3953 1704 4009 sanctitatis
1731 3955 1974 4010 habitum
2012 3956 2092 4010 in-

519 4048 712 4100 duunL

595 4137 752 4204 Quod
798 4146 981 4193 autem
1030 4155 1174 4194 nunc
1213 4140 1378 4195 etiam
1415 4139 1480 4195 de
1531 4139 1748 4194 feminis
1804 4139 2095 4210 loquimur,

519 4244 864 4299 nequaquam
912 4231 1028 4285 fieri
1075 4242 1230 4286 extra
1260 4232 1458 4287 lineam
1491 4234 1750 4302 propositi
1779 4235 1980 4303 operis,
2012 4251 2099 4289 ar-

519 4322 811 4376 bitramur.
845 4322 1010 4377 Salvo
1040 4324 1186 4377 enim
1216 4338 1299 4388 eo,
1348 4325 1492 4393 quod
1519 4325 1708 4380 eadem
1739 4325 1825 4381 lex
1852 4328 1958 4381 erit
1983 4327 2100 4382 viro

521 4421 575 4466 tt
605 4412 854 4478 feminas;
887 4414 1089 4469 idcirco
1114 4417 1278 4470 etiam
1326 4417 1392 4470 ad
1447 4417 1763 4472 muliebrem
1789 4433 1976 4474 sexum
2005 4435 2102 4474 no-

523 4513 634 4557 stra
689 4521 747 4559 se
791 4506 1034 4560 extendit
1067 4508 1262 4570 oratio,
1317 4508 1445 4576 quia
1493 4508 1705 4573 virium,
1767 4510 1909 4578 quod
1962 4511 2101 4565 male

524 4595 676 4649 nasci
702 4593 816 4664 jam
863 4597 916 4649 in
939 4597 1072 4650 viris
1100 4598 1414 4666 aspicimus,
1445 4599 1709 4668 pullulare
1739 4600 1904 4654 etiam
1927 4616 2099 4669 quan-

526 4689 701 4757 doque
741 4697 796 4742 et
848 4689 900 4742 in
955 4690 1182 4745 feminas
1210 4691 1563 4747 formidamus
1598 4709 1610 4744 :
1644 4702 1696 4746 et
1747 4693 1884 4747 sicut
1932 4693 1985 4747 in
2018 4695 2104 4749 his

523 4789 705 4836 ortum
751 4781 1072 4837 invectionis
1121 4782 1336 4837 sarculo
1360 4783 1526 4854 370
1549 4784 1826 4838 studemus
1848 4785 2102 4851 evellere,

526 4872 603 4928 ita
631 4874 794 4928 etiam
849 4873 900 4927 in
935 4873 1038 4929 illis
1089 4889 1156 4929 ne
1204 4873 1335 4928 oriri
1371 4875 1563 4939 valeat,
1594 4877 1978 4944 praecurrimus
2005 4895 2098 4932 na-

529 4966 711 5021 scendi
757 4966 998 5021 auditum
1050 4965 1288 5036 Opilare;
1340 4975 1400 5020 ut
1451 4966 1598 5020 velut
1628 4966 1767 5021 male
1799 4968 2104 5022 abortivum

527 5069 747 5125 germen
801 5058 952 5128 prius
987 5065 1212 5127 cogatur
1261 5057 1420 5122 mori,
1477 5071 1638 5124 qnam
1694 5056 1874 5111 valeat
1913 5059 2102 5122 nasci;

528 5154 657 5200 ante
710 5146 762 5200 in
830 5150 1120 5218 semetipso
1172 5157 1472 5204 marcescat
1525 5163 1685 5216 quam
1752 5149 1804 5202 in
1867 5164 2108 5216 gemmas

530 5245 798 5305 erumpat.

1111 5327 1336 5384 CAPUT
1376 5327 1508 5383 Vlll.

926 5417 1318 5485 Conﬁrmanmr
1339 5437 1498 5488 supra
1536 5421 1718 5474 allata.

605 5507 762 5563 Libet
785 5523 930 5564 nunc
973 5509 1208 5563 animum
1237 5511 1511 5581 paulisper
1539 5513 1606 5565 ad
1642 5513 1920 5581 superiora
1953 5511 2112 5565 redu-

536 5616 683 5668 cere,
714 5611 768 5656 et
791 5615 856 5655 ex
909 5601 1015 5665 his,
1048 5617 1166 5670 qua:
1197 5604 1472 5670 praemissa
1499 5615 1645 5668 sunt,
1678 5604 1991 5674 postpositis
2014 5603 2115 5657 Pa-

537 5707 678 5750 trum
706 5695 986 5764 exemplis,
1017 5709 1139 5748 cum
1163 5696 1472 5751 adversar-io
1497 5697 1655 5751 modo
1679 5697 1911 5765 propriis
1938 5711 2114 5751 asser-

541 5789 774 5845 tionibus
804 5791 1096 5858 disputare,
1126 5800 1181 5842 ut
1212 5790 1303 5858 qui
1338 5797 1445 5841 tam
1475 5790 1643 5858 gravi,
1677 5799 1783 5843 tam
1830 5787 2113 5857 tnultiplici

2265 3325 2372 3379 Sed
2426 3322 2666 3392 nunquid
2714 3321 2758 3375 si
2810 3321 3014 3390 absque
3047 3316 3318 3388 corporali
3367 3313 3615 3370 molestia
3641 3312 3788 3384 quib

2191 3426 2352 3482 quam
2401 3410 2469 3464 ad
2501 3409 2881 3463 monachicum
2909 3407 3156 3461 ordinem
3193 3407 3312 3460 sine
3345 3403 3663 3474 probatione
3689 3403 3787 3456 de-

2195 3504 2425 3569 venerit,
2469 3503 2595 3556 huic
2627 3516 2970 3570 nequaquam
3004 3500 3182 3554 redire
3212 3507 3332 3570 post
3366 3509 3572 3569 tergum
3599 3503 3788 3550 noster

2194 3595 2478 3664 episcopus
2503 3590 2846 3662 prohibebit?
2873 3590 2990 3654 Dic,
3011 3588 3258 3653 obsecro,
3287 3588 3463 3659 legisti
3495 3585 3791 3656 aliquando

2197 3686 2508 3741 monasticae
2541 3685 2662 3738 vitae
2703 3681 3060 3752 propositum,
3092 3680 3390 3736 secundum
3430 3693 3552 3734 esse
3606 3675 3788 3745 bapti-

2195 3779 2412 3834 smum?
2441 3775 2546 3832 Sed
2585 3775 2712 3844 quia
2738 3775 2839 3830 hoc
2869 3772 3115 3828 invenire
3149 3772 3204 3827 in
3233 3772 3394 3828 dictis
3415 3770 3636 3825 Patrum
3668 3782 3790 3838 per-

2197 3869 2440 3938 spieuum
2461 3875 2780 3934 est,uegare
2803 3862 3006 3918 licitum
3023 3861 3136 3932 jam
3160 3869 3393 3916 nonest.
3422 3859 3540 3915 Non
3567 3858 3788 3930 ignoras

2197 3961 2364 4014 etiam
2403 3959 2530 4028 quia
2585 3956 2841 4012 decretali
2880 3970 3066 4010 rursus
3116 3955 3464 4025 antiquorum
3501 3953 3789 4009 sanctione

2199 4052 2528 4122 prmeipilut‘,
2557 4059 2614 4104 ut
2646 4050 2714 4104 ad
2742 4049 2998 4120 baptismi
3027 4048 3255 4120 gratiam
3283 4047 3628 4118 productiora
3655 4055 3796 4100 tem-

2200 4159 2393 4214 porum
2449 4141 2730 4196 intervalla
2781 4141 3092 4196 tendantur.
3121 4139 3191 4195 Ut
3237 4140 3382 4194 enim
3408 4137 3795 4194 ecclesiasticae

2204 4235 2556 4292 institutionis
2585 4234 2832 4288 ordinem
2867 4232 3108 4287 breviter
3139 4242 3379 4302 tangam,
3413 4231 3555 4285 sicut
3584 4236 3792 4298 septem

2203 4339 2330 4384 sunt
2374 4328 2513 4383 dona
2555 4325 2790 4396 Spiritus
2841 4325 3038 4389 sancti,
3080 4333 3138 4377 ut
3191 4324 3353 4378 etiam
3403 4331 3610 4391 septem
3651 4321 3792 4374 dona

2203 4418 2479 4488 baptismi,
2513 4431 2542 4469 a
2573 4416 2747 4485 primo
2793 4414 3041 4468 videlicet
3087 4412 3284 4483 palmlo
3314 4412 3513 4468 sacrati
3544 4409 3694 4474 salis,
3741 4419 3798 4464 et

2208 4510 2456 4580 ingressu
2506 4506 2758 4561 Ecclesia:
2793 4521 2964 4574 usque
3015 4504 3082 4559 ad
3111 4504 3576 4559 confirmationem
3621 4501 3798 4557 sancti

2207 4599 2444 4670 Spiritus
2469 4613 2564 4668 per
2599 4597 2835 4650 chrisma
2857 4611 2871 4660 ;
2896 4610 3017 4664 quae
3039 4596 3241 4659 omnia,
3273 4595 3412 4650 sicut
3435 4591 3797 4663 frequentius,

2209 4691 2416 4760 agitur,
2463 4687 2681 4758 expedit
2730 4697 2789 4740 ut
2836 4702 2931 4756 per
2979 4687 3233 4740 diuturna
3278 4695 3578 4754 temporum
3623 4681 3800 4752 spatia

2209 4783 2599 4852 compleantur.
2639 4779 2745 4834 Sed
2781 4779 2825 4832 si
2877 4779 2998 4847 quis
3028 4777 3323 4848 postposita
3366 4789 3597 4829 morosa:
3631 4774 3802 4828 inter-

2209 4874 2484 4943 capedinis
2524 4871 2683 4942 3'71
2736 4867 3099 4931 observantia,
3157 4866 3223 4921 ad
3274 4864 3668 4936 plenitudinem
3705 4863 3800 4916 ba-

2211 4965 2395 5034 ptismi
2432 4975 2652 5033 repente
2692 4960 3029 5031 proruperit;
3070 4959 3238 5022 hunc,
3278 4971 3424 5027 rogo,
3470 4955 3799 5024 baptismum

2215 5055 2506 5111 invalidum
2529 5052 2836 5122 iudicabis?
2866 5050 3092 5106 Docebis
3125 5050 3267 5103 hunc
3299 5046 3572 5102 hominem
3599 5043 3801 5099 debere

2217 5160 2409 5212 totum,
2475 5148 2615 5216 quod
2665 5154 2945 5213 acceptum
2991 5151 3091 5206 est,
3144 5138 3566 5210 parvipcndere;
3617 5144 3704 5199 et,
3742 5143 3803 5188 ut

2218 5239 2397 5293 salvus
2418 5236 2531 5291 fieri
2564 5235 2749 5304 possit,
2775 5235 2950 5288 adhuc
2972 5233 3037 5285 ad
3069 5227 3457 5301 purificationis
3483 5225 3802 5297 mysterium

2217 5329 2549 5400 properare?
2591 5328 2855 5396 Loquere,
2905 5323 3214 5394 responde:
3258 5319 3506 5376 censebis
3553 5334 3622 5372 ne
3657 5317 3805 5371 hunc

2220 5422 2492 5477 hominem
2551 5419 2800 5488 baptismi
2852 5417 3125 5470 lavacrum
3155 5413 3277 5482 jure
3321 5424 3482 5482 posse
3533 5417 3804 5476 repetere,

2217 5512 2309 5582 qui
2341 5513 2408 5567 ad
2443 5511 2768 5581 baptismum
2799 5524 2904 5562 non
2949 5503 3150 5559 indicto
3175 5503 3366 5557 ordine
3403 5498 3806 5569 prmcipitauter

2219 5619 2382 5659 ausus
2428 5613 2511 5658 est
2561 5599 2841 5672 prosilire?
2869 5599 2978 5653 Cur
3009 5596 3188 5652 taces?
3219 5593 3485 5648 Nimirum
3523 5599 3804 5658 tantopere

2218 5693 2471 5764 loquendi
2505 5692 2693 5748 avidus
2736 5704 2840 5743 non
2901 5689 2983 5742 sic
3021 5689 3444 5748 obmutesceret,
3495 5683 3540 5737 si
3576 5682 3803 5735 haberet

2219 5786 2420 5856 aliquid
2468 5783 2610 5854 quod
2655 5779 3045 5836 rationabiliter
3103 5777 3470 5847 responderet.
3533 5771 3638 5828 Sed
3695 5781 3806 5824 non
