4106 6320
336 365 442 421 377

926 366 1171 424 OPUSC.
1210 367 1444 424 XVI.—
1481 368 1758 428 CONTRA
1801 368 2024 426 EPISC.
2068 369 2372 427 MONACH.
2413 368 2507 425 AD
2543 367 2720 424 SEC.
2762 363 3013 425 ιιεγοοι

3494 368 3598 428 378

337 480 571 552 ambigo,
601 480 730 551 quin
757 491 1068 539 constanter
1094 481 1329 539 aﬂirmes
1347 490 1406 538 et
1430 483 1571 538 hunc
1591 482 1914 552 baptismum
1947 492 1992 548 Α
2021 482 2216 552 egebit.
2249 481 2400 537 Tolle
2423 482 2687 551 siquidem
2727 480 2994 550 duplicem
3017 479 3290 550 spiritum,
3317 479 3598 548 probatio-

337 573 474 628 adeo
516 579 692 628 ratum
747 587 890 639 esse,
938 581 994 630 et
1045 574 1300 640 validum,
1350 584 1409 629 ut
1453 575 1700 646 quisquis
1726 589 1793 630 ex
1831 573 1922 628 illo

338 663 662 730 renascitur,
687 663 800 735 jam
831 665 1021 735 procul
1046 665 1209 720 dubio
1254 658 1577 735 sacrilegum
1608 667 1700 732 sit,
1729 674 1786 722 et
1809 681 1923 720 om-

336 759 467 814 nino
514 756 800 828 nefarium,
829 758 875 814 si
905 759 970 814 ad
999 757 1238 826 ejusdem
1275 758 1700 830 regenerationis
1744 772 1925 812 sacri:-

337 861 580 906 mentum
611 851 787 906 denuo
805 860 1110 908 revocetur.
1144 851 1509 922 Consequitur
1528 865 1678 921 ergo,
1704 863 1761 903 u:
1781 849 1922 918 quod

337 956 404 996 ex
430 943 607 1013 primo
629 942 952 1012 baptismate
978 953 1184 998 sentire
1227 941 1586 1012 compelleris,
1626 943 1726 996 hoc
1759 942 1921 995 etiam

339 1032 408 1088 de
430 1031 693 1096 secundo,
722 1032 1042 1087 monachico
1063 1031 1271 1086 scilicet
1293 1032 1562 1096 instituto,
1594 1029 1924 1086 inevitabili-

339 1130 426 1175 ter
448 1119 694 1176 fatearis.
729 1121 797 1176 Et
823 1120 964 1176 sicut
992 1121 1144 1191 prior
1188 1120 1355 1177 semel
1382 1129 1663 1191 susceptus
1701 1119 1926 1174 nullate-

339 1225 443 1265 nus
483 1211 626 1265 valet
673 1209 880 1280 repeti,
934 1211 1007 1266 ita
1043 1209 1209 1265 etiam
1255 1207 1524 1266 secundus
1556 1209 1699 1264 nulla
1746 1218 1929 1280 potest

329 1297 476 1369 juris
505 1301 719 1356 ratione
747 1303 1048 1356 contemni.

415 1392 800 1448 Verumtamen
849 1395 955 1459 die,
989 1392 1240 1455 obsecro,
1266 1392 1389 1463 quis
1436 1400 1772 1456 sanctorum,
1806 1390 1930 1460 quis

341 1483 687 1552 antiquorum
715 1485 935 1539 Patrum
965 1486 1063 1540 sub
1091 1485 1212 1550 lnc,
1255 1500 1417 1554 quam
1460 1483 1753 1539 insolenter
1782 1497 1931 1537 assc-

341 1577 442 1639 ris,
483 1573 803 1642 probatione
843 1590 1142 1631 conversus
1188 1577 1310 1631 est?
1345 1574 1596 1645 Nunquid
1626 1574 1932 1628 Antonius?

342 1668 598 1739 Nunquid
649 1669 880 1724 Paulus?
935 1668 1186 1740 Nunquid
1247 1668 1526 1724 Hilarion?
1572 1666 1824 1737 Nunquid
1876 1675 1932 1721 ct

344 1760 460 1830 ipse
503 1769 723 1817 sanctus
762 1761 1104 1826 Benedictus,
1144 1760 1235 1832 qui
1271 1761 1399 1824 ista,
1427 1761 1568 1816 sicut
1603 1767 1657 1814 tu
1703 1757 1926 1821 falleris,

2024 575 2110 630 nis
2145 575 2401 630 continuo
2429 583 2606 628 cessat
2632 573 3080 642 experimentum.
3114 569 3294 626 Pulset
3315 569 3402 624 ille
3429 569 3606 640 Spiri-

2023 675 2132 732 tus,
2156 667 2248 736 qui
2279 665 2410 720 dicit
2453 683 2465 719 :
2498 682 2518 717 ι
2561 663 2670 734 Ego
2699 675 2784 717 sto
2809 663 2876 716 ad
2904 662 3123 725 ostium,
3151 672 3206 715 ct
3232 659 3384 731 pulso
3416 658 3602 730 (Apoc.

2025 758 2097 830 t);
2137 777 2154 810 ι
2182 757 2226 813 si
2258 755 2626 827 cognoscitur,
2653 754 2778 808 huic
2799 761 2946 808 certe
2969 751 3112 806 nulla
3141 767 3291 806 mora
3323 750 3602 822 protrahi-

2026 864 2136 918 tur,
2165 853 2311 910 nulla
2359 851 2604 922 probatio
2649 851 2934 920 quaeritur,
2979 850 3072 904 sed
3096 849 3327 919 pulsanti
3358 847 3606 918 protinus

2027 947 2289 1016 aperitur.
2322 944 2564 1013 Denique
2606 945 2747 998 sicut
2782 957 2847 998 ex
2897 941 3194 1010 apostolico
3222 939 3468 1009 exemplo
3493 939 3606 995 col-

2025 1035 2232 1106 ligitur,
2272 1033 2417 1104 quod
2465 1033 2573 1088 illic
2601 1033 2823 1103 ponitur
2859 1049 2871 1084 :
2911 1048 2929 1082 ι
2971 1029 3205 1084 Probate
3257 1027 3531 1097 spiritum.
3561 1027 3611 1084 si

2028 1142 2095 1182 ex
2142 1127 2255 1180 Deo
2294 1133 2416 1188 est;
2461 1140 2479 1174 ι
2522 1121 2772 1193 probatio
2828 1120 2931 1174 ista
2963 1120 3135 1187 magis
3161 1117 3476 1187 suscipienti
3528 1124 3616 1172 est

2029 1215 2355 1279 necessaria,
2404 1229 2568 1283 quam
2617 1211 2854 1268 venienti
2892 1210 3042 1265 :vidt
3061 1211 3185 1266 licet
3213 1218 3269 1263 ut
3312 1207 3614 1279 suscipiens

2031 1309 2402 1363 internoscere
2437 1305 2633 1369 valeat,
2665 1318 2771 1374 quo
2807 1302 3072 1372 impulsus
3099 1300 3290 1371 spiritu
3317 1299 3614 1370 suscipien-

2031 1403 2132 1456 dus
2161 1401 2402 1456 accedat.
2437 1397 2548 1454 Nec
2567 1399 2678 1468 jam
2704 1396 2952 1466 probatio
2981 1393 3218 1464 expedit,
3247 1393 3336 1448 ubi
3377 1391 3468 1463 qui
3490 1407 3617 1463 pro-

2033 1493 2242 1550 bandus
2277 1501 2380 1557 est,
2420 1490 2804 1562 perspicaciter
2848 1489 3170 1544 innotescat.
3199 1486 3276 1542 lbi
3301 1487 3500 1556 quippe
3531 1486 3616 1539 lu-

2032 1600 2253 1641 cernam
2297 1582 2664 1647 accendimus,
2711 1580 2802 1634 ubi
2861 1579 3002 1648 quod
3057 1576 3330 1633 occultum
3383 1584 3471 1630 est
3508 1589 3616 1628 non

2032 1679 2310 1742 videmus;
2359 1676 2404 1730 si
2435 1684 2616 1728 autem
2647 1673 2788 1744 quod
2821 1672 3022 1726 latebat
3075 1669 3357 1740 aspicitur,
3394 1667 3617 1722 lucerna

2033 1769 2282 1840 protinus
2325 1767 2721 1836 exstinguetur.
2785 1762 2876 1818 Sic
2920 1762 3000 1817 sic
3043 1762 3298 1816 nimirum
3349 1761 3414 1816 dc
3458 1758 3614 1829 cujus

344 1851 559 1906 νίάθιυτ
585 1852 902 1924 Ρΐωοῖρθτθν
943 1852 1043 1908 sub
1070 1852 1172 1906 hac
1209 1850 1546 1922 Ρτοδίδιίοηίε
1583 1848 1930 1906 οῧδθτνθηῑίθ
1962 1850 2007 1911 Β
2036 1871 2237 1927 mente,
2289 1876 2395 1930 quo
2423 1859 2616 1930 spiritu
2641 1857 2872 1911 ducatur
2898 1855 3212 1925 ambigitur,
3242 1853 3399 1907 valde
3433 1866 3622 1907 neces-

344 1943 416 1997 ad
467 1944 844 1998 monachicum
888 1943 1083 2013 legitur
1129 1943 1373 1998 ordinem
1421 1941 1767 2014 pervenisse?
1806 1940 1933 1996 Pcr-

345 2047 528 2097 curre,
578 2048 783 2102 qua-so,
823 2041 1051 2088 cunctas
1095 2034 1350 2089 veridicae
1390 2031 1732 2102 antiquitatis
1769 2031 1935 2086 histo-

349 2125 481 2191 rias,
509 2134 564 2179 et
616 2139 738 2179 cum
781 2141 887 2179 non
941 2124 1116 2194 possis
1164 2125 1248 2180 vel
1297 2141 1462 2180 unum
1509 2141 1605 2196 per
1637 2132 1746 2178 tam
1779 2123 1935 2193 longa

350 2225 658 2286 temporum
713 2215 997 2271 intervalla
1042 2214 1328 2284 probatum
1365 2215 1673 2280 ostendere,
1713 2229 1938 2270 necesse

348 2315 460 2372 est,
489 2316 547 2362 ut
570 2307 881 2364 confitearis
921 2317 973 2362 te
1001 2307 1313 2362 calceteuus
1339 2317 1675 2377 superatum,
1713 2307 1939 2362 victoris

350 2399 796 2456 insultationibus
830 2401 1026 2456 merito
1088 2400 1389 2469 subjacere.
1438 2401 1581 2456 Sane
1629 2415 1738 2470 quo
1779 2408 1939 2471 pacto

349 2499 547 2547 cuncta
585 2490 830 2562 exempla
867 2500 1136 2557 veterum,
1180 2493 1360 2546 omnia
1396 2502 1542 2562 gesta
1571 2490 1792 2550 Patrum
1847 2504 1940 2546 ar-

350 2583 564 2654 roganti
604 2583 894 2655 supercilio
929 2584 1202 2654 prasteris,
1233 2595 1288 2639 et
1319 2584 1640 2654 contemptis
1665 2584 1938 2650 omnibus,

350 2675 420 2729 ad
451 2673 611 2729 unius
628 2682 681 2729 te
715 2675 1000 2730 sententia:
1030 2684 1280 2730 centrum
1305 2675 1611 2730 obstinatus
1637 2675 1940 2746 astringis?

351 2763 490 2820 Nam
529 2768 574 2820 si
619 2764 695 2820 illi
747 2766 936 2837 procul
995 2767 1158 2821 dubio
1217 2765 1388 2821 sancti
1444 2774 1590 2831 sunt,
1633 2766 1944 2822 necessario

353 2867 480 2916 Sunt
500 2857 666 2913 etiam
691 2857 958 2912 imitandi.
999 2857 1152 2924 Quod
1183 2857 1228 2912 si
1257 2857 1500 2912 imitandi
1533 2873 1637 2912 non
1668 2867 1818 2918 sunt.
1845 2872 1944 2913 nec

351 2949 576 3004 omnino
607 2948 781 3005 sancti
821 2959 964 3005 sunt.
999 2951 1209 3015 Cernis,
1240 2965 1272 3003 ο
1300 2950 1439 3006 bone
1466 2950 1724 3021 litigator,
1780 2966 1949 3020 quor-

359 3056 478 3095 sum
513 3051 699 3108 vergat
748 3041 865 3096 hinc
893 3050 982 3095 tua
1027 3041 1184 3096 docta
1214 3044 1521 3096 sententia?
1567 3041 1791 3113 Cogeris
1816 3057 1946 3112 ergo

355 3132 667 3188 necessario
689 3133 936 3189 confiteri
962 3133 1046 3187 vel
1077 3141 1294 3188 sanctos
1316 3133 1505 3188 P..trcs
1530 3143 1744 3188 nostros
1765 3135 1944 3188 omni-

2036 1953 2239 2008 sarium
2284 1958 2448 2004 estut
2489 1947 2767 2018 probetur.
2800 1945 2900 2002 Ubi
2931 1953 3112 2000 autem
3143 1942 3475 2000 conscientia
3505 1956 3625 1997 ma-

2039 2042 2237 2099 nifesta
2277 2040 2558 2106 claruerit,
2610 2036 2946 2109 probationis
2980 2033 3302 2090 exercitium
3333 2031 3620 2088 inanescit.

2111 2137 2176 2191 Et
2201 2149 2324 2190 cum
2349 2133 2510 2204 (teste
2539 2131 2778 2201 ejusdem
2817 2127 2996 2182 libello
3022 2124 3241 2197 regular)
3269 2130 3463 2180 cuncta
3484 2137 3623 2194 pene

2041 2225 2348 2297 huiusmodi
2387 2223 2599 2294 negotia
2649 2221 2701 2275 in
2756 2219 2969 2274 abbatis
2997 2216 3224 2272 arbitrio
3253 2223 3311 2270 et
3357 2221 3625 2285 potestate

2041 2323 2152 2378 sint
2173 2319 2492 2381 constituta,
2522 2329 2644 2370 cum
2670 2312 2900 2384 quilibet
2925 2326 2991 2367 eo
3029 2308 3190 2365 modo
3217 2307 3284 2363 ad
3311 2306 3622 2363 conversio-

2043 2428 2166 2469 nem
2190 2409 2423 2474 venerit,
2461 2408 2603 2462 sicut
2631 2404 2708 2460 illi
2753 2404 2822 2458 ab
2851 2403 3047 2459 abbate
3073 2399 3424 2471 praecipitur;
3459 2410 3624 2468 quam

2045 2503 2410 2570 impudenter,
2455 2513 2615 2568 quam
2661 2495 2984 2560 inconsulte,
3016 2508 3180 2564 quam
3216 2490 3479 2548 intrunite
3503 2488 3628 2560 quis

2045 2603 2273 2657 asserat,
2311 2599 2368 2645 ut
2420 2589 2507 2644 illa
2559 2587 2842 2644 conversio
2898 2586 3051 2641 irrita
3109 2582 3419 2655 iudicetur?
3465 2578 3627 2636 Certe

2044 2685 2233 2742 eadem
2261 2681 2448 2752 regula
2477 2679 2740 2750 praecipit,
2765 2687 2825 2733 ut
2854 2677 3069 2733 abbatis
3095 2690 3280 2731 mensa
3314 2686 3437 2728 cum
3463 2684 3626 2742 pere-

2044 2776 2216 2849 grinis
2258 2783 2315 2829 et
2367 2771 2668 2842 hospitibus
2711 2784 2929 2840 semper
2984 2769 3076 2824 sit.
3125 2766 3232 2823 Sed
3287 2763 3416 2836 quia
3466 2759 3628 2816 modo

2047 2875 2266 2939 propter
2333 2863 2733 2934 reprimendam
2801 2858 3164 2930 quorumdam
3231 2852 3534 2924 crapulam,
3575 2856 3631 2905 et

2049 2958 2327 3014 luxuriosa
2355 2955 2625 3020 convivia,
2682 2953 2923 3025 religiosi
2975 2950 3350 3007 coenobiorum
3387 2953 3630 3002 rectores

2053 3049 2273 3105 minime
2303 3047 2541 3112 faciunt;
2591 3055 2642 3099 te
2667 3044 2848 3116 judice
2867 3084 2882 3109 ,
2913 3043 2980 3097 ab
3011 3041 3188 3098 olIicio
3217 3054 3316 3094 suo
3345 3050 3630 3092 removen—

2050 3143 2104 3196 di
2143 3139 2341 3196 crunt?
2388 3137 2489 3204 Qui
2523 3135 2780 3191 nimirum
2811 3133 2939 3188 dum
2974 3131 3148 3188 sancti
3183 3127 3422 3184 doetoris
3454 3126 3630 3180 inten-

357 3238 428 3275 no
454 3232 674 3278 sanctos
702 3239 807 3280 non
844 3238 986 3289 esse,
1019 3225 1100 3279 vel
1130 3240 1244 3291 eos,
1267 3226 1360 3294 qui
1383 3227 1594 3280 novitcr
1615 3236 1945 3281 convertun-

2053 3233 2251 3288 tioncm
2290 3230 2576 3300 vigilanter
2605 3226 2896 3296 aspiciunt,
2941 3223 3096 3292 sequi
3130 3219 3416 3276 verborum
3439 3230 3636 3286 super-

363 3323 473 3380 tur,
504 3329 832 3386 magnopere
860 3316 1275 3386 probationibus
1306 3334 1409 3372 non
1432 3333 1613 3388 egere.
1646 3317 1948 3372 Erubescat

357 3419 489 3474 ergo
523 3405 704 3477 lingua
747 3406 1084 3476 phrenetica,
1108 3417 1163 3462 et
1187 3424 1308 3478 qua:
1338 3410 1511 3464 nescit
1535 3424 1656 3464 esse
1693 3408 1947 3474 facunda,

358 3497 538 3552 discat
585 3512 708 3552 esse
741 3497 826 3552 vel
871 3506 1038 3552 muta.
1066 3497 1474 3568 Nescitaliquid
1517 3500 1722 3554 utiliter
1743 3499 1946 3563 dicere,

359 3590 502 3645 sciat
541 3589 734 3645 saltem
755 3591 874 3646 sine
908 3591 1106 3646 damno
1134 3599 1333 3645 tacere.
1367 3590 1550 3660 Serpit
1586 3593 1730 3645 enim
1771 3605 1950 3646 sermo

363 3681 470 3736 iste
503 3695 813 3752 pervorsus,
850 3691 908 3736 ut
946 3696 1167 3746 cancer,
1196 3681 1288 3752 qui
1340 3681 1442 3736 nisi
1470 3681 1538 3735 ab
1571 3697 1678 3736 uno
1707 3681 1951 3736 membro

358 3770 600 3842 cisurgio
626 3770 955 3826 acutissimas
989 3772 1427 3840 reprehensionis
1461 3771 1774 3834 absciditur,
1821 3770 1949 3825 nulli

365 3861 588 3917 dubium
631 3863 767 3934 quin
818 3865 886 3920 ad
939 3880 1073 3920 sana
1118 3865 1371 3920 Ecclesiae
1417 3865 1655 3920 membra
1694 3865 1952 3934 pestifee

366 3953 645 4010 dilatetur.
1017 3995 1024 4000 -

975 4049 1057 4105 CA
1072 4049 1201 4105 [ΕΤ
1253 4049 1344 4104 IX.

442 4139 695 4197 Probatio
723 4143 792 4196 ad
822 4142 1121 4213 religionem
1155 4144 1465 4197 venientium
1495 4159 1591 4195 cur
1618 4140 1880 4209 exigatur.

444 4231 551 4287 Sed
593 4234 660 4287 ad
687 4234 801 4289 haec
831 4235 1188 4304 respondebis
1234 4235 1497 4296 fortassis,
1539 4242 1594 4287 et
1623 4233 1770 4286 dices
1804 4250 1815 4284 :
1847 4231 1956 4286 Cur

370 4338 502 4394 ergo
546 4324 796 4394 probatio
839 4325 940 4378 ista
987 4325 1039 4380 in
1086 4340 1373 4379 commune
1414 4323 1745 4394 prmcipitur,
1777 4322 1820 4375 si
1852 4338 1954 4375 non

337 4470 339 4472 .
370 4417 535 4472 etiam
563 4419 890 4490 generaliter
919 4418 1270 4474 observetur?
1298 4426 1353 4472 et
1383 4432 1482 4488 ego
1503 4417 1601 4471 abs
1632 4425 1684 4472 te
1721 4430 1906 4484 quan-0
1937 4432 1950 4468 :

375 4507 470 4562 dic
516 4510 671 4574 mihi,
699 4511 790 4578 qui
836 4511 1082 4579 praecipit
1109 4519 1166 4563 ut
1201 4511 1302 4564 sub
1337 4511 1439 4563 hac
1491 4509 1810 4579 probatione
1838 4508 1958 4576 quis

375 4599 445 4654 ad
469 4601 879 4656 conversionem
911 4601 1115 4666 veniat,
1144 4602 1232 4656 tibi
1262 4603 1424 4656 etiam
1454 4602 1684 4660 censuit,
1723 4610 1778 4653 ut
1803 4599 1958 4653 aliter

377 4690 625 4756 veniens,
667 4705 698 4743 a
730 4689 1046 4744 monachica
1090 4691 1428 4746 institutione
1460 4690 1710 4745 recedat?
1743 4689 1807 4743 Et
1837 4705 1956 4744 cum

374 4781 668 4837 ostendere
696 4781 858 4852 372
891 4781 994 4836 hoc
1027 4781 1246 4835 minimc
1295 4782 1518 4850 poteris,
1543 4789 1854 4849 competens
1880 4790 1962 4833 est

377 4883 440 4928 ut
481 4873 700 4940 credas,
729 4875 855 4944 quia
884 4882 1107 4943 propter
1142 4887 1306 4943 vagos
1333 4872 1600 4934 homines,
1629 4882 1685 4926 et
1724 4871 1963 4940 duplices

380 4967 566 5021 animo
611 4966 815 5022 dictum
845 4975 928 5022 est
957 4966 1130 5038 magis
1171 4964 1376 5020 cautela
1407 4963 1640 5026 consilii,
1675 4979 1836 5034 quam
1863 4979 1962 5016 au-

380 5056 641 5113 ctoritate
679 5059 955 5128 praecepti.
1004 5057 1157 5125 Quod
1196 5055 1352 5111 facile
1397 5055 1752 5123 dignoscitur,
1789 5055 1833 5109 si
1879 5054 1960 5107 vel

381 5147 599 5202 initium
647 5149 926 5203 sententia:
969 5148 1158 5218 ipsius,
1199 5147 1264 5201 de
1293 5160 1397 5215 qua
1428 5145 1627 5216 agitur,
1660 5153 1866 5198 attente
1896 5143 1969 5196 le-

383 5248 564 5311 gatur.
601 5239 742 5294 Dicit
770 5240 915 5294 enim
946 5239 1025 5311 (S.
1063 5239 1194 5294 BEN.
1230 5237 1378 5308 Reg,
1407 5254 1528 5307 cap.
1582 5236 1672 5304 58)
1716 5255 1728 5289 :
1781 5254 1799 5286 ι
1863 5232 1964 5288 No-

383 5331 528 5386 viter
554 5331 678 5400 quis
722 5331 945 5386 veniens
986 5331 1052 5384 ad
1102 5329 1510 5396 conversionem
1542 5337 1782 5382 nontam
1837 5325 1966 5378 faci-

385 5421 454 5476 lis
499 5423 768 5476 tribuatur
822 5423 1121 5492 ingrcssus,
1181 5421 1294 5482 sed,
1343 5420 1479 5473 sicut
1521 5419 1598 5471 ait
1653 5415 1966 5484 Apostolus,

385 5510 616 5580 probate
663 5513 936 5581 spiritum,
981 5513 1026 5566 si
1083 5527 1148 5566 ex
1199 5511 1304 5565 Deo
1335 5519 1419 5563 est
1457 5508 1508 5580 (Ι
1534 5508 1694 5562 Joan.
1723 5507 1814 5572 ιτ).
1857 5525 1874 5557 ι
1912 5504 1968 5558 ln

383 5603 588 5672 quibus
615 5603 795 5658 verbis
829 5612 1078 5672 patenter
1113 5602 1441 5674 agnoscitur,
1475 5599 1598 5669 quia
1632 5597 1874 5667 quisquis
1905 5595 1972 5650 ad

389 5695 800 5749 conversionem
830 5693 1014 5747 divino
1061 5692 1264 5762 Spiritu
1305 5701 1628 5762 provocatus
1655 5689 1968 5753 accesserit,

391 5798 506 5846 tam
565 5804 793 5846 morosa:
842 5787 1180 5860 probationis
1233 5785 1524 5842 interstitio
1589 5784 1800 5854 penit'is
1866 5799 1972 5837 non

2055 3323 2228 3378 ficiem
2287 3317 2713 3392 parvipendunt;
2762 3317 2888 3371 dum
2932 3312 3218 3369 medullam
3276 3304 3634 3365 vivificatoris

2050 3414 2289 3484 Spiritus
2323 3411 2622 3474 ruminant,
2652 3405 2952 3462 occidentis
2971 3404 3168 3459 littera:
3194 3400 3376 3472 paleas
3395 3396 3632 3454 calcant.

2051 3505 2156 3561 Sed
2174 3504 2314 3558 sicut
2341 3510 2396 3556 et
2425 3501 2513 3554 hic
2551 3505 2773 3570 propter
2797 3509 3045 3566 saporem
3074 3489 3460 3560 intelligentiae,
3492 3487 3635 3540 litte-

2059 3616 2242 3657 rarum
2270 3598 2530 3654 corticem
2554 3592 2802 3664 postponi
2825 3606 2932 3646 non
2960 3586 3236 3659 prohibes,
3271 3585 3344 3639 ita
3373 3582 3538 3637 etiam
3564 3579 3634 3633 de

2051 3689 2404 3747 conversione
2435 3682 2684 3740 monachi
2727 3680 2916 3736 eadem
2947 3689 3168 3733 necesse
3191 3682 3275 3730 est
3301 3681 3638 3740 consequen-

2054 3791 2136 3837 ter
2180 3781 2433 3834 atlirmes.

2125 3870 2231 3925 Sed
2277 3867 2536 3938 quoniam
2580 3880 2642 3920 ex
2671 3859 2950 3933 quadratis
2973 3853 3504 3931 argumentationum
3535 3863 3636 3905 nov

2054 3971 2288 4016 strarum
2316 3957 2582 4028 lapidibus
2606 3949 3019 4022 inexpugnabile
3044 3946 3318 4001 munimen
3340 3940 3637 4000 ereximus,

2057 4064 2395 4119 consequens
2446 4055 2550 4110 est,
2601 4054 2659 4098 ut
2703 4044 2808 4098 hoc
2847 4043 2898 4095 in
2964 4040 3132 4110 ipsius
3189 4035 3337 4092 calce
3396 4028 3640 4102 opusculi

2057 4142 2289 4212 quadam
2311 4136 2608 4211 syllogismi
2635 4135 2786 4189 clave
2811 4131 3042 4187 firmiter
3061 4129 3398 4184 obscremus.
3431 4123 3635 4180 Omnes

2059 4249 2314 4302 namque,
2343 4231 2433 4300 qui
2463 4227 2795 4282 monachicae
2815 4221 3167 4293 professionis
3187 4217 3429 4272 habitum
3457 4227 3642 4269 susce—

2059 4333 2274 4396 perunt.
2326 4331 2419 4376 aut
2463 4327 2759 4389 spontaneo
2797 4314 3002 4386 judicio
3055 4320 3183 4366 sunt
3222 4306 3495 4372 conversi,
3548 4312 3655 4358 aut.

2062 4416 2110 4470 vi
2141 4413 2334 4478 coacti,
2358 4417 2448 4464 aut
2476 4407 2718 4464 suasoria
2751 4405 3044 4460 calliditate
3065 4399 3276 4470 decepti
3308 4396 3436 4465 :qui
3461 4402 3652 4448 autent.

2063 4515 2262 4577 sponte
2312 4498 2558 4556 conversi
2614 4504 2764 4561 sunt,
2810 4493 2897 4548 vel
2935 4492 3034 4548 sub
3079 4487 3398 4561 probatione
3435 4484 3505 4540 ad
3530 4497 3648 4577 mos

2064 4571 2364 4652 n-asterium
2395 4590 2638 4654 veniunt,
2687 4587 2772 4640 vel
2803 4583 3097 4656 postposita
3128 4576 3468 4651 probationis
3510 4571 3650 4631 σιω.

2063 4687 2264 4742 cultate
2307 4687 2686 4754 prorumpunt.
2731 4676 2838 4731 Sed
2865 4676 2974 4746 jam
3017 4671 3266 4742 superius
3295 4667 3469 4736 posita
3500 4662 3649 4754 mule

2065 4775 2234 4847 tiplici
2282 4752 2548 4827 canonum
2603 4767 2928 4822 auctoritate
2977 4763 3248 4816 firmatum
3277 4763 3379 4819 est,
3437 4762 3498 4807 ut
3532 4752 3654 4821 qui-

2065 4845 2282 4935 cunque
2352 4871 2448 4917 aut
2494 4867 2685 4930 sponte
2759 4854 3006 4912 conversi
3064 4864 3230 4912 sunt,
3281 4856 3377 4901 aut
3429 4845 3649 4908 coacti,

2065 4969 2158 5016 aut
2202 4958 2367 5012 etiam
2416 4951 2664 5021 decepti,
2733 4949 2847 5002 sive
2910 4943 3122 5016 probati
3172 4948 3318 5006 sunt,
3375 4937 3491 4992 sive
3538 4950 3647 4988 non

2064 5050 2319 5125 probati,
2370 5054 2598 5115 excepto
2657 5041 2701 5096 si
2769 5037 2953 5092 uxoris
3017 5047 3338 5089 consensum
3401 5038 3458 5084 et
3517 5039 3648 5098 pro-

2067 5141 2380 5198 missionem
2418 5132 2579 5206 373
2608 5147 2711 5186 non
2739 5128 3065 5186 habuerunt,
3091 5136 3280 5175 omnes
3303 5130 3652 5191 perseverare

2070 5233 2123 5288 in
2149 5247 2242 5292 eo,
2293 5243 2450 5299 quem
2483 5229 2840 5292 acceperunt,
2879 5213 3199 5269 monachico
3242 5211 3435 5268 ordine
3473 5208 3654 5264 omni-

2070 5322 2248 5377 modis
2279 5316 2686 5386 compellantur.
2721 5305 3087 5364 Concludatur
3119 5318 3248 5374 ergo
3285 5315 3504 5356 necesse
3533 5307 3613 5354 est
3635 5343 3651 5366 ,

2077 5422 2136 5468 ut
2158 5425 2347 5466 omnes
2367 5407 2456 5477 qui
2481 5401 2808 5458 monachica
2825 5394 3181 5470 professionis
3206 5394 3443 5448 habitum
3472 5405 3660 5444 susce-

2077 5509 2293 5575 perunt,
2319 5496 2559 5566 exceptis
2588 5493 2694 5557 his,
2721 5490 2810 5560 qui
2833 5487 3039 5558 absque
3065 5485 3247 5540 uxoria
3276 5482 3653 5554 permissione,

2077 5571 2132 5649 et
2158 5590 2516 5662 promissione
2545 5584 2791 5640 conversi
2815 5588 2940 5639 sunt
2959 5620 2972 5645 ,
3012 5590 3336 5648 quocunque
3367 5573 3471 5627 alio
3498 5571 3656 5624 modo

2081 5686 2148 5740 ad
2179 5685 2280 5738 hoc
2309 5679 2642 5752 propositum
2673 5676 2941 5737 venerint,
2971 5673 3024 5726 in
3048 5685 3135 5736 eo,
3162 5680 3322 5740 quem
3353 5671 3656 5731 cmpeiunt,

2083 5777 2269 5834 ordine
2298 5769 2650 5844 compellendi
2677 5777 2802 5824 sunt
2829 5763 3152 5822 omnimodis
3178 5767 3492 5832 permanere
