4106 6320
476 372 583 434 379

943 375 1000 430 S.
1035 370 1240 430 PETRI
1277 372 1561 453 DAMIANI
1596 372 1750 432 OPP.
1777 375 2013 447 TOMUS
2054 376 2065 429 ξ

2171 377 2187 434 ι
2226 376 2402 436 esus
2435 379 2522 435 ιιι.
2550 344 3001 437 ςοιδιιεεύω
3043 379 3273 436 νΑιιιΑ.

3632 382 3740 440 380

550 493 716 556 Ecce,
749 500 809 546 ttt
845 492 1061 561 opinor,
1092 501 1148 546 et
1189 492 1579 547 catholicorum
1625 491 1844 548 Patrum
1897 494 2051 550 testi-
2082 502 2130 557 Α
2163 515 2180 546 ι
2218 497 2439 564 Venite,
2474 498 2679 568 inquit,
2709 507 2762 553 et
2804 498 3015 569 arguite
3059 513 3145 553 me
3190 497 3323 570 (Isa.
3372 499 3433 568 l).
3460 518 3478 552 ι
3509 500 3566 555 Si
3608 516 3740 573 ergo

476 586 673 641 morti‘s
717 584 959 647 cinctus,
1009 593 1064 639 et
1109 585 1405 655 perspicua!
1448 585 1696 640 veritatis
1740 584 2056 643 multimoda

480 677 687 731 ratione
718 675 973 742 vallatus,
1020 676 1092 731 ita
1119 691 1179 729 es
1216 691 1280 729 ex
1327 676 1472 731 omni
1505 684 1659 745 parte
1696 677 2054 742 constrictus,

478 774 619 841 ιιηιιι
646 774 831 821 contra
860 767 973 821 haec
1004 765 1138 823 nihil
1159 781 1383 841 prorsus
1403 780 1696 836 opponere,
1727 766 1871 823 nullo
1897 777 2057 838 pacto

478 875 543 915 ac
573 858 808 913 rediviva
860 866 912 912 te
954 857 1130 927 po-.sis
1180 856 1407 912 ulterius
1439 857 1737 913 certamina
1782 872 2052 929 reparare.

478 951 821 1020 QuaprOpter
844 948 911 1003 da
936 963 1147 1012 ntauus,
1176 956 1230 1002 et
1256 947 1515 1003 confitere
1548 959 1600 1003 te
1628 949 1907 1018 ignorasse
1938 964 2059 1018 quae

477 1040 683 1097 dixeris
707 1079 722 1105 ,
753 1047 808 1094 et
832 1048 980 1093 tuum
1012 1038 1219 1112 tibimet
1244 1036 1508 1107 judicium
1540 1056 1636 1109 per
1668 1040 1848 1095 omnia
1873 1040 2061 1110 displi-

480 1146 636 1196 cere,
678 1130 788 1183 imo
840 1129 1101 1183 adversus
1145 1143 1243 1193 ea,
1287 1142 1405 1197 quae
1459 1128 1674 1183 incaute
1719 1129 2056 1200 protuleras,

480 1220 626 1274 omni
652 1218 831 1274 studio
866 1218 1270 1273 retractationis
1305 1219 1629 1289 accingere:
1656 1228 1709 1274 et
1740 1229 1797 1273 ut
1827 1235 1941 1284 eos,
1968 1220 2060 1289 qui

479 1325 577 1382 per
603 1321 655 1367 te
683 1311 736 1365 in
773 1326 1015 1366 errorem
1049 1312 1179 1381 lapsi
1220 1322 1384 1376 sunt,
1417 1322 1640 1366 auctore
1671 1311 1814 1375 Deo,
1856 1312 1922 1365 ad
1972 1326 2060 1365 re-

481 1402 763 1460 ctitudinis
794 1403 934 1458 viam
956 1404 1135 1459 valeas
1164 1418 1438 1460 revocare.
1477 1403 1730 1459 Vertatnr
1764 1406 1919 1460 docta
1950 1420 2062 1459 ma-

481 1508 585 1548 nus
614 1493 669 1547 in
704 1493 922 1563 prmlio,
950 1503 1005 1549 et
1030 1510 1126 1564 pro
1164 1494 1270 1550 illis
1305 1504 1450 1551 stare
1493 1495 1790 1565 pru.lenter
1814 1494 2060 1559 studeat,

481 1600 619 1656 quos
643 1600 955 1656 oppugnare
983 1586 1333 1655 pertinaciter
1375 1587 1690 1656 satagebat;
1723 1596 1783 1639 ut
1817 1586 1883 1639 de
1916 1593 1965 1638 te
1996 1586 2064 1639 ad

482 1676 695 1731 laudem
722 1676 818 1732 Dei
844 1692 965 1732 cum
996 1677 1163 1732 Paulo
1196 1679 1390 1732 merito
1418 1678 1590 1747 possit
1623 1677 1730 1732 diei
1764 1694 1777 1730 :
1820 1696 1837 1728 ι
1875 1675 2065 1731 Nonne

482 1768 574 1824 hic
597 1778 681 1825 est
730 1769 822 1840 qui
872 1769 1214 1840 expugnabat
1260 1771 1315 1824 in
1361 1769 1660 1825 Jerusalem
1713 1784 1937 1831 omnes,
1972 1769 2062 1837 qui

484 1861 811 1917 invocabant
837 1878 1030 1917 nomen
1058 1863 1242 1917 isltttl?
1275 1883 1293 1914 ι
1330 1863 1467 1933 (Act.
1506 1864 1608 1933 tv.)

556 1949 756 2015 Parce,
790 1966 993 2021 quaeso,
1019 1951 1177 2006 labiis
1206 1952 1364 2016 meis,
1387 1953 1633 2023 quisquis
1658 1967 1718 2008 es
1740 1951 2067 2008 venerabilis

482 2041 680 2112 pratsul
713 2059 725 2095 :
760 2051 815 2097 et
839 2042 886 2096 si
918 2042 1043 2111 quid
1082 2042 1135 2096 in
1163 2052 1213 2096 te
1242 2058 1492 2113 asperum
1517 2043 1830 2105 blaeteravi,
1860 2042 1904 2097 si
1935 2042 2064 2112 quid

487 2150 685 2190 aurora:
714 2134 1098 2189 commotionis
1143 2133 1339 2199 ell‘ndi,
1376 2150 1481 2188 non
1517 2144 1698 2205 typum
1743 2133 2067 2201 arrogantiae

488 2226 715 2290 credas,
745 2226 841 2281 sed
861 2226 1036 2282 zelum
1058 2226 1285 2295 justitiae
1306 2227 1599 2282 clementer
1621 2224 1919 2296 indulgeas.
1950 2223 2065 2295 Ego

487 2317 633 2373 enim
660 2318 950 2374 dummodo
977 2319 1060 2373 vel
1082 2335 1186 2373 una
1210 2319 1412 2373 erroris
1434 2319 1590 2388 spina
1612 2318 1678 2373 de
1700 2332 1921 2372 nemore
1946 2331 2068 2372 san-

489 2419 591 2464 ctae
600 2390 853 2465 Ecclesia!
869 2424 985 2464 mea
996 2424 1098 2480 ope
1105 2425 1158 2463 tu
1173 2411 1341 2479 possit
1352 2409 1527 2473 evelli,
1546 2424 1651 2464 non
1666 2407 1874 2479 refugio
1883 2406 2066 2474 cujus-

490 2500 621 2556 libet
646 2500 701 2556 in
733 2515 819 2555 me
840 2516 1004 2572 prave
1025 2500 1310 2557 sentientis
1331 2500 1587 2556 invidiam
1619 2500 1921 2571 provocari.
1956 2497 2068 2555 Nec

491 2600 546 2646 te
566 2590 769 2660 pudeat
787 2603 1029 2645 errorem
1056 2599 1209 2645 tuum
1223 2588 1456 2659 iunioris
1477 2589 1656 2644 fratris
1684 2588 2068 2659 redargntione

490 2682 796 2753 corrigere;
831 2681 956 2736 dum
988 2696 1094 2736 non
1129 2683 1347 2752 ignoras
1392 2680 1754 2752 apostolorum
1788 2681 2069 2736 minimum

490 2771 594 2841 ipsi
638 2772 1004 2843 apostolorum
1055 2774 1284 2845 principi
1331 2775 1385 2829 in
1418 2774 1609 2830 faciem
1639 2774 1902 2829 restitisse
1945 2769 2071 2842 (Ga-

489 2864 586 2918 lat.
616 2863 698 2935 ιι).
728 2864 796 2919 Et
843 2864 888 2920 si
941 2864 1077 2920 forte
1119 2864 1479 2936 restiondeas,
1517 2866 1643 2935 quia
1674 2864 1908 2928 Paulus,
1942 2863 2069 2918 licet

490 2953 778 3021 minimus,
813 2965 989 3012 tamen
1021 2957 1394 3027 coapostolus;
1423 2955 1589 3028 374
1622 2971 1724 3027 ego
1750 2964 1928 3010 autem
1957 2968 2064 3009 non

487 3049 863 3120 coepiscopus;
888 3050 1012 3105 audi
1035 3050 1225 3107 saltem
1247 3050 1377 3121 quid
1399 3049 1539 3105 Deus
1559 3047 1867 3106 hominibus
1888 3047 2059 3103 dicat:

2134 2570 2135 2573 η
2174 2509 2365 2571 deant,
2404 2506 2700 2562 reclamare
2745 2502 2998 2573 poterunt
3042 2502 3141 2566 10,

2159 589 2334 654 Deus,
2382 597 2442 643 ut
2484 590 2552 643 ab
2599 589 2907 645 hominibus
2939 589 3315 660 redarguetur,
3351 589 3572 651 invitat,
3607 591 3742 646 satis

2157 680 2378 751 dignum
2403 688 2519 744 est,
2554 689 2612 733 ut
2644 679 2805 733 homo
2850 687 3131 749 correptus
3167 679 3232 733 ab
3279 679 3528 746 homine,
3562 680 3741 737 zelum

2159 771 2413 828 fraternae
2436 772 2722 828 cbaritatis
2751 771 3128 842 aequanimiter
3157 769 3312 827 ferat.

2801 980 3109 1038 SCllOLlA.

2233 1095 2291 1151 Si
2317 1098 2370 1150 in
2396 1095 2626 1165 qualibet
2649 1098 2838 1151 minori
2864 1108 3014 1151 c'tate
3046 1098 3121 1151 vel
3154 1100 3421 1166 religionis
3449 1105 3744 1162 tonsuram,

2162 1168 2237 1222 cel
2267 1167 2532 1235 religionis
2561 1168 2787 1222 debitam
2831 1180 3015 1222 restem
3043 1210 3055 1224 .
3088 1170 3139 1221 in
3169 1179 3386 1237 utroque
3431 1184 3555 1219 sexu
3584 1166 3742 1237 ﬁliis,

2162 1248 2253 1292 aut
2289 1255 2446 1300 unus,
2465 1249 2553 1291 aut
2583 1238 2736 1292 ambo
2759 1252 2997 1307 parentes
3019 1238 3428 1302 dederint,certe
3450 1237 3527 1290 vel
3557 1236 3743 1289 nolen-

2162 1309 2424 1369 tibns,ant
2455 1310 2798 1364 nescientibus
2821 1317 3204 1379 _susceptam,et
3233 1324 3335 1379 non
3362 1307 3747 1379 tnoa:__risantiu
3822 1334 3825 1337 ν

2162 1379 2286 1447 ﬁliis
2305 1420 2318 1442 ,
2344 1379 2694 1433 abdicaverint
2711 1419 2725 1443 ,
2754 1377 2829 1433 vel
2858 1375 3034 1432 coram
3058 1395 3111 1432 se
3131 1420 3145 1437 ,
3166 1377 3240 1432 vel
3262 1394 3440 1432 coram
3473 1375 3744 1447 Ecclesia,

2161 1446 2436 1519 palamque
2452 1450 2502 1503 in
2526 1461 2775 1504 conventu
2801 1449 3007 1502 eosdem
3027 1449 3165 1517 ﬁlios
3189 1448 3314 1501 talia
3339 1446 3748 1519 liabereApcrmi-

2163 1516 2361 1580 serint',
2390 1520 2458 1572 ad
2490 1520 2794 1574 sa'cularem
2838 1516 3285 1572 reverli'lmbitnm
3329 1518 3485 1585 ipsis,
3518 1516 3748 1585 ﬁliisque

2161 1591 2472 1659 quandoque
2497 1591 2700 1658 penitus
2725 1606 2825 1643 non
2850 1589 3042 1659 licebit.
3072 1589 3357 1642 Decretum
3381 1598 3463 1641 est
3490 1587 3595 1640 hoc
3616 1601 3749 1659 con-

2163 1656 2271 1713 cilii
2303 1656 2544 1715 Toletani
2577 1676 2643 1726 x,
2694 1660 2836 1728 quod
2868 1658 2926 1713 S.
2960 1660 3148 1713 doctor
3191 1673 3287 1728 pro
3330 1659 3403 1712 rei
3449 1656 3748 1728 occasione

2164 1730 2231 1784 ad
2262 1730 2406 1786 hunc
2453 1723 2638 1784 locum
2664 1723 2870 1785 referre
2902 1729 3088 1783 voluit.
3137 1723 3206 1782 Αἱ
3252 1729 3375 1782 dum
3410 1727 3499 1782 ille
3531 1723 3748 1779 videtur

2165 1814 2411 1879 asserere
2432 1843 2444 1863 .
2472 1800 2684 1879 oblatos
2715 1801 3059 1879 monasteriis
3104 1816 3132 1854 a
3175 1799 3490 1879 parentibus
3518 1810 3749 1879 pueros,

2167 1887 2287 1926 cum
2312 1871 2378 1925 ad
2409 1886 2581 1926 annos
2609 1871 2949 1927 discretionis
2970 1869 3338 1939 pervenerint,
3365 1869 3536 1922 teneri
3561 1874 3750 1939 postea

2167 1944 2221 1996 in
2250 1940 2356 1996 illis
2379 1957 2760 2011 perseverare;
2786 1936 3025 2011 intelligo
3052 1941 3101 2011 id
3131 1955 3197 1994 ex
3221 1940 3407 2011 debito
3428 1936 3754 2011 reverentia:

2168 2027 2329 2081 quam
2361 2006 2705 2082 parentibus,
2731 2006 2761 2067 ει
2791 2006 2986 2082 quibus
3018 2010 3185 2066 oblati
3211 2007 3627 2082 fuere,debent.
3657 2006 3754 2060 Stc

2167 2080 2310 2138 enim
2345 2080 2535 2137 decere
2564 2080 2821 2147 videtur,
2847 2092 2904 2136 ut
2932 2082 2983 2135 in
3025 2089 3201 2148 coepta
3228 2080 3509 2133 vocatione
3539 2092 3752 2145 perma-

2169 2162 2334 2207 neant
2367 2172 2379 2207 :
2415 2156 2713 2222 prmsertim
2762 2169 2885 2207 cum
2926 2153 3038 2221 jatn
3070 2152 3169 2206 sibi
3207 2150 3370 2222 veluti
3423 2148 3662 2222 habitum
3696 2156 3754 2199 et

2172 2217 2451 2295 religionis
2496 2224 2835 2296 disciplinam
2892 2217 3221 2296 paraverint.
3276 2218 3410 2296 Nam
3454 2220 3521 2272 de
3575 2217 3754 2296 rigore

2173 2286 2351 2362 neque
2401 2286 2654 2364 parentes
2696 2295 2762 2349 ad
2799 2286 3202 2364 ingredicntlam
3251 2289 3562 2364 religionem
3613 2286 3754 2364 filios

2172 2357 2415 2436 obligare
2457 2375 2725 2435 possunt:
2764 2357 2881 2419 inid
2920 2373 2974 2418 et
3025 2362 3116 2436 lilii
3161 2361 3270 2432 jam
3304 2357 3467 2436 oblati
3500 2372 3636 2436 .cum
3682 2357 3753 2410 ad

2174 2427 2343 2493 annos
2372 2427 2714 2490 discretionis
2764 2433 3104 2504 pervenerint
3127 2474 3141 2497 ,
3162 2427 3229 2485 ut
3258 2431 3323 2504 ad
3354 2427 3751 2504 swcnlumnre-

3190 2501 3300 2572 qal
3326 2540 3339 2563 ,
3386 2516 3503 2572 cap.
3535 2493 3751 2572 l.__Cum

2170 2567 2362 2642 simus,
2388 2577 2462 2631 De
2488 2578 2715 2646 regular.
2747 2567 3073 2646 'S.AThoutas
3102 2567 3337 2641 quo'dlib.
3384 2569 3451 2632 5,
3498 2567 3660 2646 q.‘5_,
3700 2576 3753 2646 et

2169 2649 2316 2713 2-2,
2436 2637 2564 2702 189:
2583 2644 2880 2701 Cardinalis
2927 2637 3317 2714 Turrec‘remata
3350 2637 3754 2714 tra‘ct.‘_i2§,_in

2172 2707 2551 2788 Iieg.'S'._Ben.
2601 2718 2669 2769 ad
2692 2732 2825 2788 gap.
2873 2714 2962 2769 59.
3010 2712 3287 2788 Sylvcster,
3323 2711 3483 2788 uerbo
3512 2707 3750 2788 iieligio,

2209 2830 2222 2843 .
2246 2778 2338 2844 vlt).
2370 2786 2664 2843 Concilium
2689 2778 2860 2848 Trid.,
2889 2801 3019 2839 sese.
3045 2778 3147 2845 95,
3173 2799 3289 2849 cap.
3316 2778 3383 2834 15
3411 2790 3460 2833 et
3488 2779 3757 2849 deinceps.

2209 2830 2222 2843 .
2256 2807 2338 2844 ιυ.
2370 2807 2664 2843 honcmum
2691 2807 2714 2839 1
2734 2807 2860 2848 Πα.,
2889 2807 3019 2839 seu.
3046 2807 3147 2845 25),
3173 2807 3289 2849 cup.
3316 2807 3383 2834 Io
3411 2807 3457 2833 σι
3488 2807 3750 2845 ικυιιιςμο.

2169 2807 2247 2915 De
2271 2860 2373 2914 hac
2399 2857 2586 2912 eadem
2618 2872 2675 2910 re
2706 2855 2856 2925 plura
2889 2855 3071 2909 videas
3102 2854 3243 2922 apud
3275 2851 3334 2905 ὃ.
3378 2846 3712 2905 Berttardum
3732 2885 3753 2911 ,

2172 2930 2340 3000 Epist.
2374 2930 2396 2982 l
2433 2927 2500 2982 ad
2535 2927 2813 2981 Robertum
2845 2935 3287 2996 nepotem‘suum.
3332 2988 3372 2994 Α,

2506 3038 2585 3095 Sit
2617 3055 2804 3095 nomen
2832 3038 3043 3093 Domini
3069 3038 3412 3091 benedictum.

499 3238 3749 3278 ww.“

650 3414 1006 3489 ³⁷⁵³⁷³
1086 3432 1934 3552 OPUSCULUM
2040 3432 2694 3548 DECIMUM
2803 3352 3580 3547 SEPTIMUM.

495 3671 604 3732 DE
640 3670 1063 3739 CIELIBATU
1104 3671 1665 3735 SACERDOTUM.
1712 3673 1821 3734 AD
1857 3646 2269 3733 NICOLA’UM
2304 3673 2727 3734 SECUNDUM
2783 3672 3188 3733 ROMANUM
3222 3667 3753 3731 .PONTIFICEM.

496 3945 892 4003 Aacuusnrun.
921 3975 990 3986 —
1015 3946 1290 4000 Publicam
1320 3946 1812 4001 ecclesiastieorum
1845 3945 2085 3999 virorum
2136 3944 2413 3999 lasciviam
2460 3960 2524 3999 ac
2571 3943 2902 4014 petulantem
2944 3945 3157 3999 vivendi
3206 3943 3479 3998 licentiam
3518 3940 3758 4013 compri-

570 4018 817 4070 mendam
846 4032 965 4071 esse
992 4032 1006 4080 ;
1044 4026 1356 4086 quantoque
1388 4016 1679 4069 nobiliores
1703 4022 1832 4086 _Sllltl
1868 4015 1957 4084 qui
2002 4024 2253 4086 peccant,
2299 4031 2364 4069 eo
2391 4014 2593 4083 majore
2613 4015 2777 4069 animi
2825 4015 3042 4078 ardore,
3074 4030 3137 4069 ac
3165 4015 3414 4086 libertate
3462 4014 3754 4086 reprehen-

568 4086 796 4157 dendos,
836 4083 1083 4157 exemplo
1126 4083 1346 4155 egregio
1396 4085 1654 4157 Phineas,
1694 4083 2044 4157 fornicarium
2076 4084 2225 4140 illum
2259 4087 2456 4139 nodum
2504 4086 2916 4157 disrumpentis,
2947 4086 3304 4157 demonstrat.
3337 4083 3467 4157 Qua}
3497 4097 3585 4137 res
3614 4083 3752 4157 adeo

566 4156 718 4225 cordi
753 4155 862 4211 Deo
887 4151 1010 4221 fuit,
1039 4165 1099 4209 ut
1132 4151 1287 4210 inter:
1302 4165 1500 4211 caetera
1535 4156 1606 4210 ob
1637 4164 1840 4209 tantam
1872 4171 1986 4211 rem
2009 4156 2148 4210 bene
2177 4165 2406 4225 gestam,
2435 4155 2628 4209 collata
2668 4151 2805 4209 dona
2826 4196 2841 4219 ,
2872 4171 2994 4224 qua:
3044 4155 3096 4208 in
3144 4163 3317 4208 semet
3361 4153 3599 4225 Phinees
3630 4151 3757 4219 jure

564 4223 770 4294 optimo
800 4228 1095 4297 promereri
1127 4225 1374 4297 voluerit,
1424 4226 1739 4296 sempiterni
1788 4226 2073 4297 sacerdotii
2109 4223 2314 4297 faiiere
2354 4227 2426 4281 sit
2471 4227 2801 4281 cumulatus.
2832 4226 3034 4297 Contra
3066 4226 3313 4280 accidere
3332 4223 3635 4297 desidiosis
3663 4236 3755 4297 re-

568 4292 833 4368 ctoribus,
856 4306 909 4352 et
938 4296 1154 4368 flagitiis
1169 4295 1505 4350 subditorum
1543 4292 1977 4368 conniventibus,
2026 4295 2140 4350 lleli
2174 4297 2470 4368 sacerdotis
2504 4298 2757 4352 admonet
2804 4312 2984 4351 casus.
3014 4296 3249 4368 υιξιιιιιιιιΔ
3273 4294 3480 4368 acriter_
3500 4294 3554 4347 in
3585 4292 3757 4345 forni-

565 4367 747 4422 carios
775 4363 1082 4421 sacerdotes
1127 4375 1289 4434 atque
1316 4368 1615 4437 episcopos,
1653 4376 1763 4420 tum
1794 4365 1987 4421 validis
2010 4367 2368 4437 argumentis,
2415 4375 2524 4420 tmn
2549 4382 2720 4421 saetae
2760 4368 3082 4421 auctoritate
3132 4364 3429 4434 Scriptura:
3467 4363 3753 4437 invectus,

566 4437 847 4491 Nicolaum
896 4452 1165 4506 Stnnmnm
1198 4432 1515 4504 pontiﬁcem
1564 4439 1816 4490 hortatur
1858 4432 2117 4490 canonica
2149 4437 2469 4499 indictione,
2503 4448 2559 4490 ut
2589 4437 2728 4491 male
2776 4447 3066 4506 peccantes
3104 4432 3383 4500 coerceat;
3414 4449 3483 4490 nc
3509 4435 3635 4488 dum
3667 4432 3753 4489 ni-

568 4506 737 4561 mium
763 4506 884 4575 pius
918 4504 1307 4576 indulgensque
1336 4507 1390 4560 in
1419 4507 1554 4562 alios
1585 4508 1675 4571 sit,
1709 4508 1937 4562 alienam
1973 4507 2089 4577 ipse
2115 4507 2169 4562 in
2193 4521 2254 4563 se
2282 4506 2577 4562 transferat
2604 4504 2842 4577 poenam.

569 4663 777 4718 Domno
797 4660 1033 4719 Ntcouo
1054 4677 1266 4718 summo
1292 4663 1557 4733 pontifici,
1581 4662 1796 4719 Peracs
1819 4673 2071 4735 peccator
2099 4668 2143 4730 C
2174 4676 2292 4718 esse
2322 4661 2585 4717 sententia
2612 4670 2830 4732 propter
2854 4659 3080 4715 luxuriae
3102 4660 3291 4714 vitium
3314 4673 3420 4714 non
3435 4657 3754 4714 formidant.

494 4757 798 4813 monachus
826 4756 1018 4812 debitae
1043 4754 1392 4826 subjectionis
1416 4758 1756 4827 obsequium.

567 4846 750 4918 Nuper
784 4847 1000 4913 balteus
1037 4863 1161 4903 cum
1194 4849 1465 4903 nonnullis
1493 4847 1757 4919 episcopis
1785 4864 1848 4904 ex
1881 4860 2074 4905 vestra:

494 4936 797 5006 maiestatis
818 4937 1143 4994 auctoritate
1165 4938 1514 5008 colloquium,
1554 4942 1759 4996 sanctis
1785 4958 1972 4997 eorum
1998 4942 2075 4996 fe-

498 5028 738 5085 moribus
788 5029 931 5084 volui
978 5044 1128 5084 seras
1172 5046 1476 5099 apponere,
1516 5033 1718 5085 tentari
1750 5031 2073 5101 genitalibus

496 5117 874 5189 sacerdotum,
905 5129 964 5172 ut
993 5118 1064 5173 ita
1114 5117 1324 5188 loquar,
1369 5121 1713 5177 continentia:
1759 5121 1950 5178 fibulas
1978 5123 2073 5176 ad-

496 5209 702 5265 hibere.
739 5206 845 5264 Sed
867 5211 1120 5280 quoniam
1151 5212 1265 5267 haec
1294 5220 1377 5268 est
1405 5222 1550 5268 secta
1570 5253 1584 5278 ,
1610 5214 1695 5267 cui
1718 5213 1916 5283 ubique
1942 5228 2071 5269 con-

497 5301 817 5368 tradicitur;
847 5301 991 5357 aliud
1020 5303 1233 5373 quidem
1264 5305 1622 5374 quodcunque
1657 5292 1850 5357 vestra:
1872 5303 2074 5359 consti-

494 5394 724 5449 tutionis
759 5394 1047 5464 itnperium
1070 5397 1169 5450 sub
1194 5411 1288 5465 spe
1315 5395 1644 5466 perﬁciendi,
1680 5395 1904 5452 fidenter
1933 5396 2074 5451 indi-

497 5487 689 5542 cimus.
738 5484 907 5556 llnjus
939 5496 1118 5543 autem
1147 5487 1364 5558 capituli
1397 5488 1592 5543 nudam
1623 5487 1814 5544 saltem
1843 5488 2074 5558 promis-

495 5576 706 5634 sionem
740 5577 984 5634 tremulis
1009 5577 1273 5648 prolatam
1305 5578 1464 5632 labiis
1493 5576 1761 5632 dillicilius
1787 5587 2076 5649 extorque-

496 5682 639 5725 mus.
671 5666 887 5735 Primo,
916 5668 1040 5737 quia
1073 5668 1344 5739 fastigium
1390 5670 1657 5741 castitatis
1704 5669 1970 5740 attingere
2016 5686 2074 5724 se

501 5777 659 5831 posse
690 5762 975 5830 desperant
1002 5778 1015 5815 ;
1041 5759 1235 5823 deinde
1263 5762 1386 5830 quia
1417 5762 1656 5832 synodali
1678 5776 1736 5818 se
1762 5759 2071 5832 plectendos

2177 4751 2388 4806 Nostris
2409 4752 2605 4823 quippe
2629 4751 2956 4822 temporibus
2979 4751 3211 4822 genuina
3232 4751 3627 4821 quodammodo
3648 4748 3756 4805 Ro-

2178 4859 2350 4899 manae
2381 4843 2633 4899 Ecclesia:
2662 4844 2994 4899 consuetudo
3041 4855 3308 4909 servatur,
3342 4852 3403 4897 ut
3435 4843 3502 4897 de
3545 4843 3758 4900 exteris

2177 4937 2393 5007 quidem
2447 4936 2832 4993 ecclesiasticae
2892 4937 3191 5007 disciplinae
3243 4938 3435 4995 studiis
3485 4954 3753 5007 examen,

2177 5038 2338 5099 prout
2368 5029 2586 5099 dignum
2624 5039 2739 5097 est,
2786 5040 3031 5095 moveat;
3063 5031 3131 5086 de
3158 5027 3480 5086 clericorum
3530 5046 3663 5085 vero
3692 5030 3758 5084 li-

2177 5120 2358 5176 bidine
2401 5131 2622 5191 propter
2667 5122 3067 5178 insultationem
3094 5122 3435 5179 saaeuiarium
3479 5122 3759 5192 dispensa-

2181 5215 2315 5268 torie
2343 5213 2692 5269 conticescat.
2745 5214 2899 5281 Quod
2929 5224 3077 5270 certe
3122 5215 3257 5271 satis
3292 5214 3629 5271 correctione
3672 5212 3757 5267 di-

2180 5319 2345 5374 gnum
2371 5313 2487 5368 est,
2516 5319 2583 5360 ne
2612 5304 2755 5359 unde
2783 5303 2977 5373 vulgus
3020 5319 3181 5359 omne
3229 5306 3601 5374 conqueritur,
3635 5304 3762 5359 inde

2179 5395 2519 5464 potissimum
2544 5411 2573 5451 a
2598 5396 2871 5465 magistris
2901 5394 3157 5452 Ecclesia:
3184 5396 3236 5451 in
3258 5395 3466 5465 judicio
3493 5404 3756 5450 taceatur.

2185 5485 2242 5541 Si
2270 5487 2413 5541 enim
2444 5486 2643 5542 malum
2680 5488 2781 5544 hoc
2803 5496 2946 5543 esset
2967 5488 3243 5543 occultum
3266 5529 3280 5552 ,
3308 5488 3486 5543 fuerat
3512 5486 3759 5543 fortassis

2181 5585 2455 5647 utcunque
2484 5576 2798 5643 ferendum;
2849 5578 2979 5645 sed,
3011 5580 3079 5634 ah
3111 5579 3319 5635 scelus!
3355 5579 3505 5635 omni
3547 5577 3761 5648 pudore

2180 5671 2502 5741 postposito,
2525 5669 2692 5739 pestis
2719 5670 2832 5725 haec
2857 5671 2912 5724 in
2935 5678 3139 5725 tantam
3168 5670 3412 5741 prorupit
3447 5667 3754 5730 audaciam,

2181 5772 2233 5817 ut
2266 5780 2363 5834 per
2389 5779 2480 5818 ora
2512 5764 2693 5834 populi
2727 5763 2951 5818 volitent
2982 5762 3097 5818 loca
3128 5763 3506 5828 scortantium,
3535 5759 3757 5817 nomina

3767 882 3778 927 ἓ
3828 862 3832 867 .
