4106 6320
349 420 443 478 581

1263 413 1508 473 OPUSC.
1550 412 1711 471 XVII.
1745 446 1814 454 —
1844 413 1929 468 DE
1968 412 2336 469 C/ELIBATU
2377 411 2669 470 SACERD.

3485 406 3591 462 383

353 530 775 588 concubinarum
798 572 811 593 ,
847 544 1158 586 socerorum
1207 544 1418 598 quoque
1449 528 1706 582 vocabula
1727 567 1742 592 ,
1769 526 1928 580 simul
1956 530 2005 587 Α
2033 526 2304 595 proximos
2353 543 2479 583 suos
2523 526 2833 582 occiderent
2861 565 2874 591 ,
2925 540 3023 596 pro
3078 525 3307 580 vindicta
3366 521 3600 578 fornicu-

353 633 408 678 ct
439 638 690 678 socruum
710 663 724 687 ,
775 620 1004 675 fratrum
1039 620 1300 688 denique,
1332 628 1387 672 et
1418 617 1781 687 quorumlibet
1808 613 1955 685 pro-'

353 716 679 786 pinquorum
701 753 716 777 ,
758 721 812 766 et
842 727 908 765 ne
939 711 1066 780 quid
1111 711 1194 765 his
1221 709 1613 764 assertionibus
1641 707 1828 761 deesse
1855 704 1931 756 vi-

356 808 566 869 deatur,
601 803 912 859 testimonio
941 810 1067 858 sunt
1089 801 1354 857 discursio
1382 799 1714 863 nuntiorum,
1743 796 1933 850 effusio

357 909 676 959 munerum,
724 893 1163 949 cachinnantium
1207 893 1327 964 joca
1349 934 1363 956 ,
1396 898 1603 946 secreta
1633 887 1928 957 colloquia;

356 994 670 1058 postremo,
700 984 788 1038 ubi
820 983 996 1038 omnis
1020 984 1262 1039 dubietas
1295 981 1522 1047 tollitur,
1553 981 1690 1036 uteri
1723 989 1936 1033 tumen-

360 1085 476 1142 tes,
508 1085 563 1132 et
604 1076 753 1146 pueri
797 1075 1094 1144 vagientes.
1146 1073 1288 1144 Ergo
1334 1089 1443 1142 prae
1487 1073 1720 1142 pudore,
1753 1069 1935 1123 nescio

359 1166 629 1236 quomodo
653 1165 1022 1236 supprimatur
1058 1164 1109 1219 in
1142 1164 1374 1236 synodo,
1427 1162 1567 1231 quod
1605 1161 1815 1231 publice
1844 1175 1936 1214 vo-

361 1258 620 1313 ciferatur
651 1258 704 1311 in
737 1257 964 1320 mundo;
997 1264 1055 1309 ut
1097 1271 1202 1309 non
1232 1255 1389 1310 modo
1418 1262 1704 1323 peccantes
1724 1294 1737 1316 ,
1772 1260 1828 1304 ut
1859 1250 1938 1304 di-

367 1366 530 1421 gnum
577 1359 694 1413 est,
740 1359 998 1403 notentur
1051 1349 1304 1411 infamia;
1361 1349 1454 1403 sed
1501 1354 1555 1400 et
1603 1346 1652 1399 hi
1685 1358 1936 1414 quoque,

365 1442 455 1513 qui
491 1439 692 1496 ultores
717 1455 836 1496 esse
881 1440 1177 1495 debuerant
1205 1480 1220 1504 ,
1251 1440 1540 1494 videantur
1566 1439 1618 1492 in
1655 1436 1829 1507 culpa.

880 1554 1105 1610 CAPUT
1145 1553 1431 1610 PRIMUM.

367 1647 522 1713 Quod
551 1643 742 1699 Phinea
772 1646 968 1699 idcirco
989 1647 1170 1714 fartus
1203 1647 1383 1699 a'terni
1413 1645 1600 1698 meruit
1637 1643 1938 1708 sacerdotii,

669 1717 790 1786 quia
813 1716 868 1770 in
899 1716 1065 1768 zelum
1095 1733 1147 1768 se
1178 1714 1361 1770 extulit
1399 1715 1632 1769 ultionis.

419 1807 533 1862 Non
547 1805 637 1862 hic
655 1807 824 1878 pudor
837 1806 1028 1862 faciem
1045 1807 1274 1862 Pliinees
1291 1805 1585 1861 sacerdotis
1598 1804 1828 1874 operuit,
1851 1805 1938 1873 qui

369 1899 625 1954 nimirum
643 1908 924 1954 coeuntem
942 1916 1061 1953 cum
1079 1898 1425 1953 Madianitide
1441 1897 1735 1952 lsraelitem
1755 1911 1938 1951 coram
1971 1872 2017 1931 Β

369 1991 515 2044 ouini
535 1988 874 2045 multitudine
892 1991 944 2044 in
962 1990 1092 2044 locis
1115 1989 1436 2060 genitalibus
1452 1995 1667 2058 arrepto
1683 1987 1940 2058 pugione,

370 2081 657 2137 transfodit
675 2081 865 2151 (Num.
886 2081 1032 2150 xxv).
1051 2082 1220 2136 Porro
1234 2089 1415 2136 autem
1431 2096 1530 2134 nos
1553 2089 1742 2134 contra
1765 2079 1944 2133 divina

371 2175 630 2229 mandata
660 2189 1013 2244 personarmn
1060 2181 1395 2242 acceptores,
1429 2171 1481 2224 in
1507 2170 1808 2225 minoribus
1830 2169 1948 2239 qui-

372 2265 493 2320 dem
552 2263 921 2319 sacerdotibus
987 2263 1213 2317 luxuriae
1286 2261 1694 2331 inquinamenta
1760 2275 1944 2330 perse-

373 2355 593 2424 quimur
617 2354 795 2426 (Deut.
831 2355 888 2424 χ)
927 2373 938 2409 ;
973 2354 1025 2408 in
1068 2354 1336 2424 episc0pis
1364 2363 1542 2408 autem
1570 2395 1584 2418 ,
1620 2353 1759 2422 quod
1790 2351 1950 2406 nimis

373 2448 664 2503 absurdum
681 2457 784 2512 est,
802 2448 1104 2517 persilentii
1123 2449 1812 2503 tolerantiamveneramur.
1845 2449 1948 2501 Sed

373 2554 502 2594 ecce
526 2539 612 2604 hic
649 2537 877 2594 Pbinces
893 2538 1053 2593 divini
1081 2537 1314 2600 Spiritus
1338 2537 1452 2592 zelo
1474 2553 1762 2593 succensus
1783 2579 1797 2606 ,
1825 2551 1950 2592 eum

373 2631 535 2700 377
566 2639 708 2686 totus
736 2645 872 2700 pene
920 2630 1282 2685 lsraelitarmn
1311 2630 1535 2701 populus
1576 2646 1696 2686 cum
1741 2631 1953 2685 filiabus

374 2723 534 2777 Moab
566 2721 882 2778 fornicando
910 2731 1222 2787 corrueret,
1256 2737 1482 2792 seseque
1510 2721 1843 2793 Beelpbcgor
1863 2737 1918 2776 sa
1938 2750 1952 2758 --

377 2815 595 2886 crilegis
648 2816 984 2871 caeremoniis
1041 2815 1328 2880 initiaret,
1395 2830 1500 2869 non
1557 2815 1609 2870 in
1674 2816 1954 2883 despectos

378 2921 664 2979 quosque,
719 2904 803 2961 vel
878 2907 1092 2962 infimos
1153 2907 1348 2962 divinae
1411 2907 1543 2978 legis
1592 2918 1957 2978 pr0pugnator

379 2997 620 3062 insiluit;
665 2997 757 3052 sed
809 2999 1216 3052 eXCellentiores
1255 3007 1309 3052 et
1348 2998 1605 3054 clariores
1644 3000 1698 3053 in
1740 2998 1954 3068 populo,

377 3104 515 3158 quos
566 3088 632 3143 ad
698 3091 1005 3144 terrendum
1071 3099 1297 3144 caeteros
1358 3091 1684 3153 trucidaret,
1751 3089 1953 3159 elegit;

381 3188 615 3235 testante
668 3180 949 3251 Scriptura
997 3197 1116 3252 qua:
1153 3182 1284 3235 dicit
1327 3199 1337 3234 :
1385 3199 1403 3232 ι
1433 3181 1594 3244 Erat,
1634 3181 1825 3251 inquit,
1859 3196 1957 3234 no-
1985 3215 2030 3278 ς

382 3285 505 3325 men
553 3271 653 3325 viri
697 3270 952 3326 lsraelitae
979 3311 994 3335 ,
1047 3270 1136 3339 qui
1168 3271 1379 3324 occisus
1413 3278 1497 3325 est
1540 3284 1660 3324 cum
1698 3269 1957 3323 Madiani-

382 3362 492 3416 tide
515 3402 530 3425 ,
563 3362 776 3416 Zambri
829 3363 970 3416 filius
1021 3361 1168 3415 Salai
1199 3401 1212 3425 ,
1267 3362 1371 3414 dux
1410 3363 1477 3416 de
1512 3361 1830 3431 cognatione
1857 3401 1871 3424 ,
1905 3367 1960 3414 et

383 3455 527 3508 tribu
566 3453 837 3509 Simeonis
895 3453 1080 3526 (Num.
1117 3457 1298 3522 ιιι-μ
1344 3455 1418 3508 De
1462 3453 1706 3507 mulieris
1748 3467 1961 3522 quoque

385 3545 690 3608 nobilitate,
718 3547 761 3598 si
793 3545 1073 3614 quaeritur,
1121 3545 1222 3599 hoc
1273 3545 1323 3598 in
1377 3545 1727 3614 sequentibus
1759 3544 1958 3598 invenio

385 3645 512 3690 tur:
563 3635 768 3690 tPOl‘l‘O
800 3635 988 3689 mulier
1027 3635 1352 3701 Madianitis,
1395 3651 1512 3706 qua:
1551 3635 1753 3704 pariter
1792 3636 1960 3690 inter-

387 3728 527 3784 fecta
571 3737 697 3790 est,
752 3727 1046 3782 vocabatur
1105 3727 1311 3791 Cozbi,
1370 3727 1478 3782 illia
1532 3727 1638 3781 Snr
1703 3728 1964 3798 principis

386 3819 707 3874 nobilissimi
761 3818 1172 3873 Madianitarum
1219 3819 1463 3888 (Ibid.).r
1523 3818 1667 3874 Sane
1713 3829 1832 3890 post
1886 3821 1965 3874 dl-

388 3925 594 3984 gcstam
656 3912 1029 3967 fornicationis
1079 3920 1133 3966 et
1174 3912 1347 3983 dignae
1398 3911 1614 3966 ultionis
1657 3912 1964 3976 historiam,

391 4005 522 4075 quid
564 4020 698 4076 Opus
726 4005 826 4058 fuit
855 4002 1056 4074 Moysi,
1107 4013 1164 4058 ut
1209 4004 1576 4074 genealogiam
1626 4003 1968 4059 fornicatoris

389 4099 674 4166 utriusque
718 4105 1066 4159 contexeret;
1110 4104 1164 4160 et
1207 4095 1435 4148 alterum
1482 4095 1695 4156 ducem,
1745 4094 1966 4148 alteram

389 4186 712 4241 nobilissimi
777 4185 1038 4254 priucrpis
1094 4185 1256 4238 filiam
1311 4183 1482 4239 fuisse
1535 4192 1826 4243 narraret;
1866 4183 1968 4237 nisi

392 4289 451 4333 ιιι
492 4283 708 4335 doceret
745 4281 991 4335 carnales
1030 4281 1310 4336 illecebras
1350 4282 1402 4334 in
1445 4280 1803 4335 eminentibus
1851 4293 1971 4349 per-

393 4372 546 4425 sonis
583 4371 760 4425 acrius
791 4371 1233 4441 persequendas?
1274 4370 1409 4424 ilTnc
1442 4380 1522 4425 est
1579 4370 1719 4438 quod
1769 4379 1822 4423 et
1861 4369 1972 4438 ipse

394 4462 678 4527 Dominus,
724 4477 844 4517 cmn
896 4463 1073 4516 omnis
1110 4461 1405 4517 lsraeliliea
1452 4461 1602 4531 plebs
1634 4475 1736 4513 non
1770 4458 1970 4528 dispari

2035 618 2193 672 tionis
2234 618 2483 688 injunxit.
2519 617 2655 685 Quid
2683 618 2735 671 in
2774 618 2860 671 his
2888 617 3140 671 omnilms
3165 618 3322 670 datur
3349 613 3597 683 intelligi,

2033 711 2132 764 nisi
2184 709 2308 778 quia
2356 718 2536 762 reatus
2589 707 2833 761 adulterii
2890 706 2941 760 in
2990 707 3234 776 personis
3281 705 3603 762 clarioribus

2034 804 2190 857 debet
2243 802 2432 856 durius
2490 799 2795 854 vindicari?
2851 799 2917 852 Et
2961 799 3051 868 qui
3112 799 3243 853 tales
3302 805 3604 852 commotus

2035 895 2344 958 ulciscitur,
2403 907 2590 962 pacem
2631 891 2847 962 superni
2891 890 3088 960 judieis
3132 898 3187 943 et
3224 888 3448 959 gratiam
3497 902 3604 942 non

2037 987 2194 1042 modo
2229 986 2347 1050 sibi,
2378 986 2470 1039 sed
2515 993 2568 1040 et
2607 983 2799 1053 populo
2826 983 3028 1051 absque
3055 981 3219 1036 dubio
3245 987 3602 1050 promeretur.

2040 1080 2191 1136 Unde
2227 1079 2404 1133 divina
2449 1094 2586 1131 vox:
2633 1097 2650 1128 ι
2680 1077 2928 1136 Pbinces,
2977 1073 3169 1143 inquit,
3231 1072 3423 1126 avertit
3465 1071 3608 1125 iram

2039 1186 2214 1225 meam
2237 1186 2280 1223 .a
2314 1169 2436 1224 liliis
2468 1167 2629 1222 lsrael
2658 1208 2672 1230 ,
2717 1167 2843 1236 quia
2897 1166 3010 1220 zelo
3047 1179 3165 1219 meo
3192 1170 3491 1218 commotus
3528 1167 3613 1215 est

2039 1272 2226 1316 contra
2270 1275 2397 1324 eos,
2434 1269 2492 1312 ut
2527 1275 2630 1312 non
2665 1259 2778 1327 ipse
2809 1257 3038 1311 delerem
3083 1271 3177 1309 eos
3229 1254 3279 1307 in
3331 1253 3444 1306 zelo
3492 1265 3611 1305 meo

2043 1351 2280 1422 (Ibid.).i
2340 1351 2473 1404 Ecce.
2531 1349 2834 1403 audivimus
2893 1348 3159 1418 quomodo
3205 1354 3423 1414 propter
3478 1342 3612 1394 iram

2043 1444 2273 1498 Pbinces
2305 1443 2506 1512 placata
2536 1453 2612 1494 est
2645 1442 2720 1494 ira
2765 1439 2971 1493 Domini
3006 1452 3165 1506 super
3193 1433 3350 1488 lsracl
3378 1475 3388 1494 ,
3425 1431 3612 1485 audia-

2043 1551 2163 1590 mus
2190 1535 2352 1588 etiam
2401 1548 2541 1587 nunc
2574 1531 2803 1603 qualiter
2855 1530 2965 1598 ipse
3015 1543 3110 1597 per
3160 1524 3322 1580 animi
3354 1523 3434 1578 sui
3463 1537 3613 1577 com-

2044 1629 2369 1688 motionem,
2427 1635 2737 1694 perpetuam
2783 1621 2883 1675 sibi
2934 1636 3054 1673 cum
3110 1617 3332 1671 Domino
3368 1611 3618 1668 statuerit

2045 1732 2250 1790 pacem.
2291 1737 2306 1766 ι
2333 1716 2488 1778 Ecce,
2521 1712 2714 1782 inquit,
2749 1712 2814 1766 do
2843 1711 2888 1762 ei
2921 1724 3107 1778 pacem
3142 1705 3362 1760 foederis
3404 1701 3530 1764 mei,
3563 1709 3618 1755 et

2048 1789 2152 1863 erit
2179 1818 2286 1861 tam
2316 1806 2439 1875 ipsi,
2463 1819 2625 1874 quam
2668 1801 2857 1856 semini
2908 1799 3049 1852 illius
3087 1805 3300 1867 pactum
3331 1789 3622 1848 sacerdotii

2047 1901 2432 1971 scmpiternmn
2463 1939 2476 1959 ,
2531 1896 2655 1971 quia
2717 1894 2921 1947 zelatus
2965 1899 3045 1945 est
3090 1905 3188 1959 pro
3240 1889 3348 1942 Deo
3390 1899 3525 1947 suo,
3564 1890 3620 1935 et

2047 1994 2285 2063 expiavit
2345 1991 2517 2045 scelus
2570 1989 2800 2043 filiorum
2854 1983 3019 2038 lsrael
3079 1982 3128 2053 (1
3185 1977 3426 2034 Macliab.
3474 1977 3559 2045 ιι).
3592 1991 3612 2024 ι

2048 2086 2241 2140 Pacem
2270 2081 2464 2151 quippe
2503 2077 2760 2132 Dominus
2792 2074 2862 2129 illi
2911 2074 2991 2127 sui
3033 2070 3250 2126 fmdcris
3293 2066 3459 2132 dedit,
3489 2063 3619 2135 quia

2050 2174 2234 2229 sedata
2265 2171 2410 2225 omni
2449 2168 2627 2223 carnis
2676 2165 2940 2228 molestia,
2969 2164 3149 2218 vivere
3183 2160 3328 2214 illum
3361 2171 3528 2227 usque
3568 2155 3621 2210 in

2053 2265 2214 2320 tinem
2269 2262 2496 2327 mundi,
2555 2262 2606 2315 in
2662 2257 2896 2330 paradisi
2957 2255 3267 2310 ammnitate
3318 2248 3618 2306 constituit.

2051 2356 2166 2427 Ipse
2194 2354 2458 2424 siquidem
2505 2365 2607 2415 est,
2657 2350 2758 2404 nisi
2807 2348 2982 2410 fallar,
3034 2347 3176 2398 Elias
3213 2343 3497 2414 prOpheta,
3529 2337 3622 2407 qui

2052 2447 2301 2501 videlicet
2331 2443 2501 2513 igneis
2550 2441 2704 2510 equis
2752 2449 2806 2493 et
2843 2452 3028 2501 curru,
3057 2436 3230 2489 Eliseo
3271 2431 3620 2500 suspiciente,

2052 2549 2138 2596 est
2196 2536 2488 2592 translatus
2545 2536 2595 2588 in
2655 2532 2852 2589 C(Blum
2894 2527 3000 2600 (IV
3033 2529 3156 2598 Reg.
3186 2530 3268 2597 ιι).
3329 2524 3479 2580 Unde
3538 2535 3629 2575 me

2053 2632 2296 2702 quisquis
2328 2628 2542 2683 mentiri
2575 2633 2852 2689 antmnat;
2885 2623 3079 2677 divina:
3119 2620 3250 2690 legis
3278 2618 3626 2686 interpretem

2054 2721 2457 2789 Hieronymum,
2492 2716 2579 2785 qui
2612 2715 2712 2769 hoc
2759 2715 2810 2767 in
2857 2711 3235 2766 licbraicarum
3267 2704 3626 2775 quzestionum

2055 2812 2195 2868 libro
2236 2818 2484 2871 testatur,
2524 2807 2701 2877 potius
2751 2803 3125 2874 reprehendat.
3159 2799 3327 2854 Porro
3365 2807 3544 2850 autem
3574 2799 3632 2848 et

2057 2914 2297 2972 tempore
2360 2898 2526 2952 David
2583 2897 2723 2966 regis
2781 2896 2867 2949 hic
2927 2893 3155 2947 Pbinces
3211 2902 3511 2958 superesse,
3566 2901 3630 2938 ac

2056 2990 2389 3050 sacerdotale
2421 2986 2651 3044 ollieium
2681 3001 2866 3055 gerere
2909 2985 3190 3054 perspicue
3235 2979 3520 3048 reperitur,
3549 2975 3631 3028 di-

2058 3095 2214 3141 cente
2265 3083 2584 3151 Scriptura:
2646 3076 2750 3130 «lli
2796 3087 2939 3138 sunt,
2984 3073 3195 3140 inquit,
3246 3069 3440 3123 Coi-ita:
3471 3079 3633 3135 super

2059 3191 2221 3246 opera
2250 3170 2552 3233 ministerii,
2580 3168 2834 3224 custodes
2864 3163 3243 3220 vestibulorum
3274 3157 3439 3229 378
3458 3156 3634 3210 taber-

2065 3265 2264 3330 naculi,
2292 3271 2345 3318 et
2384 3261 2599 3315 familia:
2645 3270 2828 3313 eorum
2870 3271 2966 3326 per
3007 3255 3150 3307 vices
3196 3261 3492 3306 castrorum
3526 3247 3631 3300 Do-

2064 3359 2194 3413 mini
2241 3354 2602 3412 custodientes
2651 3350 2946 3405 introitum.
2998 3344 3227 3400 Phinees
3274 3349 3451 3396 autem
3497 3335 3637 3391 illius

2068 3451 2308 3510 Eleazar,
2333 3454 2449 3500 erat
2470 3444 2576 3497 dux
2605 3456 2788 3494 eorum
2810 3452 2989 3494 coram
3015 3434 3241 3489 Domino
3271 3429 3323 3501 (Ι
3350 3429 3473 3482 Par.
3501 3426 3631 3496 1x)»

2067 3541 2162 3597 Cui
2205 3540 2460 3594 nimirum
2493 3535 2720 3588 Pbinces
2759 3545 2952 3585 nomen
2997 3536 3079 3582 est
3106 3541 3133 3579 a
3161 3521 3472 3594 parentibus
3501 3516 3638 3570 indi-

2070 3643 2203 3696 tum,
2233 3631 2379 3684 Elias
2409 3641 2536 3681 vero
2566 3638 2827 3694 agnomen
2855 3629 2939 3676 est
2969 3618 3217 3674 accidens
3240 3629 3336 3684 per
3362 3618 3636 3666 eventum.

2069 3723 2214 3778 Elias
2253 3718 2513 3788 siquidem
2561 3717 2972 3782 interpretatur,
3007 3707 3147 3762 Deus
3187 3703 3464 3766 Dominus,
3497 3699 3641 3770 quod

2069 3830 2132 3870 ex
2173 3815 2274 3868 hac
2328 3811 2427 3867 sibi
2477 3807 2764 3863 occasione
2799 3802 3103 3872 impositmn
3159 3795 3325 3851 fuisse
3379 3791 3643 3854 creditur,

2070 3905 2196 3976 quia
2239 3917 2359 3957 cum
2409 3897 2691 3970 legationis
2732 3894 2907 3950 cilicio
2940 3890 3253 3962 fungeretur
3279 3928 3294 3952 ,
3341 3886 3539 3939 missus
3575 3879 3646 3936 ab

2072 3973 2364 4052 Israelitico
2391 3993 2586 4062 populo
2611 3991 2676 4043 ad
2706 3990 2838 4043 duas
2879 3983 3210 4047 scmitribus,
3265 3978 3450 4032 Ruben
3489 3973 3641 4028 vide.

2073 4089 2199 4143 licet
2240 4096 2290 4140 et
2340 4083 2474 4147 Gad,
2530 4091 2584 4136 et
2635 4079 2910 4135 dimidiam
2966 4076 3162 4128 tribum
3211 4071 3476 4130 Manasse,
3525 4081 3646 4135 qnze

2075 4179 2314 4235 enormis
2343 4173 2727 4245 magnitudinis
2757 4170 2924 4224 altare
2964 4169 3398 4225 construxerant,
3440 4160 3542 4213 hoc
3577 4157 3646 4211 ab

2073 4271 2153 4324 eis
2187 4281 2501 4335 responsum
2533 4260 2895 4316 excusationis
2925 4255 3131 4324 accepit
3157 4273 3169 4306 :
3218 4270 3234 4302 ι
3258 4250 3605 4306 Fortissimus
3629 4286 3644 4310 ,

2076 4359 2348 4429 inquiunt,
2379 4357 2518 4410 Deus
2549 4352 2826 4413 Dominus,
2860 4351 2972 4418 ipse
3023 4345 3190 4411 novit,
3237 4343 3280 4397 si
3323 4339 3647 4412 prarvarica-

2077 4427 2243 4504 tionis
2272 4447 2450 4500 animo
2486 4444 2588 4499 hoc
2633 4442 2802 4494 altare
2849 4435 3248 4494 construximus
3279 4430 3413 4499 (los.
3453 4427 3643 4496 xxn).»

395 4553 625 4607 crimine
693 4562 967 4607 tenerem.
1031 4553 1262 4606 obnoxia
1291 4594 1305 4618 ,
1378 4516 1468 4606 de.
1505 4552 1698 4622 populo
1753 4516 1966 4620 ψιίξιρηι
1999 4562 2046 4621 ι)
2075 4538 2156 4594 Ab
2205 4537 2288 4591 his
2345 4536 2526 4602 itaque
2578 4532 2839 4586 rationem
2891 4525 3229 4582 reddentium
3266 4521 3464 4584 verbis,
3505 4516 3652 4572 Elian

398 4644 590 4709 tacuit,
632 4644 889 4698 adversus
925 4652 1103 4698 autem
1137 4643 1279 4698 solos
1317 4644 1587 4712 principes
1635 4643 1686 4696 in
1736 4641 1968 4696 furorem

396 4750 456 4790 se
508 4736 680 4806 dignae
719 4735 1202 4788 auin'tadversionis
1256 4735 1446 4788 erexit.
1497 4735 1669 4788 Iratus
1705 4734 1849 4787 cnim
1898 4734 1974 4786 ait

398 4827 610 4897 Moysi:
677 4823 868 4878 «Tolle
925 4832 1147 4879 cunctos
1187 4824 1457 4894 principes
1493 4823 1706 4892 populi,
1763 4832 1816 4876 ct
1855 4837 1975 4877 sus-

398 4919 574 4987 pende
621 4931 714 4971 eos
761 4925 948 4970 contra
999 4913 1168 4969 solem
1209 4915 1259 4967 in
1301 4913 1573 4983 patibulis,
1616 4923 1670 4966 ul
1703 4922 1976 4965 avertatur

401 5013 553 5065 furor
592 5024 743 5064 meus
792 5008 860 5062 ab
909 5006 1069 5063 Israel
1105 5007 1313 5077 (Ibid).
1355 5025 1372 5058 ι
1424 5004 1588 5060 Plane
1645 5013 1700 5059 et
1766 5003 1976 5071 Moyses

401 5118 509 5157 non
560 5101 624 5153 ad
673 5100 806 5155 alios
835 5141 849 5164 ,
897 5100 990 5153 sed
1047 5099 1112 5152 ad
1161 5099 1371 5167 judices
1409 5099 1570 5152 lsrael
1612 5099 1728 5151 ait:
1777 5115 1793 5147 ι
1825 5097 1977 5150 Occi-

404 5199 496 5253 da't
535 5197 902 5264 unusquisque
957 5193 1233 5263 proximos
1279 5208 1440 5255 suos,
1481 5192 1568 5259 qui
1611 5189 1802 5244 initiati
1855 5196 1979 5240 sunt

403 5285 736 5354 Decipiegor
782 5282 1021 5352 (Ibid.).t
1069 5283 1201 5336 Dum
1254 5295 1383 5349 ergo
1432 5280 1663 5333 Pbinces
1702 5293 1798 5346 pro
1833 5292 1979 5330 cmu—

403 5374 551 5428 muni
594 5372 949 5426 fornicatione
1005 5371 1170 5424 totius
1219 5368 1578 5422 multitudinis
1633 5366 1975 5428 ulciscenda,

404 5463 458 5516 in
511 5477 605 5516 eos
653 5462 992 5531 petissimum
1028 5460 1118 5529 qui
1160 5459 1323 5513 duces
1375 5459 1726 5519 videbantur,
1773 5455 1980 5516 insiliit,

401 5553 678 5623 principes
734 5553 979 5608 similiter
1035 5551 1211 5621 populi
1284 5551 1336 5604 in
1405 5549 1656 5618 patibulis
1727 5546 1979 5616 suspendi

405 5644 674 5699 sententia
742 5644 920 5698 divina
983 5644 1273 5713 praecepit,
1330 5640 1541 5711 Moyses
1598 5654 1812 5708 quoque
1875 5651 1980 5692 non

407 5735 735 5813 quibuslibet
800 5735 1039 5797 intimis,
1133 5732 1224 5788 scd
1307 5730 1576 5799 judicibus
1646 5727 1849 5794 Israel,
1924 5737 1982 5782 ut

2079 4638 2418 4697 nuncupatus
2463 4624 2740 4687 asscritur,‘
2789 4621 2879 4690 qui
2921 4617 3149 4672 Pbinces
3187 4624 3412 4670 eatenus
3435 4611 3656 4665 diceba-

2079 4733 2208 4786 tur;
2250 4729 2310 4774 ut
2365 4719 2574 4772 illorum
2623 4727 2975 4784 responsum,
3032 4706 3190 4776 hujus
3241 4704 3486 4759 videatur
3532 4713 3652 4754 esse

2080 4815 2418 4870 vocabulum.

2151 4905 2456 4960 Notandum
2505 4909 2682 4954 autem
2712 4940 2725 4963 ,
2773 4895 2897 4967 quia
2941 4895 3078 4949 sicut
3124 4892 3175 4945 in
3225 4885 3495 4942 chronicis
3540 4882 3654 4936 suis

2083 4998 2469 5054 solertissimus
2517 4993 2657 5047 Beda
2715 4997 2981 5048 testatur,
3045 4985 3112 5037 ab
3155 4995 3372 5050 egressu
3423 4976 3650 5029 filiorum

2081 5088 2243 5142 lsrael
2281 5102 2344 5138 cx
2377 5084 2626 5154 ngypto,
2681 5095 2849 5148 usque
2883 5078 2948 5130 ad
2986 5074 3112 5130 Elia:
3158 5073 3210 5125 in
3263 5069 3386 5126 coeli
3439 5066 3650 5122 culmen

2083 5194 2388 5242 ascensum,
2426 5182 2801 5231 scxecntorum
2832 5169 3018 5239 viginti
3065 5179 3325 5220 annorum
3373 5157 3652 5231 supputari

2085 5273 2320 5332 calculus
2352 5269 2638 5324 invenitur.
2683 5263 2810 5318 Jure
2851 5277 2980 5330 ergo
3010 5257 3100 5329 qui
3143 5254 3369 5311 moechis
3422 5247 3654 5321 repenti-

2086 5383 2208 5422 nam
2256 5363 2436 5418 intulit
2482 5374 2687 5422 nccem,
2726 5371 2941 5409 annosm
2967 5352 3087 5405 vita:
3110 5348 3332 5404 sortitus
3371 5355 3450 5398 est
3485 5340 3656 5408 longi-

2089 5455 2368 5514 tudinem;
2425 5449 2621 5518 quique
2658 5447 2709 5500 in
2756 5443 2916 5498 terris
2967 5440 3132 5494 divini
3183 5435 3281 5491 zeli
3333 5444 3412 5489 est
3468 5432 3658 5485 ardore

2090 5557 2384 5596 succensus
2411 5582 2423 5598 ,
2472 5544 2828 5606 congruenter
2859 5541 2937 5586 est
2967 5530 3118 5602 equis
3147 5527 3314 5596 igneis
3339 5524 3574 5578 elevatus
3605 5518 3658 5570 in

2088 5635 2279 5692 (mlum
