4106 6320
339 362 445 420 385

1257 359 1499 418 OPUSC.
1540 359 1702 417 XVll.
1737 394 1806 403 -—
1837 363 1924 418 DE
1967 363 2334 423 CAELIBATU
2387 365 2678 424 SACERD.

3488 377 3596 432 588

341 495 496 537 suam
525 479 825 533 incestuose
852 475 1169 544 corrumpit,
1221 491 1343 528 mox
1390 475 1458 529 ab
1502 475 1740 530 Ecclesia
1792 492 1914 546 pro—
1941 482 1990 539 Α
2019 477 2333 532 ineurristi?
2365 477 2616 535 Nicolaus
2644 481 2860 552 quippe,
2889 498 3026 538 unus
3049 500 3114 539 ex
3137 483 3223 540 his
3248 501 3384 556 quos
3405 486 3598 544 Petrus

334 569 511 641 iectus
552 566 891 631 excluditur,
945 566 1323 621 communione
1369 568 1636 636 privatur,
1666 576 1722 622 et
1751 567 1834 622 vel
1865 568 1919 622 in

338 673 614 715 carcerem
637 657 891 720 truditur,
910 655 992 710 vel
1023 657 1074 710 in
1097 656 1343 710 exsilium
1365 657 1683 710 destinatur.
1709 657 1920 723 Quanto

338 763 470 817 ergo
493 747 735 802 deterius
766 747 879 815 ipse
910 745 1243 816 abjiciendns
1287 759 1366 808 es,
1404 745 1494 814 qui
1525 762 1646 798 cum
1684 746 1790 799 ﬁlia
1826 755 1918 800 tua

337 854 445 893 non
477 829 695 906 quidem
721 835 948 902 carnali,
980 836 1120 904 quod
1152 835 1327 888 minus
1355 844 1456 898 est,
1482 835 1574 890 sed
1604 851 1725 889 eum
1761 836 1921 906 spirio

339 927 466 982 tuali
498 927 677 997 potius
706 927 882 998 perire
924 941 1029 979 non
1074 926 1308 980 metuis?
1355 925 1556 980 Omnes
1583 927 1780 995 quippe
1819 926 1919 982 Ec-

336 1017 519 1073 clesia:
552 1025 656 1072 tua:
698 1017 810 1078 ﬁlii,
838 1017 915 1071 tui
952 1016 1140 1086 procul
1174 1015 1337 1071 dubio
1372 1016 1465 1071 lilii
1500 1025 1645 1071 suat.
1680 1017 1746 1070 Et
1770 1027 1918 1073 certe

334 1111 680 1181 perspicuum
734 1117 816 1164 est
871 1109 998 1177 quia
1059 1109 1358 1179 spiritualis
1409 1110 1687 1178 generatio
1748 1109 1920 1177 major

336 1211 422 1256 est
449 1215 612 1272 quam
639 1199 888 1255 carnalis.
923 1191 1092 1254 Porro
1135 1214 1257 1252 cum
1301 1208 1354 1251 tu
1385 1199 1460 1252 sis
1509 1199 1590 1252 vir
1613 1209 1663 1252 et
1689 1215 1917 1268 sponsus

335 1293 588 1346 Ecelesue
633 1300 771 1356 tum,
818 1292 960 1360 quod
1011 1291 1195 1359 utique
1247 1289 1531 1358 perhibent
1579 1299 1634 1342 et
1688 1288 1917 1344 annulus

335 1382 799 1453 desponsationis,
855 1392 911 1437 et
955 1383 1103 1453 virga
1135 1382 1570 1448 commissionis;
1609 1397 1796 1436 omnes
1824 1383 1913 1451 qui

266 1473 274 1480 ’
337 1473 390 1527 in
421 1488 482 1528 ea
511 1473 814 1543 regenerati
843 1481 967 1527 sunt
996 1488 1092 1542 per
1114 1472 1451 1542 baptismatis
1491 1479 1912 1537 sacramentum,

337 1566 433 1619 tibi
473 1581 690 1637 quoque
735 1565 1085 1620 nihilominus
1115 1565 1486 1634 astringuntur
1517 1564 1914 1619 necessitudine

336 1653 591 1709 ﬁliorum.
621 1655 721 1722 Qui
749 1670 879 1725 ergo
922 1670 1044 1709 cum
1076 1654 1340 1723 spirituali
1385 1653 1490 1707 lilia
1525 1662 1612 1707 tua
1643 1654 1914 1709 commitis

335 1742 628 1810 incestum,
660 1759 765 1814 qua
791 1744 1125 1799 conscientia
1171 1744 1431 1799 Dominici
1472 1745 1714 1812 corporis
1745 1744 1912 1799 audes

2022 568 2294 638 apostolus
2318 569 2570 624 diacones
2600 583 3035 640 consecraverat,
3069 576 3466 645 dovgmatizabat
3489 580 3596 634 cle-

2023 661 2165 715 ricos
2193 659 2482 730 cujuslibet
2510 664 2716 718 ordinis
2751 666 3078 733 nuptialibus
3108 667 3454 724 foederandos
3474 667 3598 727 esse

2019 754 2301 826 coniugiis.
2334 756 2485 822 Quod
2518 772 2647 827 ergo
2694 757 2781 812 ille
2827 759 3053 814 docebat
3078 763 3282 826 verbis,
3315 764 3508 818 adhoc
3540 775 3595 818 tu

2021 843 2072 896 in
2103 845 2358 899 cathedra
2381 846 2699 913 pestilentim
2720 848 2931 912 sedens,
2948 851 3114 904 multo
3139 853 3376 906 deterius
3400 855 3597 908 invitas

2018 933 2298 1003 exemplis.
2333 935 2406 989 De
2441 952 2548 1007 quo
2579 937 2826 992 videlicet
2851 939 3071 1006 scelere,
3101 942 3288 1010 angelo
3313 941 3598 1012 Ephesium

2021 1024 2271 1080 Ecclesia:
2291 1027 2470 1081 divina
2501 1044 2604 1082 vox
2640 1029 2748 1083 ait:
2782 1050 2798 1080 ι
2821 1029 2990 1085 Odisti
3022 1030 3163 1086 facta
3189 1032 3593 1098 Nicolaitarum,

2019 1131 2136 1185 quae
2162 1127 2216 1171 et
2246 1133 2345 1186 ego
2371 1120 2456 1172 odi
2489 1120 2671 1190 (Apoc.
2701 1123 2785 1192 tt).
2810 1142 2828 1174 ι
2865 1122 2928 1176 Ει
2957 1139 3079 1176 cum
3112 1124 3399 1192 Apostolus
3421 1127 3593 1180 dicat:

2023 1226 2041 1256 ι
2068 1205 2258 1262 Omnis
2286 1208 2578 1264 fornicator
2605 1227 2709 1264 non
2743 1211 2902 1266 habet
2934 1214 3302 1269 hmreditatcm
3334 1215 3386 1268 in
3433 1228 3598 1284 regno

2018 1299 2215 1356 Christi
2259 1311 2312 1356 et
2346 1301 2434 1356 Dei
2470 1300 2684 1372 (Ep/tes.
2733 1307 2805 1371 vi,
2831 1324 2848 1356 ι
2912 1307 3004 1376 qui
3048 1307 3100 1361 in
3136 1323 3299 1377 regno
3336 1308 3452 1373 Dei,
3497 1310 3598 1364 hoc

2016 1401 2120 1456 est,
2155 1393 2208 1444 in
2240 1392 2398 1456 cmlo,
2432 1409 2534 1447 non
2564 1395 2729 1449 habes
2754 1397 3048 1464 quamlibet
3074 1399 3596 1469 hmreditatem,quo

2016 1493 2173 1552 pacto
2204 1485 2256 1538 in
2290 1485 2556 1549 Ecclesia,
2587 1502 2706 1555 quae
2739 1488 3087 1544 nihilominus
3112 1503 3343 1560 regnum
3373 1489 3464 1544 Dei
3490 1499 3596 1556 est,

2017 1573 2352 1628 orwlationis
2381 1573 2592 1629 obtines
2619 1575 2973 1644 dignitatem?

2629 1704 2858 1761 CAPUT
2898 1704 2982 1759 IV.

333 1845 572 1892 tractare
630 1836 987 1908 mysterium?
1041 1835 1146 1890 Sed
1197 1835 1442 1890 fortassis
1490 1836 1733 1905 obiicias,
1786 1836 1913 1906 quia
1947 1851 1988 1909 Β
2019 1814 3594 1909 Eshor’q'ﬁfﬂ__§{lp{'{'{_r{{_p371{iﬁ€9{1_a_effeminatio:

331 1928 491 2001 longe
535 1938 824 1998 antequam
883 1938 936 1983 tu
979 1928 1188 1983 culmen
1241 1929 1316 1982 sis
1364 1929 1588 1998 adeptus
1629 1928 1867 1996 episcopi
1895 1967 1909 1990 ,

333 2021 422 2077 illa
449 2023 522 2076 sit
549 2030 693 2087 nata,
746 2021 828 2076 vel
855 2036 960 2075 non
997 2021 1048 2075 in
1096 2020 1390 2090 episeopio,
1422 2020 1516 2074 sed
1547 2019 1599 2073 in
1640 2019 1817 2088 aliqua
1843 2019 1914 2072 sit

334 2113 571 2184 plebium
627 2114 930 2185 baptizata;
1009 2121 1264 2182 tanquam
1325 2120 1378 2166 tu
1435 2125 1621 2165 eorum
1680 2119 1912 2164 tantum-

328 2204 523 2268 modo.
577 2204 670 2275 qui
718 2203 978 2258 nascituri
1041 2213 1224 2264 erant,
1280 2202 1453 2257 factus
1505 2203 1580 2256 sis
1632 2211 1805 2271 pater,
1856 2210 1912 2255 et

331 2293 510 2346 omnis
531 2292 790 2363 parochia
824 2300 910 2346 tua
943 2307 1050 2344 non
1081 2292 1150 2344 sit
1196 2289 1432 2345 Ecclesia
1479 2299 1589 2344 tua.
1624 2291 1910 2345 Enimvero

326 2399 449 2438 cum
499 2383 757 2439 Dominus
807 2383 990 2438 dicat:
1058 2401 1076 2434 ι
1108 2382 1280 2437 Nolite
1325 2390 1570 2437 sanctum
1602 2383 1730 2436 tl..re
1759 2382 1911 2436 cani-

321 2473 427 2529 bus
456 2471 672 2544 (Matth.
697 2473 852 2543 VII),)
886 2473 1027 2542 quod
1049 2473 1115 2527 de
1139 2482 1188 2527 te
1220 2473 1482 2542 judicium
1512 2473 1637 2534 erit,
1663 2471 1752 2540 qui
1784 2487 1906 2526 cor-

323 2579 425 2634 pus
450 2574 624 2628 tuum,
653 2564 794 2632 quod
823 2565 1009 2634 utique
1063 2563 1459 2618 sanctiﬁcatum
1488 2573 1568 2617 est
1598 2578 1692 2632 per
1717 2579 1910 2619 conse-

327 2656 592 2712 crationis
623 2671 925 2723 accessum,
976 2673 1081 2711 non
1121 2657 1364 2715 canibus,
1417 2657 1511 2710 sed
1562 2656 1908 2726 lupanaribus

321 2746 538 2802 tradis?
565 2747 630 2801 Et
677 2762 799 2802 eum
849 2763 1038 2803 omnes
1081 2748 1481 2802 ecclesiasticos
1524 2749 1742 2804 ordines
1773 2750 1823 2803 in
1858 2759 1909 2804 te

323 2853 430 2892 uno
449 2836 654 2892 habeas
679 2837 966 2891 metuemla
993 2838 1132 2893 mole
1158 2847 1466 2906 congestos,
1500 2853 1692 2893 omnes
1721 2837 1907 2908 procul

327 2927 493 2984 dubio
540 2924 734 2992 foedas,
763 2929 886 2983 dum
933 2936 984 2984 te
1038 2929 1318 2998 prostibuli
1380 2929 1725 2998 permistione
1754 2945 1902 2984 corn-

323 3019 587 3076 maculas.
617 3019 819 3076 Pollnis
848 3021 1030 3090 itaque
1059 3022 1110 3074 in
1160 3030 1211 3075 te
1241 3022 1519 3076 ostiarium
1546 3063 1561 3087 ,
1615 3021 1903 3089 lectorem,

321 3113 689 3177 exorcistam,
758 3127 1053 3181 omnesque
1114 3111 1367 3182 deinceps
1415 3127 1600 3166 sacros
1651 3109 1903 3178 ordines,

322 3218 420 3273 pro
447 3203 642 3272 quibus
686 3203 938 3257 omnibus
969 3203 1021 3256 in
1053 3202 1300 3258 districto
1335 3203 1428 3257 Dei
1467 3201 1671 3271 judicio
1720 3203 1902 3257 reddi-

321 3303 480 3349 turus
534 3310 593 3350 es
638 3294 922 3348 rationem.
968 3294 1050 3348 Ad
1107 3295 1506 3365 impositionem
1558 3310 1749 3349 manus
1800 3304 1904 3349 tua:

321 3384 602 3439 descendit
631 3382 866 3454 Spiritus
896 3394 1116 3439 sanctus
1138 3426 1153 3451 ,
1181 3396 1236 3440 et
1266 3395 1319 3440 tu
1349 3402 1466 3441 eam
1497 3387 1721 3440 adhibes
1750 3386 1905 3456 geni-

325 3473 526 3529 talibus
572 3476 940 3530 meretricum.
974 3475 1194 3547 Lingna:
1241 3486 1343 3530 ture
1380 3477 1698 3547 obsequitur
1741 3480 1900 3543 Deus,

320 3576 377 3620 et
420 3575 475 3620 tu
527 3583 632 3621 non
686 3568 890 3623 vereris
921 3568 1297 3639 obtemperare
1339 3569 1706 3625 daemonibus?
1737 3572 1906 3627 Porro

319 3659 414 3729 qui
454 3659 508 3714 in
549 3662 913 3716 ecclesiastica
969 3665 1210 3718 cernet-is
1259 3663 1518 3732 dignitate
1560 3665 1905 3734 conspicuus,

320 3767 428 3806 non
459 3762 510 3807 te
536 3754 813 3808 erubescis
842 3755 1162 3824 immergere
1191 3755 1484 3809 fornicibus
1514 3757 1909 3812 scortatorum?

323 3840 395 3895 Et
422 3842 512 3911 qui
545 3845 868 3912 prtedicator
896 3846 1223 3900 constitutus
1271 3862 1330 3901 es
1379 3846 1666 3910 castitatis,
1714 3863 1819 3901 non
1855 3857 1908 3903 te

325 3929 495 4000 pudet
525 3947 737 3986 servum
769 3949 888 3988 esse
925 3934 1200 3990 libidinis?
1247 3937 1459 4001 Veniet,
1509 3938 1685 3992 veniet
1729 3939 1910 4008 profe-

318 4031 413 4077 cto
459 4023 604 4089 dies,
654 4025 763 4077 imo
813 4041 958 4091 nox,
1008 4027 1222 4096 quando
1276 4026 1439 4082 libido
1492 4028 1593 4083 ista
1642 4038 1732 4083 tua
1781 4046 1907 4085 ver-

322 4119 475 4168 tatur
525 4113 578 4167 in
627 4113 841 4183 picem,
891 4130 995 4184 qua
1044 4131 1102 4170 se
1150 4123 1448 4186 perpetuus
1501 4117 1640 4187 ignis
1692 4117 1747 4172 in
1802 4120 1908 4174 tuis

317 4201 479 4272 381
506 4203 802 4258 visceribus
827 4205 1335 4275 inexstingnibiliter
1356 4206 1593 4271 nutriat,
1632 4214 1685 4259 et
1706 4207 1911 4261 medul-

319 4292 399 4347 las
430 4301 570 4358 tuas,
603 4295 758 4347 simul
787 4307 839 4349 et
867 4311 988 4349 ossa
1024 4295 1341 4350 indefectiva
1370 4295 1794 4365 conflagratione
1819 4297 1912 4350 de-

318 4388 534 4454 pascat!
564 4386 663 4453 Qui
684 4387 826 4441 enim
847 4387 1057 4441 ﬁanuna
1075 4388 1310 4442 libidinis
1335 4399 1558 4453 mstnas,
1581 4403 1682 4457 qua
1709 4387 1908 4452 fronte,

257 4470 265 4478 ’
318 4491 425 4545 qua
451 4477 673 4532 audacia
703 4480 875 4533 sacris
905 4479 1168 4532 altaribus
1195 4479 1631 4550 appropinquas?
1665 4478 1905 4547 Ignoras,

2228 1889 2544 1955 fm'nicnrios
2580 1890 2888 1940 canonicum
2919 1901 3093 1942 exerat
3128 1892 3370 1956 vigorem.

2083 1995 2160 2050 Tu
2191 2006 2367 2049 autem
2391 2038 2404 2060 ,
2433 1998 2648 2051 domine
2673 1999 2765 2061 mi,
2794 1999 3120 2053 venerabilis
3144 2015 3300 2069 papa,
3319 2001 3406 2070 qui
3433 1999 3594 2055 Chri-

2013 2088 2080 2140 sti
2123 2090 2237 2142 vice
2289 2087 2548 2157 fungeiis,
2599 2088 2687 2157 qui
2723 2104 2934 2143 summo
2960 2090 3162 2159 pastori
3213 2091 3264 2143 in
3297 2090 3590 2160 apostolica

2012 2179 2274 2245 dignitate
2319 2181 2586 2244 succedis,
2629 2181 2734 2234 noli
2775 2191 2980 2250 pestem
3010 2182 3148 2236 hanc
3195 2196 3289 2252 per
3319 2183 3589 2252 ignaviam

2013 2271 2079 2323 ad
2109 2271 2439 2326 iuerementa
2472 2272 2797 2341 perducere;
2833 2273 2936 2327 noli
2969 2273 3326 2337 connivendo,
3353 2283 3410 2328 et
3430 2273 3594 2328 dissi-

2013 2360 2264 2416 tnuiando
2288 2363 2552 2431 grassanti
2581 2363 2743 2432 382
2773 2363 2997 2416 luxnriie
3029 2363 3176 2418 frena
3215 2363 3415 2417 laxare.
3459 2365 3591 2420 Ser-

2012 2451 2086 2521 pit
2126 2453 2268 2505 enim
2300 2453 2386 2508 hic
2427 2455 2646 2506 morbus
2683 2464 2738 2506 ut
2777 2469 2994 2518 cancer,
3036 2463 3090 2508 et
3139 2455 3312 2509 virosa
3357 2469 3595 2526 propago

2011 2544 2077 2596 ad
2128 2544 2336 2597 inﬁnita
2385 2545 2698 2614 porrigitur,
2753 2546 2853 2600 nisi
2907 2547 3214 2616 evangeliea
3275 2547 3410 2601 falce
3449 2550 3591 2618 quod

2011 2629 2151 2684 tnale
2189 2630 2414 2698 pullulat
2467 2641 2790 2700 amputetur.
2822 2632 2976 2686 Absit
3017 2633 3201 2702 igitur,
3244 2644 3302 2687 ut
3344 2650 3590 2688 sanctum

2011 2737 2108 2776 cor
2136 2732 2372 2775 vestrum
2413 2724 2592 2793 Segnis
2621 2721 2734 2776 Ileli
2767 2735 2950 2791 torpor
2976 2725 3235 2788 emolliat,
3276 2725 3368 2780 sed
3412 2727 3590 2796 potius

2009 2813 2075 2864 ad
2107 2811 2327 2866 sceleris
2349 2813 2606 2867 ultionem
2632 2814 2847 2884 ingenui
2876 2813 3105 2868 Phinees
3130 2814 3280 2870 zelus
3308 2817 3588 2872 accendat.

2010 2904 2360 2973 Deponantnr
2381 2903 2436 2967 ii,
2461 2905 2550 2972 qui
2581 2905 2958 2959 ecclesiastica
2984 2906 3246 2960 castitatis
3274 2923 3376 2960 non
3403 2922 3594 2960 veren-

2013 3003 2099 3047 tur
2137 2993 2340 3049 fmdare
2373 2994 2685 3048 munditiam
2720 3011 2733 3048 :
2765 3004 2820 3049 et
2866 2995 3058 3063 dejeeti
3091 2997 3423 3061 deterreant,
3455 3012 3590 3066 quos

2011 3083 2152 3137 male
2182 3093 2388 3137 stantes
2414 3085 2480 3136 ad
2520 3085 2690 3153 turpis
2728 3085 2951 3139 luxuriae
2979 3097 3178 3140 contui:
3204 3087 3361 3141 eliam
3392 3104 3586 3157 provo-

1935 3201 1979 3262 ο
2010 3173 2226 3227 cabant.
2273 3171 2353 3226 Ad
2385 3173 2640 3226 ultionem
2670 3174 2832 3242 igitur
2860 3191 2918 3228 se
2954 3175 3245 3229 canonicos
3276 3177 3428 3247 vigor
3459 3192 3590 3231 exe-

2010 3273 2112 3326 rat,
2167 3273 2220 3316 et
2270 3263 2626 3330 petulantinm
2684 3263 3002 3318 clericorum
3056 3265 3194 3319 mala
3247 3276 3585 3336 compescat;

2007 3362 2274 3422 quatenus
2319 3364 2372 3409 et
2412 3354 2731 3409 beatitudini
2765 3366 2976 3419 vestrae,
3023 3358 3164 3427 quod
3205 3356 3363 3421 absit,
3407 3373 3590 3412 ιιιῐξνιιε

2009 3459 2115 3497 non
2156 3443 2383 3514 obrepat
2429 3444 2682 3511 infamiic,
2717 3453 2767 3498 et
2797 3444 2988 3500 solitus
3038 3447 3181 3500 nitor
3209 3447 3591 3502 ecclesiastica:

2011 3535 2350 3606 resplendeat
2379 3536 2699 3606 disciplinas.
2735 3535 2924 3592 Vestra
2949 3539 3144 3608 quippe
3172 3539 3458 3593 clementia
3482 3555 3590 3593 non

2010 3627 2241 3694 ignorat,
2269 3628 2522 3697 quoniam
2554 3629 2740 3683 Achab
2771 3645 2864 3683 rex
2901 3628 3086 3692 lsrael,
3118 3629 3244 3683 dum
3275 3630 3384 3700 regi
3426 3629 3591 3702 Assy-

2011 3719 2214 3773 riorum
2257 3718 2509 3773 Benadad
2557 3718 2854 3778 inordinata
2899 3718 3099 3788 pietate
3134 3719 3391 3788 pepercit,
3424 3720 3591 3774 divini

2011 3809 2297 3864 adversum
2327 3825 2384 3864 se
2413 3809 2614 3866 furoris
2643 3811 2962 3864 sententiam
2995 3811 3341 3879 provocavit;
3382 3811 3468 3866 cui
3509 3813 3592 3867 ni-

2014 3903 2210 3959 mirum
2253 3902 2336 3956 vir
2362 3902 2457 3956 Dei
2486 3902 2558 3955 ait
2592 3920 2604 3955 :
2649 3921 2667 3952 ι
2693 3900 2812 3957 llzec
2835 3901 2962 3955 dicit
2993 3901 3246 3955 Dominus
3275 3919 3288 3954 :
3335 3900 3471 3970 Quia
3505 3901 3588 3957 di-

2013 3993 2204 4060 misisti
2235 3994 2410 4048 virnm
2436 4002 2609 4047 morte
2637 3993 2856 4066 dignum
2882 3996 2946 4047 de
2979 4010 3138 4048 manu
3165 3994 3590 4058 tua,eritanima

2013 4093 2101 4138 tua
2155 4101 2252 4153 pro
2294 4086 2475 4140 anima
2521 4085 2658 4154 ejus,
2711 4095 2763 4140 et
2815 4085 3042 4156 pepnlus
3076 4096 3197 4140 tuus
3245 4102 3343 4156 pro
3397 4087 3590 4157 populo

2011 4176 2126 4244 ejus
2157 4173 2273 4248 (III
2303 4175 2432 4247 Reg.
2457 4178 2570 4246 xx).
2603 4198 2621 4227 ι
2677 4177 2774 4232 llic
2820 4179 2934 4247 ipse
2964 4193 3179 4247 quoque
3214 4179 3299 4231 vir
3334 4178 3426 4232 Dei
3468 4193 3589 4233 cum

2011 4269 2216 4322 diceret
2239 4269 2384 4323 socio
2409 4283 2506 4322 suo
2531 4285 2545 4321 ε
2575 4288 2592 4319 ι
2621 4269 2675 4321 ln
2694 4285 2943 4322 sermone
2961 4269 3405 4339 Dominipereutc
3433 4285 3580 4335 me;i

2013 4359 2374 4428 noluissetque
2390 4359 2478 4413 ille
2497 4360 2926 4429 percutere,,ait:
2949 4379 2965 4411 ι
2991 4357 3123 4426 Quia
3158 4360 3370 4414 noluisti
3403 4360 3591 4414 audire

2013 4465 2199 4505 vocem
2245 4448 2477 4514 Domini,
2517 4465 2644 4504 ecce
2700 4451 2916 4505 recedes
2945 4466 2974 4504 a
3008 4466 3113 4514 me,
3161 4460 3215 4505 et
3247 4451 3512 4521 percutiet
3543 4460 3592 4506 te

318 4540 445 4636 quia
504 4569 595 4623 ﬁlii
640 4569 842 4633 Aaron,
881 4571 1067 4626 Nadab
1123 4540 1380 4626 videlicet
1417 4540 1657 4636 ci'Abiu,
1688 4540 1907 4628 idcirco
1939 4557 1985 4617 ο
2013 4540 2340 4636 ¹θ⁰,(¹¹ῗίά·)·
2375 4562 2392 4593 ⁸
2435 4541 2994 4636 ⁶¹¹¹ηπυθίυ³υ¹¹¹¹¹¹¹¹³
3043 4545 3356 4601 messis-'5“
3395 4546 3462 4601 ab
3503 4559 3588 4609 θοι

319 4661 530 4714 caelesti
553 4671 679 4715 sunt
701 4661 822 4732 igne
844 4663 1169 4732 consumpti,
1188 4663 1442 4732 quoniam
1465 4664 1699 4717 alienum
1727 4665 1905 4734 ignem

320 4750 516 4807 offerre
535 4753 758 4806 Domino
782 4755 1278 4824 pricsumpserunt?
1301 4754 1483 4826 (Leuit.
1516 4772 1578 4820 x;
1607 4754 1771 4808 Num.
1797 4757 1904 4828 nt.)

319 4837 528 4897 Altaria
556 4843 752 4912 quippe
782 4844 993 4898 Domini
1024 4861 1130 4898 non
1163 4845 1418 4909 alienum,
1449 4845 1540 4899 sed
1571 4845 1747 4914 ignem
1771 4846 1908 4900 dun-

324 4944 474 4990 taxat
513 4935 678 4989 divini
717 4937 919 4991 amoris
973 4938 1264 5007 accipiunt.
1295 4937 1549 5007 Quisquis
1585 4938 1748 5008 igitur
1788 4955 1909 4992 car-

322 5026 462 5080 nalis
507 5026 770 5082 illeeebrte
818 5028 1032 5098 ignibus
1077 5039 1289 5094 mstnat,
1337 5037 1390 5082 et
1442 5030 1612 5083 sacris
1655 5030 1908 5084 assistere

323 5115 597 5186 mysteriis
648 5134 752 5171 non
801 5117 1078 5182 formidat,
1132 5119 1222 5172 illo
1262 5119 1448 5188 procul
1499 5119 1661 5173 dubio
1713 5119 1907 5172 divina:

323 5205 545 5260 ultionis
575 5207 787 5260 interim
818 5207 939 5278 igne
979 5209 1338 5271 consumitur,
1367 5206 1434 5262 de
1471 5222 1576 5276 quo
1625 5207 1907 5276 Scriptura

322 5303 586 5350 testatur:
616 5313 632 5346 ι
655 5295 722 5350 Et
749 5311 893 5350 nunc
922 5297 1060 5367 ignis
1076 5297 1420 5351 adversarios
1441 5296 1907 5368 consumit(flebr.

322 5392 402 5454 Χ).
435 5406 452 5438 ι
486 5385 560 5441 Ει
591 5388 727 5441 sicut
762 5404 904 5443 nunc
931 5390 1213 5443 :estuantis
1242 5389 1466 5443 luxuriae
1503 5389 1721 5443 ﬂamma
1753 5391 1910 5444 deco-

324 5478 534 5545 qnitnr,
575 5479 648 5532 ita
692 5480 1036 5548 postmodum
1089 5495 1360 5551 nunquam
1415 5481 1664 5535 finiendis
1711 5481 1912 5535 atrocis

319 5569 584 5638 gehennae
631 5571 917 5633 incendiis,
960 5587 1182 5627 necesse
1225 5581 1308 5626 est
1355 5573 1724 5626 comliuratur.
1770 5571 1912 5627 Prae-

323 5671 470 5717 terea
503 5679 609 5717 non
655 5666 991 5734 expavescis,
1025 5681 1057 5720 ο
1089 5664 1268 5719 infelix
1297 5665 1568 5734 cpiscope,
1593 5665 1741 5733 'quia
1784 5666 1909 5718 dum

323 5753 378 5807 in
407 5755 634 5809 .uxnria:
663 5756 972 5827 voraginem
995 5757 1224 5825 corruis,
1254 5755 1640 5811 Nichaitarum
1664 5756 1910 5810 haaresim

2011 4639 2070 4688 ut
2101 4633 2381 4702 Scriptura
2408 4642 2654 4699 testatur,
2689 4635 2890 4689 invenit
2912 4651 3032 4690 eum
3065 4637 3164 4701 leo,
3194 4646 3353 4708 atque
3376 4654 3592 4708 percus-

2009 4723 2099 4777 sit.
2133 4721 2336 4788 Quibus
2377 4723 2560 4793 utique
2613 4725 2753 4779 sacri
2799 4724 2996 4792 cloquii
3027 4727 3229 4791 verbis,
3281 4727 3408 4795 quid
3445 4727 3588 4782 aliud

2011 4813 2270 4878 inanitur,
2300 4827 2459 4882 quam
2486 4814 2611 4882 quia
2637 4815 2989 4884 incomposita
3021 4815 3193 4884 pietas
3218 4815 3404 4884 procul
3429 4815 3592 4869 dubio

2008 4918 2249 4962 tueretur
2277 4908 2410 4961 iram
2452 4906 2566 4979 Dei,
2605 4908 2730 4963 dum
2777 4923 2882 4962 non
2920 4908 3222 4978 pronmlgat
3259 4909 3310 4960 in
3344 4922 3464 4962 reos
3492 4909 3592 4964 sub

2009 4998 2237 5053 districti
2279 4995 2417 5065 juris
2447 4999 2701 5067 aequitate
2747 4998 3065 5050 censuram?
3097 4995 3390 5065 Meritoque
3432 4996 3589 5052 debet

2011 5089 2226 5159 superni
2280 5090 2482 5159 judicis
2533 5089 2714 5143 subire
2768 5087 3055 5140 vindictam
3103 5087 3192 5155 qui
3249 5087 3483 5158 neglexit
3538 5088 3589 5143 in

2009 5181 2252 5237 subditos
2299 5195 2524 5234 exerere
2579 5178 2920 5247 disciplinam
2968 5195 2980 5230 :
3030 5177 3212 5247 illique
3263 5177 3444 5244 leoni,
3497 5177 3590 5248 qui

2012 5273 2207 5327 circuit
2275 5286 2526 5340 quaerens
2592 5284 2755 5339 quem
2800 5269 3021 5322 devoret
3071 5269 3121 5340 (I
3177 5265 3440 5340 Petr.“v),
3473 5285 3588 5323 me-

2015 5364 2118 5418 rito
2170 5364 2426 5424 traditur,
2475 5361 2566 5430 qui
2632 5361 2702 5414 ab
2755 5358 3045 5428 inlligendo
3093 5361 3424 5429 pmnitentiae
3469 5359 3590 5415 vul-

2014 5471 2144 5510 nere
2169 5470 2266 5525 per
2290 5455 2523 5523 torporis
2550 5454 2812 5508 desidiam
2844 5453 3149 5509 cohibetur.
3183 5453 3276 5508 Sic
3297 5455 3467 5524 igitur
3501 5455 3588 5508 itt-

2014 5562 2222 5619 geuuus
2263 5556 2442 5602 vester
2473 5546 2696 5615 spiritus
2737 5547 2804 5601 ad
2853 5545 3142 5600 tollendum
3183 5547 3450 5601 castitatis
3492 5561 3584 5614 op—

2017 5643 2291 5710 prohriutn
2334 5657 2393 5695 se
2429 5639 2698 5694 ferventer
2725 5642 2990 5710 accingat,
3024 5641 3102 5695 sic
3137 5656 3192 5695 se
3235 5641 3287 5695 in
3334 5634 3588 5693 ultionem

2019 5732 2294 5788 Nieolaitae
2343 5731 2562 5787 haeresis
2616 5741 2834 5788 strenue
2889 5748 2952 5788 ac
3007 5733 3233 5786 viriliter
3285 5732 3480 5801 erigat,
3534 5740 3589 5782 ut
