4106 6320
504 304 606 359 587

925 308 987 368 8.
1024 305 1231 366 PETRI
1266 306 1552 367 ΒΑΜΙΑΝΙ
1588 305 1737 365 OPP.
1778 298 2014 363 TOHUS
2050 300 2100 358 Sl

2220 300 2400 357 PARS
2434 298 2526 359 ιιι.
2566 330 2635 342 --
2672 296 3037 358 OPUSCUIA
3081 295 3311 354 VARIA.

3652 294 3757 353 588

494 427 650 499 juxta
686 427 1034 497 sponsionem
1060 425 1318 491 Phinees,
1339 438 1527 495 pacem
1556 420 1637 476 sui
1660 418 1883 476 ftederis
1904 416 2080 473 vobis-
2108 424 2155 483 Α
2185 421 2283 475 bus
2304 416 2424 490 (111
2457 417 2584 491 Reg.
2607 416 2785 484 xvtn),
2816 415 2955 469 caelo
2984 428 3081 468 vos
3111 427 3215 468 non
3244 408 3399 480 equis
3429 407 3622 482 igneis,
3662 411 3758 465 sed

504 533 625 572 cum
670 518 811 571 Deus
848 516 1187 586 omnipotens
1230 521 1463 577 statuat;
1515 512 1643 575 imo,
1690 510 1831 565 sicut
1880 507 2075 573 Eliam,

504 608 658 664 caesis
701 607 879 681 typice
903 605 1314 678 quadringentis
1342 600 1730 674 quinquaginta
1777 595 2079 654 sacerdoti-

2182 513 2387 587 angelis
2414 510 2797 571 comitantibus
2825 505 3153 562 introducat.

2520 603 2598 660 Sit
2627 618 2811 657 nomen
2838 599 3049 654 Domini
3072 594 3418 651 benedictum.

542 781 3703 834 Ν

699 952 1062 1032 383-3“
1142 957 1992 1079 OPUSCULUM
2077 947 2734 1066 DECIMUM
2815 938 3555 1060 OCTAVUM.

1390 1178 1714 1243 CONTRA
1778 1168 2448 1237 INTEMPERANTES
2482 1163 2895 1238 CLERICOS,
3591 1174 3677 1261 ἔκ,

3576 1288 3601 1299 ι.

828 1349 1201 1412 Contextum
1235 1341 1547 1405 extribus
1580 1338 1728 1400 aliis
1754 1336 1917 1399 beati
1961 1332 2248 1394 Damiani
2285 1330 2357 1389 de
2395 1349 2461 1391 eo
2502 1336 2864 1408 argumento
2900 1325 3525 1411 dissertationibusko

3572 1402 3593 1431 ἦ

1854 1495 2385 1526 ——_—i—-

936 1642 1389 1700 DlSSERTATIO
1427 1640 1658 1697 PRIMA.

508 1731 1166 1819 Attenuatum—Petro
1188 1752 1447 1807 cardinali
1466 1752 1581 1805 viro
1604 1747 1799 1819 insigni
1824 1743 2086 1819 currenti,

582 1816 832 1889 titainnt,
863 1825 1111 1879 stimulos
1134 1823 1300 1883 addit.
1326 1824 1451 1875 dum
1482 1822 1534 1874 in
1562 1816 1882 1889 clericorum
1904 1816 2088 1889 impn-

579 1903 755 1955 dicam
785 1887 952 1951 vitam
990 1895 1148 1965 longa
1174 1894 1419 1965 oratione
1453 1892 1694 1965 invectus
1721 1888 1869 1965 illum
1903 1887 2088 1965 horta-

500 1998 501 2001 η
581 1979 688 2031 tur,
715 1978 773 2022 ut
810 1958 1257 2035 suscipiat'haue
1290 1963 1675 2035 cogitationem
1718 1958 2088 2035 dignissimam

582 2026 695 2095 sua:
746 2026 992 2098 virtutis';
1040 2026 1605 2088 eorutmlem'scilicct
1662 2026 2092 2098 intemperantiae

582 2111 709 2164 totis
738 2109 945 2161 viribus
980 2096 1399 2175 cppugnaudtc,
1434 2112 1493 2156 ut
1535 2100 1715 2175 aliqua
1766 2096 1994 2161 ratione,
2043 2096 2089 2149 si

577 2178 698 2234 fieri
744 2178 936 2239 possit,
981 2169 1320 2230 coercentur.
1369 2174 1539 2237 Quam
1568 2172 1639 2225 sit
1682 2171 1790 2225 Deo
1821 2183 1935 2223 rem
1966 2169 2109 2237 gra-'

582 2258 693 2303 tam
738 2239 976 2301 facturus
1004 2286 1017 2308 ,
1046 2243 1295 2313 exetttplo
1328 2242 1555 2297 Phinces
1591 2249 1645 2294 et
1678 2239 1885 2313 Moysis
1905 2247 2092 2313 osten-

582 2320 680 2373 dit.
716 2318 895 2372 Multis
915 2330 1129 2385 quoque
1160 2308 1480 2373 rationibus,
1506 2308 1920 2385 et‘argutu'entis
1944 2308 2090 2361 illum

583 2388 823 2445 instruit.
883 2379 947 2440 et'
988 2379 1056 2440 ut'
1090 2385 1395 2439 castitatem
1446 2382 1607 2444 tueri,
1657 2379 1721 2435 et
1768 2379 2093 2435 clericorum

581 2459 753 2530 possit
782 2457 1057 2511 libidinem
1090 2469 1185 2508 sua
1221 2455 1468 2510 oratione
1499 2453 1797 2508 destruere.

584 2572 793 2625 Domno
815 2569 997 2623 Ρετιιο
1019 2566 1401 2623 Lateranensis
1417 2581 1475 2619 ca
1485 2564 1691 2618 nonieaa
1712 2562 2093 2633 archipresby-

516 2674 652 2729 tero,
684 2663 900 2719 Penus
932 2669 1184 2732 peccator
1216 2658 1512 2713 monachus
1550 2654 1804 2710 fraterna:
1828 2654 2093 2725 glutinum

517 2753 826 2811 charitatis.

588 2847 819 2902 Tantum
862 2843 1004 2898 valet
1036 2841 1296 2913 iaculum,
1330 2847 1530 2910 quanta
1558 2838 1730 2892 virtus
1755 2846 1836 2892 est
1861 2835 2092 2891 bellato—

516 2935 616 2990 ris.
644 2934 777 2989 Nam
791 2931 1124 3002 quantalibet
1146 2930 1386 2991 limetnr,
1409 2938 1457 2982 et
1489 2936 1785 2983 c‘xacuatur
1808 2925 2091 2987 industria,

519 3028 565 3082 si
617 3026 897 3081 brachium
943 3021 1206 3077 vibrantis
1250 3018 1534 3090 elaugucat
1588 3018 1813 3089 insignis
1858 3016 2095 3072 victoria:

517 3118 804 3174 manubias
831 3130 935 3169 non
961 3121 1229 3190 reportat”
1254 3109 1321 3165 At
1345 3110 1432 3163 ubi
1464 3108 1692 3163 bellator
1711 3116 1792 3162 est
1818 3113 2093 3168 strenuus,

502 3222 616 3277 per
660 3207 912 3261 obtusum
956 3216 1171 3274 quoque
1216 3200 1450 3272 gladium
1506 3199 1661 3254 censis
1712 3196 1954 3251 hostibus
1994 3195 2094 3249 ali-

517 3298 736 3367 quando
763 3296 821 3350 fit
851 3295 1174 3364 triumphus.
1205 3291 1335 3346 Nam
1361 3302 1413 3347 et
1438 3290 1651 3345 Goliatb
1687 3287 1881 3358 insigni
1917 3287 2094 3341 muni-

521 3396 608 3441 tus
638 3386 839 3458 gladio,
874 3401 978 3439 non
1006 3385 1164 3438 modo
1199 3382 1452 3452 perdidit,
1486 3381 1579 3434 scd
1614 3389 1669 3433 et
1690 3392 1979 3447 percussus
2008 3391 2099 3430 oc-

526 3476 711 3531 cubuit
741 3475 792 3545 (I
826 3473 946 3545 Reg.
979 3474 1132 3543 xvtt).
1166 3473 1230 3527 Et
1254 3472 1483 3527 Samson
1511 3486 1633 3525 cum
1667 3469 1755 3523 vili
1790 3466 2097 3523 mandibula

528 3567 666 3623 asini
708 3566 853 3622 mille
898 3565 963 3621 de
990 3564 1316 3620 Philisthiim
1356 3562 1503 3616 viros
1531 3559 1729 3616 occidit
1752 3559 1951 3629 (Jndic.
1982 3555 2095 3627 xv).

522 3658 664 3715 Hinc.
701 3656 954 3727 estquod
997 3670 1117 3711 cum
1147 3653 1333 3710 Jether
1377 3652 1766 3723 printogenitus
1809 3648 2095 3713 Gedeonis,

522 3749 760 3821 gladium
807 3748 1072 3803 timuisset
1108 3746 1361 3810 educere,
1396 3743 1591 3806 Zehee,
1619 3752 1673 3797 et
1708 3740 1961 3796 Salmaua
2010 3755 2100 3794 re-

519 3854 615 3911 ges
636 3838 892 3902 Mediam,
924 3836 1178 3891 dixerunt
1200 3834 1437 3891 Gedeoni
1466 3852 1478 3886 :
1519 3852 1535 3883 ι
1565 3831 1641 3886 Ttt
1671 3847 1850 3902 surge,
1879 3841 1931 3884 et
1958 3831 2103 3884 irrne

518 3928 577 3986 in
606 3943 723 3992 nos,
739 3927 862 3997 quia
882 3927 1036 3997 juxta
1060 3934 1274 3980 aetatem
1310 3924 1473 3977 robur
1489 3932 1573 3977 est
1594 3921 1829 3976 hominis
1853 3919 2094 3992 (Ibid.).t

519 4016 709 4090 Itaque
738 4020 829 4089 qui
859 4027 1045 4073 contra
1075 4017 1396 4073 clericorum
1431 4015 1702 4069 luxuriant
1737 4025 1991 4083 tanquam
2025 4022 2103 4067 tu-

529 4108 675 4167 dites
696 4110 933 4180 jaculum
970 4109 1200 4174 fabrico,
1235 4109 1287 4162 itt
1321 4108 1518 4161 null'tts
1547 4121 1670 4160 eum
1703 4105 1915 4170 melius,
1941 4121 2102 4174 quam

526 4201 582 4258 in
634 4201 739 4257 tuis
786 4202 1036 4256 manibus
1082 4215 1240 4270 pono.
1287 4198 1461 4253 Tanto
1492 4197 1688 4268 quippe
1737 4197 1853 4251 zelo
1898 4196 2002 4249 vidi
2050 4205 2104 4250 te

523 4308 743 4363 semper
776 4293 1037 4349 adversus
1065 4306 1251 4346 eorum
1286 4289 1525 4360 perditos
1571 4303 1749 4344 mores
1796 4288 2103 4343 medullitus

524 4382 894 4448 inardescere,
925 4393 983 4436 ut
1011 4382 1262 4445 Pbinccs,
1286 4381 1368 4435 vel
1392 4379 1831 4449 llclimjudiceris
1858 4377 2104 4432 incendio

525 4487 636 4528 non
679 4487 871 4543 egere;
904 4472 1037 4526 adeo
1081 4482 1139 4524 ut
1176 4472 1294 4541 plus
1342 4472 1393 4524 in
1436 4469 1827 4539 suggillationis
1873 4477 1973 4520 tua:
2015 4481 2105 4519 ve-

527 4572 753 4619 reantur
799 4561 1133 4631 obloquium,
1183 4577 1344 4631 quam
1396 4561 1570 4630 ipsum
1622 4573 1835 4629 quoque
1882 4558 2107 4611 timeant

527 4652 725 4725 papale
751 4651 1046 4706 decretum.
1078 4650 1207 4704 Nam
1240 4651 1381 4703 velut
1408 4650 1657 4719 egregius
1683 4649 1837 4702 canis
1866 4647 2000 4725 aula:
2026 4662 2107 4701 re-

526 4747 630 4819 giae
656 4755 862 4811 custos,
891 4753 1187 4800 nocturnos
1214 4744 1357 4799 fures
1385 4744 1548 4799 claris
1589 4739 1913 4799 baubatibus
1939 4744 2106 4813 impe-

533 4840 624 4905 tis,
649 4854 850 4910 eosque
879 4853 947 4893 ne
985 4837 1222 4892 libidinis
1256 4852 1367 4892 sua:
1397 4837 1602 4891 facibus
1626 4834 1882 4907 palatium
1928 4834 2106 4903 regale

528 4930 868 4995 comburam,
896 4927 1169 4982 mordicus
1194 4927 1574 4998 apprehendis.

728 5036 859 5093 Car.
892 5036 1004 5091 l.--
1028 5034 1137 5091 Cur
1162 5035 1336 5089 clerici
1364 5034 1579 5090 debeant
1618 5051 1728 5090 esse
1758 5036 1910 5089 casti.

578 5145 721 5224 \Non
759 5156 811 5202 te
842 5148 972 5203 latet
998 5146 1122 5215 quia
1179 5146 1534 5217 presbyteris.
1578 5145 1841 5208 diaconis,
1885 5154 1941 5199 et
1985 5146 2111 5199 sub-

533 5238 803 5303 diaconis,
835 5246 946 5293 tam
971 5239 1251 5301 districta,
1281 5248 1388 5291 tam
1417 5237 1601 5308 rigida:
1634 5228 1814 5305 regula
1845 5235 2111 5290 castitatis

536 5329 815 5389 indicitur,
842 5337 900 5382 ut
920 5330 1066 5383 omni
1092 5329 1483 5385 catholicorum
1510 5327 1730 5383 Patrum
1753 5335 2111 5382 concurrente

530 5418 760 5489 judicio,
787 5417 1225 5473 acontrabcndis
1270 5419 1471 5488 nuptiis
1514 5416 1753 5472 funditur
1794 5417 2114 5472 abscindun-

538 5519 644 5562 tur.
684 5507 751 5560 Et
779 5516 929 5563 certe
968 5508 1101 5561 satis
1127 5517 1210 5563 est
1243 5509 1450 5563 ratione
1483 5509 1875 5578 plenissimum,
1900 5517 1959 5561 ut
1995 5517 2116 5575 post

538 5599 846 5668 episcopos,
896 5599 949 5653 in
1003 5599 1089 5654 his
1133 5614 1347 5669 quoque
1390 5601 1562 5656 tribus
1610 5601 1886 5670 gradibus,
1931 5600 2117 5654 niveus

540 5691 812 5763 pudicitia:
840 5690 1043 5748 candor
1073 5686 1337 5759 cillerent,
1370 5691 1459 5763 qui
1493 5692 1748 5749 nimirum
1790 5693 1962 5749 sacris
1997 5708 2115 5760 my-

2084 2978 2167 3051 ;c
2196 2979 2410 3034 laribus
2453 2978 2618 3033 induo
2664 2996 2676 3029 :

2117 1621 2162 1680 Β
2200 1612 2378 1668 stcriis
2427 1610 2747 1667 familiarius
2775 1610 3222 1681 appropinquant.
3266 1609 3400 1665 Nam
3431 1623 3555 1679 qtata
3590 1609 3771 1666 Domi-

2198 1703 2377 1757 nicum
2402 1717 2600 1771 corpus
2627 1703 2680 1755 in
2706 1701 2981 1771 virginalis
3007 1700 3145 1755 uteri
3163 1702 3364 1770 templo
3391 1699 3771 1765 coaluit,nunc

2194 1796 2356 1848 etiam
2390 1809 2420 1848 a
2448 1793 2712 1848 ministris
2752 1793 2833 1847 sui
2873 1791 3203 1847 continentis
3244 1790 3516 1862 pudicitiae
3558 1792 3772 1846 mundi-

2194 1888 2326 1941 tiam
2356 1886 2571 1956 qumrit.

2272 1976 2437 2032 Plane
2462 1977 2605 2031 sicut
2632 1975 2958 2044 concipienti
2998 1972 3214 2029 Deifica:
3242 1972 3450 2043 Virgini
3483 1988 3588 2028 non
3613 1971 3773 2028 virile

2197 2085 2383 2127 semen
2414 2068 2648 2133 inﬂuxit,
2677 2068 2769 2123 sed
2806 2068 2977 2121 vittus
3004 2066 3180 2122 sancti
3211 2064 3447 2135 Spiritus
3480 2066 3776 2121 obumbra-

2192 2160 2302 2224 vit;
2333 2160 2405 2215 ita
2437 2176 2579 2214 nunc
2604 2158 2655 2212 in
2698 2157 2855 2212 altari
2888 2156 3120 2227 positum
3150 2164 3546 2210 sacramentum
3581 2157 3775 2211 eadem

2192 2251 2364 2308 sancti
2399 2250 2632 2320 Spiritus
2665 2249 2837 2303 virtus
2865 2256 2971 2312 est,
2995 2262 3114 2316 quae
3148 2246 3425 2301 vivificat:
3454 2254 3509 2301 et
3551 2262 3776 2302 necesse

2192 2353 2296 2423 est,
2335 2352 2395 2397 ut
2436 2343 2539 2397 hoc
2580 2342 2774 2412 pudica
2805 2355 3017 2404 manus,
3057 2348 3113 2394 et
3155 2338 3435 2411 impolluta
3471 2340 3771 2409 contingat.

2195 2436 2301 2493 Sed
2327 2436 2583 2506 quoniam
2616 2449 2779 2504 super
2815 2433 2917 2488 hoc
2946 2432 3184 2486 themate
3210 2430 3473 2501 prolixius
3491 2429 3605 2500 jam
3643 2431 3775 2486 alibi

2194 2524 2601 2596 disputavimus,
2617 2534 2670 2577 et
2687 2522 2859 2593 primo
2873 2520 3095 2591 quidem
3123 2521 3225 2590 βίω
3242 2519 3518 2576 memoria:
3550 2520 3777 2575 Nicolao

2194 2633 2364 2688 papae,
2398 2615 2593 2671 deinde
2637 2613 2958 2668 Taurinensi
2998 2614 3271 2681 episcopo,
3305 2621 3582 2683 postremo
3609 2612 3778 2667 etiam

2195 2706 2487 2762 comitissaa
2513 2704 2776 2770 Adelaidi,
2812 2703 3013 2758 viritim
3046 2701 3345 2757 scribentes
3379 2701 3593 2758 diversa
3626 2699 3779 2756 Scri-

2194 2809 2477 2870 pturarnm
2525 2795 2769 2866 exempla
2830 2796 3245 2864 congessimus:
3276 2793 3342 2865 ad
3369 2792 3456 2846 illa
3497 2802 3571 2859 te,
3614 2791 3783 2846 fratcr

2197 2887 2527 2951 venerande,
2579 2886 2911 2950 transntitlo,
2968 2886 3075 2940 illis
3130 2894 3180 2940 te
3224 2884 3371 2938 velut
3419 2883 3588 2937 armis
3639 2881 3784 2936 mili-

2724 2991 2887 3046 atque
2938 2984 2996 3030 ut
3046 2974 3182 3030 alter
3226 2974 3391 3030 Josue
3440 2971 3628 3028 urbem
3693 2969 3784 3025 Je-

2203 3069 2352 3125 richo
2398 3068 2717 3124 subvertere
2770 3066 2985 3130 nitaris,
3036 3065 3275 3136 impello.
3333 3063 3596 3134 Superest
3651 3076 3783 3129 ergo

2202 3174 2368 3221 nunc,
2418 3167 2478 3212 ut
2529 3158 2745 3213 eosdem
2776 3156 3003 3211 clericos
3044 3156 3157 3226 ipse
3187 3154 3464 3225 paulisper
3497 3151 3661 3224 385
3688 3166 3783 3221 ag-

2215 3254 2431 3325 grediar
2455 3269 2470 3317 ;
2503 3261 2769 3322 quatenus
2794 3250 2935 3319 quod
2965 3249 3017 3303 in
3062 3250 3276 3303 camino
3301 3247 3537 3320 pectoris
3566 3253 3783 3309 servet,

2202 3344 2275 3397 ita
2326 3342 2482 3395 labiis
2518 3341 2674 3410 quasi
2705 3340 2858 3394 rimis
2904 3339 3213 3408 patentibus
3236 3343 3511 3406 evaporet.
3680 3402 3695 3407 ν
3722 3400 3759 3405 ἢ

2272 3433 2547 3488 Conveuio
2579 3448 2692 3495 vos,
2744 3448 2777 3485 ο
2805 3429 3139 3500 prolectarii.
3172 3428 3369 3493 uxorii,
3402 3443 3467 3482 ac
3496 3424 3785 3482 mulierum

2201 3524 2591 3580 dominantium
2628 3521 2924 3575 ditionilms
2974 3520 3239 3581 inserviti,
3271 3528 3331 3573 ut
3356 3518 3483 3589 quid
3506 3518 3791 3589 canonica;

2202 3612 2503 3669 sanctionis
2532 3610 2653 3680 jura
2712 3609 3065 3673 confunditis,
3101 3616 3155 3664 et
3198 3624 3229 3664 a
3280 3610 3485 3664 sanctis
3533 3608 3788 3663 Patribns

2207 3704 2513 3759 institutam
2564 3702 2817 3772 puritatis
2848 3700 3229 3755 ecclesiastica:
3258 3699 3495 3770 regulam
3526 3698 3741 3755 violatis
3766 3697 3793 3752 ?

2202 3792 2347 3848 Proh
2374 3794 2548 3863 pudor
2572 3792 2585 3845 !
2619 3789 2857 3844 libidinis
2885 3800 3079 3845 vestra:
3108 3790 3312 3860 legibus
3338 3788 3475 3857 colla
3517 3787 3793 3843 submitti-

2207 3886 2297 3949 tis,
2338 3894 2393 3939 et
2434 3883 2768 3953 promulgtta
2794 3899 2888 3952 per
2911 3897 3007 3937 ora
3036 3882 3318 3937 doctorum
3341 3881 3513 3936 sancti
3549 3879 3794 3949 Spiritus

2204 3977 2378 4031 edicta
2414 3974 2650 4030 calcatis.
2680 3975 2814 4029 Ecce
2837 3989 2931 4043 per
2945 3989 3042 4026 vos
3062 3972 3426 4043 apostolorum
3459 3971 3611 4027 labor
3631 3986 3790 4026 ever-
3868 4004 3873 4011 ι
3928 4030 3931 4039 ,

2184 4058 2356 4129 ‘titur,
2381 4076 2440 4144 et
2463 4063 2774 4141 aediﬁcium,
2804 4064 2944 4132 quod
2969 4065 3221 4118 doctores
3244 4063 3503 4118 Ecclesiae
3530 4054 3893 4139 fundaverhj“

2208 4140 2551 4224 rttntfliquct
2582 4155 2745 4223 quod,
2799 4155 2952 4207 vobis
2996 4154 3453 4224 itnpugnantibus,
3505 4140 3792 4209 obruatur.

2209 4245 2275 4299 Et
2329 4252 2399 4300 tta
2457 4245 2535 4308 fit,
2593 4254 2652 4298 ιιι
2713 4244 2799 4300 lex
2847 4244 3101 4299 Ecclesiae
3151 4261 3313 4315 quant
3364 4244 3633 4301 clericalis
3655 4244 3795 4302 ordo

2136 4350 2182 4407 ι)
2208 4337 2562 4391 constituisse
2608 4334 2965 4404 dignoscitur,
2998 4350 3095 4404 per
3121 4336 3372 4390 eumdem
3415 4350 3603 4390 rursus
3637 4335 3794 4389 ordi-

2208 4443 2331 4480 nem
2385 4443 2414 4479 e
2465 4425 2740 4480 contrario
2794 4424 3124 4479 destruatur.
3180 4426 3390 4479 Amnon
3447 4433 3504 4479 et
3555 4424 3794 4479 Absalon

2211 4513 2408 4568 fratres
2440 4512 2677 4575 fuerunt,
2702 4529 2838 4582 quos
2867 4530 3003 4567 unus
3029 4514 3245 4582 quidem
3275 4522 3430 4583 pater
3453 4514 3665 4584 genuit;
3697 4494 3811 4568 sed-

2209 4607 2436 4660 alterum
2470 4606 2606 4661 alter
2628 4607 2915 4676 exstinguit
2944 4607 3028 4677 (Il
3058 4607 3183 4675 Reg.
3213 4608 3318 4675 Ill).
3338 4607 3470 4662 Cain
3505 4606 3795 4662 trucidavit

2206 4695 2339 4752 Abel
2372 4695 2525 4764 (Gen.
2563 4696 2659 4767 tv),
2688 4697 2861 4751 malas
2891 4698 3096 4751 scilicet
3122 4700 3361 4767 justum;
3394 4696 3591 4767 smpius
3622 4697 3792 4752 etiam

2216 4786 2550 4841 adulterinus
2582 4787 2877 4858 legitimum
2915 4788 3153 4857 perimit,
3188 4787 3330 4841 sicut
3354 4785 3638 4859 Jugurtha,
3672 4802 3798 4857 pcr-

2215 4875 2437 4931 hibcnte
2464 4876 2654 4946 Crispo
2684 4878 3000 4947 (SALLUST.,
3036 4876 3109 4930 De
3141 4878 3273 4931 bello
3294 4878 3591 4949 Μαντώ),
3615 4875 3798 4932 Hiem-

2218 4968 2332 5037 psal
2381 4977 2439 5024 et
2487 4969 2756 5024 Adherbal
2804 4971 3033 5033 occidit;
3076 4970 3147 5024 ita
3201 4970 3598 5040 quodammodo
3625 4969 3796 5041 spurii

2219 5057 2415 5114 fratres
2464 5059 2730 5129 legitimos
2773 5060 3065 5129 perimunt,
3096 5076 3220 5115 cum
3254 5062 3288 5115 ii
3342 5062 3517 5131 quise
3552 5061 3670 5117 solo
3696 5076 3797 5116 no-

2222 5150 2366 5203 mine
2387 5149 2614 5205 clericos
2644 5152 2982 5220 profitentur,
3010 5161 3320 5206 sanctorum
3349 5150 3568 5205 Patrum
3591 5150 3799 5221 judicia

2222 5239 2528 5294 destruunt.
2554 5241 2619 5295 Et
2647 5250 2906 5309 tanquam
2938 5244 3083 5313 ipsos
3116 5242 3368 5297 videntur
3402 5242 3753 5315 exstinguere
3780 5281 3797 5305 ,

2218 5345 2447 5400 quorum
2496 5346 2597 5385 non
2658 5340 2903 5388 metuunt
2948 5333 3251 5388 sententias
3298 5332 3600 5387 annullare.
3651 5330 3803 5398 Quos

2222 5420 2473 5475 videlicet
2517 5431 2641 5491 apte
2693 5420 3002 5491 significare
3045 5422 3259 5476 videtur
3311 5414 3623 5477 Abimelecb
3660 5420 3804 5475 filius

2221 5510 2499 5574 Jerobaal,
2529 5528 2687 5581 quem
2726 5513 3007 5583 Scriptura
3035 5515 3273 5584 genitura
3302 5513 3469 5568 rcfert
3511 5514 3576 5568 de
3598 5528 3803 5569 concu-

2226 5600 2374 5663 bina,
2427 5617 2586 5672 quam
2645 5603 2909 5657 habuerat
2963 5604 3015 5657 in
3069 5603 3285 5659 Sichetn
3339 5603 3540 5669 (Judic.
3573 5604 3671 5673 ιχ).
3706 5601 3807 5655 llic

2225 5692 2367 5748 enim
2395 5693 2592 5749 occidit
2613 5691 2814 5749 fratres
2843 5707 2971 5749 suos
2995 5692 3132 5751 filios
3161 5692 3434 5761 Jerohaal,
3463 5693 3807 5765 septuaginta
