4106 6320
346 331 451 387 389

1031 329 1272 386 OPUSC.
1315 329 1498 386 XVIII.
1526 362 1592 372 -ι-
1618 332 1896 389 CONTRA
1935 336 2514 396 INTEMPERANTES
2564 340 2922 401 CLERICOS.

3511 356 3616 412 590

346 445 490 498 viros
522 456 684 512 super
712 441 944 511 lapidem
1001 456 1188 534 unum.
1238 442 1375 534 Quid
1404 444 1548 534 enim
1577 460 1674 534 per
1715 455 1932 515 septua-
1959 457 2004 513 Α
2037 447 2219 519 (Zach.
2273 452 2376 520 ιιι).
2413 471 2428 504 ι
2473 453 2633 525 Lapis
2681 458 2784 513 iste
2817 460 3104 531 utrobique
3148 477 3288 518 unus
3339 464 3618 534 aptissime

347 536 494 606 ginta
523 534 691 599 viros,
723 534 828 589 nisi
861 533 1274 603 praedicatorum
1299 533 1553 588 Ecclesiae
1577 533 1713 588 libra
1746 535 1929 606 signa-

347 626 470 680 tur?
517 626 584 680 de
620 624 816 694 quibus
845 623 922 678 ait
962 623 1138 678 Lucas
1165 624 1495 692 evangelista
1522 641 1535 677 :
1568 643 1586 675 ι
1619 623 1754 690 Quia
1792 626 1933 680 desi-

347 715 582 786 signavit
629 713 892 769 Dominus
933 713 1309 784 septuaginta;
1361 721 1416 766 et
1463 713 1608 767 misit
1635 713 1754 768 illos
1777 715 1932 770 binos

347 813 473 859 ante
500 804 694 859 faciem
727 820 880 860 suam
910 803 963 857 in
986 819 1200 858 omnem
1232 803 1504 858 civitatem
1542 813 1597 858 et
1620 804 1793 860 locum
1824 820 1932 875 quo

347 907 465 954 erat
496 899 612 966 ipse
641 906 902 953 venturus
932 895 1083 964 (Luc.
1118 900 1193 965 ιι).
1230 914 1249 948 ι

417 989 517 1045 Hic
561 990 726 1044 etiam
760 988 1172 1058 praedicandum
1204 987 1337 1041 ordo
1361 986 1474 1057 jam
1511 984 1850 1056 ﬁgurabatur
1878 987 1930 1042 in

347 1079 474 1143 illis,
500 1080 566 1135 de
591 1080 789 1150 quibus
834 1080 898 1133 ad
927 1078 1144 1150 Moysen
1171 1078 1429 1133 Dominus
1455 1079 1532 1132 ait
1558 1097 1570 1132 :
1601 1095 1619 1128 ι
1654 1077 1932 1149 Congrega

346 1173 478 1227 mihi
529 1172 866 1243 septuaginta
896 1172 1042 1226 viros
1073 1172 1138 1226 de
1161 1171 1466 1225 senioribus
1493 1169 1680 1234 Israel,
1710 1186 1846 1241 quos
1873 1179 1931 1224 tu

346 1264 513 1328 nosti,
545 1262 687 1332 quod
722 1278 882 1317 senes
922 1261 1101 1333 populi
1135 1263 1266 1327 sint,
1301 1270 1357 1317 et
1401 1261 1669 1331 magistri,
1694 1270 1748 1314 et
1770 1262 1934 1316 duces

345 1369 444 1409 eos
471 1355 538 1408 ad
563 1355 764 1409 ostium
807 1353 1139 1408 tabernaculi
1184 1351 1405 1408 fanleris
1442 1351 1631 1422 (Num.
1659 1352 1755 1422 ιι).
1789 1351 1931 1406 Idem

348 1459 562 1514 quoque
584 1445 843 1516 mysticus
872 1459 1130 1499 numerus
1157 1441 1604 1514 przedicatorihus
1639 1442 1933 1497 convenire

348 1542 476 1589 tunc
504 1535 874 1590 indubitanter
897 1534 1229 1603 agnoscitur,
1264 1549 1385 1588 cum
1412 1532 1740 1587 lsraeliticus
1766 1549 1935 1603 popu.

345 1625 431 1681 lus
483 1627 533 1682 in
591 1627 731 1682 Elim
785 1638 964 1683 castra
999 1629 1241 1696 posuisse
1291 1626 1770 1694 narratur(E:rod.
1805 1625 1930 1696 xv);

347 1720 439 1772 ubi
471 1720 720 1774 videlicet
771 1731 927 1773 erant
970 1720 1250 1775 duodecim
1287 1721 1460 1773 fontes
1501 1727 1554 1771 et
1598 1719 1933 1788 septuaginta

345 1812 559 1880 palmze.
599 1813 739 1879 Quid
769 1813 913 1866 enim
948 1828 1044 1882 per
1070 1813 1354 1868 duodecim
1397 1813 1596 1876 fontes,
1622 1812 1725 1866 nisi
1755 1813 1928 1867 sancti
1964 1804 2005 1862 Β

346 1901 706 1970 designantur
733 1902 982 1970 apostoli,
1016 1901 1108 1971 qui
1150 1903 1456 1956 ariditatem
1503 1902 1682 1956 cordis
1712 1902 1930 1956 humani

341 2002 551 2047 sanctae
612 1993 1008 2062 prtcdicationis
1049 2009 1152 2048 non
1197 1994 1450 2048 desinunt
1486 1993 1716 2064 irrigare
1767 1993 1934 2047 fluen-

347 2087 461 2141 tis?
490 2087 626 2154 Quid
663 2104 789 2142 vero
822 2104 917 2158 per
949 2089 1284 2158 septuaginta
1315 2088 1521 2158 palmas
1546 2129 1561 2152 ,
1589 2089 1687 2143 nisi
1713 2088 1934 2143 inferio-

345 2181 424 2235 ris
470 2184 668 2252 gradus
706 2181 1240 2237 debentsacerdotes
1277 2181 1534 2250 intelligi,
1583 2183 1674 2250 qui
1726 2181 1930 2236 consti-

345 2273 451 2327 tuti
503 2281 628 2328 sunt
680 2288 776 2342 per
831 2273 1088 2326 mundum
1120 2273 1320 2327 Christi
1363 2288 1587 2327 narrare
1635 2273 1934 2328 victorias?

343 2361 531 2418 Palma
567 2365 835 2435 siquidem
864 2364 1146 2418 consuevit
1175 2377 1442 2416 coronare
1475 2363 1742 2426 victores;
1779 2363 1936 2418 dena-

345 2459 460 2512 rius
507 2467 688 2512 autem
745 2471 1002 2511 numerus
1053 2456 1104 2510 in
1155 2456 1237 2509 his
1282 2456 1648 2525 septenarium
1678 2456 1930 2521 ducitur;

343 2555 472 2623 quia
522 2565 744 2605 necesse
773 2557 878 2614 est,
905 2557 963 2602 ut
986 2563 1080 2618 per
1110 2545 1439 2616 scptiformis
1489 2545 1726 2616 Spiritus
1760 2546 1934 2600 sancti

343 2645 574 2718 gratiam
608 2643 891 2712 decalogus
917 2640 1222 2710 impleatur.

417 2738 525 2792 Nec
557 2733 1011 2806 prmtereundum,
1065 2733 1208 2801 quod
1253 2730 1483 2801 populus
1525 2729 1612 2784 ille
1640 2737 1930 2800 antequam

342 2830 555 2884 venerit
609 2828 661 2881 iu
716 2827 872 2888 Elim,
907 2825 1158 2895 pridiana
1205 2833 1624 2880 castrametatus
1674 2825 1850 2878 fuerat
1878 2825 1930 2877 in

344 2921 525 2975 Maara
575 2917 784 2990 (Ibid).
839 2916 940 2972 Ubi
995 2917 1251 2970 nimirum
1300 2930 1421 2969 cum
1462 2930 1601 2984 aqua
1635 2924 1741 2968 tam
1789 2923 1933 2970 esset

344 3027 529 3067 amara
581 3019 639 3065 ut
684 3010 934 3080 poculum
994 3026 1099 3064 non
1151 3008 1484 3072 admitteret,
1536 3007 1749 3076 lignum.
1791 3009 1932 3073 quod

345 3103 489 3158 Deus
538 3101 797 3164 ostendit,
843 3099 1127 3169 ingeritur,
1185 3107 1240 3152 et
1288 3098 1536 3167 protinus
1586 3095 1926 3149 ohdulcatur.

341 3197 690 3253 Occidentem
740 3193 939 3263 quippe
973 3191 1206 3248 litteram
1239 3191 1444 3245 veteris
1473 3189 1631 3258 legis,
1665 3189 1793 3259 quia
1839 3203 1930 3243 ne-

342 3305 433 3345 mo
488 3287 703 3343 valebat
749 3286 996 3355 implere,
1043 3285 1198 3353 quasi
1233 3298 1342 3354 prae
1365 3282 1729 3337 amaritudine
1763 3281 1932 3336 salsas

343 3397 516 3452 aquas
559 3381 950 3436 horrescehant
989 3378 1238 3432 homines
1279 3377 1496 3438 bibere;
1541 3377 1633 3431 sed
1669 3377 1751 3430 his
1779 3376 1934 3444 aquis

342 3489 466 3530 cum
492 3473 698 3543 lignum
727 3471 905 3525 crucis
933 3469 1099 3539 386
1137 3468 1446 3529 adhibetur,
1477 3481 1600 3520 cum
1644 3464 1934 3520 Dominicm

339 3564 616 3634 passionis
669 3561 839 3617 series
886 3560 1208 3631 applicatur,
1244 3573 1368 3612 mox
1409 3557 1704 3628 spiritualis
1737 3555 1929 3610 intelli—

342 3657 541 3727 gentia:
563 3671 688 3710 cum
713 3653 1000 3709 dulcedine
1031 3650 1240 3706 bibitur
1280 3649 1702 3704 sacramentum.
1734 3647 1932 3715 Sicque

342 3749 574 3820 populus
600 3747 666 3802 de
695 3746 840 3800 Mara
866 3744 1018 3799 venit
1044 3743 1094 3797 in
1129 3742 1297 3807 Elim;
1331 3755 1527 3794 amarae
1553 3739 1759 3794 scilicet
1785 3738 1930 3793 litte-

343 3857 417 3896 rae
446 3839 655 3911 spernit
679 3839 983 3899 horrorem,
1017 3843 1070 3889 et
1099 3833 1164 3887 ad
1190 3832 1516 3902 apostolicos
1541 3829 1740 3895 fontes,
1770 3837 1932 3898 atque

345 3935 412 3989 ad
457 3931 706 4004 palmalis
745 3930 954 3985 fructus
995 3928 1193 3998 gaudet
1264 3923 1524 3978 festinare
1569 3921 1927 3978 dulcedinem.

341 4024 593 4094 Legalem
625 4022 886 4092 abjiciens
922 4019 1260 4080 servitutem,
1293 4013 1505 4069 dulcem
1535 4012 1737 4082 expetit
1767 4026 1930 4067 evan-

340 4115 528 4188 gelicae
557 4113 742 4183 gratiae
768 4111 1093 4164 libertatem.

339 4231 471 4285 CAP.
497 4229 558 4284 II.
585 4259 652 4269 -—
687 4226 968 4282 Luxuriosi
1008 4225 1181 4279 clerici
1216 4239 1330 4276 cum
1377 4220 1668 4275 Abimeleclt
1720 4225 1930 4290 compa-

1029 4305 1182 4349 ι’(ιηιιι
1192 4311 1234 4347 1⁸.

411 4392 485 4448 Ut
531 4405 661 4460 ergo
705 4391 770 4445 ad
817 4390 868 4443 id
911 4388 1052 4458 quod
1101 4385 1364 4456 cmpimus
1404 4396 1764 4447 revertamur,
1804 4399 1928 4437 cum

303 4495 436 4552 -per
455 4480 795 4550 septuaginta
823 4479 990 4540 viros,
1027 4491 1162 4544 quos
1183 4474 1380 4529 occidit
1415 4473 1749 4537 Ahimelech,
1783 4488 1922 4541 pra:-

335 4573 610 4628 dicatores
665 4571 961 4640 figurentur
1014 4565 1297 4643 Ecclesiae;
1345 4564 1472 4632 quid
1527 4577 1622 4632 per
1672 4561 1920 4616 eunidem

336 4663 677 4728 Abimclech,
715 4661 804 4730 qui
829 4673 1015 4713 eorum
1051 4655 1219 4710 frater
1246 4663 1384 4716 erat,
1417 4654 1510 4707 sed
1543 4652 1782 4722 spurius,
1814 4653 1918 4705 nisi

335 4752 625 4816 luxuriosi,
656 4759 820 4819 atque
865 4746 1109 4802 carnales
1166 4742 1495 4811 intelligendi
1552 4750 1677 4795 sunt
1716 4740 1918 4805 clerici,

335 4844 429 4913 qui
477 4841 890 4904 catholicorum,
923 4847 1342 4904 sanctorumque
1371 4831 1687 4902 pontiﬁcum
1717 4841 1772 4887 et
1810 4830 1921 4886 fra-

335 4946 448 4989 tres
471 4933 689 5004 quidem
720 4940 846 4986 sunt
875 4945 971 5000 per
994 4936 1274 4998 acceptum
1305 4925 1730 4980 ecclesiasticum
1773 4923 1921 4977 ordi-

334 5042 485 5091 nem,
509 5035 564 5080 ct
589 5033 768 5078 tamen
800 5022 969 5092 spurii
993 5019 1308 5089 iudicantur
1340 5033 1435 5087 per
1465 5016 1749 5085 degeneris
1779 5016 1919 5077 vitae,

331 5127 384 5171 et
436 5114 754 5186 ignobilium
798 5128 1023 5182 operum
1061 5109 1426 5180 pravitatem?
1460 5106 1520 5161 Hi
1563 5108 1756 5160 fratres
1797 5121 1923 5158 suos

333 5205 614 5268 occidunt,
643 5219 764 5259 cum
795 5212 1107 5257 sanctormn
1142 5201 1363 5254 Patrum
1383 5197 1584 5265 judicia
1615 5197 1920 5260 destrmmt,

332 5315 456 5354 cum
509 5297 820 5352 sanctiones
855 5311 1046 5350 eorum
1081 5305 1242 5362 atque
1296 5292 1513 5345 decreta
1544 5305 1798 5359 perverse
1843 5289 1922 5342 vi-

330 5391 509 5443 vendo
545 5388 898 5442 confundunt.
932 5386 999 5440 Et
1030 5387 1142 5440 haec
1169 5381 1477 5438 interfectio
1508 5380 1565 5433 ﬁt
1595 5395 1757 5450 super
1788 5379 1920 5446 lapi-

332 5481 454 5534 dem
479 5494 668 5532 unum.
710 5478 873 5548 Lapis
923 5478 1023 5531 iste
1070 5473 1371 5530 Salvateris
1399 5480 1482 5526 est
1534 5470 1804 5533 Ecclesia,
1856 5469 1920 5523 de

330 5587 437 5640 qua
487 5585 584 5641 per
613 5570 929 5624 Zachariam
981 5569 1179 5623 dicitur
1218 5583 1232 5619 τ
1282 5585 1298 5615 ι
1336 5564 1477 5618 Ecce
1503 5578 1604 5632 ego
1657 5561 1918 5614 adducam

330 5676 551 5714 servum
586 5676 764 5714 meum
787 5661 1078 5716 orientem.
1103 5658 1230 5726 quia
1257 5671 1383 5710 ecce
1413 5655 1570 5724 lapis,
1600 5667 1758 5721 quem
1799 5651 1921 5706 dedi

331 5764 519 5804 coram
544 5747 670 5804 Iesu
699 5767 709 5800 :
747 5747 920 5819 Super
947 5748 1176 5817 lapidem
1204 5761 1368 5802 unum
1393 5753 1601 5815 septem
1626 5741 1769 5798 oculi
1798 5750 1924 5800 sunt

2033 539 2253 606 dicitur,
2303 553 2361 595 ut
2414 545 2593 599 unitas
2625 547 2876 605 Ecclesia:
2925 554 3350 608 commendetur.
3405 557 3480 610 De
3507 574 3614 628 qua

2032 642 2264 698 Sponsus
2307 633 2384 686 ait
2437 634 2491 688 in
2539 635 2807 703 Cauticis:
2845 659 2864 690 ι
2911 640 3026 696 Una
3058 653 3139 698 est
3176 643 3423 702 columba
3475 662 3612 715 mer,-

2033 738 2138 776 una
2173 734 2257 780 est
2285 724 2573 782 Geuitricis
2599 745 2708 784 suae
2741 730 2919 801 (Cant.
2953 735 3053 801 vi).
3090 754 3108 786 ι

2104 816 2244 881 Quid
2301 828 2427 874 sunt
2485 829 2665 876 autem
2724 834 2930 892 septem
2983 827 3120 881 oculi
3167 843 3330 898 super
3382 829 3614 898 lapidem

2034 920 2225 971 unum,
2256 908 2402 963 salvo
2432 919 2635 976 tamen,
2673 913 2717 967 si
2761 924 2864 978 est,
2889 914 3067 970 altiori
3102 920 3378 988 mystezio,
3406 922 3506 976 nisi
3537 923 3616 978 illi

2033 1001 2374 1069 septuaginta
2405 1002 2529 1069 viri,
2566 1004 2668 1059 hoc
2700 1016 2803 1070 est,
2842 1006 3092 1062 doctores
3133 1011 3306 1064 sancti
3349 1013 3401 1064 in
3434 1013 3612 1068 eccle-

2033 1089 2267 1146 siastica:
2318 1094 2466 1161 pacis
2508 1096 2715 1151 unitate
2759 1097 3055 1167 conjuncti,
3085 1100 3417 1170 septiformis
3441 1106 3617 1158 sancti

2035 1183 2271 1253 Spiritus
2299 1189 2717 1245 charisn'iatibus
2747 1191 3033 1246 illustrati?
3067 1194 3168 1248 Per
3190 1195 3287 1249 hos
3316 1197 3459 1251 enim
3487 1213 3616 1250 ocu-

2033 1275 2114 1330 los
2143 1287 2327 1332 sancta
2357 1281 2498 1333 videt
2533 1281 2795 1348 Ecclesia,
2821 1299 2918 1352 per
2948 1284 3047 1338 hos
3073 1287 3337 1355 conspicit
3361 1287 3448 1340 ubi
3485 1287 3616 1342 recti

2035 1372 2216 1440 operis
2253 1373 2438 1441 pedem
2479 1382 2666 1444 ponat,
2716 1389 2777 1429 ac
2802 1391 2904 1446 per
2926 1379 3066 1431 viam
3112 1381 3489 1434 mandatorum
3523 1380 3616 1434 Dei

2034 1462 2306 1533 gradiens,
2345 1479 2591 1517 normam
2617 1466 2955 1521 rectittnlinis
2986 1485 3090 1521 non
3120 1468 3379 1524 offendat.

2102 1555 2414 1610 Ahimelech
2469 1571 2598 1626 ergo
2648 1575 2868 1612 manzer
2919 1575 2980 1614 ac
3017 1563 3235 1628 spurius
3275 1564 3616 1633 septuaginta

2036 1643 2303 1714 legitimos
2353 1645 2550 1700 fratres
2610 1663 2771 1716 super
2829 1665 2992 1703 unum
3055 1650 3286 1720 lapidem
3357 1651 3612 1721 perimit;

2035 1738 2253 1806 quando
2295 1753 2421 1808 pars
2464 1738 2716 1811 [primus]
2765 1740 3082 1796 clericorum
3127 1743 3194 1797 ab
3233 1743 3616 1800 ecclesiasticae

2033 1830 2303 1886 castitatis
2327 1832 2609 1886 nobilitate
2639 1835 2996 1902 degenerans,
3042 1834 3352 1892 obscaenius
3378 1853 3435 1892 se
3462 1838 3617 1892 luxu-

2033 1921 2128 1975 rice
2177 1921 2384 1992 legibus
2428 1923 2662 1993 subjicit.
2691 1925 2752 1978 Et
2797 1925 2921 1979 dum
2956 1941 3140 1980 sacros
3167 1942 3405 1982 canones
3427 1944 3618 1998 repro-

2033 2015 2241 2070 baIILIOS
2287 2016 2516 2084 judicat,
2565 2032 2750 2070 eorum
2797 2018 3126 2083 conditores,
3161 2030 3376 2074 sanctos
3406 2020 3618 2074 scilicet

2033 2111 2199 2176 viros,
2226 2126 2288 2164 ac
2316 2126 2412 2181 per
2442 2112 2544 2166 hoc
2573 2112 2802 2177 nobiles,
2835 2113 3105 2166 Gedeonis
3125 2154 3138 2176 ,
3168 2113 3218 2166 id
3259 2123 3340 2167 est
3369 2111 3616 2168 Salvato-

2036 2202 2111 2256 ris
2146 2216 2209 2254 ac
2233 2201 2489 2256 Ecclesia:
2522 2201 2680 2266 ﬁlios,
2737 2203 2897 2272 impia
2937 2203 3336 2272 quodammodo
3386 2203 3618 2258 crudeli-

2036 2300 2144 2346 tate
2173 2292 2430 2346 trucidat.
2464 2292 2676 2346 Habent
2722 2293 2866 2346 enim
2896 2292 3228 2347 adulterinos
3254 2307 3513 2356 canones,
3564 2300 3620 2346 et

2033 2385 2295 2452 quasdam
2381 2391 2823 2452 argumentormn
2896 2382 3265 2437 cavillantium
3332 2383 3616 2444 novitates,

2034 2475 2230 2544 quibus
2277 2481 2606 2545 uppuguent.
2664 2473 2816 2540 Quod
2862 2473 3115 2526 videlicet
3162 2471 3217 2526 in
3269 2471 3354 2524 illa
3402 2486 3620 2541 quoque

2036 2564 2200 2618 turris
2231 2563 2594 2618 Sichimorum
2617 2562 2897 2617 obsidione
2919 2563 3181 2632 signatur,
3201 2576 3321 2615 cum
3345 2561 3410 2616 de
3426 2560 3614 2617 eodem

2036 2656 2312 2710 fratricida
2364 2671 2462 2726 per
2509 2655 2746 2710 historiae
2801 2655 2998 2710 seriem
3057 2653 3296 2727 dicitur:
3334 2672 3353 2704 ι
3394 2654 3618 2709 Abime-

2035 2744 2172 2809 leeh,
2212 2745 2408 2814 inquit,
2443 2745 2667 2799 audiens
2697 2745 2840 2798 viros
2874 2744 3038 2796 turris
3071 2742 3439 2797 Sichimorum
3475 2743 3620 2818 pario

2037 2847 2118 2891 ter
2143 2835 2514 2906 conglobatos,
2562 2835 2805 2890 ascendit
2859 2836 2911 2888 in
2950 2845 3188 2890 montem
3231 2835 3449 2890 Selmon
3499 2850 3620 2889 cum

2034 2929 2178 2981 omni
2213 2927 2408 2997 populo
2432 2943 2550 2990 suo,
2587 2936 2640 2980 et
2680 2937 2897 2996 arrepta
2928 2929 3134 2991 securi,
3173 2928 3416 2997 praecidit
3454 2927 3618 2982 arbo-

2036 3019 2112 3070 ris
2161 3033 2394 3083 ramum,
2430 3018 2850 3088 impositumque
2897 3017 3075 3072 ferens
3115 3018 3359 3082 humero,
3391 3017 3526 3071 dixit
3552 3019 3619 3071 ad

2019 3111 2214 3164 socios
2249 3127 2262 3163 :
2299 3110 2442 3178 quod
2477 3123 2562 3162 me
2592 3109 2784 3161 videtis
2814 3107 3012 3170 facere,
3056 3109 3162 3162 cito
3207 3107 3367 3162 facite
3414 3107 3616 3178 (Judic.

2034 3203 2132 3269 Ix).
2174 3222 2191 3252 ι
2229 3201 2432 3255 Deinde
2459 3202 2704 3268 sequitur
2739 3219 2752 3254 :
2793 3221 2808 3251 ι
2842 3201 3006 3271 Igitur
3034 3201 3283 3255 certatim
3316 3215 3496 3256 ramos
3542 3201 3613 3257 de

2033 3293 2320 3347 arboI'ihus
2346 3293 2722 3362 prmeidcntes,
2755 3293 3123 3362 sequebantur
3155 3294 3386 3359 ducem,
3412 3294 3615 3363 quibus

2033 3383 2432 3438 circumdantcs
2481 3382 2792 3452 praesidium
2844 3383 3282 3437 succenderunt:
3338 3391 3502 3453 atque
3543 3383 3616 3438 ita

2035 3474 2234 3527 factmn
2281 3482 2400 3538 est,
2432 3483 2489 3526 ut
2537 3472 2684 3526 fumo
2735 3472 2910 3543 387-
2930 3481 2981 3526 et
3012 3473 3132 3541 igne
3159 3474 3304 3528 mille
3334 3474 3613 3534 hominum

2035 3572 2386 3626 necarentur,
2439 3563 2540 3617 viri
2598 3563 2806 3632 pariter
2843 3576 2906 3617 ac
2939 3564 3192 3620 mulieres
3246 3565 3614 3632 habitatorum

2035 3655 2200 3708 turris
2233 3654 2448 3709 Sichem
2475 3654 2683 3724 (Ibid).
2722 3675 2738 3705 ι

2104 3745 2218 3802 Non
2264 3759 2348 3801 est
2373 3746 2531 3815 hujus
2561 3748 2662 3802 loci
2690 3762 2858 3802 sacrae
2891 3747 3089 3819 figuras
3119 3747 3356 3802 historia:
3384 3747 3615 3803 solerter

2034 3854 2327 3910 exponere,
2372 3836 2602 3893 sufﬁciat
2651 3839 2828 3904 nobis,
2859 3849 3122 3908 quantum
3168 3840 3235 3892 ad
3279 3841 3615 3909 propositum

2033 3931 2249 3994 attinet,
2285 3944 2394 3984 rem
2427 3937 2801 3985 summotenus
2839 3931 3140 4000 pri-elihare.
3170 3930 3328 3985 Ranti
3359 3933 3615 3988 arborum

2035 4030 2163 4074 sunt
2211 4019 2549 4075 sententiolce
2575 4020 3001 4090 Scripturarum,
3033 4037 3169 4091 quas
3198 4024 3326 4077 dum
3359 4024 3616 4094 impudici

2031 4117 2232 4186 quique
2259 4116 2324 4169 ad
2365 4115 2704 4185 allegationis
2755 4131 2865 4170 sum
2928 4117 3091 4172 robur
3146 4116 3411 4172 violenter
3462 4117 3615 4172 infle-

2030 4215 2200 4268 ctunt,
2251 4204 2417 4272 fumo,
2445 4206 2604 4260 simul
2640 4216 2692 4260 et
2720 4207 2843 4277 igne
2869 4223 3186 4262 numerosas
3216 4208 3491 4263 hominum
3519 4224 3613 4264 ea—

2031 4304 2212 4351 tervas
2240 4297 2592 4366 exstinguunt
2627 4316 2639 4350 :
2672 4297 2820 4352 fumo
2871 4298 3075 4352 scilicet
3130 4300 3353 4364 erroris,
3390 4308 3445 4354 et
3490 4301 3615 4371 igne

2031 4385 2300 4448 libidinis;
2333 4395 2388 4440 ut
2417 4388 2668 4457 deceptas
2717 4387 2856 4442 mala
2909 4389 3232 4443 discentium
3282 4399 3512 4456 mentes,
3560 4403 3616 4446 et

1957 4511 2003 4570 υ
2027 4479 2257 4532 luxuria:
2287 4478 2500 4533 flamma
2539 4481 2853 4546 succendat,
2883 4490 2936 4536 et
2965 4482 3118 4552 pravi
3144 4482 3410 4554 dogmatis
3438 4484 3613 4555 caligo

2030 4573 2340 4629 confundat.
2397 4572 2490 4627 lla:
2531 4581 2657 4627 sunt
2701 4575 2846 4629 enim
2879 4590 3108 4642 merces,
3134 4592 3253 4646 quae
3283 4577 3347 4632 de
3379 4577 3613 4634 Sodoma

2029 4671 2083 4718 et
2147 4663 2446 4718 Gomorrha
2502 4665 2720 4734 prodire
2769 4667 2897 4721 visre
2944 4675 3068 4721 sunt
3118 4675 3240 4736 post
3284 4668 3553 4723 excidium
3597 4688 3609 4722 :

2035 4775 2052 4806 ι
2095 4755 2390 4818 Abraham,
2424 4755 2599 4824 inquit
2623 4755 2901 4826 Scriptura
2931 4755 3085 4826 (Gen.
3120 4757 3615 4828 xux),consurgens

2031 4861 2190 4899 mane
2236 4846 2323 4898 ubi
2381 4854 2608 4901 steterat
2650 4847 2802 4915 prius
2845 4860 2967 4900 cum
2998 4845 3246 4911 Domino,
3281 4831 3507 4901 intuitus
3529 4857 3612 4901 est

2033 4935 2323 4992 Sodomam
2352 4945 2404 4992 et
2434 4937 2818 5001 Gomorrham,
2851 4947 2906 4992 et
2943 4937 3250 4991 universam
3282 4945 3483 4991 terram
3529 4953 3612 4992 re-

2025 5031 2199 5098 gionis
2231 5029 2394 5093 illius,
2419 5030 2657 5100 viditque
2681 5032 3060 5084 ascendentem
3090 5029 3327 5083 favillam
3353 5030 3418 5085 de
3441 5039 3607 5093 terra,

2026 5122 2179 5190 quasi
2207 5120 2440 5176 fornacis
2472 5120 2695 5177 fumum.
2743 5140 2760 5171 ›
2809 5122 2978 5176 Porro
3012 5129 3191 5175 autem
3214 5130 3269 5175 et
3301 5123 3426 5176 dum
3470 5121 3610 5178 Thc-

2029 5212 2122 5266 bes
2176 5227 2296 5265 cum
2349 5211 2460 5266 suis
2515 5211 2817 5281 agminibus
2857 5211 3128 5264 obsideret
3154 5211 3426 5281 Oppidum,
3460 5227 3609 5267 emu-

2027 5305 2147 5357 dem
2177 5312 2366 5356 contra
2393 5302 2700 5356 castitatem
2742 5301 3061 5355 Aliimelcch
3099 5303 3310 5356 videtur
3352 5304 3609 5374 figurasse

2029 5389 2354 5445 conflictum.
2387 5407 2404 5440 ι
2437 5391 2566 5442 Erat
2589 5401 2770 5442 alitem
2803 5392 2964 5444 turris
2987 5392 3219 5451 excelsa.
3251 5402 3307 5446 ut
3331 5391 3608 5463 Scriptura

2031 5490 2283 5543 testatur,
2334 5481 2386 5533 in
2440 5480 2618 5534 medio
2665 5482 2922 5547 civitatis,
2973 5483 3037 5536 ad
3064 5500 3223 5553 quam
3251 5484 3609 5554 confugerant

2036 5573 2136 5624 viri
2165 5572 2323 5626 simul
2351 5589 2412 5627 ac
2443 5572 2716 5638 mulieres,
2763 5581 2815 5627 et
2845 5589 3034 5629 omnes
3057 5577 3326 5647 principes
3349 5577 3604 5636 civitatis,

2033 5661 2214 5716 clausa
2267 5662 2579 5716 ﬁrmissime
2625 5663 2812 5734 janua,
2859 5675 2912 5718 et
2960 5681 3121 5735 super
3185 5667 3347 5720 turris
3405 5675 3605 5718 tectum

2035 5762 2242 5807 stantes
2265 5767 2365 5824 per
2412 5756 2816 5826 prOpugnacula
2853 5757 3053 5827 (ludit.
3082 5759 3177 5827 ix).
3218 5777 3234 5810 ι
3260 5757 3464 5812 Civitas
3486 5758 3615 5810 uni-.
