4106 6320
511 336 608 393 591

946 329 1006 389 S.
1046 327 1250 385 PETRI
1291 324 1575 382 DAMlANl
1609 320 1760 380 OPP.
1799 319 2038 380 TOMUS
2069 319 2198 377 SEU
2239 315 2420 376 PARS
2457 315 2542 375 lli.
2580 349 2651 360 --
2674 316 3034 378 OPUSCULA
3077 317 3308 373 VARIA.

3643 319 3756 376 592

505 448 733 506 versalis
759 444 1022 506 Ecclesia,
1052 441 1218 496 turris
1247 438 1514 494 castitatis
1539 447 1624 492 est
1649 435 1966 497 eminentia,
2009 432 2078 487 ad
2107 437 2153 496 Α
2183 440 2329 492 rant.
2356 431 2530 502 lapide
2567 441 2934 501 proterantur,
2987 440 3046 485 ut
3072 431 3305 502 gladium
3337 445 3442 485 non
3472 430 3704 487 evadant
3741 449 3754 485 :

503 560 670 616 quam
711 539 1064 609 confugerant
1112 535 1213 590 viri
1269 530 1432 588 simul
1478 545 1544 584 ac
1591 520 1869 588 mulieres,
1915 525 2080 579 fortes

502 634 711 690 scilicet
758 642 813 685 et
857 625 1079 688 inﬁrmi,
1138 623 1408 694 principes
1455 621 1618 676 etiam
1661 618 1923 678 civitatis.
1947 617 2082 672 ordo

505 725 756 782 videlicet
806 722 1153 785 clericorum,
1207 717 1297 786 qui
1348 722 1495 768 tenet
1525 712 1778 766 Ecclesiae
1802 709 2082 778 principa-

507 829 642 874 tum.
671 815 951 871 Accedens
979 813 1161 880 itaque
1210 805 1523 863 Abimelech
1543 803 1696 870 juxta
1736 801 1948 864 turrim,
1974 814 2084 854 ca:-

507 908 585 978 pit
626 907 912 963 instantius
961 902 1262 962 dimicare,
1317 907 1372 953 et
1416 884 1854 968 appropinquans
1907 891 2081 956 ostio,

507 998 686 1068 ignem
711 995 1010 1051 conabatur
1035 1004 1325 1060 apponere.

509 1105 639 1162 Car.
667 1103 752 1160 lll.
783 1133 853 1144 -
881 1101 1052 1167 Quam
1079 1096 1372 1170 pernicioso
1423 1094 1487 1148 sit
1543 1093 1850 1149 clericorum
1896 1092 2084 1144 iutcm-
2133 1137 2140 1146 .

1165 1179 1423 1237 perantia.

578 1265 692 1321 Hoc
719 1265 900 1333 itaque
925 1261 1084 1317 modo
1133 1258 1312 1313 clerici
1349 1255 1672 1327 petulantes,
1701 1263 1754 1310 et
1791 1253 2037 1308 infruniti
2068 1292 2085 1316 ,

511 1355 645 1412 turri
689 1354 960 1412 castitatis
1004 1351 1300 1407 moliuntur
1349 1348 1691 1410 incendium,
1735 1345 1861 1400 dum
1887 1345 2087 1398 multus

508 1447 578 1502 ad
619 1462 731 1500 sua:
769 1443 1028 1507 libidinis,
1073 1450 1127 1495 et
1156 1439 1436 1495 aestuantis
1469 1439 1692 1492 insania:
1727 1437 2088 1492 cohortantur

506 1535 832 1607 exemplum.
888 1533 1104 1605 Ignibus
1141 1529 1335 1585 armati
1390 1529 1582 1583 turrim
1613 1526 1880 1582 castitatis
1918 1526 2088 1593 impe-

511 1638 655 1695 tunt,
701 1629 828 1684 dum
877 1625 1064 1682 incesu
1107 1633 1288 1680 castos
1328 1621 1542 1676 ﬁanuna
1581 1618 1852 1690 pestifera:
1873 1632 2088 1686 persua-

508 1721 678 1777 sionis
700 1719 1022 1773 accendunt.
1069 1715 1177 1772 Sed
1209 1714 1333 1769 huic
1364 1712 1644 1768 certamini
1677 1713 1801 1780 qu's
1833 1709 1954 1764 ﬁnis
1990 1710 2086 1764 im-

2181 536 2384 590 wsque
2435 521 2643 590 pondus
2697 521 2874 588 primo
2923 520 3119 574 divina:
3165 521 3446 575 sententia:
3469 529 3758 586 conterat,

2182 614 2374 670 deinde
2423 613 2640 684 maligni
2694 612 2916 681 Spiritus
2966 611 3195 681 pmnalis
3251 627 3440 666 mucro
3467 614 3758 677 concidat;

2181 721 2489 776 quanquam
2521 722 2626 760 non
2678 707 3011 774 ignoremus,
3067 721 3174 760 non
3198 703 3431 762 absurde
3463 705 3761 776 signiﬁcari

2180 814 2340 870 posse
2365 813 2461 868 per
2488 796 2734 853 Jerobaal
2760 798 3070 861 Christum;
3116 812 3215 867 per
3251 797 3562 852 Alzimclcclt
3605 797 3764 852 Anti-

2182 889 2464 944 christum.
2493 889 2592 955 Qui
2643 889 2896 943 nimirum
2943 890 3078 944 sicut
3126 889 3214 943 ille
3238 888 3572 952 concubinae,
3605 889 3684 944 sic
3707 897 3764 942 et

2185 986 2288 1039 iste
2316 992 2400 1038 est
2429 983 2646 1053 rejects:
2671 982 2810 1037 ﬁlius
2845 997 3151 1054 synagogre.
3184 981 3287 1037 Per
3301 983 3635 1052 septuaginta
3662 995 3759 1035 ve-

2186 1090 2245 1127 ro
2275 1072 2486 1138 fratres,
2513 1089 2650 1144 quos
2690 1074 2998 1128 Ahimelecb
3035 1073 3300 1128 occidisse
3325 1068 3602 1137 narratur,
3635 1087 3761 1141 sep-

2183 1165 2421 1236 tuaginta
2453 1165 2752 1237 linguarum
2785 1176 2992 1236 gentes,
3024 1181 3160 1235 quas
3189 1165 3558 1219 Antichristus
3585 1165 3638 1219 in
3659 1179 3766 1218 saa-

2184 1259 2289 1314 culi
2323 1260 2427 1312 ﬁne
2465 1257 2823 1328 persequitur.
2858 1257 2964 1311 Sed
3010 1263 3064 1310 et
3102 1271 3222 1314 nos.
3249 1263 3308 1310 ut
3337 1254 3624 1326 crepitans,
3653 1254 3764 1309 cl:-

2187 1352 2423 1405 ricorum
2455 1349 2633 1404 adhuc
2663 1348 2937 1402 vesaniam
2967 1359 3376 1417 prosequantur.

2257 1444 2320 1499 lli
2372 1443 2528 1514 plane
2575 1451 2831 1512 tanquam
2880 1440 2973 1494 ﬁlii
3027 1439 3213 1501 Jacob,
3261 1447 3504 1509 paterna:
3543 1437 3766 1509 quidem

2185 1536 2451 1605 prosapia:
2483 1533 2635 1588 titulo
2677 1532 3008 1586 decorantur
3041 1549 3052 1584 :
3084 1531 3178 1586 sed
3226 1530 3352 1601 quia
3391 1529 3559 1601 spurii
3602 1539 3769 1599 atque

2186 1627 2502 1695 degeneres,
2557 1638 2662 1677 non
2703 1623 2996 1693 legitimam
3030 1636 3096 1676 ex
3124 1621 3400 1683 uxoribus,
3434 1621 3527 1675 sed
3565 1621 3770 1691 ignobi-

2188 1714 2292 1769 lem
2326 1713 2524 1784 potius,
2584 1713 2738 1782 quasi
2785 1728 2852 1766 ex
2885 1712 3204 1767 concubinis
3229 1712 3489 1782 originem
3525 1713 3768 1766 trahunt.

507 1811 761 1884 ponitur?
805 1812 951 1876 Quos
999 1807 1239 1864 victoriae
1281 1805 1466 1860 titulos
1487 1805 1602 1860 haec
1628 1817 1803 1875 pugna
1829 1800 2090 1857 sortitur?
2120 1792 2165 1853 Β
2195 1806 2347 1862 Sicut
2399 1805 2546 1861 enim
2605 1803 2883 1873 Scriptura
2927 1803 3057 1860 ἀῑριί
3091 1821 3103 1855 ε
3151 1820 3168 1853 ‹
3208 1801 3401 1871 Spuria
3451 1801 3766 1855 viuum-nim

514 1923 535 1958 ι
571 1905 731 1968 Ecce,
784 1902 980 1972 inquit,
1025 1899 1216 1954 mulier
1268 1891 1625 1968 fragmentum
1667 1893 1822 1949 molae
1859 1893 2091 1962 desuper

506 1995 736 2065 jaciens,
793 1993 947 2049 illisit
986 1991 1148 2062 capiti
1177 1989 1510 2052 Abimelech,
1548 1996 1604 2041 ct
1631 1985 1896 2057 confregit
1939 1999 2092 2040 cere-

514 2087 674 2143 brum
703 2085 838 2155 ejus.
869 2083 971 2152 Qui
1022 2082 1230 2137 vocavit
1269 2082 1379 2135 cito
1429 2077 1756 2148 armigerum
1800 2091 1979 2138 suum,
2036 2083 2092 2130 et

508 2176 586 2232 ait
612 2176 678 2230 ad
716 2190 838 2228 eum
867 2191 881 2227 :
910 2173 1144 2242 Evagiua
1175 2169 1410 2239 gladium
1444 2177 1612 2230 tuum,
1637 2175 1693 2221 et
1719 2173 1940 2237 percute
1981 2180 2089 2226 me,

512 2280 581 2320 ne
632 2263 769 2318 forte
813 2263 1026 2318 dicatur
1068 2260 1212 2328 quod
1264 2274 1293 2313 a
1345 2257 1542 2312 femina
1595 2254 1911 2310 interfectus
1966 2255 2090 2309 sim.

511 2355 613 2423 Qui
639 2355 787 2426 jussa
813 2353 1118 2425 perﬁciens,
1148 2349 1419 2405 interfecit
1443 2363 1565 2404 eum
1587 2345 1805 2418 .(Judic.
1835 2345 1932 2415 is).
1971 2364 1988 2396 ι
2027 2341 2093 2398 Ut

512 2456 694 2501 autem
748 2445 800 2500 in
852 2444 935 2498 bis
987 2441 1168 2497 verbis
1245 2455 1351 2495 non
1435 2437 1637 2494 diutius
1717 2438 2090 2499 immoremur,

513 2536 756 2607 fragmen
812 2537 915 2590 hoc
965 2533 1143 2597 molae,
1169 2533 1312 2602 quod
1333 2530 1652 2586 Abimeleclt
1674 2529 1960 2584 cerebrum
1989 2527 2094 2580 fre-

514 2629 614 2698 git,
651 2625 784 2683 nihil
812 2633 897 2682 est
935 2623 1078 2678 aliud
1107 2637 1268 2692 quam
1301 2635 1490 2676 saxum
1518 2619 1671 2685 illud,
1721 2617 1865 2688 quod
1908 2615 2094 2670 Daniel

515 2717 634 2772 sine
683 2715 934 2772 manibus
994 2712 1294 2768 abscissum
1315 2713 1382 2766 de
1407 2719 1589 2766 monte
1620 2707 1903 2779 conspexit
1929 2707 2094 2777 (Dan.

516 2810 612 2880 Ii);
663 2807 778 2878 ipse
824 2805 1076 2861 videlicet
1111 2803 1391 2868 Dominus,
1413 2803 1506 2872 qui
1528 2803 1596 2858 de
1626 2802 1764 2857 sein
1803 2799 2097 2871 Evangelio

515 2899 696 2956 dicit:
734 2916 752 2950 ι
808 2896 911 2964 Qui
967 2895 1227 2951 ceciderit
1274 2909 1440 2964 super
1481 2893 1715 2962 lapidem
1752 2892 1939 2955 istum,
1965 2906 2097 2944 cou-

515 2991 814 3061 fringetur;
839 3003 1003 3058 super
1027 3003 1189 3056 quem
1227 3002 1352 3041 vero
1376 2985 1654 3050 ceciderit,
1698 2992 1944 3039 conteret
1973 2997 2096 3038 eum

515 3077 732 3150 (Matth.
759 3076 892 3147 xxi).
929 3093 948 3128 ι
997 3075 1191 3132 Mulier
1223 3090 1352 3129 vero
1382 3077 1448 3130 de
1488 3074 1641 3144 cujus
1675 3074 1926 3129 manibus
1974 3075 2099 3127 mit-

517 3172 674 3236 titur,
706 3184 862 3227 saera
916 3167 1002 3227 lex
1045 3177 1150 3233 est,
1181 3184 1302 3237 quae
1337 3166 1617 3238 ﬂagitiosis
1667 3166 1940 3236 pudicitiae
1966 3181 2095 3222 con-
2119 3159 2166 3222 C

518 3259 895 3332 tetuptoribus.
940 3260 1277 3330 repnttiuuut
1327 3258 1525 3313 Christi
1571 3258 1834 3328 judicium
1870 3256 2095 3310 commi-

517 3362 704 3408 natur.
764 3351 841 3406 De
886 3366 992 3419 quo
1040 3365 1138 3420 per
1188 3348 1480 3404 Jeremiam
1524 3348 1722 3402 dicitur
1752 3363 1767 3403 :
1801 3365 1819 3398 ι
1848 3344 2099 3414 Nunquid

520 3458 630 3498 non
652 3440 821 3496 verba
852 3455 971 3495 mea
1012 3449 1139 3495 sunt
1179 3439 1333 3510 quasi
1367 3439 1528 3507 ignis,
1558 3438 1691 3494 dicit
1740 3437 2018 3499 Dominus,
2046 3446 2101 3490 et

519 3533 689 3604 388
706 3532 860 3603 quasi
891 3531 1115 3586 malleus
1138 3541 1427 3586 conterens
1470 3529 1721 3601 petram?
1765 3547 1783 3580 ι
1833 3527 1968 3598 (Jer.
1994 3530 2100 3596 ιιι.)

519 3623 774 3692 Armiger
793 3638 922 3677 vero
945 3622 1279 3685 Abimelech,
1314 3621 1562 3677 diabolus
1593 3632 1696 3685 est,
1716 3619 1807 3689 qui
1851 3619 2104 3674 videlicet

523 3714 802 3779 omnibus,
860 3714 953 3784 qui
1017 3715 1207 3768 turrim
1266 3715 1536 3770 castitatis
1591 3721 1920 3782 oppugnant,
1953 3726 2102 3765 arma

523 3803 784 3868 libidinis,
822 3812 880 3858 et
927 3813 1085 3859 acuta
1110 3803 1338 3858 luxuria:
1373 3802 1556 3872 jacula
1596 3803 1992 3858 subministrat.
2031 3802 2106 3856 De

522 3900 722 3968 quibus
761 3895 961 3968 jaculis
1015 3899 1148 3954 dicit
1192 3899 1526 3970 Apostolus:
1571 3917 1589 3950 ι
1620 3898 1676 3953 lu
1705 3899 1959 3954 omnibus
2016 3914 2108 3954 su-

524 3997 739 4045 mentes
790 3997 1002 4045 scutum
1055 3989 1200 4054 fidei,
1265 3990 1318 4043 iu
1365 4004 1472 4059 quo
1507 3989 1728 4060 possitis
1768 3989 1948 4043 omnia
1997 3987 2104 4042 tela

525 4078 844 4150 nequissimi
878 4081 1034 4152 ignea
1075 4079 1422 4150 exstinguere
1453 4077 1670 4151 (Eplies.
1703 4079 1801 4152 vi).
1834 4099 1852 4132 ι
1889 4080 1956 4134 Et
1984 4095 2108 4150 pro-

524 4175 691 4247 pheta
717 4193 730 4230 :
769 4191 788 4227 ι
821 4175 896 4231 lbi
924 4215 938 4239 ,
988 4175 1180 4245 inquit,
1213 4174 1383 4230 Assur
1403 4190 1523 4230 cum
1551 4175 1719 4230 armis
1745 4175 1858 4230 suis
1887 4173 2105 4245 (Exerit.

525 4263 726 4336 χχιιι).
747 4283 766 4316 ι
785 4264 957 4332 Quem
981 4280 1112 4337 ergo
1135 4265 1326 4321 mulier
1347 4265 1612 4338 fragmine
1641 4266 1796 4320 mola:
1819 4267 2108 4336 percussit,

527 4361 766 4432 armiger
789 4374 919 4416 ense
967 4359 1392 4428 peremit;quia
1429 4359 1697 4414 castitatis
1744 4357 2109 4421 adversarios,

527 4448 726 4519 quibus
749 4448 1027 4519 Scriptura
1053 4463 1209 4502 sacra
1258 4447 1520 4518 judicium
1549 4448 1743 4502 divina:
1769 4447 2110 4502 animadver-

528 4541 702 4596 sionis
730 4540 985 4605 intentat,
1017 4540 1262 4594 diabolus
1301 4550 1519 4594 aeterna:
1564 4535 1756 4593 mortis
1785 4539 2110 4592 internecio-

529 4645 600 4686 ne
627 4629 898 4695 trucidat;
949 4637 1008 4682 ut
1061 4629 1257 4698 quibus
1302 4629 1481 4683 fuerat
1532 4628 1781 4683 minister
1823 4628 1876 4682 in
1907 4643 2108 4698 pugna,

529 4721 844 4779 eorumdem
891 4721 961 4777 sit
1003 4722 1342 4792 postmodum
1379 4730 1550 4776 tortor
1581 4721 1635 4775 in
1666 4734 1850 4790 pmua,
1879 4735 2111 4790 quaeque

532 4814 641 4871 illis
719 4824 911 4870 contra
989 4812 1300 4883 pudicitiam
1369 4826 1519 4866 arma
1587 4821 1960 4882 suggesserat,
2021 4825 2114 4864 ea-

531 4906 655 4964 dem
705 4905 1046 4978 exigentibus
1095 4904 1307 4960 meritis
1360 4903 1416 4959 in
1464 4918 1654 4958 eorum
1707 4911 1836 4958 tunc
1868 4901 2114 4973 jugulum

532 5005 728 5052 vertat.

606 5086 748 5140 Eant
797 5086 960 5158 igitur
1010 5101 1155 5142 nunc
1203 5085 1385 5143 clerici
1411 5085 1618 5152 molles,
1646 5085 1864 5150 incesti,
1891 5093 2055 5156 atque
2081 5099 2108 5138 a

534 5175 770 5250 genuina
823 5178 905 5230 sui
953 5177 1159 5231 ordinis
1187 5177 1468 5233 nobilitate
1494 5177 1815 5249 degeneres;
1848 5190 1970 5230 cum
1991 5174 2116 5229 Abi-

536 5265 747 5321 melech
794 5279 943 5320 arma
977 5269 1307 5339 corripiant;
1356 5268 1624 5340 legitimos
1649 5283 1812 5339 super
1841 5281 2005 5324 unum
2037 5266 2114 5321 la-

537 5356 718 5427 pidem
764 5354 967 5412 fratres
1011 5360 1298 5425 occidant;
1336 5360 1526 5417 turrim
1551 5357 1785 5422 Thebes,
1813 5358 1862 5412 id
1908 5367 1990 5413 est
2019 5373 2111 5412 ca-

537 5445 743 5501 stitatis
774 5461 978 5510 arcem,
1005 5463 1314 5520 expugnare
1345 5450 1695 5506 contendant.
1722 5450 1910 5506 Omnis
1939 5460 2115 5505 tamen

539 5553 727 5593 eorum
751 5535 1032 5592 conflictus
1058 5537 1159 5593 hoc
1185 5541 1290 5599 ﬁne
1323 5542 1683 5606 concluditur,
1715 5553 1774 5598 ut
1803 5551 1926 5616 post
1949 5543 2114 5598 ictum

539 5627 731 5698 lapidis
757 5667 772 5691 ,
825 5628 1078 5698 armigeri
1119 5643 1334 5698 quoque
1387 5633 1469 5687 sui
1519 5631 1697 5703 gladio
1734 5634 2112 5704 perimantur;

539 5729 803 5791 quatenus
825 5720 914 5791 qui
947 5736 1112 5792 super
1152 5721 1381 5793 lapidem
1404 5723 1581 5795 gladio
1609 5726 1810 5784 fratres
1835 5727 2115 5784 exstinxe-

2141 4504 2187 4562 Ι)

2192 1913 2297 1952 non
2329 1897 2533 1951 dabunt
2563 1895 2770 1950 radices
2798 1895 2936 1949 altas
2960 1893 3113 1961 (Sap.
3145 1892 3237 1964 tv).
3272 1914 3290 1945 ι
3335 1892 3450 1948 Νοιι
3471 1893 3615 1948 enim
3637 1891 3768 1956 Lize,

2191 1990 2306 2045 sive
2332 1988 2607 2052 Rachelis,
2653 1988 2748 2042 sed
2791 1987 2932 2041 Bake
2959 1985 3159 2056 potius,
3192 1983 3274 2037 vel
3307 1984 3521 2054 Zelpbaa
3546 1983 3776 2037 ancilla-

2187 2100 2311 2139 rum
2363 2083 2458 2138 ﬁlii
2509 2083 2561 2136 in
2615 2079 2798 2136 servili
2853 2079 3086 2134 sordida:
3125 2076 3557 2132 conversationis
3609 2087 3773 2144 opere

2193 2173 2636 2246 comprobantur.
2666 2171 2793 2226 Bala
2821 2170 3087 2240 siquidem
3120 2169 3529 2239 interpretatur,
3563 2167 3771 2220 invete-

2194 2277 2332 2321 rata.
2369 2265 2432 2319 Et
2470 2264 2524 2318 hi
2555 2265 2680 2318 dum
2716 2261 3012 2318 carnaliter
3041 2259 3248 2320 vivunt,
3281 2273 3385 2312 non
3414 2271 3480 2312 ex
3532 2257 3776 2311 novitate

2195 2357 2439 2427 spiritus,
2499 2354 2593 2409 sed
2621 2369 2686 2408 ex
2712 2351 2918 2408 carnali
2948 2349 3141 2405 vetusti
3170 2347 3404 2403 hominis
3429 2347 3674 2418 germine
3715 2359 3778 2400 se

2195 2448 2412 2518 prodire
2463 2454 2748 2501 testantur.
2773 2443 2975 2514 Zelpha
3005 2457 3135 2496 vero
3166 2442 3219 2496 in
3250 2449 3434 2495 nostra
3466 2439 3641 2510 lingua
3687 2454 3780 2493 so-

2199 2548 2291 2594 nat
2314 2555 2378 2594 os
2400 2539 2572 2594 biens.
2609 2536 2927 2604 llzecitaque
2949 2533 3160 2588 illorum
3183 2541 3361 2586 mater
3385 2538 3532 2585 recte
3554 2529 3776 2592 dicitur,

2196 2645 2427 2699 quorum
2455 2629 2666 2684 scilicet
2699 2629 2749 2682 in
2774 2626 3213 2697 praedicationem
3242 2622 3488 2678 veritatis
3513 2637 3576 2678 os
3595 2621 3781 2676 videa-

2199 2731 2287 2776 tur
2311 2721 2411 2783 ire,
2439 2720 2531 2774 sed
2573 2734 2669 2774 cor
2699 2733 2806 2772 non
2845 2717 2954 2779 ire;
2985 2716 3050 2770 de
3073 2715 3270 2785 quibus
3291 2714 3477 2783 utique
3514 2711 3780 2783 scriptum

2197 2820 2319 2867 est:
2369 2829 2388 2861 ι
2430 2809 2661 2880 Populus
2698 2809 2784 2864 hic
2819 2807 2979 2862 labiis
3013 2789 3099 2860 me
3144 2806 3376 2860 honorat
3404 2843 3420 2868 ,
3459 2818 3556 2858 cor
3592 2812 3777 2856 autem

2199 2917 2386 2956 eorum
2427 2900 2583 2970 longe
2629 2910 2714 2956 est
2755 2913 2783 2951 a
2827 2912 2912 2952 me
2955 2895 3087 2964 (Isa.
3123 2895 3292 2966 uix).
3329 2915 3347 2948 ι
3374 2893 3581 2961 Quibus
3614 2893 3780 2949 etiam

2201 2990 2492 3062 Apostolus
2560 2988 2715 3058 quasi
2784 2984 3146 3056 personaliter
3208 2984 3584 3054 exprobrans,
3659 2982 3780 3036 ait:

2207 3100 2227 3134 ι
2263 3081 2363 3148 Qui
2417 3094 2548 3151 ergo
2601 3079 2763 3132 alium
2801 3077 2980 3140 doces,
3033 3075 3264 3144 teipsum
3296 3090 3401 3129 non
3445 3072 3650 3129 doces?
3676 3073 3781 3140 Qui

2198 3175 2461 3245 praedicas
2491 3188 2593 3226 non
2615 3169 2922 3232 furandum,
2945 3167 3180 3223 feraris?
3210 3165 3310 3234 Qui
3337 3165 3474 3222 dicis
3505 3180 3612 3220 non
3644 3179 3784 3220 Intn-

2196 3263 2486 3324 cbaodum,
2523 3260 2816 3316 mmcbaris
2839 3260 2861 3312 ?
2885 3258 2986 3326 Qui
3017 3257 3349 3312 abominaris
3380 3253 3541 3320 idola,
3564 3253 3785 3310 sacrile-

2199 3357 2346 3427 gium
2370 3353 2546 3408 facis?
2573 3351 2674 3418 Qui
2705 3352 2755 3405 in
2783 3351 2898 3421 lege
2941 3348 3212 3420 gloriaris,
3250 3362 3347 3418 per
3381 3345 3787 3417 praevaricatio-

2201 3461 2324 3500 nem
2357 3444 2492 3513 legis
2535 3444 2706 3498 Deum
2761 3441 3091 3496 inhonorus?
3130 3439 3334 3494 Nomen
3366 3439 3510 3493 enim
3554 3438 3646 3492 Dei
3687 3453 3787 3508 per

2202 3556 2299 3595 vos
2347 3539 2759 3608 blasphematur
2795 3535 2850 3590 in
2875 3535 3126 3605 gentibus
3156 3533 3335 3605 (Rom.
3369 3535 3451 3599 ιι).
3493 3552 3510 3586 ι
3547 3531 3786 3588 Verbum

2201 3630 2400 3702 quippe
2450 3627 2564 3690 Dei,
2612 3627 2756 3695 quod
2809 3624 2969 3680 labiis
2993 3633 3264 3688 astruunt,
3294 3624 3524 3694 reprobe
3554 3623 3784 3678 vivendo

2203 3720 2533 3777 convellunt.
2575 3718 2641 3772 Et
2667 3717 2946 3785 loquentes
2978 3716 3216 3785 quidem,
3260 3716 3326 3771 de
3356 3715 3661 3770 clarissima
3693 3731 3790 3785 pa.

2207 3811 2564 3868 triarcbarum
2585 3808 2836 3863 videntur
2861 3807 3140 3862 nobilitate
3169 3807 3521 3873 descendere,
3545 3809 3790 3864 viventes

2205 3916 2382 3959 autem
2396 3917 2459 3956 ex
2476 3901 2829 3971 ignominiosa
2844 3899 2971 3956 foedi
2989 3912 3131 3969 pI‘OSI
3143 3899 3272 3954 ibuli
3287 3901 3708 3970 comprobantur
3723 3901 3789 3954 li-

2206 4011 2304 4049 nea
2327 3993 2492 4064 389
2520 3992 2822 4064 propagari.
2856 3992 3128 4046 Abraham
3170 3991 3329 4060 plane
3375 4007 3540 4046 unum
3571 3993 3788 4062 quidem

2207 4085 2275 4140 de
2303 4099 2491 4145 uxore.
2524 4083 2705 4150 plures
2734 4089 2914 4136 autem
2946 4097 3013 4138 ex
3059 4082 3377 4138 concubinis
3417 4083 3558 4138 filios
3580 4084 3788 4154 genuit,

2208 4178 2303 4234 sed
2325 4163 2509 4233 eos-ab
2539 4174 2628 4230 illo
2657 4173 2865 4244 procul,
2884 4175 3010 4228 dum
3039 4175 3338 4240 adviveret,
3357 4176 3646 4246 separavit.
3670 4174 3787 4231 Non

2207 4269 2353 4324 enim
2381 4269 2536 4322 fratri
2561 4267 2677 4322 ﬁeri
2703 4275 2951 4335 poterant
2978 4267 3309 4332 colueredes,
3339 4270 3430 4338 qui
3461 4269 3794 4324 ancillaban-

2211 4367 2302 4413 tur
2330 4359 2381 4411 iu
2408 4357 2671 4429 germine.
2703 4355 2844 4422 Quid
2877 4356 3059 4425 itaque
3087 4355 3370 4425 Scriptura
3395 4358 3561 4412 dicit?
3596 4378 3613 4410 r
3636 4357 3794 4413 Dedit

2213 4449 2486 4503 Abraham
2525 4456 2720 4502 cuncta
2758 4462 2878 4515 qua:
2907 4447 3223 4516 possederat
3253 4447 3425 4512 lsaac,
3456 4449 3581 4504 filiis
3612 4460 3794 4505 autem

2216 4542 2638 4597 concubinarum
2685 4541 2834 4594 dedit
2879 4557 3103 4596 munera
3142 4541 3300 4612 (Ceu.
3339 4545 3548 4617 ικιιι).»
3582 4545 3652 4600 Et
3677 4545 3793 4614 qui-

2218 4633 2340 4687 dem
2374 4633 2501 4686 dum
2543 4642 2851 4701 superesset
2879 4631 3174 4699 Abraham,
3207 4650 3398 4689 omnes
3425 4635 3798 4703 gloriabantur

2218 4738 2278 4778 se
2305 4738 2426 4778 esse
2457 4722 2595 4777 ﬁlios
2637 4723 2866 4778 Abrabzc
2893 4742 2904 4776 :
2930 4725 3024 4778 sed
3071 4740 3195 4780 cum
3247 4727 3300 4780 in
3350 4727 3456 4782 ﬁne
3489 4736 3662 4782 totum
3706 4729 3798 4781 uni

2220 4814 2606 4884 pattimouium
2647 4815 2894 4878 contulit,
2923 4814 3017 4884 qui
3061 4831 3246 4871 revera
3289 4817 3381 4871 lilii
3436 4833 3631 4871 nomen
3662 4819 3801 4873 obti-

2223 4913 2372 4966 neat,
2401 4903 2492 4972 ιιιιί
2535 4903 2877 4958 concubinali
2919 4914 3184 4959 notantur
3226 4905 3468 4971 infamia,
3515 4907 3802 4963 manifeste

2217 4992 2494 5050 discrevit.
2548 4993 2702 5048 Nunc
2732 4994 2913 5063 itaque
2939 5011 3226 5052 manzeres
3255 4998 3438 5054 clerici
3488 4999 3630 5056 inter
3676 5002 3802 5068 legio

2219 5083 2380 5137 titnos
2411 5083 2642 5139 Abraba:
2691 5082 2829 5138 ﬁlios
2867 5087 3142 5142 comnumi
3175 5088 3428 5144 videntur
3479 5091 3803 5145 admistioue

2219 5173 2547 5238 discurrere,
2569 5175 2662 5229 sed
2693 5177 3034 5245 postmodmn
3066 5178 3136 5232 ab
3164 5179 3499 5236 luereditatis
3527 5184 3804 5237 consortio

2220 5263 2576 5333 repelluntur,
2609 5267 2700 5336 qui
2733 5267 2892 5322 modo
2924 5269 3243 5329 mulieribus
3273 5273 3429 5342 quasi
3471 5275 3743 5346 perceptis
3772 5291 3802 5329 a

2220 5372 2374 5429 patre
2396 5361 2736 5429 muneribus,
2768 5361 3126 5418 delectantur.

2219 5475 2348 5533 Car.
2375 5478 2464 5534 ιγ.
2485 5477 2892 5534 —C(ericorum
2937 5497 3120 5561 praef:
3175 5482 3512 5552 objections,
3543 5493 3593 5539 et
3620 5501 3803 5539 eorum

2867 5554 3138 5620 refutatio.

2291 5637 2398 5695 Sed
2448 5640 2636 5696 dicunt
2667 5659 2681 5694 :
2711 5641 2901 5696 Nonne
2958 5645 3091 5698 dicit
3151 5645 3447 5715 Apostolus
3476 5665 3490 5702 :
3525 5666 3542 5699 ι
3574 5646 3807 5718 Propter

2216 5729 2628 5790 fornicationem
2657 5735 3032 5809 unusquisque
3057 5751 3210 5799 suam
3243 5755 3466 5796 uxorem
3500 5740 3718 5806 habent,
3750 5751 3806 5795 et
