4148 5358
338 277 443 333 395

1024 271 1260 328 Ol‘lISC.
1304 269 1481 324 XVill.
1527 297 1594 306 —
1631 263 1907 324 CONTRA
1943 261 2517 320 lN'l'EMPERAN'l‘lSS
2552 266 2901 322 CLEJilCOS.

3480 269 3584 326 591

339 401 673 458 unaquaque
701 383 873 440 virum
903 400 1057 439 suum
1108 384 1332 437 habeat?
1365 381 1459 435 \‘ir
1487 382 1639 435 uxori
1671 378 1906 433 debitum
1937 376 1978 435 Λ
2009 375 2191 442 pidat,
2245 392 2404 448 quem
2460 390 2709 436 tartareze
2765 381 3001 435 libidinis
3057 391 3219 436 msins
3267 380 3584 437 innuimiiai,

339 478 550 541 reddat,
582 486 637 530 et
684 491 817 530 uxor
847 476 997 530 viro?
1026 475 1076 542 (I
1103 476 1225 527 Cor.
1261 474 1378 543 vti.)
1409 492 1427 524 ι
1454 473 1608 534 Ecce,
1645 469 1910 539 inquiunt,

338 567 454 622 haec
480 565 773 637 apostolica
802 564 963 620 verba
989 564 1261 634 generalia
1292 571 1449 617 sunt:
1475 572 1529 618 et
1556 563 1680 616 dum
1703 559 1914 614 unicui-

340 673 444 727 que
485 657 716 710 nubendi
766 655 1036 709 lic:-ntiam
1093 653 1356 718 tribuunt,
1401 669 1497 707 nos
1529 652 1776 720 excipere
1808 663 1911 702 non

337 747 610 798 videntur.
639 744 720 798 Ad
747 744 888 812 quod
913 759 1012 812 ego
1039 761 1049 795 :
1081 741 1136 796 Si
1169 757 1263 810 per
1285 743 1398 796 lucc
1429 741 1588 794 verba
1619 737 1914 808 coniugalis

338 837 743 891 iueontincutia:
763 836 958 905 passim
981 832 1129 887 frena
1157 833 1424 890 laxantur.
1440 831 1704 902 episeOpis
1727 831 1912 892 etiam,

337 929 450 984 sive
483 927 784 988 monachis,
832 926 1050 992 insuper
1079 934 1132 976 et
1159 921 1441 976 abbatibus
1479 921 1700 974 libertas
1727 919 1915 974 eadem

338 1035 442 1071 non
481 1027 723 1088 negetur.
757 1016 818 1069 Et
850 1014 1102 1084 quoniam
1127 1023 1352 1082 uterque
1381 1028 1542 1067 sexus
1568 1027 1672 1066 non
1705 1012 1915 1064 diversa

339 1109 455 1178 lege
490 1107 902 1176 constringitur,
930 1107 1094 1159 etiam
1122 1119 1290 1159 sacra:
1325 1103 1562 1174 virgines
1587 1103 1652 1155 ad
1683 1100 1917 1156 incunda

339 1200 638 1272 coniugalis
694 1199 898 1269 copula:
945 1197 1146 1253 fmdera
1193 1206 1576 1267 provocentur.
1639 1193 1743 1248 Sed
1799 1208 1919 1264 qua:

340 1309 498 1346 aures
529 1291 911 1346 ecclesiasticis
932 1291 1128 1344 attrita:
1149 1289 1407 1344 doctrinis
1429 1288 1529 1342 hoc
1543 1286 1921 1356 :equanimiter

343 1381 540 1446 ferant,
570 1390 622 1435 et
652 1396 757 1435 non
796 1380 1042 1450 protinus
1073 1387 1495 1449 expavescentes
1541 1377 1778 1430 immane
1829 1391 1917 1430 sa-

330 1470 622 1539 crilegium
686 1468 1138 1541 perhorrescant?
1185 1466 1254 1520 At
1301 1465 1544 1522 nonnulli
1609 1481 1770 1535 super
1818 1465 1920 1518 hac

332 1563 638 1628 quaestione
663 1558 930 1623 eonventi,
961 1558 1025 1612 ad
1049 1557 1377 1627 paupertatis
1401 1557 1541 1610 illico
1561 1555 1921 1626 patrocinium

344 1649 647 1711 eouvolant,
689 1649 829 1702 unde
859 1649 959 1703 sibi
1003 1648 1246 1718 clypeum
1296 1647 1500 1700 frivola:
1556 1645 1922 1700 excusationis

341 1748 620 1807 opponant
652 1755 662 1791 :
691 1736 982 1802 Muliebris,
1041 1713 1309 1806 inquiunt,
1364 1735 1669 1790 sedulitatis
1717 1733 1919 1788 auxilio
1951 1713 1994 1769 Β

333 1843 534 1883 νοοιειθ
564 1846 666 1884 ιιοιι
715 1845 1020 1901 possumus,
1054 1829 1180 1899 quia
1230 1828 1309 1884 rei
1360 1829 1640 1884 familiaris
1679 1827 1919 1897 inopiam

344 1919 694 1972 sustinemus.

416 2008 621 2074 Quibus
663 2010 822 2062 etiam
870 2023 898 2062 c
950 2010 1229 2065 contrario
1266 2008 1653 2078 respondemus
1683 2006 1804 2080 quia
1834 2006 1922 2060 ubi

349 2101 660 2170 angustiora
687 2111 812 2154 sunt
835 2100 1113 2166 alimenta,
1144 2101 1213 2155 ibi
1244 2101 1418 2154 minor
1439 2108 1521 2154 est
1550 2099 1738 2154 alenda
1771 2097 1925 2151 fanti-

350 2191 448 2256 lia;
499 2200 549 2245 et
601 2206 785 2244 mensa
834 2207 952 2260 qua:
1004 2206 1108 2244 non
1159 2198 1414 2260 gravatur
1443 2189 1656 2249 eduliis,
1703 2196 1924 2242 nonest

345 2284 592 2354 pluribus
618 2284 861 2338 obeunda
892 2283 1151 2338 convivis.
1183 2283 1334 2338 Unde
1359 2297 1579 2336 necesse
1607 2291 1690 2334 est
1720 2292 1775 2333 ut
1797 2295 1930 2349 pati-

351 2386 531 2445 pertas
558 2375 735 2444 indiga
762 2374 1068 2428 solitudinis
1115 2373 1440 2426 feminarum
1465 2371 1654 2426 doceat
1675 2371 1926 2425 abdicare

349 2465 700 2526 consortium,
735 2475 788 2518 et
815 2481 1002 2535 greges
1032 2463 1308 2517 inhianter
1335 2462 1610 2516 edentium
1641 2460 1928 2532 prohibeat

350 2555 570 2624 gignere
605 2554 968 2622 parvulorum.

428 2647 621 2699 Verum
651 2661 755 2715 qua
789 2645 984 2699 mentis
1027 2643 1248 2698 audacia
1295 2642 1492 2696 divinis
1535 2657 1640 2696 non
1693 2653 1926 2709 expave-

354 2747 510 2791 scunt
533 2737 962 2807 apprtqiinquare
980 2737 1248 2807 mysteriis
1265 2753 1278 2800 ;
1295 2752 1413 2789 cum
1438 2735 1624 2798 David,
1641 2743 1927 2801 antequam

357 2844 523 2898 panes
575 2829 954 2898 pro-positionis
997 2828 1245 2896 attingat,
1294 2828 1550 2881 mundum
1603 2842 1659 2880 se
1692 2841 1756 2879 ac
1802 2842 1930 2879 suos

351 2919 462 2988 jam
503 2935 600 2987 per
635 2920 870 2971 triduum
921 2935 949 2972 a
989 2927 1236 2973 contactu
1279 2918 1564 2972 mulierum
1615 2926 1930 2970 reverenter

2092 468 2148 524 Si
2199 471 2260 533 is,
2312 472 2401 541 qui
2446 472 2775 542 nuptialibus
2823 489 2925 527 non
2985 474 3280 528 ornabatur
3332 475 3584 533 induviis.

2012 582 2268 622 manuum
2321 565 2625 634 pedumque
2653 565 2782 618 loris
2817 565 3060 619 addictus
3103 566 3152 619 in
3187 566 3435 620 tenebras
3464 583 3590 635 pro-

2007 657 2195 727 jicitur
2225 657 2443 710 ultionis
2470 657 2681 726 (.llauli.
2709 655 2872 726 xx");
2897 657 3024 724 quid
3048 657 3118 709 Illi
3145 656 3464 724 sperandum
3483 669 3586 722 est,

2015 750 2105 819 qui
2139 749 2448 802 caelestibus
2481 748 2727 802 tricliniis
2751 748 3110 809 intromissus,
3145 763 3250 799 non
3291 748 3448 799 modo
3479 763 3588 800 non

2013 848 2097 893 est
2120 838 2378 907 spiritalis
2405 837 2700 892 indumenti
2733 837 2925 890 decore
2950 837 3292 904 conspicuus,
3325 837 3416 889 sed
3450 837 3591 889 ultro

2015 930 2176 983 etiam
2208 928 2337 982 fetet
2381 928 2649 982 sordentis
2681 926 2902 979 luxuria:
2939 927 3187 996 squalore
3219 925 3504 995 perfusus?
3533 927 3592 980 Si

2019 1023 2108 1077 ille
2139 1022 2372 1077 stridore
2419 1022 2678 1084 dentium,
2725 1029 2779 1075 et
2824 1019 2951 1074 ﬂetu
3006 1021 3257 1089 plectitur
3287 1021 3589 1083 oculorum,
3665 1092 3669 1096 1

2018 1114 2110 1185 qui
2139 1112 2285 1168 cultu
2312 1113 2564 1175 vestium,
2591 1111 2990 1165 convivautium
3029 1127 3132 1164 non
3183 1110 3415 1165 oblectat
3442 1126 3594 1178 aspe-

2019 1214 2139 1261 ctus
2161 1244 2176 1258 .
2202 1203 2343 1274 quod
2377 1204 2450 1257 illi
2494 1202 2778 1272 judicium,
2809 1205 2900 1273 qui
2929 1203 3242 1257 faeculentus
3269 1220 3331 1257 ac
3362 1203 3595 1265 luridus,

2019 1305 2278 1362 quantum
2308 1294 2372 1346 ad
2405 1294 2640 1362 seipsum
2665 1293 2922 1362 nuptialis
2945 1293 3105 1347 edulii
3139 1293 3456 1346 nmnditiam
3482 1291 3602 1360 pol-

2021 1383 2140 1443 luit.
2186 1383 2636 1438 discumbentium
2669 1383 2985 1436 candidatos
3019 1381 3258 1443 offendit,
3315 1383 3610 1451 ipsumque.

2022 1470 2220 1539 Regem
2269 1472 2500 1526 sordidis
2545 1471 2792 1526 manibus
2827 1481 3116 1526 attrectare
3147 1472 3458 1540 praesumit?
3494 1472 3597 1524 Da-

2025 1557 2150 1614 titan
2187 1570 2240 1612 et
2271 1559 2470 1614 Abirou
2508 1559 2791 1630 jurgantes
2826 1570 3012 1614 contra
3056 1560 3272 1632 Moysen
3308 1572 3362 1615 et
3414 1563 3597 1615 Aaron

2023 1655 2306 1710 dehiscens
2354 1662 2496 1706 terra
2543 1648 2994 1721 deglutiit(1\'rnu.
3041 1651 3170 1722 xvi).
3215 1651 3352 1706 Core
3380 1661 3604 1720 propter

2025 1749 2128 1801 hoc
2157 1746 2329 1815 ipsum
2359 1759 2482 1798 eum
2527 1743 2770 1796 ducentis
2815 1741 3201 1811 quinquaginta
3231 1743 3379 1804 viris,
3413 1758 3606 1815 repen-

2025 1813 2194 1890 tinum
2225 1835 2289 1889 de
2319 1831 2458 1886 emlo
2501 1830 2880 1886 descendentis
2913 1830 3050 1902 ignis
3094 1830 3402 1883 incendium
3437 1813 3604 1882 devo-

2025 1923 2190 1986 ravit,
2216 1930 2269 1974 et
2299 1921 2400 1974 iste
2431 1919 2698 1989 quomodo
2730 1919 2892 1984 vivet,
2922 1919 3012 1987 qui
3040 1934 3143 1972 non
3177 1919 3472 1982 hominem,
3503 1918 3598 1972 sed

2025 2013 2301 2067 hominum
2328 2019 2434 2064 tam
2465 2020 2712 2075 eruente,
2744 2017 2851 2063 tam
2878 2010 3108 2080 turpiter
3131 2008 3353 2063 offendit
3398 2011 3604 2064 Aucto-

2025 2103 2176 2156 rem?
2223 2101 2536 2171 llujusmodi
2584 2101 2741 2171 plane
2791 2100 2972 2154 clerici
3014 2100 3332 2170 legationem
3385 2101 3606 2154 mittunt

2027 2193 2274 2256 Domino,
2300 2207 2405 2245 non
2435 2191 2648 2261 quidem
2689 2191 2913 2260 strepitu
2947 2191 3258 2256 verborum,
3291 2191 3383 2244 sed
3409 2191 3608 2262 linguis

2026 2297 2247 2350 opermu
2284 2290 2337 2334 et
2379 2280 2681 2335 intentione
2708 2293 2995 2335 votorum:
3031 2279 3290 2335 Nolumus
3333 2282 3474 2334 hunc
3525 2295 3610 2334 re-

2027 2388 2194 2442 gnare
2220 2389 2379 2442 super
2408 2389 2528 2427 nos.
2547 2373 2620 2426 De
2647 2371 2841 2441 quibus
2873 2372 3055 2440 utique
3080 2373 3323 2425 dicturus
3349 2380 3427 2424 est
3462 2381 3610 2440 post-

2029 2464 2244 2517 modum
2265 2481 2276 2515 :
2301 2481 2318 2512 ‹
2353 2461 2731 2516 Verumtamen
2764 2461 3009 2515 inimicos
3040 2478 3206 2526 meos,
3237 2461 3353 2514 illos
3385 2461 3476 2530 qui
3509 2475 3610 2514 no-

2030 2555 2247 2608 luerunt
2275 2570 2359 2608 me
2390 2569 2614 2624 regnare
2645 2569 2808 2623 super
2838 2570 2916 2617 se,
2949 2554 3214 2614 adducite,
3241 2563 3294 2606 et
3322 2550 3609 2605 interficite

2031 2659 2156 2702 ante
2210 2661 2294 2700 me
2348 2644 2500 2716 (Luc.
2552 2647 2722 2714 x1x).r
2786 2643 3089 2699 Pharaonis
3142 2643 3337 2712 quippe
3394 2634 3613 2696 sibimet

2031 2754 2262 2809 prreesse
2290 2737 2630 2792 delectantur
2654 2735 2956 2805 imperium,
2983 2743 3037 2788 et
3060 2734 3224 2786 Deum
3256 2731 3418 2786 Israel
3446 2747 3612 2800 Super

2034 2847 2092 2886 se
2125 2847 2349 2899 regnare
2378 2837 2729 2884 contemnunt
2763 2827 2959 2895 (Exod.
2991 2828 3054 2893 ι).
3099 2824 3202 2880 Sed
3233 2825 3322 2878 ille
3359 2839 3452 2878 eos
3500 2822 3610 2875 luto

2035 2933 2090 2978 et
2117 2923 2376 2977 lateribus
2401 2921 2678 2992 opprimit,
2721 2922 2846 2992 quia
2876 2920 3153 2975 lutulentis
3183 2929 3346 2989 atque
3369 2918 3608 2972 emnosis

355 3010 611 3062 excusat?
666 3009 883 3062 Dixerat
930 3009 1073 3061 enim
1122 3009 1220 3062 sibi
1268 3007 1582 3062 Abimelech
1636 3007 1928 3060 sacerdos:
1957 3012 2007 3072 -Ο
2038 3014 2290 3081 operibus
2319 3014 2572 3067 incubare
2596 3011 2882 3080 compellit.
2905 3011 3108 3077 Quibus
3140 3009 3393 3077 operibus
3420 3009 3615 3063 admis-

363 3097 506 3151 tNon
533 3101 701 3152 habeo
723 3116 888 3170 panes
911 3099 1206 3163 |aicos,scd
1231 3109 1433 3152 tantum
1451 3113 1642 3168 panem
1665 3110 1932 3152 sanctum.

359 3189 414 3244 Si
441 3192 621 3244 nmndi
656 3201 779 3245 sunt
803 3191 975 3260 pueri,
1009 3191 1242 3244 maxime
1281 3206 1309 3244 a
1339 3190 1674 3255 mulieribus,
1709 3191 1934 3244 mandu-

360 3294 481 3336 cent
511 3283 562 3354 (I
591 3283 713 3353 Reg.
749 3289 886 3355 ut).
911 3303 928 3334 ι
965 3283 1065 3338 Ubi
1107 3283 1420 3348 notandum,
1461 3283 1585 3351 quia
1642 3297 1761 3335 cmn
1803 3281 1936 3334 dicit

360 3391 454 3429 eos
483 3376 572 3444 qui
604 3392 796 3445 panem
843 3386 1088 3430 sanctum
1119 3375 1448 3444 cogebantur
1481 3374 1641 3427 edere
1699 3372 1934 3426 maxime

360 3484 388 3518 a
420 3466 736 3520 mulieribus
774 3468 1002 3520 mundos
1028 3481 1148 3521 esse
1179 3465 1408 3530 debere;
1440 3465 1726 3535 perspicue
1778 3464 1932 3517 docet

351 3563 562 3616 .nullum
591 3562 759 3631 culpa:
782 3563 1112 3632 contagium,
1139 3561 1339 3616 nullum
1370 3561 1591 3616 omnino
1616 3567 1824 3614 reatum
1849 3557 1933 3612 di-

359 3653 501 3707 vinis
557 3651 825 3724 mysteriis
873 3667 993 3706 esse
1037 3650 1388 3713 contrarium,
1420 3665 1579 3719 quam
1624 3657 1706 3702 est
1749 3647 1935 3702 illicita

359 3745 658 3814 prmscrtim
685 3743 987 3798 commistio
1033 3742 1373 3797 feminarum.
1403 3741 1570 3796 Porro
1595 3741 1721 3794 dum
1755 3749 1935 3794 lautus

360 3840 498 3905 apud
527 3847 735 3889 veteres
775 3843 946 3888 metus
975 3835 1172 3888 inesset
1206 3835 1408 3886 umhrm
1463 3832 1624 3902 390
1669 3830 1934 3885 Dominici

359 3927 626 3994 corporis,
656 3933 854 3992 quanta
891 3939 1033 3976 nunc
1062 3923 1286 3975 debetur
1314 3923 1410 3990 ipsi
1445 3921 1746 3975 reverentia
1773 3921 1886 3974 veri
1906 3950 1928 3960 ο

362 4015 497 4068 tati?
544 4015 610 4066 Et
655 4013 698 4066 si
745 4012 1021 4082 coniugale
1057 4013 1439 4066 commercium
1488 4013 1553 4065 ab
1608 4012 1749 4064 illius
1781 4011 1934 4078 panis

361 4105 736 4175 compesceliat
788 4115 1028 4167 accessu,
1056 4111 1254 4171 quanto
1305 4101 1472 4168 magis
1519 4098 1587 4153 ab
1627 4101 1727 4152 hoc
1756 4113 1936 4151 sacro-

366 4206 552 4251 sancto
582 4193 837 4264 mysterio
870 4193 1224 4247 removendus
1253 4202 1330 4246 est
1367 4190 1680 4261 pellicatus?
1711 4188 1789 4242 Ah
1819 4204 1934 4242 see-

361 4289 474 4343 lus!
531 4287 740 4349 Manus,
771 4302 890 4357 qua:
920 4286 1188 4355 deputata:
1233 4284 1444 4336 fuerant
1494 4281 1559 4336 ad
1610 4279 1936 4336 ordinandas

2039 3111 2228 3156 centur
2257 3101 2534 3170 et‘paleac,
2581 3102 2823 3154 actiones
2869 3100 3078 3153 scilicet
3125 3097 3339 3151 inutiles
3375 3106 3429 3151 et
3483 3095 3614 3150 infe-

2036 3195 2246 3255 cunda:,
2285 3209 2343 3245 ac
2377 3192 2606 3246 flammis
2635 3190 3156 3261 inexstinguibihhus
3188 3191 3476 3258 deputata}.

2145 3283 2268 3337 Car.
2301 3284 2358 3338 γ.
2384 3314 2452 3322 —-
2471 3282 2712 3336 Citanlnr
2737 3282 2970 3351 exciupla
3007 3298 3171 3335 sacrm
3195 3279 3505 3350 Scriptum.

2105 3373 2228 3427 lstis
2254 3387 2512 3444 prmterea
2542 3374 2914 3444 prOphcticuin
2940 3373 3150 3426 lumbar
3179 3372 3308 3426 itlud
3337 3372 3614 3440 aptissime

2037 3468 2307 3535 congruit,
2339 3466 2404 3520 de
2437 3482 2543 3536 quo
2582 3463 2844 3520 Jcreatias
2875 3466 2949 3519 ait
2981 3484 2992 3518 :
3026 3484 3042 3515 ι
3073 3465 3217 3518 Dixit
3259 3464 3518 3517 Dominus
3550 3466 3615 3515 ad

2038 3576 2122 3614 me
2149 3577 2161 3613 :
2197 3558 2358 3624 Vade,
2393 3569 2446 3613 et
2472 3559 2690 3629 posside
2732 3559 2826 3612 tibi
2873 3559 3084 3611 lumbar
3111 3556 3334 3621 lincunt,
3367 3565 3423 3610 et
3449 3570 3618 3628 pones

2039 3651 2168 3706 illud
2216 3667 2378 3720 super
2405 3651 2616 3706 lumbos
2663 3660 2779 3706 tuos
2804 3651 2936 3718 (Jer.
2985 3653 3127 3719 χιιι).
3152 3669 3168 3701 ι
3213 3650 3286 3704 De
3317 3663 3423 3716 quo
3454 3645 3618 3717 paulo

2037 3749 2160 3811 post
2190 3760 2200 3794 :
2240 3762 2256 3792 ι
2281 3741 2540 3809 Surgeus,
2580 3741 2770 3811 inquit,
2802 3740 2959 3812 391
2995 3741 3128 3795 vade
3176 3739 3242 3794 ad
3281 3738 3614 3806 Euphraten,

2038 3842 2092 3886 et
2122 3833 2389 3887 absconde
2430 3832 2557 3886 illud
2605 3832 2673 3886 ibi
2705 3832 2758 3885 in
2801 3832 3065 3889 foramine
3096 3841 3276 3902 petrae.
3313 3830 3467 3898 Quod
3493 3845 3614 3884 eum

2039 3921 2275 3986 fecisset,
2303 3933 2357 3976 et
2387 3923 2438 3975 in
2468 3922 2759 3990 Euphrate,
2783 3923 3122 3991 sicutjussus
3152 3923 3351 3986 fuerat,
3383 3922 3618 3976 abscon-

2041 4015 2241 4077 disset,
2275 4024 2397 4083 post
2443 4013 2704 4081 plurimos
2745 4013 2882 4076 dies,
2919 4015 2995 4066 ait
3030 4014 3286 4067 Dominus
3339 4013 3406 4066 ad
3454 4028 3616 4068 eum:

2044 4102 2236 4173 Surge,
2267 4105 2399 4158 vade
2427 4105 2493 4158 ad
2525 4104 2856 4172 Euphraten,
2893 4113 2944 4157 et
2983 4105 3107 4158 tolle
3137 4103 3260 4156 inde
3287 4104 3520 4160 lumbar.
3551 4106 3620 4160 Et

2042 4193 2172 4256 abii,
2220 4194 2415 4262 inquit,
2448 4195 2514 4247 ad
2543 4195 2875 4261 Euphraten,
2906 4205 2959 4248 et
2990 4195 3083 4248 tuli
3129 4195 3342 4249 lumbar
3388 4197 3454 4249 de
3499 4188 3619 4251 loco

2042 4282 2134 4336 ubi
2188 4282 2573 4337 absconderant
2618 4283 2744 4336 illud
2779 4298 2792 4335 :
2822 4293 2876 4338 et
2925 4299 3050 4340 ecce
3081 4294 3514 4354 computruerat,
3549 4288 3622 4341 ita

365 4381 416 4433 in
446 4378 681 4433 coelcstis
715 4394 910 4432 mensa:
938 4375 1140 4430 ferculo
1165 4375 1352 4430 vitales
1386 4374 1572 4443 epulas
1599 4372 1930 4442 angelorum,
1961 4349 2016 4411 Ῐ)
2046 4385 2099 4431 ul
2128 4375 2254 4430 nulli
2282 4377 2398 4430 usui
2421 4385 2604 4446 aptum
2634 4386 2798 4432 essci,
2832 4377 2899 4432 Ει
2927 4378 3003 4430 aii
3034 4379 3290 4432 Dominus
3315 4395 3328 4431 ε
3359 4398 3376 4430 ι
3409 4377 3499 4433 Sic
3522 4395 3620 4448 ρυ-

365 4479 603 4522 tractare
640 4484 744 4520 non
779 4478 1024 4521 metuunt
1051 4467 1436 4522 obsemtiitates
1490 4479 1542 4520 et
1573 4482 1765 4534 spurca
1799 4480 1932 4518 eon-

368 4559 506 4628 tagia
542 4559 844 4612 mulierum.
895 4558 952 4620 li,
988 4559 1077 4627 qui
1118 4559 1257 4611 inter
1302 4558 1390 4611 illa
1441 4557 1701 4613 terribilia
1755 4572 1938 4611 sacra-

368 4661 546 4705 menta
575 4652 754 4705 choris
779 4652 1144 4704 admiscentur
1180 4649 1460 4719 angelicis,
1514 4665 1636 4704 mox
1683 4658 1938 4718 tanquam

370 4742 433 4795 de
459 4741 596 4796 ctelo
624 4749 862 4804 ruentes,
908 4740 977 4794 ad
1027 4740 1272 4795 feminea:
1316 4741 1577 4794 l'wdilatis
1625 4739 1940 4792 relabuntur

370 4829 662 4898 amplexus,
682 4830 1024 4909 etvelutsqes
1044 4829 1332 4883 immundae
1360 4830 1590 4885 cosnosis
1618 4827 1942 4896 vermigenm

369 4915 592 4972 luxuriae
629 4919 923 4973 volutabris
956 4920 1368 4988 immerguntur.
1407 4938 1424 4971 ι
1447 4919 1687 4986 Quorum
1733 4919 1941 4972 scilicet

373 5007 508 5072 ignis
529 5025 631 5063 non
665 5010 1052 5078 exstinguetur,
1074 5021 1127 5064 et
1152 5011 1348 5064 vermis
1377 5029 1481 5066 non
1512 5011 1772 5067 morietur
1803 5009 1940 5080 (13a.

371 5099 532 5166 1.3m).
556 5120 572 5152 ι
607 5103 815 5156 Cadunt
845 5103 1102 5170 aperitur,
1147 5119 1356 5156 summa
1405 5106 1563 5158 simul
1615 5105 1670 5158 in
1701 5120 1864 5157 unum
1889 5112 1946 5156 et

373 5187 476 5239 ima
506 5200 859 5256 concurrunt,
885 5201 937 5244 et
969 5207 1026 5246 se
1051 5193 1304 5247 sordibus
1329 5196 1553 5262 quilibet
1578 5193 1837 5250 audacter
1869 5193 1948 5244 in-

375 5291 553 5310 nnlnnn
599 5299 700 5310 ..κη
741 5289 958 5310 vnn-n0“.-
1010 5281 1306 5312 ')nlnnonlno
1357 5287 1608 5314 n-\~AI':n‘n
1659 5292 1949 5314 trnn-nnlno

2046 4477 2282 4521 tresecre
2306 4464 2497 4519 faciam
2525 4466 2834 4534 superbiam
2862 4465 3020 4530 Juda,
3049 4477 3102 4522 et
3131 4467 3439 4534 superbiant
3465 4467 3621 4522 Jeru-

2042 4560 2207 4616 salem
2240 4558 2484 4622 multam,
2512 4557 2763 4627 populum
2795 4558 2955 4612 istum
2983 4559 3296 4628 pessimum,
3315 4558 3404 4627 qui
3434 4559 3621 4610 nolunt

2044 4653 2229 4709 audire
2259 4651 2422 4707 verba
2464 4667 2604 4714 mea,
2633 4660 2688 4704 et
2739 4651 3018 4705 ambulant
3048 4653 3102 4706 in
3148 4651 3416 4720 pravitate
3443 4648 3622 4705 cordis

2045 4745 2170 4800 sui:
2207 4754 2258 4798 et
2289 4751 2449 4797 erunt
2498 4743 2637 4797 sicut
2683 4740 2894 4796 lumbar
2943 4743 3106 4807 istud,
3159 4742 3301 4810 quod
3345 4741 3473 4794 nulli
3504 4747 3624 4800 usui

2045 4841 2230 4904 aptum
2270 4841 2351 4887 est
2375 4831 2619 4902 (lbid.).n
2651 4830 2790 4896 Quid
2830 4831 2918 4886 hic
2958 4831 3203 4888 Jeremia:
3233 4843 3486 4896 persona,
3523 4833 3628 4888 nisi

2046 4921 2369 4977 Dominum?
2401 4920 2536 4987 Quid
2561 4921 2792 4982 lumbar,
2823 4920 2928 4974 nisi
2958 4921 3204 4975 ordinem
3229 4915 3499 4984 significat
3525 4921 3633 4978 cle.

2049 5010 2321 5068 ricorutn?
2348 5011 2535 5066 Omnis
2564 5007 2805 5066 Ecclesia
2838 5014 3006 5068 vestis
3033 5022 3114 5068 est
3133 5007 3355 5072 Christi,
3388 5009 3452 5062 de
3477 5013 3640 5083 cujus

2049 5106 2153 5161 sibi
2184 5105 2438 5158 membris
2483 5121 2578 5176 per
2608 5100 2934 5172 prophetam
2961 5106 3197 5160 dicitur:
3228 5118 3244 5148 ι
3266 5098 3531 5160 Omnibus
3557 5107 3648 5163 bis

2049 5194 2199 5248 velut
2253 5203 2572 5247 ornamento
2613 5184 2869 5242 vestieris
2923 5193 3062 5262 (15a.
3093 5188 3300 5257 nm.»
3344 5187 3450 5242 Sed
3504 5196 3649 5252 sicut

2054 5283 2268 5316 1.ι...1νη-
2299 5284 2544 5316 ἶιιιῖηιηπνι
2577 5289 2657 5316 Α’ιεί
2688 5278 2932 5316 ῘΙΙΙΙἹἹἿΠΙὶ
2968 5282 3178 5316 ιιηηηΛΙοί
3236 5289 3282 5316 ﬂ,
3315 5280 3520 5316 nrt-line
3558 5291 3627 5316 οιΑ
