4148 5358
553 351 668 409 395

985 348 1043 404 Β.
1081 347 1285 404 PETRI
1318 345 1601 403 DAMIANI
1637 343 1789 404 OPP.
1830 341 2064 403 TOMUS
2104 342 2235 401 SEU
2278 340 2457 402 PARS
2493 339 2579 400 ιιι.
2619 369 2690 384 -
2724 330 3092 402 OPUSCULA
3129 338 3362 398 VARIA.

3704 340 3809 401 $96

552 469 645 521 sic
670 461 990 537 agglutinavi
1017 462 1145 516 mihi
1170 475 1386 517 omnem
1408 464 1623 518 domum
1645 458 1900 524 lsrael,et
1918 472 2131 515 omnem
2161 461 2208 519 Δ
2236 459 2363 513 dum
2405 457 2605 528 quique
2677 458 2923 514 carnales
2977 466 3034 514 et
3080 457 3280 513 sordidi
3328 456 3496 513 vitam
3543 470 3699 513 suam
3753 459 3809 514 in

565 562 783 614 domum
808 553 966 618 Juda,
997 552 1126 608 dicit
1150 551 1439 617 Dominus;
1467 559 1522 606 ut
1554 560 1696 606 esset
1725 550 1854 604 mihi
1882 549 1938 603 in
1968 562 2136 619 popu-

565 650 697 716 lum,
728 657 783 704 et
826 648 878 701 in
907 661 1128 711 nomen,
1157 653 1213 700 et
1256 645 1308 699 in
1342 644 1573 708 laudem,
1604 651 1660 698 et
1710 641 1763 696 in
1794 639 2043 710 gloriam,
2083 643 2140 692 et

565 754 671 795 non
700 737 988 792 audierunt
1007 733 1140 805 (Jer.
1175 734 1316 806 xm).
1338 753 1358 785 ι

631 828 858 895 Quibus,
886 841 1087 896 quzeso,
1117 833 1224 879 tam
1254 833 1395 895 apte,
1435 832 1544 879 tam
1574 837 1831 894 expresse
1874 819 2011 876 sicut
2033 818 2141 874 cle-

561 920 690 995 ricis
719 927 946 990 possunt
996 918 1099 973 ista
1142 916 1469 987 congruere,
1520 915 1613 985 qui
1661 929 1856 970 nomen
1887 913 2002 978 Dei,
2026 912 2142 966 lau-

562 1014 681 1068 dem
712 1021 766 1068 et
786 1011 1010 1083 gloriam
1031 1007 1334 1079 Specialiter
1364 1007 1641 1062 constituti
1668 1014 1794 1062 sunt
1811 1001 2143 1075 prmdicare?

564 1103 720 1159 Sient
753 1103 898 1158 enim
944 1099 1109 1156 lsrael
1142 1107 1197 1154 et
1242 1096 1378 1153 Juda
1420 1096 1711 1168 peculiaris
1766 1105 1885 1149 erat
1912 1091 2142 1164 populus

566 1194 676 1248 Deo
721 1193 862 1247 inter
887 1204 1076 1247 omnes
1102 1196 1288 1259 gentes
1321 1196 1499 1252 terrae,
1537 1187 1609 1241 ita
1635 1201 1778 1241 nunc
1809 1184 1989 1240 clerici
2017 1197 2144 1252 spe-

538 1281 776 1338 ‘cialiter
802 1276 1082 1337 adhaerent
1108 1278 1325 1334 Christo
1355 1290 1466 1347 pra:
1506 1276 1720 1330 cunctis
1754 1272 2015 1330 membris
2043 1270 2145 1326 Eco

565 1373 762 1430 clesiae.
812 1371 902 1428 lsti
934 1384 1126 1440 nempe
1153 1377 1281 1424 sunt
1311 1367 1523 1423 lumbar
1550 1366 1751 1421 lineum
1798 1364 2019 1420 aretiori
2060 1362 2143 1418 di-

566 1468 691 1522 vino
721 1462 934 1534 corpori
984 1460 1349 1516 familiaritate
1393 1473 1719 1515 connexum.
1750 1455 1946 1511 Linum
1975 1454 2145 1525 siqui-

567 1558 688 1611 dem
715 1553 976 1609 laboriose
996 1551 1239 1620 pervenit
1259 1551 1325 1605 ad
1346 1548 1634 1605 candorem
1661 1565 1676 1601 :
1699 1555 1754 1603 et
1775 1546 1960 1602 clerici
1983 1545 2144 1601 modo

550 1650 870 1705 litterarum
919 1644 1114 1700 studiis
1167 1641 1486 1707 insudando,
1518 1639 1679 1695 modo
1719 1653 1815 1709 per
1858 1635 2144 1692 intervalla

571 1750 868 1808 temporum
896 1734 1214 1804 quibusdam
1243 1733 1496 1804 gradibus
1537 1729 1899 1795 ascendendo,
1926 1727 2144 1784 diﬂicile

2235 548 2462 603 luxuriae
2494 547 2669 604 fetore
2714 549 3058 604 concludunt.
3091 547 3229 603 Nulli
3257 549 3421 603 etiam
3466 549 3586 602 usui
3622 557 3810 619 aptum

2237 649 2506 708 repertum
2535 649 2649 705 est;
2695 654 2821 709 quia
2869 638 3126 695 Dominus
3177 638 3292 693 ait:
3326 655 3345 690 ι
3374 636 3543 693 Nemo
3590 638 3811 694 mittens

2237 746 2456 786 manum
2481 746 2635 786 suam
2664 731 2731 785 ad
2758 739 3021 794 aratrum,
3056 738 3111 784 et
3137 716 3406 799 aspiciens
3449 737 3618 793 retro,
3654 737 3812 798 aptus

2238 833 2321 881 est
2342 840 2507 895 regno
2537 825 2630 879 Dei
2663 823 2815 897 (Luc.
2843 826 2938 894 rx).
2966 844 2985 877 ι
3017 826 3096 879 Ac
3121 823 3168 879 si
3208 831 3396 894 aperte
3441 824 3587 878 dicat
3612 822 3810 889 :Quis-

2238 913 2381 984 quis,
2413 914 2651 968 dictante
2703 913 2787 968 sui
2836 913 3042 968 ordinis
3088 910 3273 982 regula
3324 911 3600 980 pudicitia:
3646 909 3813 965 semel

2239 1003 2429 1074 arripit
2453 1004 2671 1068 stivam,
2706 1004 2751 1058 si
2788 1004 3131 1073 postmodum
3175 1019 3271 1073 per
3297 1005 3545 1058 ardorem
3576 1004 3814 1059 libidinis

2238 1095 2425 1151 oculos
2473 1092 2698 1150 reﬂectit
2743 1094 2811 1149 ad
2858 1092 3181 1161 Sodomam;
3231 1095 3356 1163 quia
3396 1092 3507 1162 jam
3559 1101 3811 1150 montana

2242 1188 2508 1258 desperat,
2548 1201 2714 1258 regno
2738 1186 2830 1242 Dei
2863 1201 2922 1241 se
2943 1203 3163 1257 prorsus
3191 1186 3432 1242 inutilem
3464 1187 3664 1242 factum
3695 1201 3816 1243 esse

2243 1279 2602 1333 demonstrat.
2655 1277 2737 1332 Ad
2786 1277 2958 1332 instar
3004 1293 3134 1346 ergo
3176 1277 3440 1333 lnmbaris
3469 1279 3522 1332 in
3562 1278 3817 1335 bumecto

2243 1368 2362 1425 loco
2408 1368 2589 1439 positi,
2641 1368 2823 1424 clerici
2880 1378 3336 1439 compntrescunt,
3393 1369 3517 1424 dum
3584 1370 3819 1427 tumidos

2241 1460 2486 1531 crapula,
2515 1467 2570 1515 et
2596 1459 2859 1515 ebrietate
2882 1469 3100 1517 ventres
3144 1461 3471 1532 ingurgitant
3492 1479 3506 1513 :
3529 1461 3655 1515 dum
3689 1461 3817 1516 illit-

2243 1550 2330 1605 vie
2354 1565 2412 1606 se
2436 1548 2672 1603 libidinis
2705 1557 2762 1603 et
2788 1563 3018 1604 carnosae
3043 1548 3268 1604 luxuria:
3289 1548 3503 1604 ﬂuentis
3529 1549 3815 1604 inundant.

2244 1640 2444 1711 Sicque
2481 1640 2692 1696 cunctis
2733 1640 2921 1696 usibus
2950 1641 3251 1696 redduntur
3277 1641 3522 1707 inutiles;
3553 1641 3678 1710 quia
3710 1656 3819 1710 quo

2246 1732 2417 1803 magis
2436 1732 2688 1787 videntur
2720 1731 2775 1786 in
2803 1746 2966 1788 carne
2991 1732 3285 1798 virescere,
3309 1748 3374 1788 eo
3402 1733 3642 1788 deterius
3676 1747 3819 1788 mar-

571 1832 958 1897 promoventur
987 1823 1052 1877 ad
1089 1822 1229 1877 sacri
1257 1821 1464 1877 ordinis
1502 1821 1838 1890 dignitatem.
1889 1816 2142 1887 Alioquin
2177 1820 2215 1879 Β
2247 1828 2525 1878 ccscentes
2553 1820 2898 1877 obsolescunt
2926 1821 2979 1875 in
3009 1822 3303 1891 squalentis
3333 1822 3526 1877 animae
3554 1820 3815 1878 foeditate.

571 1934 614 1972 si
661 1915 781 1988 quis
815 1912 1205 1970 contentiosius
1248 1918 1454 1966 astruat
1506 1911 1608 1966 hoc
1649 1909 1803 1980 juxta
1846 1905 2142 1976 Scriptura:

568 2006 764 2062 seriem
789 2001 1141 2059 historialiter
1169 1999 1392 2066 factum,
1423 2014 1523 2054 nec
1564 1997 1919 2069 spiritualiter
1949 1994 2144 2050 intelli-

568 2097 823 2166 gendum,
854 2092 1125 2163 quomodo
1148 2089 1617 2161 Jeremiaspotnit
1654 2090 1794 2144 inter
1826 2089 2140 2149 innumera-

570 2186 706 2243 biles
747 2186 1116 2257 Assyriorum,
1151 2181 1629 2252 Cbaldaeorumque
1675 2182 1924 2236 nationes
1954 2177 2143 2234 urbem

534 2284 549 2323 .‘
570 2275 867 2331 Jerusalem
891 2274 1208 2345 constipatis
1230 2272 1532 2344 agminibus
1552 2271 1884 2338 obsidentes,
1911 2269 2143 2325 lumbari

571 2370 891 2438 praecinctus
917 2367 1096 2433 exire,
1130 2366 1289 2435 idque
1320 2367 1372 2420 in
1416 2358 1707 2435 Euphrate,
1732 2365 1823 2435 qui
1854 2374 1962 2418 tam
1989 2364 2144 2433 longe

566 2460 832 2526 decurrit,
856 2455 1222 2515 abscondere?
1244 2455 1591 2513 Postmodum
1619 2471 1832 2527 quoque
1862 2453 2144 2525 proﬂigato

571 2550 810 2607 diuturni
864 2549 1121 2621 temporis
1164 2564 1346 2614 cursu,
1379 2563 1485 2618 quo
1534 2557 1692 2619 pacto
1722 2547 1874 2618 quasi
1922 2559 2145 2601 securus

575 2642 759 2708 rediit,
812 2641 1046 2710 illudque
1078 2637 1460 2708 putrefactum,
1503 2638 1643 2694 sicut
1668 2638 1951 2706 Scriptura
1981 2642 2145 2691 testa-

573 2743 685 2799 tur,
715 2730 946 2796 invenit;
974 2744 1097 2783 cum
1123 2727 1442 2782 'JernSaIem
1474 2726 1725 2782 videlicet
1771 2725 1936 2788 fossa,
1979 2723 2142 2789 vallo,

548 2822 810 2880 .castellis
854 2831 907 2876 et
942 2831 1047 2873 tam
1072 2817 1262 2874 crebra
1284 2817 1519 2887 undique
1549 2825 1691 2872 esset
1718 2814 2145 2872 munitionecir—

546 2909 856 2967 rcumdata?
904 2907 1037 2962 Nam
1086 2921 1206 2961 cum
1251 2904 1537 2975 aliquando
1575 2905 1713 2959 idem
1762 2904 2023 2974 propheta
2072 2902 2145 2958 ad

573 3001 843 3057 Anathotb
891 2997 1124 3054 viculum
1154 3010 1308 3051 suum
1342 2995 1396 3049 in
1442 2995 1602 3050 tertio
1630 2994 1879 3050 milliario
1906 2994 1974 3050 ab
2009 2992 2141 3049 urbe

573 3094 734 3148 situm
764 3098 1054 3145 conaretur
1080 3088 1251 3151 exire,
1279 3086 1330 3139 in
1356 3094 1507 3155 porta
1540 3086 1783 3156 protinus
1813 3086 2045 3155 capitur,
2071 3082 2138 3139 ad

2244 1914 2320 1969 De
2369 1913 2565 1982 quibus
2611 1912 2664 1967 in
2705 1912 2953 1982 psalmo:
2989 1911 3286 1983 tCOﬂ'upli
3332 1921 3478 1980 sunt,
3525 1913 3719 1984 inquit,
3760 1921 3819 1968 et

2241 2001 2635 2059 abominabiles
2661 1999 2793 2058 facti
2839 2011 2966 2058 sunt
3012 2002 3067 2058 in
3095 2002 3457 2074 voluptatibus
3500 2002 3613 2059 suis
3643 2000 3817 2076 (Paul.

2243 2094 2385 2168 xm).
2415 2115 2435 2150 ι

2347 2185 2478 2242 Car.
2493 2185 2583 2243 Vl.
2605 2216 2676 2228 --
2696 2186 3006 2242 Adharlalio
3032 2187 3104 2241 ad
3124 2184 3340 2241 Petrum
3365 2184 3708 2240 cardinalem.

2311 2275 2393 2331 Tu
2417 2286 2618 2341 autem,
2640 2277 2963 2333 venerabilis
2985 2275 3175 2341 frater,
3207 2279 3289 2333 bis
3318 2276 3540 2348 aliisque
3575 2275 3821 2346 Scriptu-

2245 2381 2425 2422 rarum
2460 2366 2579 2422 telis
2607 2376 2872 2433 armatus,
2916 2368 3177 2423 adversus
3221 2367 3431 2422 Madian
3475 2376 3653 2423 castra
3683 2381 3817 2421 con-

2243 2456 2488 2526 gredere,
2532 2456 2810 2522 Zainbrin,
2850 2465 2903 2512 et
2932 2456 3154 2523 Cosbin,
3199 2457 3251 2511 in
3280 2457 3557 2512 meritorio
3591 2457 3820 2527 turpiter

2243 2556 2519 2612 coeuntes,
2543 2548 2709 2602 divini
2749 2549 2897 2603 verbi
2928 2550 3161 2619 pugione
3197 2549 3480 2619 transfige,
3527 2560 3588 2603 ut
3629 2564 3816 2619 pacem

2245 2637 2466 2692 foederis
2513 2638 2747 2704 Domini,
2794 2647 2850 2694 et
2887 2639 2978 2709 jus
3007 2638 3296 2693 sacerdotii
3349 2640 3662 2708 sempiterni
3695 2654 3816 2693 cum

2244 2726 2474 2783 Phinees
2504 2729 2762 2784 merearis
2797 2730 3078 2799 accipere:
3111 2748 3130 2781 ι
3157 2729 3312 2791 Ecce,
3338 2729 3512 2799 inquit
3537 2729 3817 2795 Dominus,

2252 2819 2320 2875 do
2344 2820 2393 2875 ei
2424 2834 2612 2890 pacem
2644 2820 2864 2876 foederis
2889 2822 3014 2887 mei,
3043 2830 3097 2877 et
3124 2821 3229 2877 erit
3257 2831 3363 2876 tam
3396 2823 3517 2892 ipsi,
3548 2838 3706 2891 quam
3733 2836 3820 2877 se-

2247 2911 2380 2965 mini
2438 2911 2584 2966 illius
2633 2920 2850 2982 paetum
2906 2912 3191 2967 sacerdotii
3245 2913 3659 2982 sempiternum;
3693 2912 3818 2982 quia

2246 3001 2451 3058 zelatus
2476 3011 2561 3057 est
2583 3018 2680 3073 pro
2713 3002 2824 3058 Deo
2849 3018 2970 3069 suo,
2999 3012 3053 3058 et
3096 3004 3335 3074 expiavit
3378 3004 3555 3059 scelus
3585 3004 3817 3059 ﬁliorum

2245 3090 2410 3147 Israel
2440 3089 2630 3162 (Nam.
2675 3094 2824 3165 xxv).
2855 3112 2873 3145 ι
2926 3092 3041 3149 Non
3091 3094 3275 3164 itaque
3322 3093 3589 3150 hostilitas
3633 3095 3821 3150 timea-

572 3188 846 3259 princrpes
887 3183 1134 3246 trahitur,
1160 3180 1396 3252 graviter
1425 3176 1759 3242 verberatur,
1800 3183 1857 3230 et
1887 3186 2139 3243 tauquam
2168 3153 2215 3216 (ἶ
2250 3190 2338 3236 tur
2406 3182 2638 3236 humana
2663 3222 2679 3249 ,
2760 3199 2881 3253 qua
2948 3200 3080 3254 pace
3155 3184 3319 3240 divini
3392 3186 3616 3241 ιωιξετῖε
3668 3200 3819 3240 com-

574 3276 872 3348 transfuga,
890 3277 1000 3330 sive
1021 3273 1206 3345 patriae
1227 3270 1488 3341 proditor,
1518 3270 1569 3323 in
1593 3282 1866 3323 carcerem
1890 3266 2143 3321 truditur.

574 3369 712 3441 Quia
748 3383 876 3437 ergo
909 3381 1012 3420 non
1041 3363 1412 3431 consequitur,
1440 3368 1499 3414 ut
1527 3358 1859 3429 intelligatur
1888 3355 2143 3410 historia-

577 3461 701 3515 liter
749 3456 970 3520 factum,
1018 3462 1230 3509 constat
1278 3450 1468 3521 procul
1512 3448 1675 3503 dubio
1726 3448 1913 3519 typiczr
1961 3446 2147 3515 ﬁgurae

576 3565 683 3605 non
705 3549 892 3603 deesse
921 3542 1251 3615 mysterium.
1276 3541 1419 3596 Bene
1442 3552 1570 3609 ergo
1594 3551 1691 3608 per
1716 3536 1926 3591 lumbar
1946 3535 2146 3593 lineum

566 3640 723 3708 juxta
753 3637 888 3701 haec,
912 3647 1028 3704 quae
1054 3630 1300 3702 superius
1329 3629 1470 3685 dicta
1492 3634 1638 3695 sunt,
1658 3620 1863 3683 chorus
1891 3625 2147 3699 exprimi-

557 3740 665 3791 "tur
697 3726 1037 3781 clericorum.

650 3814 800 3884 Quod
836 3822 1013 3868 autem
1061 3813 1163 3868 hoc
1199 3810 1409 3866 lumbar
1451 3811 1505 3866 in
1533 3810 1866 3881 Euphraten,
1892 3809 2012 3866 hoc
2062 3818 2147 3866 est

554 3910 632 3963 'in
661 3920 859 3977 aquoso
905 3903 1043 3969 loco,
1082 3911 1138 3956 et
1188 3903 1241 3956 in
1294 3900 1558 3956 foramine
1626 3910 1814 3970 petrm,
1859 3900 1912 3953 id
1963 3908 2045 3956 est
2090 3900 2147 3954 in

560 3998 908 4054 tobscuritate
951 4002 1111 4062 atque
1138 3993 1327 4046 umbra
1353 3992 1477 4062 poni
1505 3991 1746 4061 jubetur,
1771 3990 1895 4060 quid
1927 4005 2023 4060 per
2045 3991 2147 4045 hoc

572 4090 920 4160 exprimitur,
939 4086 1041 4141 nisi
1072 4084 1160 4140 illa
1190 4083 1506 4138 clericorum
1544 4080 1706 4152 392
1735 4096 1883 4150 pars,
1903 4096 2023 4151 qua:
2049 4082 2148 4136 sub

575 4178 862 4251 voluptatis
885 4179 1096 4244 umbra,
1130 4186 1184 4232 et
1220 4177 1271 4231 in
1302 4175 1445 4229 ﬂuxu
1487 4174 1711 4229 luxuria:
1752 4171 2149 4229 commoratur?

576 4273 653 4328 De
681 4286 909 4342 quorum
938 4271 1073 4325 duce
1102 4269 1159 4324 in
1203 4268 1340 4322 libro
1378 4265 1478 4321 Job
1504 4266 1762 4322 Dominus
1789 4265 1919 4320 dicit
1945 4282 1959 4319 :
1991 4283 2008 4315 ι
2038 4261 2151 4319 Sub

578 4362 768 4417 umbra
806 4360 1001 4415 dormit
1042 4360 1094 4414 in
1125 4367 1336 4413 secreto
1366 4357 1561 4413 calami
1621 4365 1674 4412 ct
1708 4356 1843 4412 locis
1882 4353 2149 4409 humenti-

579 4458 699 4511 bus.
734 4450 1044 4524 ‘Protcgunt
1085 4453 1290 4507 umbrae
1343 4451 1591 4506 umbram
1641 4448 1776 4518 ejus,
1817 4449 2150 4504 circumdant

568 4559 702 4597 eum
732 4543 925 4598 salices
956 4541 1208 4596 torrentis
1256 4539 1376 4610 (Job
1404 4542 1513 4609 η).
1542 4560 1560 4592 ι
1592 4540 1771 4608 Atque
1810 4547 1867 4592 ut
1899 4538 2149 4592 ostendat

564 4641 838 4705 quantum
872 4647 990 4686 cum
1032 4630 1143 4685 suis
1172 4629 1527 4685 familiaribus
1569 4630 1621 4684 in
1669 4629 2000 4684 habitatione
2044 4625 2147 4681 ﬂu-

578 4724 744 4780 minis
771 4724 1087 4789 delectetur,
1119 4722 1362 4791 protinus
1391 4721 1595 4776 addidit
1626 4738 1640 4774 :
1675 4739 1692 4772 ι
1714 4720 1861 4775 Ecce
1888 4718 2146 4774 absorbe-

576 4818 656 4873 bit
679 4815 923 4878 ﬂuvium,
956 4823 1012 4868 et
1036 4826 1142 4866 non
1174 4811 1456 4866 mirabitur
1479 4829 1492 4865 :
1515 4812 1678 4865 habet
1705 4810 1845 4864 enim
1875 4809 2149 4875 ﬁduciam,

576 4908 722 4979 quod
751 4902 1209 4961 inﬂuatlordanis
1233 4903 1285 4956 in
1310 4917 1370 4957 os
1388 4901 1758 4973 ejus(lbid.).»
1790 4901 1942 4967 Quod
1971 4910 2150 4955 autem

575 4999 777 5054 dicitur
804 4997 969 5051 fuisse
990 4995 1222 5065 positum
1234 4994 1302 5048 in
1325 4992 1592 5048 foramine
1617 5003 1801 5063 petra),
1835 5000 2009 5060 potest
2038 5007 2148 5048 non

580 5088 1022 5142 inconvenienter
1047 5085 1268 5155 intelligi
1317 5086 1455 5139 intra
1494 5095 1642 5154 septa
1680 5083 1953 5138 Ecclesia).
1986 5082 2149 5150 Quasi

572 5176 723 5206 Δηὲκὶ
772 5176 822 5206 δη
857 5176 1123 5206 f.\u¢nan:nn
1167 5185 1334 5206 nulum
1606 5174 1955 5206 ..ΔΛΙΙΙΙΙΙΙΙΙίΙΙκ
2026 5175 2150 5206 l'lIm

2179 4500 2228 4561 D

2245 3282 2524 3343 pensatur.
2554 3272 2765 3346 Moyses
2792 3291 3024 3346 namque
3048 3277 3173 3346 quia
3204 3276 3818 3349 percussit/Egyptium,

2246 3359 2502 3432 profugus
2546 3377 2671 3416 mox
2720 3363 2907 3419 amisit
2953 3362 3245 3438 [Egyptum
3272 3367 3447 3421 :unde
3480 3368 3820 3436 postmodum

2248 3450 2393 3504 velut
2417 3461 2578 3507 aucto
2606 3451 2835 3516 femore,
2863 3453 3026 3508 totius
3053 3454 3359 3510 Israelitica:
3388 3455 3560 3525 plebis
3588 3455 3819 3511 obtinuit

2246 3541 2650 3611 principatum:
2682 3541 2867 3598 «Vidit
2911 3543 3076 3608 enim,
3129 3552 3187 3598 ut
3236 3543 3514 3615 Scriptura
3573 3553 3818 3612 testatur,

2242 3633 2420 3687 virum
2456 3632 2771 3704 Egyptium
2800 3633 3193 3702 pereutientem
3225 3637 3510 3705 quemdam
3541 3637 3609 3692 de
3634 3636 3820 3692 fratri-

2244 3724 2347 3780 bus
2383 3724 2519 3789 suis,
2563 3741 2722 3795 quem
2759 3724 2901 3780 illico
2948 3740 3262 3797 percussum
3322 3728 3604 3784 abscondit
3633 3729 3821 3785 sabulo

2249 3814 2442 3886 (Exod.
2476 3816 2561 3885 ιι).
2583 3835 2600 3867 ι
2638 3814 2716 3869 Tu
2764 3830 2975 3885 quoque
2999 3816 3127 3872 dum
3172 3818 3325 3873 vides
3351 3817 3684 3889 Egyptium,
3721 3822 3821 3877 hoc

2247 3915 2329 3961 cst
2353 3906 2650 3976 principem
2703 3905 3070 3973 tenebrarum,
3107 3908 3403 3977 quemlibet
3446 3910 3513 3964 de
3558 3909 3824 3967 fratribus

2249 4000 2377 4062 tuis,
2395 3998 2659 4055 clericalis
2684 3998 2892 4052 scilicet
2909 3999 3134 4065 ordinis,
3151 4000 3296 4071 virga
3322 3998 3556 4056 libidinis
3585 4000 3822 4072 aﬂligen-

2250 4098 2357 4144 tem
2376 4105 2392 4153 ;
2412 4088 2520 4145 imo
2534 4090 2675 4157 quod
2690 4089 2860 4160 magis
2874 4091 3142 4161 congruit,
3156 4090 3337 4147 letbali
3356 4091 3537 4163 jaculo
3550 4093 3822 4147 trucidan-

2253 4191 2384 4243 tem,
2416 4179 2625 4234 vibrato
2643 4183 2898 4250 protinus
2924 4181 3075 4236 verbi
3113 4181 3289 4251 gladio
3325 4183 3377 4236 in
3411 4182 3580 4239 ictum
3623 4192 3676 4239 te
3709 4183 3823 4237 vul-

2251 4271 2399 4326 neris
2431 4270 2591 4342 393
2626 4285 2810 4336 exere,
2834 4286 3061 4341 eumque
3085 4272 3176 4341 qui
3212 4271 3567 4328 domesticum
3601 4274 3821 4328 seminis

2253 4361 2330 4415 tui
2386 4360 2680 4416 mulctabat
2708 4360 2917 4425 occide,
2974 4379 2993 4412 ι
3025 4376 3211 4431 argue.
3241 4361 3486 4428 obsecra,
3520 4364 3733 4432 increpa
3769 4362 3819 4415 in

2253 4448 2401 4503 omni
2438 4448 2718 4518 patientia,
2746 4456 2800 4503 et
2828 4448 3072 4503 doctrina
3105 4447 3187 4520 (II
3218 4448 3353 4503 Tim.
3380 4450 3474 4521 iv).
3502 4467 3521 4500 ι
3556 4448 3659 4504 Sed
3689 4464 3821 4519 quo-

2254 4539 2419 4604 niam,
2457 4539 2597 4593 sicut
2630 4539 2770 4593 idem
2810 4548 3036 4594 testatur
3065 4540 3386 4610 Apostolus,
3450 4561 3469 4593 ι
3501 4551 3658 4597 erunt
3687 4557 3821 4596 non-

2255 4630 2385 4685 nulli
2414 4631 2505 4700 qui
2561 4645 2747 4685 sanam
2776 4631 3077 4686 doctrinam
3106 4647 3209 4686 non
3238 4633 3597 4698 sustinebunt,
3632 4631 3724 4686 sed
3753 4631 3820 4686 ad

2256 4736 2352 4776 sua
2384 4720 2648 4776 desideria
2692 4721 3087 4776 coacervabunt
3114 4722 3213 4776 sibi
3257 4722 3541 4792 magistros
3573 4721 3821 4791 prurien-

2257 4820 2340 4867 tes
2373 4813 2616 4874 anribus,
2649 4820 2703 4865 et
2732 4819 2979 4867 averterit
3011 4814 3225 4881 quidem
3252 4813 3491 4867 auditum
3515 4827 3544 4866 a
3575 4814 3818 4877 veritate,

2259 4902 2327 4957 ad
2371 4901 2582 4957 fabulas
2625 4910 2802 4955 autem
2845 4911 3225 4956 convertentur
3269 4902 3491 4975 (Ibid);
3538 4920 3556 4954 ι
3614 4911 3667 4956 ιιι
3712 4902 3819 4957 noli

2254 5007 2489 5058 cessare,
2513 4992 2605 5048 sed
2633 5007 2732 5063 age
2782 4993 2923 5062 quod
2951 4995 3229 5063 sequitur:
3274 5013 3292 5047 ι
3326 4994 3404 5049 Tu
3436 5010 3587 5059 vero,
3618 4994 3711 5061 ait,
3738 4997 3788 5048 vi

2256 5085 2382 5154 gila,
2412 5084 2464 5135 in
2492 5084 2741 5138 omnibus
2787 5082 2989 5147 labora,
3029 5098 3162 5152 Opus
3207 5083 3292 5138 fac
3316 5084 3687 5153 .evangelistae,
3724 5088 3821 5137 mi-

2256 5173 2536 5206 πῖοιηοίηηι
2588 5182 2734 5206 Illum
2780 5171 2939 5206 imn'vn
2978 5171 3163 5206 111ιίλῖ
3222 5191 3239 5206 ι
3282 5172 3389 5206 una

3438 5175 3472 5206 δι
3482 5189 3620 5206 can-In
3647 5171 3798 5206 rnan
