4106 6320
353 367 448 424 597

1033 365 1270 430 OPUSC.
1309 369 1488 430 XVI".
1531 401 1601 412 -—
1634 369 1909 427 CONTRA
1948 365 2520 425 INTEMPERANTES
2557 368 2907 426 CLERICOS.

3479 372 3582 427 393

356 493 476 535 sura
506 479 760 535 fundatur
785 479 1020 538 Ecclesia
1049 501 1061 536 :
1097 503 1114 536 σ
1149 484 1323 553 Super
1352 486 1511 551 hanc,
1541 486 1712 555 inquit
1738 483 1911 538 Domi-
1943 487 1988 547 Α
2016 497 2144 554 ergo
2179 491 2391 538 sancta:
2433 484 2754 552 eloquentiae
2782 493 2885 538 tute
2914 497 3170 538 mucrone
3193 498 3480 554 percussus
3511 501 3590 539 tn-

357 584 484 636 uus,
532 579 739 640 petram
787 572 1062 629 aedificabo
1127 575 1424 630 Ecclesium
1481 591 1654 630 meam
1703 576 1925 644 (Matth.

357 660 488 729 xvi).
526 679 542 712 ι
601 660 1030 716 Fundamentum
1061 679 1189 734 ergo
1233 679 1387 719 suum
1419 665 1470 718 in
1496 677 1648 734 petra
1677 665 1928 719 Ecclesia:

355 750 622 806 collocant
653 753 850 820 quique
885 752 1011 819 ﬁxi,
1066 769 1129 808 ac
1166 756 1387 810 stabiles
1415 757 1467 810 in
1496 757 1653 811 bonis
1675 757 1929 825 operibus

355 849 722 908 perseverant.
753 840 829 895 De
875 843 1071 910 quibus
1117 842 1169 896 in
1201 843 1488 912 Evangelio
1523 845 1784 899 Dominus
1814 847 1927 900 ait;

359 946 380 980 ι
415 928 605 984 Omnis
625 929 807 993 homo,
834 932 926 999 qui
950 932 1100 985 audit
1124 933 1282 987 verba
1308 949 1423 988 mea
1452 935 1588 998 haec,
1614 943 1666 988 et
1688 934 1816 988 facit
1837 950 1926 1000 ea,

355 1018 865 1074 assimilabiturviro
885 1022 1229 1092 sapienti,qui
1253 1024 1762 1080 mdiﬂcavitdomum
1776 1041 1931 1082 suam

355 1121 516 1176 supra
550 1117 776 1176 petram.
804 1110 1090 1164 Descendit
1110 1111 1307 1180 pluvia,
1326 1122 1379 1167 et
1402 1124 1660 1168 venerunt
1687 1115 1929 1180 ﬂumina,

356 1206 411 1250 et
439 1197 704 1251 ﬂaverant
720 1200 952 1262 venti,et
974 1200 1242 1256 irruerunt
1265 1202 1316 1256 in
1339 1203 1553 1258 domum
1578 1206 1807 1272 illam,ct
1823 1223 1930 1261 nou

345 1286 574 1340 cecidit:
602 1285 822 1341 fundata
851 1290 991 1343 enim
1014 1302 1303 1360 eratsupra
1331 1303 1533 1362 petram
1557 1295 1926 1367 (Matth.vn).i

343 1373 455 1440 Qui
479 1389 606 1428 vero
626 1375 845 1446 fragiles
864 1388 991 1432 sunt
1011 1389 1172 1448 atque
1197 1382 1456 1451 pulverei,
1478 1393 1534 1440 et
1557 1386 1700 1440 velut
1727 1388 1933 1442 arundo

356 1463 754 1533 impellentibus
777 1469 1008 1521 carnalis
1036 1470 1300 1526 illecebrae
1321 1471 1536 1529 ﬂatibus
1561 1475 1741 1544 agitati
1780 1475 1931 1545 (Luc.

355 1558 480 1624 lut).
531 1558 746 1611 arenosi
796 1558 982 1626 procul
1034 1561 1192 1617 dubio
1229 1563 1402 1618 sabuli
1454 1575 1580 1620 sunt
1640 1569 1933 1624 subsicivio

343 1650 723 1717 comparandi.
777 1651 852 1705 De
901 1651 1096 1719 quibus
1157 1667 1257 1722 pe‘
1295 1653 1636 1710 Psalmistam
1689 1658 1928 1713 dicitur:

363 1755 383 1787 ι
419 1735 536 1791 Νοιι
569 1739 648 1793 sic
679 1739 848 1810 impii,
878 1757 984 1794 non
1012 1743 1113 1804 sic,
1137 1743 1228 1797 sed
1265 1753 1516 1814 tanquam
1548 1746 1741 1816 pulvis,
1770 1764 1930 1818 quem

353 1825 576 1894 .projicit
597 1836 787 1882 ventus
809 1844 839 1882 a
869 1829 1002 1884 facie
1033 1840 1188 1885 terrae
1209 1831 1380 1902 (Paul.
1399 1834 1466 1902 ι).
1496 1853 1515 1884 ι
1544 1835 1610 1888 Et
1639 1837 1922 1891 Dominus:
1959 1830 2002 1890 Β

353 1933 384 1966 ν(
415 1919 620 1983 Omnis,
653 1919 845 1988 inquit,
867 1921 969 1990 qui
1011 1923 1162 1977 audit
1190 1925 1348 1978 verba
1390 1940 1505 1980 mea
1542 1928 1674 1991 haec,
1727 1937 1779 1982 et
1818 1944 1922 1983 non

345 2004 490 2061 .facit
514 2023 597 2072 ea,
646 2009 840 2066 similis
878 2011 990 2065 erit
1021 2013 1136 2068 viro
1182 2013 1366 2080 stulto,
1395 2016 1484 2085 qui
1521 2017 1804 2073 aedificavit
1831 2020 1924 2075 do-

347 2113 505 2152 mum
552 2115 704 2154 suam
741 2116 903 2171 supra
942 2117 1198 2158 arenam:
1229 2117 1285 2160 et
1312 2106 1587 2162 descendit
1620 2110 1818 2178 pluvia,
1870 2119 1926 2165 et

352 2189 880 2256 veneruutﬂumina,
912 2203 965 2248 et
992 2193 1253 2250 [laverunt
1281 2199 1445 2262 venti,
1487 2209 1541 2254 et
1562 2201 1834 2256 irruerunt
1870 2203 1923 2258 in

359 2279 579 2332 domum
608 2281 773 2345 illam,
797 2291 852 2336 et
899 2285 1199 2348 oecidit,et‘
1228 2288 1326 2341 fuit
1374 2290 1524 2344 ruina
1567 2290 1682 2359 ejus
1730 2308 1922 2364 magna

359 2367 579 2432 (Matth.
608 2369 724 2440 vn).
758 2389 776 2422 ι
812 2370 946 2425 Hinc
966 2374 1129 2427 etiam
1157 2376 1206 2428 in
1235 2377 1368 2431 libro
1387 2377 1591 2450 Regum
1620 2399 1631 2434 :
1663 2400 1682 2432 ι
1710 2382 1922 2448 Omnia,

361 2457 559 2526 inquit,
601 2474 746 2525 vasa,
799 2478 918 2530 quae
981 2464 1103 2519 fecit
1151 2467 1331 2522 Hiram
1385 2471 1494 2540 ι’(δί
1547 2471 1816 2528 Salomoni
1869 2476 1923 2529 in

351 2546 523 2602 domo
563 2547 791 2612 Domini,
823 2551 890 2607 de
924 2555 1232 2612 aurichalco
1258 2567 1430 2623 erant,
1465 2569 1519 2614 et
1549 2562 1600 2616 in
1638 2565 1924 2634 campestri

359 2640 582 2707 regione
625 2640 874 2699 Iordanis
928 2644 1067 2700 fudit
1116 2663 1182 2704 ea
1235 2664 1324 2706 rex
1377 2652 1430 2706 in
1491 2653 1737 2723 argillesa
1781 2667 1924 2712 terra

347 2729 485 2798 (ΙΙΙ
515 2730 641 2802 Reg.
678 2737 800 2804 vn).
835 2754 856 2788 ι
891 2736 1022 2790 Nam
1051 2739 1175 2806 quia
1203 2755 1326 2796 vasa
1379 2743 1465 2797 illa
1495 2745 1738 2800 carnales
1766 2761 1928 2816 quos-

358 2833 467 2888 que
486 2821 798 2892 designant,
819 2840 924 2880 non
947 2842 1012 2882 ex
1032 2843 1183 2894 auro,
1211 2833 1304 2886 sed
1331 2847 1396 2886 ex
1420 2835 1725 2891 aurichalco
1751 2839 1926 2907 potius

359 2913 613 2968 dicuntur
631 2931 753 2971 esse
780 2918 1048 2975 formata:
1081 2931 1133 2976 et
1150 2925 1280 2977 ideo
1305 2940 1407 2980 non
1433 2927 1486 2980 in
1515 2929 1808 2994 montibus,
1834 2929 1926 2985 sed

351 3003 418 3056 .in
448 3007 733 3074 campestri
763 3009 981 3076 regione
1017 3012 1340 3077 funduntur;
1395 3016 1518 3084 quia
1563 3019 1652 3086 qui
1680 3033 1778 3087 per
1816 3019 1928 3074 haec

353 3090 690 3161 ﬁgurantur,
718 3112 823 3151 non
849 3100 1108 3154 virtutum
1139 3111 1390 3157 montana
1418 3108 1802 3172 conscendunt,
1834 3108 1924 3164 sed

351 3182 415 3235 in
445 3186 680 3242 carnalis
753 3196 807 3242 et
841 3189 1125 3247 luxuriosa:
1169 3195 1293 3248 vita:
1339 3197 1579 3250 convalle
1623 3168 1996 3256 subsidunt...C

353 3271 472 3328 Nec
529 3276 673 3330 enim
720 3278 965 3344 ductiles,
1019 3284 1112 3336 sed
1157 3285 1332 3352 potius
1376 3284 1562 3342 fusiles
1602 3297 1763 3355 sunt;
1803 3289 1926 3359 quia

359 3378 466 3418 non
514 3369 879 3424 extenduntur
907 3373 1085 3427 crucis
1124 3383 1179 3428 et
1224 3377 1555 3444 pcenitentire
1581 3377 1806 3446 malleis,
1835 3381 1928 3436 sed

349 3453 640 3513 libidinum
662 3458 910 3516 laxantur
934 3462 1216 3528 illecebris,
1240 3479 1296 3519 et
1315 3466 1571 3523 lluoribus
1594 3469 1930 3526 resolvuntur

357 3549 779 3607 obscaenissimm
800 3552 1109 3624 voluptatis.
1135 3555 1364 3628 Ideoque
1397 3559 1539 3614 sicut
1572 3561 1624 3613 in
1656 3561 1928 3631 Euphrate

359 3639 574 3694 lumbar
603 3652 688 3696 est
732 3646 999 3712 positum,
1038 3647 1116 3702 sic
1165 3648 1265 3703 ista
1307 3664 1431 3704 vasa
1451 3648 1606 3718 juxta
1640 3651 1926 3708 Iordanem

359 3728 478 3784 fusa
510 3731 854 3789 referuntur:
885 3743 940 3790 et.
985 3751 1093 3792 non
1140 3738 1195 3792 in
1254 3739 1423 3795 solida
1468 3756 1529 3796 ac
1561 3741 1715 3796 firma
1763 3754 1925 3810 terra,

357 3832 483 3885 quae
521 3820 668 3876 basis
699 3823 907 3891 injectae
929 3828 1206 3884 contineat
1246 3830 1684 3898 fundamentum,
1735 3836 1829 3890 sed
1875 3836 1926 3889 in

357 3911 608 3980 argillosa
639 3914 818 3982 potius
854 3925 907 3972 et
936 3933 1198 3985 arenosa.
1222 3934 1342 3990 quae
1388 3923 1724 3994 repentinum
1753 3925 1929 3985 pariat

353 4003 731 4059 subslcivium.
1580 4080 1594 4094 .

433 4092 512 4146 Tu
547 4095 745 4163 itaque,
784 4101 1088 4156 venerande
1107 4100 1298 4167 frater,
1329 4119 1449 4158 cum
1478 4092 1660 4176 Moyse
1694 4105 1810 4160 zelo
1841 4107 1924 4162 di-

355 4184 563 4238 stricta:
602 4189 959 4256 correptionis
987 4190 1296 4263 Egyptium
1338 4209 1712 4262 percussorem
1747 4196 1927 4251 fratris

356 4271 600 4327 interfice
620 4272 816 4344 (Exod.
848 4279 932 4345 ιι),
954 4291 1183 4349 eumque
1209 4290 1464 4350 tanquam
1488 4283 1674 4338 sabulo
1698 4285 1749 4337 in
1777 4299 1928 4339 men-

356 4360 505 4414 tibus
546 4363 787 4418 arenosis
817 4363 1120 4432 absconde;
1160 4377 1218 4422 ut
1249 4369 1558 4438 argillosam
1593 4382 1924 4427 terrenarum

2027 581 2221 637 tereat,
2250 589 2483 644 eumque
2511 575 2682 629 sabuli
2708 577 2978 645 sepultura
3005 575 3312 630 concludat.
3343 585 3400 630 ut
3429 577 3590 631 Israe-

2026 664 2172 718 litica
2203 664 2374 733 plebs,
2416 663 2696 719 Pharaone
2730 666 2977 720 demerso
3013 674 3070 719 et
3095 666 3365 735 pudicis-ie
3389 681 3592 735 praece-

2027 755 2187 808 dente
2216 754 2431 817 vexillo,
2451 771 2572 808 eum
2602 755 3016 824 triumphalibus
3051 756 3266 825 hymnis
3296 758 3362 810 ad
3394 766 3594 811 terram

2027 843 2458 912 repromissionis
2481 844 2757 898 ascendat.

2404 953 2855 1011 DlSSERTATlO
2891 955 3225 1012 SECUNDA.

2262 1058 2472 1099 CONTRA
2509 1060 2842 1100 CLERICORUM
2878 1060 3365 1102 lNTEﬂPERANTIAI.

2029 1131 2420 1204 Ancuusnruu.
2446 1164 2514 1204 +
2542 1133 2637 1186 V'ir
2662 1132 3040 1188 ecclesiasticae
3062 1144 3187 1188 tunc
3207 1151 3342 1204 pene
3366 1135 3594 1194 labentis

2101 1203 2394 1274 disciplinae
2441 1203 2635 1256 vindex
2679 1206 2998 1267 accmmus,
3041 1205 3408 1274 castitatisque
3443 1223 3593 1260 ama-

2104 1281 2188 1343 tor
2234 1272 2512 1343 cultorque
2559 1275 2954 1343 sanctissimus,
2987 1283 3152 1327 totum
3190 1272 3368 1343 prope
3407 1277 3594 1332 orbem

2102 1341 2181 1412 ad
2207 1355 2336 1412 eam
2384 1357 2412 1412 _a
2464 1341 2675 1412 clericis
2714 1353 3072 1412 oppugnatam
3113 1341 3497 1398 defendendam
3541 1355 3594 1400 et

2104 1409 2484 1481 sublevandam
2513 1409 2983 1481 disertissuno'ore
3017 1413 3170 1480 quasi
3195 1414 3425 1481 quodam
3458 1414 3594 1467 clas-

2102 1479 2216 1532 sico
2239 1479 2476 1533 excitare
2498 1488 2550 1531 et
2576 1478 2907 1534 inﬂammare
2933 1478 3177 1534 conatur.
3208 1478 3407 1536 Scribit
3448 1485 3594 1538 enim

2102 1548 2169 1600 ad
2200 1548 2506 1616 episcopum
2538 1547 2950 1613 Taurinensem,
2976 1551 3027 1603 in
3072 1551 3223 1617 cujus
3246 1552 3448 1605 ditione
3487 1563 3592 1608 tam

2141 1617 2391 1670 erniciusi
2438 1618 2665 1687 exempli
2694 1617 2924 1688 facinus
2955 1619 3164 1688 publice
3199 1621 3414 1675 tolerari
3451 1624 3592 1677 scic-

2141 1633 2391 1670 erttICIUSI
2438 1633 2665 1686 exempti
2716 1633 2924 1673 tactnus
2955 1633 3164 1688 pumice
3199 1633 3414 1675 tolerari
3451 1638 3592 1677 sete-

2102 1633 2216 1747 Bal,
2248 1694 2305 1738 ut
2351 1683 2658 1739 scandaldm
2693 1687 2794 1740 hoc
2835 1689 2901 1741 ab
2939 1688 3176 1742 Ecclesia
3216 1705 3310 1743 sua
3341 1691 3592 1745 extermi-

2104 1770 2236 1827 nare
2279 1763 2333 1806 et
2377 1769 2628 1827 amovere
2675 1758 2999 1810 contendat:
3031 1760 3172 1827 quod
3205 1769 3259 1810 ut
3284 1760 3331 1813 ei
3372 1775 3596 1827 persua-

2097 1824 2227 1894 dere
2253 1825 2442 1891 possit,
2468 1825 2600 1894 nihil
2620 1825 2938 1894 intentatum
2961 1824 3238 1894 relinquit.
3263 1824 3453 1884 Omnia
3476 1838 3587 1882 tam

2095 1891 2230 1946 Novi
2280 1909 2438 1966 quam
2495 1892 2701 1966 Veteris
2737 1893 3063 1966 Testamenti
3104 1891 3342 1966 exempla
3381 1908 3434 1951 et
3472 1897 3590 1952 loca

2095 1965 2336 2030 congerit
2377 1970 2432 2034 et
2473 1964 2692 2016 excutit.
2734 1963 2788 2034 In
2841 1964 3065 2018 clericos
3094 1963 3305 2033 quoque
3337 1967 3500 2034 ipsos,
3534 1977 3590 2021 et

2096 2046 2292 2103 eorum
2312 2030 2559 2103 pollices,
2596 2047 2728 2100 quas
2778 2032 2876 2100 ipsi
2930 2030 3126 2087 uxores
3176 2030 3310 2088 Nso
3351 2030 3588 2103 appella-

2091 2101 2251 2172 ἶιιιιιιι2
2281 2100 2971 2172 luculentertetgravitcr,
3004 2110 3060 2155 ut
3090 2117 3178 2156 res
3205 2120 3318 2172 ipsa
3349 2100 3587 2171 postula-

2095 2169 2208 2232 bat,
2240 2168 2528 2247 invehitur.
2575 2168 2846 2248 Denique,
2882 2181 2940 2224 ut
2969 2188 3080 2248 uno
3105 2168 3587 2248 valesii—solvam,

2095 2253 2201 2293 non
2227 2236 2510 2291 committit
2534 2247 2590 2292 ut
2613 2236 2847 2294 caStitati
2877 2241 3234 2309 patrocinium
3258 2241 3489 2298 defuisse
3516 2236 3591 2298 vi;

2090 2309 2308 2362 deatur.

2100 2398 2305 2453 Domno
2347 2399 2658 2458 Cumusuro
2703 2404 3139 2458 reverentissimo
3185 2406 3458 2475 episcopo,
3493 2404 3595 2461 Pa.

2028 2503 2162 2544 'rnus
2189 2499 2444 2558 peccator
2495 2491 2790 2546 monachus
2820 2492 3024 2547 devotae
3059 2491 3407 2562 subiectionis
3433 2495 3591 2550 obsc-

2026 2582 2234 2650 quium.

2097 2656 2221 2728 Hec
2245 2679 2330 2727 est
2359 2687 2498 2728 verae
2518 2675 2803 2730 charitatis
2824 2683 2877 2730 et
2904 2676 3152 2732 amicitia:
3183 2676 3384 2746 regula,
3416 2685 3472 2730 ut
3519 2677 3593 2732 ita

2017 2776 2084 2816 se
2113 2763 2310 2817 fratres
2335 2775 2534 2818 mutuae
2559 2765 2859 2820 dulcedinis
2886 2766 3430 2831 amoreconfoveant,
3463 2781 3596 2836 qua-

2026 2860 2184 2906 tenus
2214 2851 2258 2904 si
2294 2852 2423 2920 quid
2454 2853 2505 2906 in
2535 2854 2739 2908 utrovis
2772 2855 3193 2922 reprehensibile
3227 2864 3330 2918 est,
3357 2855 3495 2909 alter
3519 2857 3595 2909 al-

2028 2942 2126 2994 teri
2157 2956 2262 2993 non
2297 2940 2609 2995 abscondat.
2643 2942 2732 2999 Illa
2760 2944 2953 3012 quippe
2975 2944 3311 2997 necessitudo
3329 2944 3596 3012 probatur

2027 3030 2174 3083 utilis
2216 3038 2271 3084 et
2304 3030 2554 3093 honesta,
2587 3044 2706 3099 qua:
2745 3032 2869 3085 dum
2902 3040 3094 3086 cuncta
3125 3032 3372 3098 producit
3399 3033 3449 3086 in
3491 3049 3595 3087 mc-

2028 3120 2197 3185 dium,
2243 3128 2300 3174 et
2350 3121 2491 3188 quod
2543 3123 2915 3191 corrigendum
2965 3131 3054 3176 est
3097 3123 3339 3192 corrigit,
3367 3132 3424 3177 et
3452 3124 3594 3193 quod

2026 3225 2214 3263 sanum
2243 3219 2324 3263 est
2346 3220 2532 3264 mutuo
2557 3212 2810 3279 puritatis
2833 3227 2896 3266 ac
2939 3212 3265 3267 sinceritatis
3289 3227 3472 3267 amore
3501 3229 3596 3267 cu-

2025 3303 2209 3355 stodit.
2243 3300 2438 3371 Sicque
2477 3301 2537 3357 ﬁt
2573 3311 2632 3356 ut
2662 3303 2787 3356 dum
2833 3303 3195 3372 delinquentis
3232 3303 3390 3374 culpa
3420 3305 3591 3359 corri-

2024 3392 2188 3462 gitur,
2234 3391 2520 3461 coripienti
2565 3393 2833 3462 copiosior
2859 3395 3030 3464 gratia
3080 3394 3406 3450 cumuletur.
3452 3394 3596 3448 Inter

2027 3481 2312 3537 nonnullos
2337 3483 2596 3536 virtutum
2626 3482 2805 3548 ﬂores,
2837 3484 3160 3538 venerabilis
3184 3485 3364 3550 Pater,
3402 3485 3596 3552 quibus

2030 3581 2132 3625 tuae
2158 3573 2467 3627 sanctitatis
2497 3582 2687 3629 vernat
2711 3575 3004 3645 ingenium,
3030 3591 3196 3632 unum
3221 3576 3376 3642 mihi,
3400 3577 3593 3635 fateor.

2027 3663 2180 3717 valde
2226 3665 2537 3734 displicuit:
2587 3667 2733 3735 quod
2778 3667 3030 3722 nimirum
3086 3678 3139 3722 et
3170 3681 3295 3725 tunc
3331 3685 3418 3724 me
3453 3669 3506 3722 in
3545 3678 3596 3723 te

2025 3751 2373 3809 vehementer
2408 3754 2569 3826 395
2601 3757 2824 3824 invexit,
2850 3768 2903 3813 et
2929 3775 3072 3814 nunc
3100 3761 3222 3830 styli
3260 3760 3418 3829 hujus
3462 3761 3595 3814 artio

2027 3841 2203 3896 culum
2231 3858 2458 3899 exarare
2487 3847 2782 3918 compellit.
2811 3848 3083 3904 Permittis
3113 3850 3256 3904 enim
3275 3891 3287 3912 ,
3318 3859 3377 3904 ut
3411 3849 3591 3904 Eccle-

2027 3931 2120 3986 sia:
2149 3943 2253 3986 tuac
2280 3933 2486 4000 clerici,
2521 3937 2888 4010 cujuscunque
2916 3939 3026 3995 sint
3052 3941 3277 4001 ordinis,
3308 3939 3444 3994 velut
3470 3940 3593 4012 jure

2026 4024 2351 4079 matrimonii
2423 4027 2856 4084 t-onfmderentur
2920 4032 3194 4084 uxoribus.
3251 4029 3401 4096 Quod
3467 4045 3597 4084 sane

2025 4125 2186 4180 quam
2239 4114 2619 4170 ecclesiasticae
2669 4119 2944 4173 munditia:
2986 4121 3231 4173 videatur
3278 4120 3592 4180 obscenum.

2023 4218 2187 4271 quam
2235 4207 2507 4260 canonica:
2551 4208 2619 4260 sit
2661 4211 2966 4263 auctoritati
3015 4211 3378 4274 contrarium,
3433 4225 3594 4278 quam

2025 4300 2175 4344 certe
2205 4293 2412 4346 cunctis
2446 4304 2757 4348 sanctorum
2802 4295 3019 4348 Patrum
3057 4297 3422 4350 sanctionibus
3446 4297 3594 4349 odio.

2027 4393 2166 4442 sum,
2215 4380 2444 4434 absi—t‘ut
2491 4391 2639 4436 tanta
2669 4398 2787 4451 quae
2819 4383 2870 4436 iu
2925 4392 2976 4435 te
3013 4392 3092 4436 est
3128 4384 3296 4451 possit
3348 4384 3596 4452 ignorare

357 4455 621 4509 mentium
674 4458 1002 4527 sepulturam
1036 4471 1280 4517 mortuus
1321 4465 1560 4532 impleat,
1595 4465 1775 4534 ibique
1807 4481 1921 4520 ver-
1951 4496 2003 4556 Β
2029 4469 2331 4536 prudentia.
2368 4469 2676 4525 Praesertim
2710 4487 2831 4527 cum
2883 4481 2936 4526 et
2968 4474 3065 4541 ipsi
3097 4473 3276 4528 clerici
3325 4476 3430 4535 tui.
3463 4474 3596 4529 alias

352 4558 474 4599 mes
515 4548 966 4616 concupiscentia:
1015 4552 1211 4618 pariat.
1263 4552 1368 4606 Eos
1394 4553 1558 4625 394
1589 4565 1787 4618 autem,
1833 4556 1925 4625 qui

352 4649 484 4689 vere
506 4635 760 4691 lsraelita:
780 4649 926 4705 sunt,
959 4643 1312 4696 tentationum
1345 4659 1565 4698 suarum
1598 4642 1779 4712 ﬂagris
1809 4659 1928 4698 ver-

354 4728 552 4783 berare
599 4731 843 4788 desistat.
875 4731 990 4788 Non
1020 4735 1164 4788 enim
1195 4752 1323 4790 casu
1348 4737 1566 4799 accidit,
1595 4737 1735 4804 quod
1767 4744 1928 4805 caput

355 4817 650 4873 electorum
687 4822 940 4877 Dominus
972 4825 1023 4877 in
1055 4839 1218 4878 saxeo
1251 4835 1613 4886 monumento.
1646 4825 1928 4894 Aigyptius

353 4908 612 4974 vero,qui
630 4909 895 4964 diabolum
929 4912 1406 4982 ligurat,sepclitur
1431 4915 1484 4968 in
1512 4915 1719 4969 sabulo.
1738 4915 1929 4969 Diabo-

356 4992 596 5048 lusenim
624 4999 714 5066 qui
738 4999 1124 5069 interpretatur
1169 5003 1408 5056 deorsum
1447 5004 1638 5072 ﬂuens,
1672 5003 1788 5056 illos
1825 5002 1926 5055 sibi

354 5083 622 5148 vindicat,
655 5088 743 5155 qui
776 5090 842 5142 ad
897 5090 1105 5142 ruinam
1149 5106 1360 5160 semper
1403 5092 1544 5144 velut
1571 5107 1732 5145 arena
1771 5091 1928 5144 dissi-

353 5172 510 5227 liunt.
543 5175 642 5240 Qui
675 5187 850 5232 autem
877 5177 1073 5233 Christi
1119 5191 1262 5244 sunt,
1294 5191 1602 5236 constanter
1647 5182 1702 5235 in
1753 5180 1926 5236 sancti

352 5265 619 5332 propositi
658 5267 926 5322 soliditate
964 5270 1281 5338 persistunt.
1331 5272 1617 5340 Sepultura
1655 5287 1782 5326 vero
1829 5273 1925 5326 do-

353 5365 480 5407 mus
502 5363 586 5406 est
609 5366 965 5412 mortuorum.
997 5359 1065 5414 Et
1101 5362 1225 5429 quia
1256 5361 1500 5417 diabolus
1538 5373 1781 5416 mortuus
1821 5371 1924 5428 est,

353 5443 612 5511 quoniam
659 5461 688 5500 a
724 5446 854 5513 Deo,
903 5465 1030 5504 vera
1063 5451 1268 5506 scilicet
1300 5453 1438 5515 vita,
1481 5454 1775 5522 disjunctus
1823 5464 1925 5518 est,

353 5548 574 5588 omnem
602 5547 854 5603 mentem,
885 5532 1045 5610 quam
1073 5543 1355 5607 inhabitat,
1385 5544 1513 5598 facit
1533 5545 1735 5613 absque
1765 5546 1927 5600 dubio

357 5626 711 5695 sepulturam.
745 5631 895 5686 Unde
929 5647 1024 5700 per
1049 5632 1368 5702 Prophetam
1406 5635 1636 5688 dicitur:
1676 5654 1693 5686 ε
1723 5634 1797 5689 lbi
1828 5639 1928 5691 As-

357 5730 478 5784 sur,
541 5728 594 5776 et
635 5720 874 5790 sepulcra
918 5723 1031 5794 ejus
1080 5723 1290 5796 (Ezt’C/t.
1342 5726 1533 5798 xxxii).
1568 5744 1585 5777 ι
1638 5723 1924 5800 Egyptius

2029 4557 2246 4624 quidem
2276 4559 2407 4612 satis
2438 4560 2671 4623 honesti,
2703 4570 2756 4614 et
2786 4562 3084 4615 litterarum
3118 4562 3310 4617 studiis
3354 4563 3461 4617 siut
3500 4564 3596 4617 de-

2027 4655 2212 4701 center
2249 4647 2523 4702 instructi.
2558 4649 2656 4715 Qui
2697 4651 2822 4703 dum
2847 4651 2912 4703 ad
2953 4665 3036 4704 me
3081 4651 3430 4716 confluerent,
3484 4661 3597 4704 tan-

2027 4753 2185 4807 quam
2227 4740 2427 4794 cborus
2466 4742 2738 4809 angelicas
2776 4749 2830 4795 et
2856 4741 3000 4796 velut
3036 4742 3357 4812 conspicuus
3413 4741 3596 4794 Ecclcv

2027 4826 2120 4879 sia:
2143 4825 2424 4879 videbatur
2450 4828 2656 4881 enitere
2676 4838 2915 4882 senatus.

2033 4933 2162 4990 CAP.
2191 4933 2228 4988 Ι.
2263 4963 2334 4976 -
2362 4935 2621 4990 Hortatur
2655 4937 2905 4990 labentem
2929 4937 3257 5006 disciplinam
3283 4937 3594 4993 ecclesiasti-

2398 5022 2512 5058 cam
2540 5017 2585 5060 et
2624 5008 2909 5060 castitatem
2937 5009 3201 5060 sublevare

2103 5093 2394 5164 Postquam
2435 5094 2687 5148 latentem
2731 5096 2896 5164 pestis
2943 5094 3096 5161 hujus
3143 5096 3369 5151 eluviem
3409 5098 3591 5163 didici,

2033 5187 2280 5253 protinus
2309 5185 2399 5238 lux
2429 5185 2482 5237 in
2525 5184 2824 5253 caliginem,
2854 5193 2910 5237 et
2955 5185 3136 5236 laetitia
3188 5185 3314 5237 mihi
3367 5189 3594 5240 vet-titur

2035 5277 2088 5330 in
2114 5290 2422 5337 lltCBl‘Ol‘Ctll,
2451 5286 2612 5344 atque
2636 5276 2699 5327 ad
2727 5275 2851 5327 illud
2877 5276 3243 5343 evangelicum
3277 5277 3418 5330 illico
3448 5293 3597 5331 meus

2033 5368 2310 5422 recurrit:
2354 5383 2372 5417 ι
2413 5366 2502 5418 Va:
2535 5365 2711 5428 vobis,
2751 5366 2944 5432 inquit,
2977 5366 3180 5422 Scriba:
3229 5379 3284 5423 et
3311 5368 3594 5433 l’ltat'iswi,

2034 5459 2122 5526 qui
2155 5455 2358 5510 similes
2381 5456 2513 5509 estis
2539 5454 2796 5523 sepulcris
2822 5454 3106 5519 dealbatis,
3130 5473 3249 5526 quae
3278 5458 3407 5512 furis
3433 5474 3594 5526 appa-

2035 5557 2155 5600 rent
2186 5544 2492 5598 hominibus
2542 5543 2802 5612 speciosa,
2856 5544 2999 5598 intus
3047 5557 3222 5600 autem
3279 5547 3431 5614 plena
3471 5560 3595 5600 sunt

2031 5640 2246 5694 ossibus
2275 5647 2606 5691 mortuorum
2643 5640 2851 5692 etomni
2885 5641 3137 5707 spurcitia
3164 5640 3376 5709 (Matth.
3406 5646 3550 5708 xxv).
3570 5661 3587 5692 ι

2034 5729 2168 5798 Quid
2202 5735 2303 5796 est,
2341 5737 2514 5802 pater,
2563 5729 2705 5805 quod
2738 5729 2830 5784 tibi
2859 5729 2956 5784 soli
2995 5730 3183 5806 vigilas
3212 5749 3222 5783 :
3274 5741 3326 5785 ct
3369 5732 3472 5796 bis,
3499 5745 3593 5803 pr.
