4106 6320
1160 332 1225 398 ξῖ
1258 339 1465 399 PETRI
1500 337 1788 398 DAHIANI
1810 331 1973 396 ’0PP.
2014 335 2197 395 PARS
2232 336 2419 394 IIl.——
2443 336 2811 398 OPUSCULA
2852 339 3088 400 VARIA.

3682 345 3787 402 ιοιι

519 456 720 527 quibus
754 460 996 528 priorem
1028 453 1323 525 exigendus
1358 471 1419 512 es
1444 454 1748 517 rationem,
1786 461 1897 506 tam
1943 448 2104 505 inerti
2135 450 2183 510 Α
2210 446 2434 505 affectus
2466 448 2806 520 amplexibus
2847 451 3069 522 penitus
3111 451 3217 505 sint
3248 450 3463 508 remoti.
3506 449 3639 508 Nam
3664 457 3792 525 quia

519 547 812 603 securitate
860 544 1158 600 dormitas‘l
1219 544 1276 599 lu
1325 545 1449 600 aliis
1494 552 1639 601 certe
1694 543 2107 613 quibuscunque

518 637 765 709 personis
795 651 901 691 non
929 637 1166 708 exigitur
1206 636 1514 707 fecunditas
1563 635 1862 698 castitatis,
1896 634 1950 688 in
1988 633 2105 704 epi-

518 744 682 799 scopo
721 737 903 783 autem
955 727 1165 785 inutilis
1192 742 1315 783 esse
1348 728 1576 783 castitas
1610 724 1735 795 jure
1772 726 2105 789 decernitur,

514 835 638 891 qua
684 834 745 874 se
792 819 871 875 sic
921 819 1138 873 exhibet
1186 819 1453 883 sterilem,
1505 828 1565 872 ut
1593 818 1755 872 aliam
1784 831 1891 871 non
1930 816 2110 886 pariat

518 908 849 963 castitatem.
906 905 1214 963 Praesertim
1255 923 1377 963 cum
1427 907 1544 978 ipse
1587 906 1730 961 Deus
1767 906 2109 975 omnipotens

515 1015 614 1070 per
639 999 872 1053 Isaiam:
927 1016 946 1050 ι
981 996 1233 1066 Nunquid
1264 1012 1384 1066 ego,
1413 998 1503 1067 qui
1538 996 1676 1051 alios
1710 1011 1902 1066 parere
1941 995 2104 1059 facio,

518 1093 635 1162 ipse
666 1106 773 1146 non
801 1089 1034 1163 pariam,
1076 1091 1207 1145 dicit
1250 1090 1546 1145 Dominus?
1579 1109 1597 1142 ι
1634 1088 1768 1161 (Ira.
1805 1088 1974 1159 xxvi.)
2004 1087 2106 1145 Ubi

517 1181 840 1246 notandum,
888 1181 1017 1251 quia
1067 1180 1196 1235 dum
1244 1198 1352 1235 non
1402 1181 1558 1248 alias,
1610 1183 1703 1236 sed
1751 1180 1887 1235 alios
1917 1195 2109 1249 parcre

507 1269 682 1338 facio,
728 1272 897 1337 dicat,
951 1271 1188 1326 virorum
1240 1272 1424 1341 potius
1452 1288 1516 1328 ac
1544 1282 1823 1343 pastorum
1856 1272 2109 1327 Ecclesiae

514 1361 683 1417 foetus
742 1372 1044 1433 exspectat.
1095 1363 1267 1419 Malus
1313 1374 1496 1419 autem
1543 1375 1731 1436 pastor
1756 1382 1878 1421 cum
1915 1367 2104 1421 eodem

515 1455 779 1525 propheta
813 1462 989 1523 potest
1018 1454 1250 1525 lugendo
1278 1465 1541 1510 cantare:
1595 1474 1614 1509 ι
1653 1455 1770 1511 Νοιι
1818 1458 2105 1527 parturivi,

519 1553 576 1598 et
611 1559 718 1598 non
747 1545 951 1615 peperi,
986 1554 1040 1599 et
1072 1561 1178 1599 non
1208 1546 1440 1600 enutrivi
1464 1546 1725 1617 juvenes,
1775 1562 1874 1603 nec
1902 1548 1968 1602 ad
2020 1549 2105 1603 in-

518 1643 855 1690 crementum
893 1636 1120 1705 perduxi
1164 1636 1402 1704 virgines
1435 1635 1569 1706 (Isa.
1607 1635 1783 1708 χχιιι).
1822 1660 1843 1691 ι
1876 1636 2108 1694 Attende

515 1726 681 1780 etiam
711 1720 998 1796 diligenter
1024 1726 1168 1796 quod
1206 1727 1259 1780 in
1304 1727 1547 1782 Levitico
1581 1728 1815 1799 legitur:
1855 1748 1873 1780 ι
1909 1728 2101 1795 Omne,

2210 542 2323 597 sola
2356 542 2575 598 levitica
2604 543 2776 598 tribus
2817 545 2884 598 ad
2915 542 3253 599 sacerdotale
3281 544 3639 600 ministerium
3666 556 3794 603 tunc

2209 640 2330 687 erat
2367 633 2557 699 electa,
2588 635 2895 689 necessaria
2929 645 3058 690 tunc
3087 643 3207 689 erat
3234 638 3549 707 propagatio
3580 641 3792 709 generis

2208 725 2275 778 ad
2321 726 2752 781 conservandum
2796 728 3150 783 sacerdotalis
3198 726 3431 783 cilicium
3475 730 3793 801 dignitatis,

2207 814 2348 869 sicut
2373 816 2426 870 in
2454 815 2698 873 Levitico
2723 818 3024 873 Dominus:
3064 838 3083 872 ι
3116 818 3420 891 Virginem,
3452 821 3650 892 inquit,
3709 840 3796 879 sa-

2208 907 2400 961 cerdos
2431 908 2594 962 ducet
2630 925 2854 964 uxorem
2886 927 2899 964 :
2946 912 3165 966 viduam
3186 953 3201 977 ,
3241 920 3297 967 et
3335 913 3707 981 repudiatam,
3741 924 3799 970 et

2208 998 2500 1062 sordidam,
2535 1008 2699 1069 atque
2728 1002 3071 1057 meretricem
3105 1018 3212 1057 nou
3240 1003 3492 1071 accipiet,
3519 1004 3612 1058 sed
3644 1004 3799 1074 puel-

2208 1083 2313 1139 lam
2345 1087 2412 1141 de
2442 1088 2640 1157 populo
2666 1105 2795 1152 suo;
2828 1105 2895 1145 ne
2925 1091 3279 1146 commiscent
3318 1093 3542 1163 stirpem
3580 1093 3797 1162 generis

2208 1176 2289 1230 sui
2336 1176 2494 1247 vulgo
2521 1179 2697 1247 gentis
2725 1195 2865 1245 sum;
2896 1182 3021 1250 quia
3046 1197 3147 1249 ego
3176 1182 3456 1245 Dominus,
3482 1184 3572 1251 qui
3594 1183 3796 1237 sancti-

2208 1268 2311 1324 ﬁco
2347 1285 2468 1323 eum
2500 1269 2689 1339 (Leuit.
2719 1272 2856 1343 ut).
2896 1292 2915 1326 ι
2968 1272 3123 1328 Nunc
3167 1285 3345 1329 autem
3395 1276 3519 1344 quia
3551 1291 3615 1328 ex
3645 1276 3794 1330 omni

2206 1360 2404 1432 populo
2449 1361 2760 1416 Christiano
2789 1362 2990 1431 passim
3018 1362 3077 1416 ﬁt
3114 1364 3466 1419 sacerdotalis
3490 1364 3704 1429 electio,
3739 1374 3797 1419 et

2210 1456 2263 1505 in
2291 1452 2630 1521 promotione
2650 1451 2970 1506 clericorum
3001 1468 3107 1507 non
3134 1453 3409 1509 distinctio
3428 1456 3664 1525 generis,
3696 1456 3795 1511 sed

2206 1542 2568 1612 praerogativa
2615 1541 2881 1596 duntaxat
2934 1543 3243 1612 exquiritur
3285 1544 3630 1611 sanctitatis;
3667 1558 3795 1603 ces-

2208 1641 2332 1687 sant
2375 1633 2499 1703 jura
2538 1631 2810 1703 conjugii,
2848 1632 2974 1687 dum
3005 1634 3358 1702 praecedentis
3389 1634 3634 1690 aboletur
3658 1650 3792 1691 cen-

2207 1740 2333 1781 sura
2388 1727 2653 1792 mandati,
2701 1726 2843 1781 sicut
2892 1726 3183 1796 Apostolus
3231 1726 3298 1782 ad
3366 1725 3623 1783 Hebrtcos
3668 1729 3792 1783 ait:

518 1819 714 1889 inquit,
745 1794 967 1883 animal,
1021 1794 1165 1888 quod
1210 1819 1297 1872 vel
1345 1821 1616 1885 contritis,
1637 1794 1730 1873 vel
1779 1821 1970 1885 tunsis,
2019 1794 2103 1876 vel
2138 1794 2181 1854 Β
2215 1835 2234 1868 ι
2266 1815 2595 1885 Reprohatio
2626 1816 2682 1869 ﬁt
2712 1794 3073 1886 prtecedentis
3111 1818 3349 1871 mandati
3389 1828 3609 1886 propter
3637 1818 3792 1873 infir-

496 1910 681 1965 -~scctis
708 1909 1011 1979 ablatisque
1038 1910 1306 1965 testiculis
1349 1918 1452 1974 est,
1478 1925 1584 1965 non
1611 1908 1853 1967 oﬁ‘cretis
1874 1911 2103 1967 Domino

516 2001 707 2074 (Leuit.
737 2002 897 2075 χχιι).
938 2021 958 2056 ι

584 2094 758 2150 Porro
778 2096 822 2150 si
847 2104 996 2149 tanto
1025 2097 1166 2151 Deus
1191 2095 1315 2150 odio
1340 2096 1504 2152 habet
1536 2096 1876 2153 sterilitatem
1899 2096 1954 2151 in
1986 2098 2107 2152 ani-

514 2185 750 2241 malibus
774 2186 973 2252 brutis,
1001 2201 1119 2256 qua:
1147 2186 1248 2240 sibi
1273 2201 1372 2255 per
1386 2187 1719 2241 sacerdotale
1742 2186 2103 2242 ministerium

516 2275 839 2343 oﬁ'eruntur,
871 2275 1273 2347 quantomagis
1302 2276 1443 2331 hanc
1472 2288 1795 2346 aspernatur
1828 2277 1881 2331 in
1917 2292 2102 2332 sacer-

518 2367 755 2433 dotibus,
784 2368 875 2437 qui
900 2368 1002 2421 sibi
1043 2367 1375 2422 sacriﬁcium
1401 2366 1673 2422 offerunt?
1708 2367 1996 2433 Nimirum,
2047 2375 2107 2421 ut

512 2456 659 2514 sicut
694 2457 800 2512 illis
842 2457 1009 2511 foetus
1060 2457 1297 2528 exigitur
1343 2457 1546 2521 carnis,
1579 2458 1654 2511 ita
1702 2458 2014 2512 sacerdotes
2048 2459 2103 2512 in

513 2546 654 2601 alios
699 2547 1025 2618 prOpagincs
1059 2546 1369 2617 germinent
1399 2546 1726 2601 sanctitatis.
1769 2545 1923 2602 Tunc
1974 2562 2104 2616 ergo

508 2653 701 2694 coram
726 2637 927 2692 divinis
950 2636 1229 2691 obtutibus
1273 2643 1361 2692 tua
1406 2638 1633 2693 castitas
1673 2639 2023 2707 approbatur,
2058 2637 2102 2692 si

512 2739 573 2786 et
630 2730 685 2784 in
726 2729 954 2786 clericos
1002 2741 1121 2785 tuos
1167 2729 1522 2801 propaginata
1568 2730 1885 2799 porrigitur.
1935 2729 2104 2786 Porro

516 2831 701 2877 autem
729 2822 873 2878 sicut
897 2820 1025 2877 olim
1060 2821 1203 2877 Deus
1224 2822 1570 2892 omnipotens
1598 2822 1666 2877 de
1694 2823 1904 2878 cunctis
1936 2822 2094 2878 tribu-

508 2916 617 2971 bus
645 2915 838 2971 levitas
872 2914 1058 2985 elegit,
1082 2923 1142 2968 ut
1188 2929 1287 2984 per
1316 2913 1514 2983 legales
1550 2915 1903 2969 czeremonias
1929 2914 2103 2970 Israe-

513 3006 718 3061 Iiticam
746 3013 992 3077 regerent
1023 3005 1233 3074 plebem
1261 3022 1275 3059 :
1322 3005 1398 3059 ita
1428 3006 1592 3060 etiam
1629 3005 1683 3060 in
1726 3004 1878 3061 Novo
1913 3005 2105 3061 Testa-

514 3104 700 3150 mento
739 3094 969 3150 clericos
1014 3093 1152 3161 sibi,
1198 3101 1455 3164 tanquam
1500 3093 1797 3151 familiares
1850 3096 2098 3161 adscivit,

2204 1905 2448 1959 mitatem
2476 1903 2611 1973 ejus,
2644 1914 2699 1959 et
2748 1905 3093 1960 inutilitatem
3122 1924 3135 1959 :
3182 1907 3317 1960 nihil
3346 1908 3489 1961 enim
3517 1908 3583 1961 ad
3612 1907 3795 1977 perfe-

2204 2003 2350 2050 ctum
2377 1996 2693 2050 adducitlcx
2716 1994 2907 2066 (Hebr.
2938 1997 3058 2066 vn).
3092 2016 3110 2047 ι
3137 1996 3203 2051 Et
3229 1997 3387 2067 paulo
3410 2008 3525 2068 post
3556 2016 3570 2053 :
3610 1998 3794 2056 aNunt:

2204 2097 2386 2143 autem
2409 2087 2662 2142 Christus
2678 2094 2827 2141 tanto
2842 2087 3038 2143 melius
3058 2089 3283 2142 sortitus
3302 2099 3385 2143 est
3404 2091 3790 2159 ministerium,

2204 2187 2408 2246 quanto
2444 2188 2502 2232 et
2531 2177 2771 2232 melioris
2801 2178 3116 2232 testamenti
3146 2179 3413 2234 mediator
3439 2190 3544 2235 est.
3587 2180 3719 2235 Nam
3744 2182 3794 2236 si

2206 2266 2335 2321 illud
2373 2268 2525 2336 prius
2554 2266 2710 2336 culpa
2740 2276 3009 2328 vacasset.
3046 2283 3151 2322 non
3182 2269 3369 2338 utique
3393 2271 3616 2324 secundi
3645 2270 3794 2327 locus

2205 2354 2576 2425 inquireretur
2608 2355 2795 2427 (Hebr.
2827 2358 2967 2428 vin).
2989 2376 3008 2410 ι
3046 2357 3159 2413 Hoc
3186 2368 3366 2414 autem
3395 2370 3618 2431 propter
3652 2361 3792 2431 illos,

2205 2462 2297 2516 qut
2353 2448 2559 2512 dicunt,
2607 2449 2735 2518 quia
2792 2449 2837 2504 si
2891 2450 3207 2504 sacerdotes
3258 2450 3462 2506 nubere
3515 2463 3793 2518 peccaturo

2205 2545 2368 2603 esset,
2403 2553 2743 2607 nequaquam
2774 2538 2878 2594 hoc
2904 2539 2960 2593 in
3007 2539 3124 2610 lege
3154 2540 3324 2594 veteri
3369 2540 3623 2595 Dominus
3651 2558 3792 2612 prte-

2208 2628 2462 2697 cepisset.
2493 2627 2598 2683 Sed
2627 2629 2718 2697 qui
2753 2630 2855 2685 hoc
2884 2630 3093 2696 dicunt,
3131 2631 3319 2700 procul
3356 2632 3522 2687 dubio
3547 2635 3675 2703 quid
3697 2650 3789 2690 ca-

2209 2719 2403 2774 nonica
2436 2720 2695 2774 decernat
2724 2722 3021 2777 auctoritas
3052 2732 3146 2776 aut
3194 2724 3467 2789 nesciunt,
3496 2735 3588 2779 aut
3612 2741 3672 2781 se
3694 2726 3766 2780 fal

2204 2808 2398 2864 laciter
2441 2810 2692 2880 ignorare
2719 2811 3055 2880 confingunt.
3091 2810 3201 2868 Nos
3228 2813 3416 2883 plane,
3449 2816 3677 2885 quilibet
3711 2816 3798 2873 ni-

2205 2899 2404 2955 mirum
2432 2902 2742 2970 apostolica:
2779 2903 2926 2958 sedis
2953 2905 3156 2970 aeditui,
3195 2906 3297 2961 hoc
3334 2921 3429 2977 per
3466 2922 3658 2963 omnes
3695 2925 3797 2979 pu-

2206 2992 2346 3047 blice
2370 2993 2757 3048 concionamur
2783 2994 3078 3062 Eeclesias,
3109 3007 3169 3051 ut
3196 3012 3356 3052 nemo
3386 2998 3581 3054 missas
3606 3016 3636 3053 a
3669 3016 3799 3069 pre—

2212 3081 2451 3151 sbytero,
2494 3097 2602 3136 non
2643 3082 2991 3153 Evangelium
3019 3100 3049 3137 a
3095 3086 3348 3152 diacono,
3399 3102 3506 3141 non
3558 3088 3796 3156 denique

513 3186 713 3256 quibus
745 3184 1172 3241 ecclesiasticam
1200 3184 1565 3240 committeret
1593 3185 1934 3257 dignitatem.
1954 3186 2102 3243 Dicit

2208 3172 2500 3241 Epistulam
2526 3188 2554 3226 a
2579 3174 2910 3228 subdiacouo
2934 3190 3158 3244 prorsus
3184 3179 3388 3241 audiat,
3416 3193 3554 3248 quos
3579 3178 3797 3234 misceri

514 3279 660 3334 enim
689 3276 905 3348 Moysi:
964 3296 983 3331 ι
1019 3276 1334 3347 Applicabis
1379 3277 1573 3333 levitas
1619 3294 1802 3334 coram
1852 3280 2104 3336 taberna-

424 3368 431 3376 ’
514 3367 639 3425 culo
682 3367 930 3433 foederis,
973 3377 1273 3422 convocata
1321 3369 1470 3423 omni
1499 3369 1845 3425 multitudine
1870 3370 2101 3426 filiorum

512 3456 701 3514 Israel.
730 3456 974 3526 Cumque
994 3456 1171 3512 levita:
1192 3456 1393 3511 fuerint
1421 3472 1603 3512 coram
1626 3459 1877 3523 Domino,
1902 3470 2105 3530 ponent

496 3554 613 3609 .ﬁlii
646 3552 814 3609 Israel
844 3567 1038 3608 manus
1083 3567 1211 3608 suas
1244 3567 1408 3623 super
1456 3568 1571 3619 eos,
1603 3564 1660 3608 et
1701 3553 1894 3609 oﬁ‘erct
1920 3555 2103 3610 Aaron

515 3645 729 3708 levitas,
761 3659 956 3699 munus
984 3644 1040 3699 in
1086 3653 1380 3714 conspectu
1419 3644 1631 3699 Domini
1675 3661 1704 3698 a
1749 3645 1874 3699 ﬁliis
1918 3646 2102 3711 Israel,

515 3747 578 3792 ut
607 3737 851 3792 serviant
896 3735 951 3790 in
998 3736 1299 3791 ministerio
1332 3734 1450 3803 ejus
1480 3734 1671 3807 (Num.
1706 3737 1846 3808 vui).
1889 3756 1907 3789 ι
1941 3737 2106 3809 396

507 3828 622 3885 .Ubi
655 3826 975 3891 notamlutn,
1006 3827 1132 3897 quia
1163 3841 1287 3881 cum
1319 3826 1488 3881 dicit:
1529 3844 1547 3878 ι
1577 3826 1784 3881 Ponent
1815 3828 1909 3880 lllii
1939 3828 2105 3883 Israel

518 3930 712 3971 manus
742 3930 870 3970 suas
900 3930 1064 3983 super
1087 3928 1199 3978 eos,
1228 3923 1284 3968 et
1308 3912 1499 3969 offeret
1534 3915 1713 3969 Aaron
1743 3914 1952 3983 levitas,
1982 3933 2105 3971 mu-

515 4022 624 4062 nus
660 4008 714 4062 in
746 4016 1042 4076 conspectu
1073 4004 1286 4059 Domini
1319 4019 1349 4057 a
1389 4003 1515 4058 ﬁliis
1544 4004 1729 4069 Israel,
1764 4024 1784 4057 ι
1825 4007 2107 4062 evidenter

524 4105 773 4168 apparet,
800 4095 924 4166 quia
957 4094 1208 4150 leviticus
1247 4095 1382 4149 ordo
1410 4110 1607 4149 munus
1638 4095 1731 4150 Dei
1754 4108 1837 4151 est
1857 4112 1888 4150 a
1910 4098 2105 4168 populo

517 4192 729 4255 datum,
777 4189 946 4260 eique
976 4188 1032 4242 in
1063 4185 1391 4243 sacriﬁcium
1419 4201 1519 4258 per
1559 4201 1780 4242 manum
1806 4191 2107 4246 sacerdotis

501 4277 779 4336 ioblatum.

647 4367 778 4425 CAP.
806 4366 871 4422 Il.
897 4395 969 4408 —
1002 4365 1196 4421 Clerici
1220 4382 1317 4420 cur
1335 4382 1366 4420 a
1394 4383 1586 4437 popmo
1615 4377 1973 4438 segregantur.

578 4457 730 4525 Quid
759 4472 890 4526 ergo
913 4456 1025 4524 jam
1059 4464 1250 4521 restat,
1285 4457 1388 4511 nisi
1418 4465 1476 4510 ut
1506 4457 1563 4523 ii,
1593 4455 1817 4525 quijam
1843 4459 1951 4512 Deo
1977 4457 2104 4512 facti

520 4560 649 4607 sunt
678 4548 1037 4613 sacriﬁcium,
1070 4556 1127 4603 et
1172 4562 1202 4601 a
1242 4548 1430 4601 mundi
1471 4546 1629 4615 hujus
1674 4549 1959 4605 servilibus
1999 4550 2108 4605 sint

517 4642 777 4714 operibus
799 4640 977 4704 liberi,
999 4647 1055 4694 et
1074 4637 1204 4694 solis
1223 4637 1390 4692 divini
1419 4637 1710 4693 famulatus
1735 4648 1927 4695 vacent
1951 4640 2108 4696 obse-

518 4736 663 4804 quiis
698 4731 1031 4802 mancipati?
1064 4730 1132 4787 Ut
1158 4730 1286 4801 quid
1335 4730 1479 4785 enim
1505 4746 1534 4784 a
1588 4731 1782 4801 populo
1812 4747 2103 4804 segregan—

516 4838 625 4893 tur,
661 4838 714 4882 et
740 4841 938 4880 munus
970 4825 1079 4879 Deo
1127 4823 1434 4893 specialiter
1462 4824 1616 4893 fiunt,
1647 4825 1749 4879 nisi
1791 4835 1848 4879 ut
1879 4828 2102 4881 di\isam

519 4934 550 4971 a
583 4917 781 4988 populo
803 4914 1016 4970 vivendi
1046 4914 1285 4985 regulam
1311 4925 1550 4980 teneant,
1578 4924 1632 4970 et
1657 4920 1994 4975 czcrcmoniis
2021 4919 2102 4973 di-

516 5010 659 5065 vinae
684 5008 817 5081 legis
838 5006 1041 5079 jugiter
1060 5004 1393 5061 excubantes
1418 5006 1701 5062 insistant?
1723 5007 1875 5064 Unde
1897 5020 1949 5065 et
1973 5011 2101 5066 alibi

521 5101 692 5156 dicit:
730 5118 751 5152 ι
787 5099 899 5171 Ego
929 5099 1023 5155 tuli
1054 5098 1244 5154 levitas
1284 5113 1311 5151 a
1349 5096 1473 5152 ﬁliis
1499 5099 1666 5153 Israel
1690 5117 1791 5170 pro
1817 5104 1963 5156 omni
1994 5105 2103 5173 pri-

520 5190 811 5261 mogenita,
840 5192 930 5259 qui
958 5191 1136 5259 aperit
1154 5189 1369 5243 vulvam
1394 5189 1445 5243 in
1473 5189 1598 5245 ﬁliis
1620 5192 1803 5257 Israel,
1835 5203 2102 5260 eruntque

518 5278 702 5335 levita:
751 5279 854 5333 mei
905 5278 1093 5350 (Nam.
1137 5280 1242 5351 ιιι).
1281 5298 1299 5330 ι
1355 5278 1460 5334 Sed
1504 5295 1627 5335 cum
1674 5281 1758 5336 lex
1810 5281 1897 5336 illa
1940 5283 2104 5339 fuerit

512 5369 648 5423 data
688 5384 786 5439 per
825 5383 1061 5434 servum,
1095 5368 1404 5439 evangelica
1434 5385 1565 5425 vero
1598 5372 1771 5441 gratia
1807 5373 1877 5427 sit
1907 5374 2100 5429 collata

519 5465 619 5533 per
650 5460 937 5515 Dominum
966 5478 977 5513 :
1012 5474 1235 5514 necesse
1264 5469 1367 5525 est,
1406 5471 1466 5516 ut
1494 5462 1638 5517 aliud
1673 5473 1801 5519 tunc
1847 5480 1877 5519 a
1930 5467 2104 5524 levitis

520 5551 843 5623 Synagogre,
881 5551 1027 5605 aliud
1058 5566 1198 5606 nunc
1234 5567 1263 5606 a
1300 5552 1514 5608 clericis
1542 5554 1792 5624 exigatur
1823 5555 2101 5614 Ecclesiae.

519 5643 631 5700 Iilis
657 5645 921 5716 siquidem
949 5659 1046 5714 pro
1077 5643 1338 5714 qualitate
1369 5647 1624 5716 temporis
1651 5649 2104 5718 permittebantur

517 5734 637 5807 jura
677 5735 908 5806 conjugii
938 5754 950 5788 :
1004 5735 1121 5792 istis
1171 5751 1298 5792 vero
1330 5737 1674 5805 praecipitur,
1713 5747 1771 5794 ut
1806 5755 1836 5795 a
1870 5744 2104 5801 carnalis

2205 3260 2423 3317 feminis
2477 3279 2584 3317 non
2636 3263 2866 3334 ignorat.
2909 3265 2976 3319 Et
3005 3266 3160 3321 ne‘id
3188 3281 3349 3337 agere
3392 3283 3675 3337 perperam
3715 3269 3798 3325 vi-

2205 3355 2450 3420 deamur,
2504 3372 2901 3426 apponeremus
2936 3360 3141 3429 aliquot
3201 3363 3499 3417 sententias
3548 3362 3792 3430 Patrum,

2205 3444 2306 3497 nisi
2357 3444 2668 3514 prohiberet
2712 3447 3004 3516 epistulare
3060 3453 3459 3518 compendium.
3505 3452 3611 3507 Sed
3661 3454 3792 3520 quia

2196 3535 2408 3591 nostris
2460 3536 2640 3590 vetbis
2685 3535 2821 3592 ﬁdes
2868 3554 2971 3593 non
3020 3540 3180 3596 aliter
3230 3541 3548 3606 adhibetur,
3599 3559 3790 3597 eorum

2206 3642 2377 3698 pauca
2411 3627 2602 3682 saltem
2628 3629 2874 3695 ponenda
2906 3638 3033 3684 sunt
3064 3634 3372 3687 testimonia
3394 3672 3408 3696 ,
3448 3643 3501 3687 ut
3534 3649 3632 3703 per
3678 3636 3793 3688 lucc

2205 3732 2327 3787 quae
2391 3724 2547 3773 nunc’
2591 3718 2755 3789 397
2812 3730 3109 3776 occurrunt
3166 3725 3475 3784 memoriaa,
3534 3724 3796 3795 colligant

2206 3823 2405 3882 quanta
2434 3813 2666 3877 valeant,
2695 3813 2740 3868 si
2767 3814 3103 3882 quaesierint,
3136 3814 3190 3869 in
3229 3815 3361 3886 ipsis
3398 3817 3679 3871 codicibus
3706 3817 3794 3871 in-

2206 3916 2326 3958 veni
2335 3917 2410 3957 re.

2274 4016 2333 4071 In
2388 4017 2577 4087 primis
2626 4018 2839 4090 itaque.
2889 4018 3018 4089 quid
3058 4019 3334 4088 apostolus
3364 4020 3601 4077 Jacohus
3630 4035 3797 4092 super

2206 4106 2311 4162 hoc
2341 4109 2555 4176 negotio
2590 4109 2749 4163 beato
2798 4107 3062 4165 Clementi
3124 4110 3318 4182 (Epist.
3369 4112 3427 4180 2)
3493 4113 3794 4183 scripserit,

2206 4198 2489 4252 audiamus
2530 4215 2545 4253 :
2594 4217 2613 4250 ι
2649 4196 2896 4262 Ministri,
2951 4198 3143 4268 inquit,
3206 4199 3413 4265 altaris,
3466 4203 3793 4273 presbyteri,

2098 4345 2113 4357 ,
2207 4288 2322 4342 sive
2350 4289 2565 4342 diaconi
2602 4290 2669 4342 ad
2700 4289 2980 4343 Dominica
3013 4290 3147 4345 tales
3175 4290 3445 4360 eligantur
3465 4292 3663 4357 cilicia,
3698 4295 3791 4363 qui

2206 4387 2332 4433 ante
2361 4380 2755 4434 ordinationem
2785 4378 3066 4450 conjugcm
3088 4395 3242 4434 suam
3271 4382 3621 4452 reliquerunt.
3641 4384 3796 4449 Quod

2210 4472 2255 4526 si
2314 4479 2434 4541 post
2485 4470 2881 4525 ordinationem
2940 4472 3191 4526 ministro
3240 4473 3529 4543 contigerit
3562 4474 3797 4545 propriae

2212 4561 2470 4618 invadere
2501 4561 2676 4617 cubile
2714 4562 2931 4625 uxoris,
2958 4563 3182 4617 sacrarii
3218 4579 3327 4617 non
3374 4565 3535 4618 intret
3586 4566 3793 4633 limina,

2214 4667 2313 4706 nec
2340 4653 2589 4709 sacriﬁcii
2624 4653 2855 4722 portitor
2884 4654 3009 4721 ﬁat,
3041 4669 3141 4709 uec
3171 4655 3340 4710 altare
3369 4658 3667 4727 contingat,
3697 4675 3796 4713 nec

2213 4745 2280 4798 ab
2309 4744 2660 4801 offerentibus
2692 4744 2990 4800 holocausti
3016 4745 3342 4799 oblationem
3384 4748 3666 4817 suscipiat,
3695 4764 3796 4805 nec

2212 4834 2276 4886 ad
2306 4835 2569 4889 Dominici
2595 4837 2841 4904 corporis
2864 4836 3167 4905 portionem
3200 4838 3442 4902 accedat,
3469 4854 3666 4909 aquam
3704 4856 3796 4894 sa-

2210 4927 2489 4981 cerdotum
2531 4927 2768 4998 petrigat
2800 4928 3070 4993 manibus,
3097 4932 3232 4984 ostia
3280 4931 3583 4988 forinsecus
3640 4932 3794 4987 clau-

2208 5017 2320 5082 dat,
2356 5018 2562 5071 minora
2604 5030 2753 5087 gerat
2783 5017 2976 5084 cilicia,
3005 5035 3226 5075 urceum
3259 5038 3391 5075 sane
3412 5023 3479 5077 ad
3497 5022 3793 5079 salutarem

2209 5109 2429 5163 calicem
2462 5124 2569 5163 non
2605 5119 2873 5180 suggerat.
2898 5130 2915 5161 ι
2935 5112 3182 5167 Aurelius
3199 5129 3324 5168 vero
3349 5112 3795 5186 Carthaginiensis

2207 5199 2491 5269 cpiscopus
2515 5199 2654 5254 inter
2675 5210 2869 5255 caetera
2896 5201 2973 5255 sic
3000 5201 3074 5255 ait
3095 5204 3260 5272 (conc.
3278 5200 3525 5274 Curtliag.
3545 5221 3603 5268 ιι,
3622 5222 3670 5259 c.
3689 5205 3743 5274 2)
3777 5221 3794 5261 :

2212 5307 2232 5340 ι
2290 5289 2498 5344 Placuit
2542 5306 2728 5346 sacros
2774 5291 3045 5347 antiSIites
3098 5308 3161 5347 ac
3200 5293 3292 5347 Dei
3334 5295 3663 5359 sacer-dctcs,
3695 5312 3797 5350 nec

2208 5393 2314 5433 non
2340 5389 2394 5434 et
2424 5380 2634 5445 levitas,
2663 5379 2743 5433 vel
2771 5383 2858 5450 qui
2877 5384 3232 5436 sacramentis
3253 5383 3450 5437 divinis
3473 5385 3795 5450 inserviunt.

2208 5471 2550 5525 continentes
2571 5485 2691 5525 esse
2725 5471 2778 5524 in
2810 5472 3083 5536 omnibus,
3122 5490 3228 5542 quo
3276 5475 3482 5544 possint
3534 5474 3799 5543 simplici-

2207 5572 2292 5617 ter
2332 5563 2473 5633 quod
2506 5579 2535 5617 a
2569 5562 2678 5617 Deo
2706 5564 2983 5633 postulant
3033 5562 3358 5634 impetrare;
3416 5576 3468 5618 ut
3496 5569 3637 5636 quod
3665 5581 3796 5635 apo-

2208 5652 2329 5707 stoli
2376 5654 2698 5715 docuerunt.
2744 5662 2798 5707 et
2855 5652 2970 5721 ipsa
3034 5655 3269 5708 servavit
3330 5655 3648 5727 antiquitas,
3693 5672 3797 5712 nos

2209 5758 2423 5816 quoque
2476 5742 2868 5801 custodiamus.
2917 5762 2936 5797 ι
2983 5743 3273 5801 Faustinus
3307 5744 3470 5799 etiam
3511 5746 3793 5815 episcopus
