4106 6320
313 375 406 431 ιοι

986 350 1226 432 oroSc.
1273 374 1452 431 xvut.
1489 406 1558 416 —
1595 373 1872 431 cosrna
1910 371 2484 433 INTEMPERANTES
2521 377 2868 434 cLEtucos.

3456 378 3561 432 ιω

310 488 562 545 Ecclesia
579 489 855 542 Pontiana‘.
884 486 1341 561 [al.,Potentin:e]
1367 489 1656 557 provincia:
1680 486 1883 551 Piceni,
1916 490 1962 550 Α
1994 485 2241 551 lectores,
2273 497 2627 558 cantoresque
2658 486 3047 542 tantummodo.
3093 507 3111 542 ι
3149 489 3261 552 Sed
3294 498 3346 545 et
3373 491 3564 547 beatus

327 587 514 648 egatus
544 577 798 630 Romana:
820 576 1072 631 Ecclesia:
1096 578 1233 631 dixit
1258 579 1425 647 (conc.
1453 576 1631 631 Carth.
1661 595 1720 640 tt,
1746 576 1883 646 c.2):

317 685 336 716 ι
354 667 535 720 Placet
558 675 613 718 ut
644 667 946 733 cpiscopus,
966 668 1248 737 presbyter
1267 677 1320 722 et
1341 668 1618 733 diaconus,
1633 669 1787 737 et-qni
1805 684 1891 722 sa-

315 767 586 813 cramenta
597 766 952 819 contrectant,
974 758 1244 826 pudicitia:
1257 760 1526 821 custodes,
1543 761 1610 812 ab
1633 761 1890 814 uxoribus

310 865 367 900 se
401 848 724 901 abstineant.
757 869 774 899 ο
807 849 887 901 Ab
910 848 1173 903 universis
1195 850 1458 918 episc0pis
1514 851 1715 903 dictum
1764 860 1886 904 est:

315 959 330 988 σ
363 939 565 1000 Placet,
621 949 677 991 ut
729 940 780 992 in
834 940 1085 993 omnibus
1132 951 1186 993 et
1225 941 1296 994 ab
1344 941 1593 995 omnibus
1631 943 1886 1009 pudicitia

314 1042 466 1082 t-usto
508 1032 521 1084 i
563 1041 645 1084 tur
680 1034 770 1099 qtti
803 1031 956 1085 altari
988 1033 1247 1087 serviunt.
1280 1054 1299 1086 ι

383 1123 436 1175 lu
477 1124 886 1188 Cartltagiuetni
920 1143 1132 1196 quoque
1168 1129 1396 1183 coocilio
1441 1130 1633 1184 iterum
1691 1131 1889 1185 dicitur

315 1245 317 1248 -
367 1229 479 1265 -·ιη‹·.
513 1212 760 1280 Curi/mg.
795 1230 844 1272 ν.
878 1230 926 1268 c.
958 1216 1054 1285 5):
1095 1236 1111 1266 ι
1157 1217 1421 1272 Pra-terea
1461 1235 1584 1274 cum
1635 1222 1700 1274 de
1755 1238 1889 1290 quo-

315 1318 372 1352 ra
404 1308 555 1356 udam
584 1305 930 1368 clericorum,
958 1310 1205 1375 qnatnvis
1233 1309 1518 1373 lectorum,
1538 1328 1662 1377 erga
1692 1327 1885 1367 uxores

315 1399 556 1460 propr'as
600 1397 984 1450 int-ontiuentia
1012 1397 1107 1450 ref:
1127 1407 1336 1465 rretur;
1380 1401 1576 1468 placuit
1605 1403 1886 1471 episc0pos

313 1494 366 1536 et
397 1489 758 1553 presbyteros,
791 1498 843 1539 et
881 1487 1140 1542 diaconos
1167 1494 1462 1543 secundum
1509 1493 1726 1561 propria
1778 1503 1888 1547 sta-

315 1583 425 1627 tuta
458 1578 619 1628 etiam
660 1578 725 1628 ab
762 1579 1020 1631 uxoribus
1069 1581 1366 1634 continuere.
1413 1583 1564 1648 Quod
1606 1584 1704 1638 nisi
1741 1583 1886 1638 fece-

315 1664 442 1726 rint,
474 1663 540 1716 ab
563 1665 927 1721 ecclesiastico
950 1681 1325 1724 removeantur
1351 1671 1542 1726 oflicio.
1577 1692 1594 1724 ι
1639 1673 1692 1726 In
1725 1689 1889 1727 cano-

313 1755 472 1809 nibus
509 1756 874 1824 apostolorum
913 1759 1110 1813 dicitur
1161 1778 1174 1813 :
1239 1780 1257 1813 ι
1329 1761 1404 1818 De
1460 1765 1786 1833 presbyteris
1829 1774 1887 1819 et

1992 575 2284 645 Gregorius
2305 577 2466 632 Petro
2488 579 2815 633 subdiacono
2840 579 3133 643 mandavit,
3160 580 3344 635 dicens
3368 581 3561 651 (Gneo.

1989 664 2114 736 Reg.
2149 666 2240 720 lib.
2265 682 2278 719 l
2300 708 2311 720 .
2337 683 2421 736 ep.
2454 668 2545 737 42)
2573 686 2584 720 :
2616 687 2633 719 ε
2671 670 2808 722 Ante
2861 669 3144 722 triennium
3209 671 3566 726 subdiaconcs

1989 756 2226 808 omnium
2275 756 2636 810 Ecclesiarunt
2686 757 2885 812 Ciliciae
2933 759 3189 828 prohibiti
3243 759 3478 825 fuerant,
3508 771 3569 816 ttt

1989 861 2138 899 more
2177 846 2433 900 Romanae
2468 847 2748 909 Ecclesize,
2790 849 2903 903 suis
2958 851 3216 904 uxoribus
3264 851 3569 907 nullatenus

1989 935 2364 988 miscerentur.
2399 936 2548 1000 Quod
2590 937 2720 990 mihi
2766 937 2957 990 durum
3010 947 3170 1006 atque
3202 940 3572 1010 incompctens

1987 1025 2224 1088 videtur,
2257 1035 2313 1078 ut
2343 1027 2432 1093 Qui
2459 1038 2609 1084 usum
2641 1027 2882 1094 ejusdem
2912 1029 3256 1083 contiucntim
3285 1045 3389 1083 non
3422 1030 3573 1082 inve-

1990 1117 2098 1180 nit,
2133 1133 2308 1186 neque
2337 1121 2642 1173 castitatem
2681 1129 2806 1175 ante
2833 1123 3132 1191 proposuit,
3155 1124 3508 1194 compellatur
3537 1137 3578 1176 ιι-

1987 1223 2080 1262 sua
2115 1225 2281 1262 uxore
2302 1213 2560 1280 separari,
2591 1222 2750 1281 atque
2793 1227 2888 1280 per
2919 1215 3037 1277 hoc,
3062 1215 3202 1282 quod
3233 1214 3391 1278 absit,
3421 1215 3573 1268 dete-

1990 1301 2102 1353 rius
2154 1301 2334 1353 cadat.
2391 1297 2545 1356 Unde
2591 1302 2797 1356 videtur
2841 1302 2990 1366 tnihi,
3024 1316 3079 1356 ut
3128 1319 3156 1355 a
3205 1304 3450 1371 praesenti
3483 1303 3570 1356 die

1986 1392 2238 1446 outuibus
2261 1393 2530 1462 episcopis
2561 1394 2806 1458 dicatur,
2841 1389 2928 1447 ἰιι
2965 1394 3163 1452 nullum
3205 1395 3383 1448 facere
3439 1394 3568 1448 sul:—

1989 1484 2272 1538 diacontttn
2307 1495 2657 1554 pratsumant,
2706 1486 2807 1539 nisi
2858 1485 2947 1554 qui
3002 1501 3059 1540 se
3110 1487 3373 1540 victurum
3422 1493 3570 1538 caste

1987 1575 2320 1643 promiserit,
2351 1583 2616 1643 quatenus
2642 1585 2696 1629 et
2728 1576 3020 1643 praeterita,
3045 1592 3163 1644 qtne
3196 1591 3290 1644 per
3319 1574 3562 1644 proposi-

1988 1673 2102 1718 tunt
2131 1665 2336 1718 mentis
2387 1666 2623 1735 appetita
2659 1682 2764 1719 non
2811 1676 2958 1731 sunt,
2985 1666 3244 1721 violenter
3290 1682 3393 1720 non
3447 1665 3567 1720 exi-

1986 1766 2201 1826 gantur,
2229 1765 2284 1810 et
2312 1756 2493 1810 futura
2545 1765 2701 1812 caute
2751 1766 3063 1810 caveantur.
3123 1755 3222 1822 Qui
3268 1771 3396 1811 vero
3445 1763 3566 1824 post

313 1847 630 1901 diaconibus
668 1849 972 1903 divinarum
1015 1851 1190 1920 legum
1236 1863 1319 1907 est
1372 1854 1687 1923 disciplina,
1717 1865 1777 1908 ut
1807 1856 1891 1909 in-

1995 1847 2239 1900 eamdem
2286 1846 2866 1915 prohibitioncm,qua:
2909 1859 3035 1900 ante
3085 1847 3376 1900 triennium
3426 1846 3567 1900 facta

312 1938 655 1993 continentes
710 1941 761 1993 in
815 1940 1004 1995 officiis
1054 1945 1247 1998 talibus
1278 1946 1465 2013 positi,
1501 1947 1645 2000 omni
1689 1949 1892 2004 honore

313 2027 688 2082 ecclesiastico
733 2031 1012 2098 priventur
1051 2051 1064 2085 :
1107 2048 1207 2086 nec
1255 2034 1608 2089 admittantnr
1670 2037 1734 2090 ad
1789 2037 1892 2092 tale

315 2117 697 2181 ministerium,
717 2120 857 2186 quod
887 2120 997 2174 sola
1021 2121 1350 2176 continentia
1379 2133 1591 2189 oportet
1617 2125 1843 2193 impleri.
1868 2144 1886 2178 ι

312 2208 456 2261 Idem
487 2210 576 2276 qui
608 2224 788 2277 supra.
817 2211 1070 2266 videlicet
1097 2213 1538 2282 Carthaginensis
1567 2216 1850 2286 episc0pus
1875 2235 1888 2271 :

317 2314 338 2349 ‹
379 2299 716 2358 Attdivimus.
743 2300 935 2370 inquit,
989 2301 1186 2356 fratres
1227 2305 1554 2370 charissinti,
1607 2319 1891 2377 przeterea,

311 2390 453 2458 quod
500 2394 857 2458 quorumdam
909 2395 1248 2458 clericorum,
1300 2401 1550 2468 quamvis
1605 2400 1889 2466 lectorum,

313 2494 438 2544 erga
472 2495 669 2533 uxores
699 2483 943 2551 proprias
972 2484 1363 2540 incontinentia
1409 2499 1748 2552 reservetur;
1781 2491 1894 2559 pla-

313 2568 444 2632 cuit,
472 2570 613 2636 quod
641 2579 690 2622 et
741 2570 792 2623 in
844 2572 1071 2627 diversis
1140 2576 1380 2630 conciliis
1438 2577 1705 2632 ﬁrmatum
1765 2590 1890 2645 est,

318 2670 374 2711 at
407 2660 744 2722 subdiaconi,
779 2666 868 2732 qui
921 2681 1072 2720 Sacra
1131 2671 1383 2739 mysteria
1433 2682 1805 2739 contrcctant,
1839 2683 1893 2729 et

271 2762 274 2764 '
319 2751 546 2814 diaconi,
565 2765 617 2806 et
646 2756 964 2825 presbyteri,
992 2760 1082 2813 sed
1108 2772 1160 2814 et
1183 2763 1416 2833 episcopi
1446 2767 1738 2821 secundum
1771 2784 1891 2836 pror

320 2845 428 2911 Itria
461 2856 655 2899 statuta
688 2849 848 2902 etiam
907 2853 974 2904 alt
1034 2856 1292 2910 uxoribus
1343 2873 1400 2913 se
1451 2859 1778 2927 contineant,
1836 2871 1893 2917 ut

323 2944 574 3003 tanquam
629 2955 734 2993 non
790 2941 1049 2999 habentes
1094 2947 1338 3001 videatur
1394 2966 1531 3006 csse.
1587 2953 1738 3018 Quod
1788 2956 1890 3010 nisi

319 3028 560 3090 tet-crint,
612 3031 679 3082 ab
736 3033 1102 3088 ecclesiastico
1166 3051 1547 3094 removeantur
1608 3043 1802 3098 officio.
1866 3065 1885 3098 ι

319 3119 552 3175 Caeteros
578 3134 752 3178 autem
783 3127 1008 3182 clericos
1040 3132 1104 3182 ad
1131 3131 1231 3184 hoc
1259 3149 1364 3186 non
1407 3137 1540 3207 cogi.
1573 3138 1674 3192 nisi
1710 3149 1886 3192 matu-

319 3211 444 3262 riori
477 3222 652 3266 aelate.
681 3215 761 3267 Ah
789 3218 1037 3272 universo
1070 3223 1294 3276 com-ilio
1323 3226 1523 3279 t'lictum
1546 3237 1627 3282 est
1659 3247 1670 3281 :
1707 3249 1723 3279 ‹
1758 3228 1885 3293 Qum

320 3310 490 3353 vestra
519 3305 774 3358 sanctitas
798 3319 875 3360 est
900 3309 1042 3377 juste
1067 3313 1358 3378 modera'a,
1383 3298 1428 3369 et
1466 3328 1676 3380 sancta,
1697 3323 1750 3371 ct
1782 3320 1887 3373 Deo

317 3392 508 3457 placita
540 3405 685 3461 sunt,
713 3399 1113 3454 conﬁrmamus.
1149 3423 1165 3454 ι
1204 3403 1340 3468 Sed,
1372 3416 1428 3460 ut
1462 3409 1734 3463 valeamus
1779 3413 1890 3464 evi-

318 3489 434 3533 tare
467 3481 764 3549 fastidium,
799 3489 1022 3543 snﬁieiat
1060 3500 1171 3544 tant
1214 3509 1263 3546 m
1291 3495 1353 3547 de
1387 3498 1518 3551 solis
1547 3499 1888 3556 subdiaconis

320 3572 447 3639 quid
475 3583 748 3629 statuatur
773 3577 1053 3640 inducere;
1087 3593 1163 3646 ut,
1188 3598 1370 3637 eorum
1396 3590 1887 3661 mensuradiligen-

318 3676 402 3715 ter
427 3665 688 3733 inspecta,
714 3663 780 3723 de
801 3672 1169 3740 superioribus
1200 3678 1452 3745 gradibus
1492 3682 1694 3736 nemini
1733 3684 1891 3738 liceat

320 3754 584 3810 dubitare.

389 3843 444 3896 ln
479 3846 698 3900 decreto
725 3865 937 3919 quoque
964 3855 1157 3908 Leonis
1190 3873 1338 3925 papae
1368 3859 1469 3915 hoc
1513 3861 1655 3916 inter
1696 3873 1888 3919 crctera

320 3935 589 4001 reperitur
651 3936 746 4003 (LE
772 3955 865 3992 'NIS
896 3956 1043 4010 papze
1088 3961 1167 4013 ep.
1207 3946 1309 4009 82,
1341 3948 1406 3999 ad
1443 3949 1626 4003 Anast.
1684 3951 1888 4017 Thess,

319 4038 364 4076 ε.
415 4026 467 4093 ι)
505 4040 520 4078 :
569 4046 586 4076 ι
621 4025 750 4080 Nam
794 4045 916 4083 cum
958 4043 1110 4087 extra
1142 4037 1458 4092 clericorum
1485 4041 1728 4096 ordinem
1757 4059 1889 4098 con—

318 4115 546 4178 stitntis,
573 4120 882 4186 nuptiarum
905 4125 1170 4192 societatt,
1197 4135 1250 4181 et
1273 4131 1633 4196 procreationi
1660 4132 1891 4188 ﬁliorum

319 4206 537 4259 studere
552 4208 622 4260 sit
644 4208 867 4264 liberum
894 4215 1210 4280 arbitrium;
1247 4219 1310 4271 ad
1334 4220 1688 4275 exhibendam
1715 4233 1891 4279 tamen

321 4296 574 4363 perfectae
611 4304 954 4359 continentiae
981 4306 1146 4378 398
1185 4311 1494 4378 puritatem,
1531 4330 1630 4368 nec
1673 4317 1894 4370 subdia-

320 4387 473 4440 conis
497 4389 716 4457 quidem
738 4395 1063 4450 commbium
1091 4400 1310 4454 carnale
1337 4405 1686 4459 conceditur:
1723 4420 1780 4462 ut
1804 4410 1892 4477 qui

1995 1944 2103 2000 est,
2127 1937 2468 1991 continenter
2501 1952 2621 1991 cum
2657 1937 2769 1990 suis
2809 1936 3125 2008 eonjugibus
3159 1938 3423 2001 vixerunt,
3456 1937 3570 1990 lau-

1995 2029 2156 2082 dandi
2188 2040 2349 2097 atque
2401 2029 2782 2084 remunerandi
2811 2037 2957 2092 sunt,
2979 2040 3033 2084 et
3080 2038 3137 2083 ut
3183 2029 3235 2082 in
3283 2031 3422 2084 bono
3470 2045 3590 2084 suo-

1991 2129 2345 2188 perntaneant
2393 2120 2736 2174 exhortandi.
2771 2119 2875 2174 Eos
2907 2130 3087 2174 autem
3112 2122 3202 2189 qtti
3233 2129 3352 2188 post
3379 2121 3564 2190 probi-

1993 2211 2252 2267 bitionent
2281 2213 2475 2268 factam
2511 2229 2569 2268 se
2598 2229 2626 2267 a
2659 2216 2772 2270 suis
2801 2213 3057 2268 uxoribus
3087 2215 3364 2266 continere
3389 2213 3570 2265 nolue-

1994 2313 2141 2365 runt,
2173 2305 2456 2372 pervenire
2485 2303 2551 2356 ad
2583 2320 2796 2358 sacrum
2822 2305 3068 2360 ordinem
3120 2303 3386 2358 nolumus.
3434 2302 3570 2370 Quia

1996 2395 2179 2450 nullus
2218 2397 2376 2450 debet
2416 2397 2482 2450 ad
2512 2397 2870 2452 ministerium
2921 2397 3108 2451 altaris
3161 2397 3437 2464 accedere,
3471 2396 3574 2451 nisi

1995 2486 2150 2554 cujus
2189 2488 2414 2542 castitas
2469 2495 2595 2540 ante
2645 2496 2953 2557 susceptum
3012 2487 3368 2543 ministerium
3415 2486 3576 2541 fuerit

1994 2579 2241 2644 probata.
2282 2598 2300 2630 ι
3291 2583 3293 2585 ’

2171 2667 2298 2722 Car.
2340 2666 2424 2721 Ill.
2452 2697 2523 2708 --
2553 2667 2874 2722 Clericornm
2919 2669 3092 2737 inepta
3137 2669 3391 2738 defensio.

2069 2755 2176 2811 Sed
2203 2773 2299 2812 cur
2329 2771 2429 2827 ego
2458 2759 2524 2811 ad
2553 2758 2952 2812 coacervandos
2995 2773 3232 2811 canones
3267 2757 3404 2810 ultra
3445 2769 3572 2824 pro-

1994 2850 2230 2918 gredior,
2287 2850 2720 2919 quandoquidem
2789 2851 2888 2904 bos
2945 2851 3194 2920 ignorare
3261 2850 3360 2918 ipsi
3410 2852 3574 2904 etiam

1995 2950 2289 3010 nequeunt,
2341 2943 2432 3012 qui
2491 2943 2694 2996 ttnnida
2739 2943 2997 2995 adversus
3026 2957 3118 2995 eos
3148 2942 3360 2996 cervice
3393 2939 3576 2995 conﬁi—

1998 3034 2164 3100 gunt?
2221 3033 2521 3100 Aliquando
2548 3049 2671 3086 cum
2712 3048 2796 3086 me
2825 3032 3123 3086 Laudensis
3155 3031 3406 3085 Ecclesia‘
3436 3029 3574 3082 tauri

1995 3125 2221 3195 pingues
2251 3133 2459 3178 armata
2496 3125 2897 3190 conspiratione
2930 3123 3211 3182 vallarent,
3245 3138 3308 3175 ac
3362 3121 3568 3174 Γ.;ι·ξι)εο

1993 3216 2224 3285 strepitu
2289 3215 2440 3268 vituli
2519 3215 2668 3267 multi
2747 3215 3136 3267 tumultuantes
3204 3211 3603 3265 infrendercnt»

1995 3304 2164 3376 (Paul.
2198 3309 2333 3374 ut),
2361 3315 2614 3372 tanquam
2652 3312 2860 3358 ructant
2895 3303 3032 3356 fellis
3072 3303 3121 3354 in
3153 3319 3213 3356 os
3245 3316 3423 3354 meum
3452 3315 3576 3354 evo-

1994 3411 2162 3460 mere,
2189 3397 2430 3450 dicentes
2459 3414 2471 3448 :
2503 3415 2519 3446 ι
2558 3395 2829 3449 Habemus
2854 3395 3231 3448 auctoritatem
3257 3392 3573 3448 Triburien-

1992 3489 2086 3552 sis,
2117 3491 2160 3541 si
2191 3497 2368 3541 tamen
2397 3503 2496 3558 ego
2527 3503 2718 3541 nomen
2773 3499 2947 3552 teneo,
2991 3487 3224 3548 concilii,
3281 3501 3400 3555 qum
3452 3500 3577 3553 pro-

1997 3578 2161 3632 ntotis
2186 3579 2251 3630 ad
2290 3577 2719 3631 ecclesiasticum
2769 3577 3014 3631 ordinem
3072 3576 3288 3631 ineundi
3338 3573 3576 3642 conjugii

1994 3670 2195 3723 tribuat
2229 3670 2559 3723 facultatem.
2602 3689 2620 3721 ι
2655 3669 2860 3736 Quibus
2889 3685 2987 3736 ego
3013 3669 3260 3738 respondi
3291 3686 3303 3721 :
3339 3687 3357 3718 ι
3387 3666 3579 3721 Conci-

1993 3760 2142 3821 littnt,
2178 3761 2420 3829 inquam,
2451 3770 2711 3823 vestrum,
2741 3762 3098 3829 quodcunque
3138 3760 3331 3821 vultis,
3381 3773 3578 3812 nomen

1991 3853 2232 3907 obtineat
2263 3871 2276 3906 :
2305 3853 2395 3906 sed
2428 3870 2456 3906 a
2486 3868 2568 3906 me
2591 3868 2695 3906 non
2723 3854 3000 3921 recipitur,
3034 3853 3077 3906 si
3108 3853 3340 3907 decretis
3374 3851 3571 3904 Roma-

1994 3958 2183 3998 norum
2209 3943 2519 4012 pontificum
2550 3959 2652 3996 non
2679 3944 2988 3997 concordat.
3011 3961 3028 3994 ι
3057 3943 3406 4012 A'tcupantur
3427 3942 3569 3997 enim

1992 4037 2235 4106 quredam
2265 4037 2417 4105 quasi
2441 4051 2706 4090 canonum
2730 4035 3030 4088 adulterina
3060 4044 3352 4097 sarmenta,
3387 4035 3574 4102 eisque

1994 4127 2233 4196 prmbcnt
2262 4127 2661 4188 auctoritatem,
2696 4135 2754 4179 nt
2794 4127 3158 4180 authenticam
3185 4142 3451 4180 canonum
3479 4141 3585 4177 va-

1997 4215 2144 4268 leant
2173 4229 2404 4267 vacuare
2431 4215 2711 4270 virtutem.
2750 4214 2854 4268 Sed
2884 4213 3141 4268 Salomon
3169 4215 3297 4269 dicit
3329 4233 3340 4267 :
3372 4233 3391 4266 ι
3438 4213 3576 4280 Quia
3645 4257 3649 4261 .

1996 4305 2178 4374 spuria
2223 4303 2539 4357 vitulamina
2581 4321 2683 4357 non
2725 4304 2929 4357 dabunt
2973 4305 3184 4359 radices
3238 4304 3376 4358 altas
3425 4303 3580 4374 (Sap.

1999 4397 2103 4463 tv);
2141 4416 2159 4448 ι
2204 4395 2407 4448 distant
2447 4395 2591 4449 enim
2629 4395 3039 4449 adinventioues
3079 4395 3351 4449 hominum
3383 4410 3411 4449 a
3449 4410 3577 4450 sen-

324 4475 521 4531 habent
571 4480 679 4534 sint
728 4491 979 4553 tanquam
1033 4504 1137 4542 non
1186 4490 1476 4558 habentes;
1535 4505 1591 4550 et
1652 4499 1741 4567 qui
1792 4475 1891 4555 non

2002 4487 2186 4542 tentiis
2215 4503 2334 4556 qua:
2384 4485 2606 4555 prolata:
2637 4496 2762 4540 sunt
2793 4501 2887 4556 per
2928 4485 3189 4557 Spiritum
3239 4485 3404 4556 399
3453 4501 3578 4539 san-

323 4569 524 4624 habent
569 4580 1267 4649 permaneantsingulares.
1323 4603 1342 4636 ι
1394 4586 1545 4652 Quod
1597 4589 1640 4642 si
1692 4592 1740 4643 in
1792 4592 1893 4648 hoc

321 4663 530 4727 ordine,
549 4665 640 4733 qui
665 4679 892 4734 quartus
915 4679 994 4724 est
1018 4686 1046 4723 a
1069 4673 1264 4741 capite,
1281 4675 1494 4744 dignum
1513 4687 1592 4731 est
1613 4682 1892 4748 custodiri,

322 4762 526 4818 quanto
555 4757 726 4823 magis
753 4773 782 4810 a
817 4760 1010 4826 primo,
1029 4761 1110 4816 vel
1140 4765 1396 4828 secundo,
1424 4769 1650 4822 tertiOve
1671 4785 1896 4826 servan-

325 4840 450 4894 dum
477 4851 576 4898 est.
605 4863 671 4899 ne
692 4856 786 4900 aut
812 4849 1045 4913 levitico.
1075 4863 1165 4906 aut
1191 4856 1538 4926 presbyterali
1565 4859 1783 4926 honore,
1805 4871 1897 4918 aut

324 4933 616 5003 episcopali
638 4938 953 4994 excellentia
981 4943 1261 5012 quisquam
1290 4946 1514 5001 idoneus
1535 4949 1894 5019 existimetur,

326 5029 511 5090 quise
542 5041 571 5080 a
599 5027 872 5099 voluptate
914 5035 1100 5088 uxoria
1155 5037 1382 5090 necdum
1445 5037 1687 5096 frenasse
1752 5043 1906 5097 dete-

327 5111 509 5180 ghur?

399 5203 674 5273 Sylvester
708 5224 843 5278 papa
875 5211 924 5264 in
956 5212 1173 5266 decreto
1212 5229 1309 5268 suo
1354 5217 1488 5285 (cap.
1517 5218 1570 5288 8)
1629 5219 1706 5273 sic
1755 5221 1831 5274 ait
1881 5238 1896 5275 :

333 5312 351 5343 c
391 5293 530 5348 Nulli
574 5306 752 5352 autem
795 5301 1244 5356 subdiaconorum
1291 5306 1356 5358 ad
1399 5308 1613 5376 nuptias
1669 5310 1900 5364 transire

328 5389 738 5454 permittentes,
768 5394 1108 5462 praecipimus
1137 5412 1204 5451 ne
1234 5395 1421 5466 aliqua
1442 5399 1544 5453 hoc
1579 5400 1903 5466 praevarica-

328 5475 473 5529 tione
501 5483 918 5548 praesumpserit.
957 5503 976 5535 ι

395 5562 455 5618 In
499 5566 738 5625 Concilio
785 5571 998 5629 Nicteno
1049 5575 1248 5631 dicitur
1295 5577 1435 5645 (can.
1485 5580 1704 5648 apostol.
1745 5581 1838 5650 ‘25)
1890 5602 1904 5639 τ

336 5671 356 5705 σ
410 5657 654 5728 innuptis
703 5672 908 5729 autem,
939 5665 1033 5735 qui
1089 5667 1155 5720 ad
1206 5666 1410 5721 clerum
1472 5669 1709 5738 provecti
1762 5679 1907 5735 sunt,

332 5750 701 5820 praecipimus,
732 5763 792 5810 ttt
825 5754 868 5812 si
900 5757 1188 5825 voluerint,
1215 5773 1412 5815 uxores
1451 5759 1752 5829 accipiant;
1814 5761 1906 5818 sed

2003 4586 2249 4641 ctum,et
2285 4577 2373 4645 qui
2408 4577 2579 4630 sacris
2623 4577 2919 4630 canonibus
2957 4591 3258 4646 repugnare
3308 4592 3413 4630 non
3464 4590 3579 4629 mes

2003 4673 2180 4729 tttunt,
2211 4665 2383 4734 ipsum
2417 4665 2765 4732 proculdubio
2795 4664 3077 4734 Spiritum,
3107 4681 3138 4719 a
3186 4678 3292 4734 quo
3325 4663 3572 4733 promul-

2001 4765 2218 4826 gantur,
2250 4755 2545 4810 offendunt.
2583 4754 2734 4810 Unde
2775 4753 3012 4809 Ioannes
3068 4755 3122 4808 in
3179 4753 3498 4824 Apocalypsi
3563 4770 3575 4805 :

2006 4863 2025 4897 ι
2066 4845 2123 4899 Si
2153 4847 2299 4914 quis,
2329 4845 2521 4914 inquit,
2547 4846 2859 4914 apposuerit
2889 4846 2956 4899 ad
3009 4845 3142 4908 hrcc,
3176 4855 3411 4913 apponet
3438 4843 3580 4896 Deus

2006 4947 2172 5004 super
2211 4935 2358 4989 illunt
2390 4937 2574 5005 plagas
2607 4937 2840 5004 scriptas
2870 4936 2923 4988 in
2954 4934 3090 4987 libro
3131 4935 3232 4986 isto
3267 4950 3278 4986 :
3311 4943 3364 4986 et
3393 4935 3436 4988 si
3460 4933 3582 5000 quis

2007 5007 2322 5078 diminuerit
2359 5027 2423 5078 dc
2460 5025 2640 5080 verbis
2680 5024 2799 5078 libri
2831 5023 3127 5092 prophetia:
3162 5021 3342 5091 hujus,
3370 5021 3580 5076 auferet

2007 5122 2150 5176 Deus
2198 5131 2406 5192 partem
2471 5123 2586 5188 eius
2646 5125 2713 5177 de
2768 5122 2906 5175 libro
2948 5122 3106 5184 vitze,
3157 5131 3212 5176 et
3251 5120 3316 5174 de
3362 5121 3581 5175 civitate

2007 5218 2227 5272 sancta,
2256 5221 2308 5264 et
2345 5211 2411 5264 de
2457 5211 2540 5265 bis
2574 5226 2693 5280 qua:
2750 5212 2951 5280 scripta
3003 5218 3128 5264 sunt
3175 5211 3242 5264 iu.
3283 5209 3422 5265 libro
3479 5211 3581 5266 isto

2007 5301 2191 5370 (Apoc.
2222 5304 2376 5373 χιιι).
2421 5323 2442 5355 ι

2080 5394 2184 5448 Sed
2211 5409 2279 5448 ne
2304 5396 2424 5460 quis
2455 5411 2552 5448 nos
2579 5401 2770 5461 arguat
2798 5409 2966 5447 sacrm
2997 5394 3292 5466 Scriptura:
3319 5399 3480 5452 verba
3513 5398 3584 5452 ad

2008 5485 2291 5539 arbitrium
2327 5494 2524 5538 nostra:
2560 5485 2849 5539 voluntatis
2883 5484 3184 5550 inflectere,
3215 5502 3464 5542 asserens
3490 5503 3580 5542 ne-

2013 5590 2283 5644 quaquam
2312 5576 2426 5628 hzec
2463 5575 2528 5628 ad
2572 5591 2756 5629 sacros
2791 5591 3026 5630 canones
3055 5579 3326 5647 pertinere
3354 5594 3368 5631 :
3401 5579 3589 5632 audiat

2014 5668 2154 5737 quod
2176 5667 2464 5722 Anacletus
2497 5683 2659 5737 papa,
2683 5670 2904 5738 quintus
2936 5669 3143 5724 scilicet
3172 5686 3199 5723 a
3233 5671 3291 5724 Β.
3323 5669 3499 5729 Petro,
3519 5671 3580 5722 de

2011 5760 2366 5821 violatoribus
2395 5773 2659 5817 canonum
2683 5760 2859 5817 dicat:
2889 5781 2907 5815 ι
2946 5759 3261 5823 Violatores.
3287 5762 3381 5822 ait.
3400 5757 3596 5814 vomu.»
