4132 6324
584 348 692 407 403

995 348 1054 405 8.
1090 346 1299 405 PETRI
1336 348 1618 407 DAMIAM
1654 348 1807 409 OPP.
1840 346 2077 408 'I'O‘llUS
2113 345 2244 404 SEU
2281 347 2460 405 PARS
2495 348 2577 407 Ill.
2619 382 2688 394 -—
2711 351 3073 413 OPUSCULA
3103 351 3333 413 νΑιιιΑ.

3715 363 3829 414 ινδ

580 464 718 519 tarie
743 476 1009 517 canonum
1041 462 1281 532 graviter
1309 477 1339 516 a
1368 444 1577 519 sanctis
1602 463 1854 519 Patribus
1899 461 2152 531 judican—a
2181 466 2230 526 Α
2257 460 2502 528 luxuriae,
2527 474 2867 521 sacramenta
2888 465 2998 523 Deo
3024 466 3207 525 valeat
3225 467 3460 525 edem?
3508 468 3662 527 Unde
3682 432 3824 525 dicio

577 563 686 616 tur,
732 561 790 607 et
835 568 864 606 a
911 561 1097 607 sancto
1142 552 1376 623 Spiritu,
1428 555 1584 624 cujus
1623 555 1878 610 instinctu
1907 568 1973 608 ac
2006 553 2148 607 dono

574 646 760 701 dictati
789 652 935 713 sunt,
967 646 1311 701 damnantur.
1336 646 1598 712 Quoniam
1617 645 1998 714 hlasphemare
2028 644 2149 712 Spi-

574 737 733 790 ritum
766 748 1009 791 sanetum
1051 748 1157 791 non
1186 737 1479 806 incongrue
1520 738 1788 802 videntur,
1818 737 1908 806 qui
1956 743 2153 791 contra

570 826 789 880 eosdem
831 838 1045 881 sanctos
1080 840 1337 891 canones,
1367 842 1472 881 non
1498 827 1824 882 necessitate
1859 825 2142 895 compulsi,

570 918 664 973 sed
707 917 955 985 libenter,
987 927 1044 973 ut
1082 918 1361 988 prmlixum
1397 928 1499 983 est,
1530 919 1734 989 aliquid
1764 927 1855 972 aut
1894 926 2146 986 proterve

568 1017 756 1077 agunt,
793 1017 885 1060 aut
911 1006 1056 1076 loqui
1093 1016 1448 1075 prtesumunt,
1480 1016 1577 1062 aut
1618 1008 1796 1063 facere
1839 1006 2145 1062 volentibus

567 1107 761 1168 sponte
817 1101 1181 1155 consentiunt.
1237 1098 1384 1156 Talis
1411 1102 1554 1156 enim
1592 1102 1941 1172 praesumptio
1973 1100 2149 1155 mani-

566 1192 701 1246 feste
728 1208 894 1247 unum
918 1207 1085 1263 genus
1114 1202 1196 1248 est
1216 1192 1703 1263 blasphemantium
1729 1192 1989 1263 Spiritum
2016 1207 2147 1247 sau-

563 1291 710 1336 ctum
740 1300 753 1335 :
786 1283 1064 1351 quoniam,
1094 1292 1154 1336 ut
1177 1282 1290 1353 jam
1317 1283 1652 1352 praelibatqu
1678 1292 1783 1348 est,
1807 1295 1996 1339 contra
2017 1297 2141 1340 eum

564 1373 694 1443 agit,
728 1374 882 1444 cujus
905 1372 1060 1443 jussu
1116 1382 1170 1429 et
1197 1375 1372 1445 gratia
1413 1374 1573 1431 iidem
1617 1374 1796 1431 sancti
1833 1374 1962 1430 editi
2011 1382 2139 1430 sunt

562 1478 819 1518 canones.
862 1482 882 1517 ι

632 1550 765 1606 Cum
804 1567 993 1608 omnes
1016 1567 1145 1624 ergo
1174 1553 1346 1609 sancti
1385 1552 1593 1619 Patres,
1620 1554 1712 1624 qui
1747 1569 1848 1625 per
1874 1551 2136 1624 Spiritum

559 1650 809 1695 sanctum
839 1657 1076 1697 canones
1110 1644 1487 1710 condiderunt,
1517 1646 1584 1700 de
1611 1646 1875 1700 servanda
1905 1645 2133 1701 clerico-

557 1745 678 1785 rum
703 1731 960 1800 pudicitia
988 1747 1094 1787 non
1120 1732 1333 1788 dissona
1356 1735 1586 1790 invicem
1616 1736 1975 1791 unanimitate
2001 1752 2133 1792 con-

2250 558 2339 605 tur
2361 552 2412 606 in
2438 552 2674 612 Levitico
2714 572 2734 608 :
2765 573 2786 607 ι
2814 555 3002 612 Omnis
3030 558 3121 625 qui
3163 558 3413 613 habuerit
3453 559 3717 616 maculam
3752 561 3824 619 de

2249 642 2454 696 semine
2473 642 2655 699 Aaron
2677 647 2994 712 sacerdotis,
3008 664 3114 703 non
3144 648 3367 704 accedat
3391 648 3586 706 olferre
3616 652 3827 709 hostias

2248 731 2499 798 Domino,
2533 749 2632 789 nec
2666 751 2831 804 panes
2862 736 2972 792 Deo
3006 753 3104 792 suo
3134 737 3321 805 (Leuit.
3370 739 3506 810 ut).
3543 758 3563 791 ι
3616 741 3829 798 Deinde-

2246 825 2490 893 sequitur
2520 843 2539 880 :
2570 844 2591 877 ι
2628 825 2816 881 Velum
2846 844 2950 882 non
2979 830 3332 900 ingrediatur,
3366 846 3466 885 nec
3499 833 3723 888 accedat
3748 833 3825 888 ad

2245 912 2415 968 alt;.re
2454 933 2468 968 :
2509 916 2636 984 quia
2687 918 2952 973 maculam
3005 920 3186 986 habet,
3230 930 3289 976 et
3313 923 3828 979 contaminarenon

2244 1007 2404 1062 debet
2427 1010 2793 1064 sanctuarium
2818 1027 2996 1066 meum
3027 1013 3239 1084 (Ibid.).
3269 1032 3289 1067 ι

2242 1119 2368 1177 CAP.
2400 1120 2484 1175 IV.
2513 1154 2584 1164 -—
2610 1122 2941 1180 εοηιίιιεηιία
2972 1129 3295 1182 sacerdotum
3322 1140 3369 1183 et
3407 1129 3679 1184 levitarum
3714 1127 3828 1186 mir

2478 1196 2809 1249 nisirantium
2856 1198 2912 1250 in
2960 1199 3113 1250 veteri
3170 1198 3300 1268 lege,
3349 1209 3570 1269 quanta.

2311 1283 2554 1339 Prudens
2577 1285 2666 1339 hic
2707 1284 2878 1340 lector
2900 1288 3145 1342 attendat
3168 1304 3330 1358 quam
3368 1299 3493 1358 apte
3517 1289 3825 1359 apostolica.

2240 1371 2330 1427 illa
2360 1373 2548 1429 Jacobi
2597 1376 2885 1440 sententia,
2912 1392 3033 1446 quae
3072 1378 3320 1446 superius
3353 1380 3525 1449 posita
3553 1388 3656 1442 est,
3685 1394 3812 1434 cum

2239 1460 2343 1516 hac
2369 1462 2546 1516 divina
2579 1462 2694 1533 lege
2718 1465 3028 1519 concordat.
3077 1464 3135 1520 Si
3184 1481 3314 1536 ergo
3370 1475 3515 1529 tunc,
3566 1466 3825 1535 quisquis

2239 1549 2472 1605 habebat
2501 1551 2789 1618 maculam,
2816 1552 3021 1622 ingredi
3046 1555 3411 1609 sanctuarium
3439 1570 3544 1609 non
3557 1554 3810 1620 audebat,

2236 1639 2479 1709 quisqvis
2508 1630 2569 1695 se
2600 1652 2759 1697 nunc“
2778 1657 2900 1697 cum
2934 1642 3248 1698 mulieribus
3273 1643 3479 1713 polluit,
3505 1644 3815 1699 ministrare

2236 1732 2405 1788 sacris
2429 1733 2686 1788 altaribus
2713 1749 2817 1803 qua
2841 1744 3020 1789 mente
3046 1735 3356 1806 praesumit?
3401 1735 3535 1791 Cum
3569 1734 3825 1804 profecto

557 1829 811 1887 currant,
844 1824 971 1892 quid
995 1826 1319 1894 sperandum
1350 1825 1430 1880 eis
1452 1827 1541 1895 qui
1574 1825 1834 1895 Spiritum
1856 1836 2126 1892 sanctum,
2160 1806 2210 1867 Β
2234 1822 2638 1878 tabernaculum
2670 1823 2800 1879 illud
2848 1823 3037 1879 umbra
3066 1834 3271 1881 tantum
3317 1835 3370 1881 et
3393 1826 3810 1880 instrumentum

558 1911 789 1981 propriae
822 1912 1302 1969 camisillecebras
1337 1916 1702 1985 adimplenda,
1718 1917 2132 1989 blasphemant?

555 1999 657 2064 Qui
686 2000 939 2055 nimirum
978 2016 1075 2071 per
1113 2011 1504 2059 momentaneae
1528 2005 1768 2062 libidinis
1802 2007 2004 2061 ﬂuxum
2044 2007 2130 2063 in-

558 2091 939 2161 exstinguihile
963 2093 1352 2148 combustionis
1372 2105 1587 2151 mtcrna:
1621 2106 1929 2151 mercantur
1948 2098 2136 2153 incen-

553 2186 724 2240 dium.
752 2185 907 2241 Nunc
942 2187 995 2241 in
1026 2187 1249 2243 luxuria:
1279 2187 1450 2243 fetore
1476 2191 1839 2245 sordescunt:
1882 2191 1975 2246 sed
2004 2199 2133 2247 tunc

554 2277 787 2333 ﬂammis
818 2278 1104 2335 ultricibus
1143 2280 1361 2346 traditi,
1391 2282 1443 2335 in
1493 2291 1734 2338 torrente
1767 2283 1904 2352 picis
1929 2294 1982 2337 et
2012 2283 2129 2338 sul-

549 2368 740 2435 phuris
769 2369 1111 2423 rotabuntur.
1155 2367 1311 2425 Nunc
1360 2372 1609 2425 aestuanti
1645 2364 1876 2426 luxuriae
1925 2381 2126 2428 semet-

548 2457 695 2526 ipsos
764 2458 1024 2513 exhibent
1077 2467 1385 2514 tartarum:
1428 2468 1555 2514 tunc
1606 2460 1660 2514 in
1709 2462 1874 2517 chaos
1912 2471 2137 2518 :eternte

549 2547 726 2602 noctis
754 2547 995 2603 immersi
1030 2550 1196 2604 trucis
1221 2550 1479 2621 gehennae
1529 2550 1799 2620 perferent
1845 2553 1964 2607 sine
2016 2554 2125 2609 fine

547 2646 899 2695 tormentum.
932 2637 1084 2694 Nunc
1113 2640 1166 2694 in
1198 2640 1503 2708 semetipsis
1527 2642 1707 2709 ignem
1742 2641 1981 2698 libidinis
2026 2660 2123 2698 nu~

550 2729 758 2785 triunt:
804 2739 934 2785 tunc
967 2730 1326 2787 indelieientis
1347 2731 1591 2787 ﬂammas
1617 2733 1848 2817 ipcendii
1876 2734 2123 2791 medullis

546 2837 768 2877 suorum
797 2823 1066 2878 viscerum
1108 2833 1347 2894 pascent.
1382 2824 1464 2891 Et,
1492 2839 1527 2878 ο
1554 2825 1716 2881 nimis
1774 2826 2015 2882 infelices
2068 2836 2127 2883 et

543 2913 762 2968 miseri!
821 2914 1088 2969 servando
1149 2914 1320 2986 legem
1369 2915 1598 2985 putrida!
1624 2916 1805 2971 carnis
1839 2932 1972 2982 suae,
2000 2930 2122 2986 qua:

542 3003 817 3060 vermibus
845 3015 928 3060 est
966 3007 1304 3061 devoraturis
1337 3007 1588 3071 obnoxia,
1632 3007 1775 3063 illius
1816 3009 1939 3080 jura
1992 3024 2125 3065 con-

543 3106 796 3150 temnunt
838 3097 927 3166 qui
952 3099 1017 3152 de
1044 3098 1183 3153 coelo
1211 3099 1372 3164 venit,
1392 3108 1448 3155 et
1466 3115 1630 3171 super
1657 3102 1875 3173 angelos
1904 3112 2115 3173 regnat.

545 3184 697 3240 Unde
740 3188 969 3257 reprobo
990 3188 1124 3261 ‘viro
1171 3205 1266 3259 per
1298 3192 1616 3260 prophetam
1650 3193 1909 3250 Dominus
1935 3194 2067 3251 dicit
2098 3213 2112 3249 :

543 3295 564 3327 ι
601 3278 831 3333 Posuisti
865 3294 949 3333 me
977 3290 1092 3349 post
1119 3296 1315 3349 corpus
1345 3290 1495 3335 tuum
1524 3279 1738 3352 (Exerit.
1769 3284 1946 3352 χχιιι).
1985 3302 2003 3335 ι
2035 3285 2116 3340 Ac

545 3365 591 3419 si
624 3366 786 3430 dicat,
811 3365 1063 3435 Corporis
1093 3369 1165 3422 tui
1198 3370 1469 3425 libidinem
1501 3385 1598 3440 pro
1625 3370 1742 3440 lege
1771 3374 2032 3437 custodis,
2064 3381 2125 3429 et-

545 3456 680 3526 legis
706 3472 836 3511 mete
866 3452 1113 3512 mandata
1143 3461 1459 3514 contemnis.
1510 3459 1617 3514 Lex
1647 3461 1844 3531 quippe
1872 3463 2118 3533 corporis

538 3547 757 3601 humani
789 3548 982 3602 divinae
1010 3548 1109 3618 legi
1139 3551 1408 3604 contraria
1439 3560 1542 3605 est.
1593 3550 1744 3607 Unde
1800 3553 1932 3607 dicit
1972 3554 2116 3623 Apo-

539 3634 712 3689 stolus
739 3653 751 3689 :
784 3654 801 3687 ι
845 3637 1006 3691 Video
1028 3638 1187 3693 aliam
1215 3639 1384 3709 legem
1421 3639 1473 3694 in
1499 3642 1757 3697 membris
1787 3644 1922 3699 meis
1952 3660 2110 3714 repu-

536 3734 791 3790 guante'm
821 3725 923 3796 legi
954 3729 1148 3782 mentis
1177 3738 1396 3796 tnc:r,ct
1418 3731 1687 3800 captivum
1721 3747 1806 3787 me
1827 3734 2109 3789 ducentem

534 3816 589 3868 in
619 3816 734 3887 lege
764 3819 1123 3890 peccati,qua3
1145 3820 1293 3875 estin
1317 3823 1572 3877 membris
1594 3824 1726 3879 meis
1748 3823 1924 3895 (Rom.
1942 3826 2058 3895 vn).
2085 3845 2109 3879 ι

601 3905 681 3961 Illi
714 3921 841 3978 ergo
868 3909 1032 3962 Deum
1054 3916 1175 3979 post
1202 3924 1395 3979 corpus
1420 3927 1574 3966 suum
1606 3921 1828 3983 ponunt,
1859 3914 1949 3985 qui
1981 3930 2109 3970 con-

532 4008 832 4057 temnentes
869 4000 1062 4056 divinte
1089 4001 1222 4072 legis
1250 4001 1785 4072 imperium,suarum
1816 4006 2101 4077 obtempe-

531 4098 656 4143 rant
702 4087 968 4145 illecebris
1024 4090 1398 4159 voluptatum:
1438 4100 1496 4149 ct
1543 4094 1670 4148 dum
1726 4095 1912 4151 laxant
1955 4095 2106 4153 frena

529 4178 786 4240 luxuriae.
813 4179 1067 4235 indictam
1113 4181 1221 4235 sibi
1263 4184 1687 4251 praevaricantur
1731 4188 1970 4257 regulam
2019 4189 2103 4243 di—

530 4269 786 4339 seiplinae.
818 4270 1129 4340 ignorantes
1149 4272 1271 4343 quia
1304 4289 1401 4343 pro
1447 4274 1870 4347 uniuscujusque
1927 4276 2102 4346 fugaci

528 4361 801 4430 voluptate
851 4362 1188 4426 concubitus,
1238 4364 1382 4419 mille
1433 4380 1695 4422 annorum
1759 4372 2105 4438 negotiantur

529 4455 866 4519 incendium;
907 4461 967 4506 ut
994 4453 1087 4522 qui
1130 4470 1271 4510 nunc
1308 4464 1536 4511 mstnant
1587 4458 1800 4514 ﬂamma
1855 4462 2097 4527 luxuriae,

529 4552 657 4596 tunc
677 4542 1060 4596 comburantur
1096 4541 1219 4610 igne
1243 4545 1509 4601 vindictae.
1550 4546 1656 4601 Sed
1685 4550 1783 4616 qui.
1807 4550 2099 4617 petulantis

528 4630 793 4686 il9ccebrze
818 4632 1125 4686 volutantur
1151 4634 1202 4687 lu
1241 4647 1417 4697 cteuo,
1451 4650 1611 4704 quam
1642 4639 1910 4706 pestifera:
1943 4655 2099 4696 secu-

521 4722 699 4776 ritatis
728 4722 949 4777 audacia
991 4722 1242 4776 salutaris
1280 4723 1633 4781 Eucharistiae
1682 4742 1802 4784 sese
1844 4730 2098 4801 ingerunt

521 4823 898 4875 sacramento.
951 4813 1115 4885 ᾧοο
1153 4829 1275 4868 cum
1327 4815 1587 4871 Dominus
1620 4832 1715 4887 per
1753 4819 1967 4892 Moysen
2004 4838 2095 4878 sa-

525 4906 834 4960 cerdotibus
861 4906 1041 4960 dicat:
1081 4925 1100 4957 ι
1134 4906 1323 4961 Omnis
1358 4907 1537 4971 homo,
1566 4911 1656 4979 qui
1690 4914 1984 4969 accesserit
2029 4916 2101 4971 de

518 4997 687 5067 stirpe
716 5008 891 5053 vestra
917 4998 983 5052 ad
1021 5013 1083 5054 ea
1110 5014 1230 5069 quae
1258 5009 1569 5056 consecrata
1595 5011 1740 5070 sunt,
1761 5013 1816 5059 et
1851 5020 1970 5075 quae
1997 5007 2096 5061 ob-

524 5084 765 5140 tulerunt
792 5086 882 5143 lilii
913 5086 1075 5142 lsrael
1101 5088 1347 5152 Domino,
1384 5091 1436 5144 in
1474 5106 1581 5160 quo
1606 5102 1697 5148 est
1725 5094 2087 5160 immunditia,

521 5176 722 5245 peribit
755 5192 940 5233 coram
973 5177 1200 5236 Domino
1223 5180 1408 5252 (Leuit.
1433 5184 1592 5253 χχιι).
1628 5202 1648 5235 ›
1684 5184 1887 5240 Deinde
1907 5187 2090 5255 sequi-

519 5277 610 5319 tur
643 5284 656 5319 :
690 5284 710 5316 ι
746 5266 917 5323 llomo
942 5270 1007 5324 de
1028 5271 1229 5325 semine
1254 5272 1455 5337 Aaron,
1488 5274 1577 5342 qui
1618 5274 1777 5328 fuerit
1825 5274 2089 5345 leprosus,

519 5362 613 5408 aut
633 5354 841 5424 patiens
860 5354 1058 5411 ﬂuxum
1084 5360 1325 5425 seminis,
1343 5377 1447 5417 non
1478 5371 1726 5419 vescetur
1752 5379 1817 5419 ex
1846 5364 1931 5421 his
1968 5380 2088 5435 qua:

520 5445 824 5501 saeriﬂcata
856 5457 982 5502 sunt
1007 5451 1157 5513 mihi,
1189 5454 1359 5509 donec
1382 5463 1603 5511 sanetur
1641 5455 1854 5531 (11:54.).
1887 5476 1907 5509 ι
1934 5456 2086 5524 Quod

520 5538 562 5591 si
587 5537 682 5603 illi,
719 5540 810 5609 qui
840 5542 1085 5610 corporis
1121 5543 1432 5601 inﬁmitate
1468 5545 1756 5614 cujuslibet
1793 5548 2082 5604 immundi-

520 5629 605 5681 tiae
626 5630 932 5698 patiebatur
948 5632 1201 5699 illuviem,
1225 5650 1329 5691 non
1353 5637 1545 5692 licebat
1566 5639 1742 5694 oblata
1766 5640 2078 5704 comedere;

520 5730 625 5786 quo
651 5730 805 5788 pacto
834 5721 878 5775 is
905 5722 994 5791 qui
1021 5734 1211 5793 sponte
1250 5736 1496 5782 versatur
1541 5728 1591 5783 in
1628 5728 2083 5785 contaminatione

2233 1925 2350 1969 erat
2374 1916 2624 1984 imaginis
2657 1934 2670 1969 :
2710 1934 2729 1969 ι
2776 1916 3018 1971 Ecclesia
3052 1931 3203 1980 vero,
3228 1918 3368 1972 sicut
3412 1914 3698 1986 Apostolus
3738 1914 3821 1971 ad.

2234 2001 2576 2059 Timotheum
2616 2005 2764 2071 dicit,
2789 2004 3035 2060 columna
3066 2014 3123 2060 et
3161 2006 3561 2060 ﬁrmamentum
3600 2012 3684 2058 est
3718 2017 3817 2059 ve.

2234 2093 2412 2149 ritatis
2465 2094 2518 2163 (I
2551 2094 2684 2148 Tim.
2718 2094 2824 2166 ιιι).
2869 2113 2889 2147 ι
2926 2095 2990 2150 Et
3040 2095 3183 2150 sicut
3226 2099 3295 2149 ad
3344 2094 3597 2151 Hebraeos
3648 2094 3726 2148 ait
3788 2109 3819 2148 ε.

2237 2203 2261 2235 ιν
2307 2183 2564 2240 Umbram
2616 2186 2778 2241 habet
2835 2186 2958 2240 Lex-
3001 2184 3306 2241 futurorum
3354 2185 3641 2250 bonorum,
3697 2197 3805 2239 non

2232 2274 2399 2345 ipsam
2445 2276 2733 2345 imaginem
2780 2290 2961 2330 rerum
3012 2274 3196 2346 (Hebr.
3233 2274 3311 2345 κ).
3346 2293 3367 2325 ι
3416 2273 3475 2327 In
3502 2272 3593 2327 illo
3624 2280 3818 2329 tamen-

2227 2366 2425 2422 veteris
2451 2366 2581 2438 legis
2606 2367 2977 2433 tabernaculo,
3000 2367 3115 2422 sive
3147 2367 3362 2435 templo,
3380 2382 3501 2420 cum
3533 2365 3809 2420 ministra-

2226 2457 2361 2514 bant
2397 2459 2590 2525 levitre,
2616 2459 2713 2514 vel:
2745 2460 3075 2524 sacerdotes,
3106 2471 3442 2527 nequaquam
3472 2456 3588 2511 suis
3616 2455 3803 2510 uxori-

2225 2551 2327 2606 bus
2361 2549 2745 2605 miscebantur.
2772 2548 2906 2604 Nam
2933 2557 2986 2605 et
3019 2549 3208 2612 David,
3236 2547 3378 2602 sicut
3425 2547 3478 2601 in
3521 2544 3799 2613 Paralipo-

2223 2653 2418 2694 menon
2450 2639 2588 2694 libro
2616 2637 2814 2709 legitur
2842 2637 2894 2707 (1
2927 2637 3114 2691 Paral.
3140 2636 3320 2708 χχιιι),
3346 2634 3530 2706 viginti
3566 2642 3803 2703 quatuor

2224 2729 2589 2792 sacerdotum,
2628 2728 2959 2797 totidemque
2997 2726 3283 2780 levitarum
3320 2735 3496 2780 sortes
3537 2721 3797 2787 instituit,

2223 2819 2311 2889 qui
2351 2819 2403 2871 in
2430 2805 2586 2873 cultu
2609 2817 2789 2886 templi
2818 2830 2947 2871 suas
2975 2816 3121 2871 vices
3146 2824 3385 2884 agerent,
3415 2828 3480 2868 ac
3512 2828 3609 2882 per
3637 2810 3797 2867 cteri-

2220 2909 2522 2964 moniarum
2554 2910 2689 2963 ritus
2714 2908 2828 2964 suis
2879 2908 3213 2978 temporibus
3257 2906 3646 2960 ministrarent.
3691 2902 3806 2969 Qui.

2221 2998 2475 3053 nimirum
2536 2999 2709 3053 donec
2751 2998 2888 3052 vicis
2913 3012 3024 3052 sua:
3052 3006 3261 3065 tempus
3294 2993 3590 3064 explerent,
3618 3008 3649 3046 a
3677 2991 3800 3046 redo

2221 3088 2395 3144 dendo
2415 3087 2678 3158 conjugali
2705 3087 2884 3142 debito
2907 3086 3120 3157 penitus
3153 3084 3518 3140 continebant.
3559 3081 3711 3150 Quod
3737 3089 3805 3136 et-

2145 3159 2189 3221 C
2221 3179 2396 3254 Lucas
2423 3178 2745 3249 evangelista
2776 3177 3061 3231 manifeste
3082 3174 3352 3253 declarat,
3375 3173 3466 3242 qui
3501 3188 3623 3227 cum
3647 3185 3789 3240 prm-

2217 3271 2454 3326 misisset
2482 3270 2604 3339 ιῖιιίει
2634 3267 2930 3339 Zacharias
2978 3273 3098 3319 erat
3126 3264 3191 3319 de
3222 3265 3338 3319 vice
3367 3263 3523 3325 Abia,
3572 3271 3626 3315 et
3663 3258 3793 3330 quia

2216 3361 2517 3415 sacerdotio
2541 3359 2854 3429 fungeretur
2873 3357 2924 3410 in
2945 3355 3135 3410 ordine
3161 3354 3294 3410 vicis
3314 3368 3425 3409 sua:
3444 3361 3570 3407 ante
3594 3352 3799 3415 Deum,

2216 3464 2322 3505 non
2360 3449 2528 3503 multo
2557 3458 2676 3517 post
2703 3447 2820 3501 ait:
2868 3466 2885 3497 ι
2921 3446 3143 3501 Factum
3173 3452 3277 3509 est,
3303 3452 3363 3499 ut
3407 3441 3610 3511 impleti
3657 3449 3787 3496 sunt

2213 3541 2327 3595 dies
2356 3538 2510 3593 ollicii
2562 3538 2711 3608 ejus.
2742 3538 2877 3593 abiit
2933 3538 2996 3591 in.
3036 3537 3252 3591 domum
3301 3549 3486 3598 suam;
3552 3542 3788 3602 moxque

2210 3629 2482 3699 subjecit:
2520 3629 2644 3684 Post
2682 3629 2779 3683 hos
2829 3636 3010 3683 autem
3059 3626 3175 3682 dies
3218 3623 3465 3692 concepit
3506 3618 3782 3677 Elisabeth

2209 3741 2345 3780 uxor
2381 3724 2498 3794 ejus
2522 3723 2670 3795 (Luc.
2706 3726 2766 3793 ι).
2804 3741 2822 3776 ι

2285 3815 2433 3870 Unde
2486 3814 2771 3883 perspicue
2800 3819 3013 3868 constat
3044 3811 3297 3882 quoniam
3334 3810 3477 3865 illius
3521 3805 3781 3877 temporis

2208 3903 2515 3961 sacerdotes
2542 3919 2762 3974 prorsus
2792 3919 2821 3956 a
2852 3903 3122 3958 reddendo
3162 3900 3425 3971 coniugali
3451 3899 3632 3954 debito
3659 3913 3778 3953 ser-

2206 3996 2469 4050 vabantur
2498 3994 2793 4058 immunes,
2815 3993 2985 4048 donec
3013 3992 3146 4047 vicis
3173 4007 3283 4047 sua:
3328 3999 3535 4060 tempus
3585 3988 3774 4058 exple-

2206 4095 2347 4141 rent.
2405 4086 2518 4140 lmo
2565 4082 2769 4156 iugiter
2824 4082 3177 4146 morabantur
3212 4082 3267 4137 in
3322 4080 3551 4151 templo,
3603 4080 3777 4134 donec

2204 4179 2366 4245 sortis
2392 4179 2606 4233 indicite
2632 4177 2993 4248 fungebantur
3015 4173 3210 4230 cilicio.
3261 4173 3413 4231 Unde
3459 4171 3667 4242 Moyses
3706 4170 3785 4224 ad

2201 4267 2384 4323 Aaron
2412 4269 2489 4322 ait
2518 4284 2532 4321 :
2581 4286 2600 4318 ι
2635 4266 2816 4321 Donec
2857 4263 3273 4321 ritussacriﬂcii
3303 4262 3656 4331 compleatur,
3686 4260 3779 4315 die

2201 4375 2267 4415 ac
2305 4368 2461 4414 nocte
2489 4356 2772 4411 manebitis
2802 4356 2852 4410 in
2901 4354 3246 4411 tabernaculo
3265 4394 3279 4419 ,
3301 4353 3654 4409 observantes
3681 4365 3779 4405 cu-

2203 4451 2405 4505 stodias
2435 4449 2666 4510 Domini,
2695 4461 2762 4501 ne
2789 4446 3092 4501 moriemini
3152 4445 3337 4515 (Lerit.
3368 4445 3506 4516 Vill).
3539 4463 3559 4498 ι
3615 4443 3773 4498 Nunc

2202 4554 2407 4607 autem,
2450 4558 2572 4597 cum
2611 4542 2891 4612 Scriptura
2945 4540 3221 4612 prtecipiat
3282 4548 3342 4594 ut
3389 4553 3604 4608 semper
3650 4550 3775 4592 ore-

2200 4650 2340 4702 mus,
2370 4635 2602 4689 ministri
2631 4633 2820 4688 altaris
2870 4648 2976 4687 non
3033 4630 3234 4686 habent
3273 4629 3543 4698 delegatus
3591 4628 3770 4694 vices,

2196 4724 2325 4781 dum
2370 4727 2489 4781 sine
2543 4726 2650 4781 ulla
2706 4724 2963 4794 temporis
3013 4721 3432 4782 intermissione,
3486 4716 3775 4775 ministerii

2196 4819 2278 4874 sui
2329 4818 2638 4874 continuam
2681 4817 2939 4872 exhibent
2972 4816 3304 4869 servitutem.
3334 4812 3603 4866 Praeterea
3633 4808 3769 4865 dicit

2197 4909 2489 4978 Apostolus
2541 4926 2559 4961 :
2615 4907 2774 4978 401
2842 4926 2860 4959 ι
2925 4905 3019 4960 Vir
3058 4903 3214 4959 uxori
3261 4903 3501 4959 debitum
3554 4901 3769 4966 reddat,

2193 5009 2251 5055 et
2276 5016 2410 5056 uxor
2444 4999 2580 5054 viro.
2604 4997 2797 5062 Nolite,
2845 4995 3036 5065 inquit,
3098 4993 3349 5049 fraudare
3378 4992 3629 5059 invicem,
3660 4992 3771 5047 nisi

2190 5091 2331 5146 forte
2358 5108 2425 5146 ex
2454 5105 2720 5146 consensu
2769 5089 2835 5144 ad
2881 5097 3122 5157 tempus,
3173 5094 3234 5140 ut
3282 5084 3487 5139 vacetis
3527 5081 3771 5138 orationi

2193 5180 2247 5253 (ι
2287 5180 2408 5237 Cor.
2440 5182 2559 5247 vn).
2597 5200 2616 5234 ι

2264 5274 2397 5328 Dum
2426 5288 2555 5345 ergo
2581 5270 2862 5343 conjugale
2882 5269 3264 5327 commercium
3291 5266 3637 5325 saecularibus
3663 5265 3764 5319 lol-

2190 5364 2254 5420 lit
2275 5379 2453 5429 orare,
2484 5380 2589 5435 qua
2615 5365 2823 5419 ratione
2852 5362 3112 5432 permittit
3156 5360 3381 5417 clericos
3419 5360 3590 5417 sacris
3626 5359 3753 5413 alta.

2191 5456 2343 5511 ribus
2367 5455 2715 5511 ministrare?
2749 5454 2901 5521 Quod
2932 5468 3062 5509 sane
3098 5461 3306 5521 tempus
3331 5450 3622 5513 invenient,
3651 5463 3760 5518 quo

2189 5546 2419 5607 debeant
2446 5561 2638 5602 vacare
2671 5543 2937 5615 coniugio,
2983 5545 3074 5613 qui
3105 5558 3377 5613 nunquam
3404 5542 3474 5597 ab
3495 5541 3745 5597 ecclesia-

2188 5637 2338 5691 stica
2369 5636 2668 5691 sedulitatis
2700 5634 2963 5690 feriantur
2998 5634 3297 5704 obsequio?
3333 5631 3413 5688 Ad
3449 5629 3765 5689 Corinthios

2188 5741 2415 5798 namque
2443 5727 2571 5783 dicit
2599 5725 2880 5791 Apostolus
2907 5743 2918 5778 ε
2956 5744 2974 5775 ι
3004 5725 3101 5793 Qui
3133 5726 3247 5782 sine
3276 5738 3441 5779 uxore
3476 5729 3577 5786 est,
3606 5719 3767 5797 δριιιτ
