4132 6324
518 378 621 435 ΕΠ
979 379 1039 435 S.
1079 377 1283 434 PETlil
1326 377 1603 433 DAMIAM
1642 377 1791 433 OPP.
1833 375 2069 435 TOML'S
2105 377 2236 434 SEU
2279 376 2460 433 PARS
2497 377 2581 433 Ill.
2613 408 2680 418 --
2707 377 3068 435 OPUSCULA
3108 380 3341 438 VARIA.
3666 366 3772 432 Αῢκ

513 507 678 563 quam
709 490 872 545 divini
904 506 1065 561 super
1095 506 1155 546 se
1190 491 1390 547 furoris
1427 493 1659 561 gladium
1688 501 2045 561 provocarent
2075 511 2089 545 :
2123 495 2169 553 Α
2197 492 2449 564 fungatur
2477 491 2675 562 oﬁlcio,
2708 492 2945 563 ejusdem
2971 503 3147 551 tamen
3171 496 3377 554 ordinis
3413 512 3519 553 non
3557 496 3775 558 exuitur

513 592 824 653 quantoque
854 582 1169 643 modestius.
1199 591 1256 638 ut
1290 584 1586 637 recedentia
1611 583 1808 638 Christi
1840 583 2098 639 altaribus

509 688 621 728 non
643 674 929 728 servirent.
955 689 1114 742 quam
1141 674 1254 728 hmc
1279 675 1581 729 accedendo
1600 672 1915 742 polluerent.
1941 673 2096 728 Pium

523 776 597 823 :st
639 767 782 821 enim
833 769 1075 831 credere,
1117 768 1242 837 quia
1280 769 1524 837 quisquis
1553 782 1695 823 nunc
1724 779 1945 838 peccata
1974 785 2097 839 pro-

523 860 632 929 |)ria
666 872 1079 928 recognoscens,
1123 873 1186 913 ac
1225 859 1496 918 deserens.
1529 875 1557 913 a
1591 874 1689 913 suo
1716 875 1772 914 se
1796 860 2097 915 ministerio

522 948 797 1003 numiliter
830 948 1091 1016 reprimit,
1142 948 1192 1001 in
1229 948 1317 1002 die
1337 946 1547 1015 judicii.
1582 950 1851 1015 eumdem,
1892 964 1998 1019 quo
2039 965 2098 1005 se

522 1048 707 1107 sponte
744 1037 1069 1106 privaverat,
1106 1037 1349 1091 ordinem
1379 1038 1661 1091 obtinebit.
1703 1038 1853 1107 Quod
1880 1038 1930 1093 in
1958 1040 2098 1094 libro

523 1127 698 1181 cisdrre
725 1126 1015 1195 signiﬁcari
1041 1126 1273 1191 videtur,
1296 1127 1385 1182 ubi
1415 1130 1752 1182 sacerdotum
1784 1130 2096 1200 genealogis

522 1215 843 1270 Jescribitur
873 1214 954 1285 (II
991 1214 1148 1268 Esdr.
1178 1220 1295 1285 vn).
1350 1212 1425 1270 Ibi
1471 1217 1667 1286 quippe
1709 1232 1862 1272 sacra
1911 1230 2098 1275 narrat

523 1305 765 1370 nistoria,
795 1306 921 1374 quia
952 1306 1168 1376 quidam
1204 1305 1544 1361 sacerdotum
1590 1309 1917 1377 qtttesierunt
1958 1310 2097 1364 scri-

523 1403 729 1462 pturam
778 1395 1099 1465 genealogim
1140 1408 1249 1451 sure
1283 1414 1295 1449 :
1324 1404 1380 1450 et
1414 1397 1666 1465 quoniam
1708 1399 1948 1468 reperire
1989 1416 2096 1455 non

523 1495 824 1553 potuerunt,
852 1486 1006 1553 ejecti
1039 1496 1166 1542 sunt
1194 1486 1260 1542 de
1290 1488 1609 1542 sacerdotio.
1648 1489 1727 1544 Illi
1760 1489 1917 1560 plane
1943 1504 2098 1545 vera-

523 1580 651 1633 citer
675 1578 766 1632 ﬁlii
793 1580 1130 1633 sacerdotum
1158 1591 1299 1644 sunt,
1328 1581 1417 1649 qui
1446 1582 1855 1637 sacerdotaliter
1872 1583 2090 1637 vivunt:

521 1668 550 1721 .i
593 1667 945 1722 sacerdotalis
990 1670 1205 1737 generis
1247 1669 1441 1724 lineam
1489 1679 1747 1735 servant,
1790 1671 1882 1741 qui
1926 1671 2092 1725 vitam

523 1772 669 1811 suam
702 1759 808 1812 Deo
849 1758 1175 1814 sacriﬁcium
1210 1759 1463 1825 oﬁ‘erunt,
1503 1776 1566 1816 ac
1595 1762 1661 1816 de
1687 1762 2007 1817 sacerdotali
2036 1778 2096 1818 se

2198 595 2558 640 sacramento.

2266 672 2577 732 Cavendum
2620 682 2704 730 est
2736 689 2866 747 ergo
2902 676 3027 742 illis,
3050 693 3117 733 ne
3143 695 3301 751 super
3328 695 3421 735 eos
3448 682 3630 738 veniat
3659 678 3771 739 for-

2196 763 2456 818 midolosa
2492 764 2581 818 illa
2611 765 2893 827 sententia,
2927 781 3029 836 qua
3063 782 3159 836 per
3187 768 3500 838 Apostolum
3528 770 3727 825 dicitur
3754 787 3771 826 :

2202 869 2220 903 ‹
2251 850 2583 920 lmpossihile
2611 861 2715 918 est,
2743 852 2939 922 inquit,
2969 869 3062 909 eos
3088 856 3180 925 qui
3221 855 3388 911 semel
3418 867 3543 912 sunt
3575 859 3781 913 illumi-

2196 941 2329 1005 nati,
2355 949 2706 1014 gustaverunt
2730 943 2892 997 etiam
2916 943 3110 997 donum
3146 945 3385 1010 Ct‘eleste,
3412 958 3463 1001 et
3487 947 3775 1017 participes

2195 1040 2321 1087 sunt
2358 1030 2484 1086 facti
2514 1030 2748 1103 Spiritus
2784 1033 2962 1087 sancti
2995 1051 3008 1087 :
3046 1044 3398 1105 gustaverunt
3425 1037 3775 1095 nihilominus

2195 1122 2394 1177 bonum
2436 1121 2532 1177 Dei
2572 1122 2820 1188 verbum,
2870 1124 3202 1194 virtutesque
3237 1125 3415 1181 saeculi
3453 1127 3689 1193 venturi,
3720 1135 3781 1182 et

2194 1212 2426 1284 prolapsi
2455 1222 2601 1277 sunt,
2634 1228 2822 1268 rursus
2853 1215 3100 1269 renovari
3130 1216 3197 1270 ad
3223 1217 3618 1286 paenitentiam,
3656 1234 3776 1273 rura-

2195 1317 2313 1357 sum
2354 1304 2731 1374 cruciﬁgentes
2766 1304 3114 1376 sibimetipsis
3143 1304 3336 1361 Filium
3374 1308 3487 1373 Dei,
3515 1319 3569 1363 et
3596 1319 3811 1366 osten—~

2197 1393 2273 1448 tui
2300 1394 2562 1450 habentes
2594 1394 2778 1464 (Hebr.
2807 1396 2903 1466 vt).
2937 1415 2955 1448 ι
3002 1397 3075 1452 Ita
3117 1397 3275 1468 plane
3312 1400 3564 1454 videntur
3591 1416 3776 1471 agere,

2195 1500 2260 1540 ac
2305 1486 2349 1539 si
2393 1485 2756 1541 lsraelitarum
2804 1488 3091 1558 quispiam,
3133 1488 3319 1545 volens
3358 1488 3614 1545 fornicari
3652 1507 3777 1547 cum

2195 1577 2372 1641 idolis,
2400 1577 2545 1632 dicat
2574 1596 2588 1632 :
2621 1578 2755 1646 Quia
2784 1595 2992 1650 nequeo
3038 1596 3257 1637 servare
3295 1581 3483 1637 duram
3533 1600 3598 1639 ac
3647 1585 3781 1657 rigi-

2195 1667 2317 1722 dam
2368 1667 2462 1723 Dei
2508 1667 2702 1739 legem,
2749 1671 2816 1725 ad
2852 1672 3015 1725 ritum
3062 1673 3304 1729 transibo
3342 1675 3624 1746 gentilem;
3660 1686 3789 1732 tan-

2194 1774 2355 1830 quam
2403 1762 2661 1817 recedens
2706 1777 2737 1816 a
2785 1762 2901 1835 lege
2930 1780 3035 1819 non
3076 1765 3144 1821 sit
3175 1766 3384 1821 debitor
3422 1767 3545 1838 legi.
3584 1768 3652 1822 Et
3678 1768 3784 1823 hoc

522 1847 732 1914 prodire
754 1849 999 1918 prosapia
1026 1849 1272 1919 religiose
1298 1851 1525 1907 vivendo
1551 1861 1839 1906 testantur.
1874 1852 1939 1906 Et
1967 1853 2092 1908 dum
2123 1846 2168 1904 Β
2198 1851 2356 1905 modo
2400 1866 2706 1924 quanquam
2750 1853 2818 1908 de
2865 1862 3077 1910 servata
3127 1856 3244 1928 lege
3289 1872 3395 1911 non
3441 1857 3511 1912 sit
3560 1858 3784 1928 praemio

524 1946 822 1993 sanctorum
868 1940 1208 1994 sacerdotum
1241 1941 1522 1995 imitantur
1550 1943 1815 2012 exempla,
1863 1958 1983 2012 qua:
2023 1943 2102 1999 lc-

522 2035 666 2096 lgunt,
696 2037 821 2082 tunc
855 2028 907 2082 in
944 2030 1115 2084 sacris
1143 2030 1372 2098 eloquiis
1402 2031 1740 2085 sacerdotum
1768 2046 1826 2086 se
1855 2031 1993 2087 ﬁlios
2016 2046 2099 2087 re.

522 2127 867 2188 cognoscunt.
905 2120 976 2173 At
1007 2121 1041 2175 ii
1066 2123 1154 2191 qui
1179 2123 1473 2177 carnaliter
1493 2124 1697 2189 vivunt,
1725 2134 1778 2180 et
1808 2140 2098 2196 pravorum

522 2210 791 2278 sequendo
818 2211 1063 2279 vestigia,
1096 2212 1248 2281 quasi
1281 2213 1348 2267 de
1386 2213 1720 2268 saecularium
1751 2218 2101 2284 generatione

523 2300 875 2367 descendunt,
905 2303 1099 2357 merito
1134 2302 1202 2356 de
1239 2304 1579 2357 sacerdotum
1622 2304 1979 2374 projiciuntur
2012 2325 2106 2363 or-

523 2391 665 2454 dine,
692 2407 919 2459 quorum
948 2406 1005 2446 se
1031 2407 1128 2462 per
1152 2393 1315 2446 vitam
1350 2394 1630 2464 reprobam
1663 2407 1936 2465 nequeunt
1962 2397 2105 2454 ﬁlios

523 2482 783 2536 tnvenire.

593 2574 658 2628 Et
699 2576 988 2631 notandum
1030 2576 1170 2647 quod
1206 2576 1313 2632 illic
1360 2576 1642 2646 sequitur:
1675 2597 1693 2629 ι
1724 2578 1869 2632 Dixit
1911 2579 2104 2633 Ather-

524 2666 673 2720 salba
712 2667 813 2729 eis,
850 2675 906 2721 ut
933 2684 1038 2723 non
1068 2671 1414 2724 comederent
1448 2671 1512 2724 de
1543 2669 1744 2726 sanctis
1773 2679 2103 2754 sanctorum,

524 2758 693 2812 donec
719 2769 963 2830 surgeret
991 2762 1244 2816 sacerdos
1276 2760 1368 2815 Dei
1403 2762 1807 2837 doctusuatque
1832 2763 2105 2832 perfectus

524 2847 728 2920 (1ὺὶιί.).
762 2868 780 2901 ι
816 2851 871 2904 In
900 2866 1003 2919 qua
1028 2852 1279 2905 nimirum
1309 2853 1671 2921 prohibitione
1692 2854 1819 2923 quid
1844 2855 1985 2909 aliud
2010 2870 2105 2925 per

522 2938 791 3009 allegoriae
837 2943 1151 3010 mysterium
1191 2941 1349 2997 debet
1398 2943 1644 3013 intelligi,
1688 2945 1788 2998 nisi
1833 2954 1892 2999 ut
1924 2946 1969 2999 is
2012 2947 2103 3015 qui

524 3030 773 3101 indignus
809 3041 891 3086 est
919 3034 1241 3100 sacerdotio,
1274 3051 1303 3089 a
1335 3037 1691 3107 percipiendis
1713 3053 1769 3092 se
1798 3054 2106 3095 sacramen-

524 3122 615 3188 tis,
659 3132 713 3178 et
761 3126 1111 3181 sacerdotalis
1153 3128 1359 3182 ordinis
1388 3129 1858 3185 administratione
1885 3146 2100 3200 compe-

2202 1940 2643 2016 dignus,ultioui
2687 1951 2868 2001 tamen
2916 1945 2982 2000 de
3030 1955 3335 2018 contempta
3384 1962 3492 2003 non
3537 1957 3785 2004 teneatur

2200 2029 2487 2086 obnoxius.

2273 2117 2378 2175 Sed
2425 2119 2708 2177 audiamus
2764 2121 2890 2192 quid
2945 2121 3141 2179 talibus
3194 2123 3373 2178 divina
3419 2125 3681 2180 severitas
3727 2124 3786 2180 in

2201 2210 2617 2265 Deuteronomio
2663 2211 2803 2267 dicat
2839 2230 2852 2267 :
2895 2230 2914 2264 ι
2942 2213 3184 2282 Cumque
3218 2213 3450 2267 audierit
3494 2214 3787 2284 quisquam

2201 2299 2364 2353 verba
2390 2300 2680 2371 jnramenti
2712 2302 2889 2372 hujus,
2922 2302 3204 2358 benedieat
3230 2303 3331 2358 sibi
3376 2303 3427 2357 in
3467 2305 3630 2359 corde
3661 2321 3785 2372 suo,

2200 2389 2387 2447 dicens
2419 2410 2430 2445 ε
2458 2389 2568 2446 Pax
2595 2392 2698 2447 erit
2719 2392 2872 2457 mihi,
2904 2400 2959 2447 et
2983 2395 3267 2449 ambulabo
3298 2396 3349 2449 in
3376 2397 3640 2466 pravitate
3662 2413 3786 2452 cor-

2202 2481 2285 2534 dis
2314 2482 2440 2547 mei,
2482 2491 2537 2537 et
2580 2491 2821 2537 assumat
2859 2483 3041 2538 ebrius
3079 2485 3372 2549 sitientem,
3423 2495 3476 2541 et
3526 2488 3791 2546 Dominus

2203 2587 2310 2627 non
2350 2573 2683 2642 ignoscatei,
2721 2575 2813 2628 sed
2844 2582 2968 2631 tunc
2993 2591 3153 2646 quam
3198 2577 3431 2632 maxime
3474 2576 3627 2633 furor
3667 2580 3787 2645 eius

2205 2662 2394 2729 fumet,
2419 2673 2473 2717 et
2508 2663 2657 2718 zelus
2685 2674 2872 2718 contra
2918 2666 3192 2721 hominem
3235 2667 3379 2721 illum
3414 2686 3427 2722 :
3466 2677 3521 2722 et
3564 2670 3791 2724 sedeant

2205 2770 2367 2825 super
2390 2770 2512 2809 eum
2536 2755 2715 2810 omnia
2744 2755 3047 2830 maledicta,
3077 2772 3195 2829 qua:
3224 2759 3420 2830 scripta
3444 2767 3569 2815 sunt
3600 2760 3651 2813 in
3682 2761 3785 2816 hoc

2205 2847 2493 2913 volumine,
2529 2856 2583 2902 et
2612 2846 2786 2902 deleat
2812 2864 3004 2902 nomen
3034 2848 3151 2916 ejus
3181 2848 3280 2903 sub
3302 2849 3461 2913 etelo,
3501 2859 3554 2905 et
3588 2866 3786 2905 consu-

2208 2946 2318 2991 mat
2355 2953 2477 2992 eum
2520 2939 2571 2993 in
2606 2939 2960 3009 perditionem
2985 2956 3049 2995 ex
3078 2942 3325 2997 omnibus
3350 2942 3592 2997 tribubus
3618 2939 3786 2997 Israel

2201 3026 2355 3095 juxta
2396 3028 2800 3083 maledictioues
2831 3046 2950 3100 qua:
2976 3030 3027 3084 in
3058 3029 3196 3085 libro
3226 3030 3358 3102 legis
3388 3030 3546 3100 hujus
3588 3048 3651 3087 ac
3681 3031 3783 3087 fm-

2207 3121 2351 3177 deris
2379 3123 2721 3177 continentur
2750 3120 2926 3192 (Deut.
2958 3123 3128 3192 nix).
3161 3142 3179 3175 ι
3223 3122 3323 3177 Eat
3360 3137 3491 3194 ergo
3530 3123 3789 3190 clericus,

522 3222 655 3276 seat,
685 3215 852 3268 donec
874 3216 1120 3271 Christus
1149 3218 1199 3271 in
1220 3219 1441 3288 judicio,
1471 3221 1560 3290 qui
1592 3236 1714 3275 vere
1737 3223 1990 3277 sacerdos
2019 3231 2103 3277 est

2205 3212 2293 3265 cui
2324 3211 2597 3265 muliebris
2620 3211 2933 3280 prohibetur
2954 3212 3231 3280 admixtio,
3260 3215 3495 3282 przel:eat
3521 3214 3784 3285 sacriicga

523 3303 713 3357 doctus
737 3313 898 3372 atque
927 3306 1221 3374 perfectus,
1250 3318 1524 3379 exsurgat.
1581 3309 1735 3364 Sicut
1762 3326 1858 3380 per
1882 3311 2105 3367 PSaImi-

527 3400 665 3446 stam
695 3394 929 3475 dicitur:
962 3413 984 3445 «η
1004 3397 1165 3450 Terra
1192 3400 1409 3453 tremuit
1452 3410 1503 3455 et
1526 3402 1746 3469 quievit,
1772 3403 1896 3457 dum
1918 3419 2109 3458 essur-

524 3496 679 3555 geret
717 3486 767 3541 in
801 3486 1004 3557 judicio
1044 3491 1184 3545 Deus
1220 3488 1390 3563 (Psal.
1432 3494 1634 3563 cm");
1682 3512 1701 3546 ι
1757 3504 1815 3547 ut
1859 3495 1905 3549 is
1954 3494 2107 3562 cujus

526 3578 750 3632 terroris
772 3580 1044 3643 instinctu,
1075 3583 1299 3650 quilibet
1321 3583 1499 3653 lapsus
1524 3585 1608 3639 hic
1636 3601 1729 3639 sua
1763 3602 1819 3641 se
1845 3586 2106 3658 dignitate

527 3674 717 3735 sponte
756 3669 1082 3735 privaverat,
1116 3687 1237 3724 eum
1275 3672 1326 3726 in
1358 3673 1561 3743 judicio
1591 3684 1741 3744 grata
1785 3676 1900 3731 vice
1942 3677 2103 3733 res:i-

526 3752 704 3819 tuens,
756 3759 824 3811 ad
875 3760 1056 3814 amissi
1104 3761 1307 3816 ordinis
1349 3764 1557 3819 culmen
1600 3767 1824 3829 attollat,
1875 3768 2102 3824 dicens:

534 3861 553 3893 ι
584 3845 790 3913 Amice,
821 3850 1049 3903 ascende
1077 3852 1341 3919 superius,
1367 3860 1420 3907 et
1445 3862 1568 3909 tunc
1599 3855 1667 3909 sit
1699 3856 1790 3910 tibi
1816 3856 1984 3928 gloria
2015 3874 2113 3914 co-

526 3934 645 3991 ram
673 3937 830 3993 simul
861 3940 1321 3996 discumbentibus
1348 3942 1497 4015 (Luc.
1529 3945 1662 4019 xxv).
1694 3965 1713 3999 ι

602 4028 707 4084 Sed
737 4039 862 4084 sunt
894 4033 1151 4097 nonnuili,
1192 4034 1332 4104 quod
1377 4037 1805 4105 praetereundum
1849 4054 1954 4093 non
2003 4046 2107 4104 est,

531 4121 621 4189 qui
646 4121 797 4191 juxta
825 4121 1134 4194 Apostolnm
1166 4123 1376 4195 (Ep/tes.
1411 4125 1485 4196 tv)
1513 4127 1877 4196 desperantes,
1910 4137 2111 4182 semet-

529 4213 678 4281 ipsos
729 4213 1078 4269 immunditite
1121 4215 1498 4271 tradiderunt:
1545 4233 1667 4271 nam
1718 4218 2107 4273 continentiam

528 4301 770 4359 funditus
800 4305 1167 4374 desperantes,
1195 4321 1225 4359 a
1254 4307 1486 4377 suscepti
1522 4308 1729 4363 ordinis
1758 4308 2107 4362 administra-

528 4393 675 4451 tione
712 4410 770 4449 se
814 4397 1131 4466 reprimunt,
1174 4397 1357 4465 sicque
1395 4413 1452 4452 se
1497 4398 1808 4468 delinquere
1837 4398 1981 4453 velut
2012 4398 2110 4452 im-

434 4496 445 4506 ·
526 4494 671 4552 pune
717 4484 991 4538 conﬁdunt
1029 4499 1044 4537 :
1082 4501 1145 4540 ac
1188 4486 1232 4539 si
1282 4500 1470 4541 servus
1516 4488 1730 4542 domino
1775 4503 1871 4543 suo
1916 4487 2101 4542 dicat:

528 4572 658 4641 quia
701 4572 842 4640 quod
889 4574 1133 4642 prtecipis
1168 4573 1391 4643 implere
1438 4590 1542 4628 non
1578 4575 1746 4637 valeo.
1780 4577 1844 4629 ad
1874 4576 2109 4630 hostium

529 4671 747 4717 tuorum
771 4670 947 4717 castra
975 4660 1289 4732 transfugio,
1320 4662 1529 4733 illisque
1556 4679 1640 4718 me
1670 4663 1736 4716 ad
1765 4664 2108 4733 pugnandum

529 4760 719 4808 contra
748 4761 797 4807 te
823 4752 1123 4807 deditilium
1155 4755 1336 4818 trado;
1363 4764 1614 4824 tanquam
1643 4756 1811 4823 possit
1832 4754 2110 4810 dominum

528 4859 683 4898 suum
728 4843 961 4913 placare,
1010 4844 1149 4913 quod
1193 4843 1362 4913 fugit;
1407 4852 1461 4899 et
1508 4859 1611 4898 non
1662 4846 1830 4914 possit
1870 4845 2108 4911 irritare,

480 4950 487 4957 '
527 4935 671 5001 quod
712 4934 969 4989 adversus
1006 4950 1128 4988 eum
1170 4934 1222 4987 in
1259 4949 1407 4989 arma
1439 4937 1733 5007 consurgit.
1775 4935 1979 5002 Quibus
2006 4950 2109 5006 ego

532 5033 864 5090 constanter,
900 5035 955 5081 et
982 5027 1097 5082 sine
1126 5026 1231 5082 ulla
1263 5043 1484 5097 prorsus
1514 5028 1865 5097 ambiguitate
1892 5027 2101 5081 denun-

532 5115 629 5179 tio,
659 5117 911 5185 quoniam
942 5133 1097 5172 cassa
1125 5132 1182 5173 se
1216 5134 1280 5172 ac
1318 5116 1503 5173 frivola
1540 5118 1922 5188 pollicitatione
1960 5116 2106 5171 deci-

529 5206 702 5275 piunt,
739 5205 784 5260 si
813 5222 914 5260 non
942 5219 1298 5277 exsequentes
1326 5207 1579 5273 cilicium,
1622 5208 1794 5263 ollicio
1825 5222 1883 5263 se
1910 5216 2104 5261 exutos

531 5313 650 5352 esse
674 5298 1130 5357 conﬁdunt.Licet
1151 5303 1292 5356 enim
1315 5310 1344 5355 a
1375 5300 1822 5371 frequentatione,
1847 5298 1930 5355 vel
1954 5314 2110 5353 exse-

532 5390 748 5442 cutione
787 5395 961 5441 cesset
994 5390 1126 5443 ordo
1156 5388 1460 5458 cujuslibet,
1493 5390 1575 5445 vel
1598 5389 1856 5454 olﬁcium;
1887 5389 1937 5442 in
1964 5390 2109 5443 ordi-

533 5488 661 5534 nato
693 5487 868 5533 tamen
898 5478 1244 5535 nihilominus
1271 5479 1435 5552 m
1462 5488 1741 5549 permanet
1783 5478 1988 5534 ordinis
2018 5493 2107 5533 sa-

534 5575 833 5622 cramento.
873 5567 941 5621 Et
984 5568 1121 5624 sicut
1157 5572 1238 5624 vir
1287 5571 1572 5639 quispiam,
1618 5579 1674 5624 et
1722 5570 1765 5624 si
1815 5578 1990 5626 cesset
2042 5570 2111 5624 ab

534 5676 695 5729 opere
721 5659 1004 5730 coniugali,
1056 5661 1201 5719 nullo
1241 5663 1398 5717 modo
1426 5672 1602 5717 tamen
1629 5661 1922 5717 absolvitur
1948 5677 2111 5730 copu-

536 5755 736 5809 latione
770 5754 1040 5821 conmigii;
1086 5758 1154 5809 ita
1192 5756 1418 5811 clericus
1461 5763 1513 5810 et
1556 5756 1599 5809 si
1648 5755 1728 5809 sui
1760 5755 1964 5809 ordinis
2007 5768 2111 5808 non

2137 4529 2186 4588 D

2208 3301 2529 3355 venerandis
2556 3299 2815 3354 altaribus
2854 3301 3172 3356 adversione
3208 3303 3509 3372 repudium.
3540 3312 3597 3357 ut
3625 3303 3785 3367 liber,

2209 3397 2463 3458 tanquam
2506 3389 2816 3443 emissarios
2837 3405 3009 3460 equus
3033 3390 3085 3444 in
3115 3391 3339 3445 luxuriae
3362 3393 3604 3461 prosiliat
3624 3408 3786 3463 appe-

2210 3479 2384 3532 titum.
2427 3477 2530 3531 Sed
2557 3478 2683 3532 dum
2716 3494 2745 3533 a
2790 3478 2898 3533 Deo
2938 3479 3239 3533 libertatem
3274 3480 3491 3548 accipit,
3523 3491 3685 3550 atque
3714 3484 3787 3538 ab

2208 3583 2292 3631 eo,
2326 3578 2575 3637 tanquam
2614 3568 2890 3624 absolutus
2919 3569 3182 3637 abscedit,
3218 3570 3610 3625 maledictionis
3668 3570 3789 3640 ejus

2208 3673 2272 3713 ac
2294 3674 2402 3712 sua:
2427 3659 2742 3728 perditionis
2769 3659 2988 3729 laqueos
3011 3674 3118 3715 non
3137 3661 3336 3715 evadit.
3381 3659 3513 3716 Cum
3554 3656 3783 3717 Psalmi-

2208 3760 2289 3804 sta
2331 3748 2515 3804 dicat:
2550 3768 2569 3800 ι
2600 3748 2865 3804 Maledicti
2904 3749 2993 3819 qui
3027 3749 3358 3804 declinant'a
3385 3749 3653 3803 mandatis
3677 3748 3787 3803 tuis

2208 3836 2380 3910 (Psal.
2429 3840 2639 3911 cxvtu).
2669 3858 2687 3891 ι
2732 3838 2796 3893 Et
2843 3854 2940 3909 per
2978 3838 3312 3894 Ezechielem
3360 3839 3618 3894 Dominus
3662 3840 3783 3894 ait:

2212 3948 2231 3981 ι
2267 3930 2447 4000 Neque
2489 3933 2744 4003 cogitatio
2792 3931 2987 3985 mentis
3011 3941 3202 3985 vestrm.
3254 3929 3385 3995 ﬁet,
3436 3930 3725 3985 dicentium
3765 3948 3781 3985 :

2209 4021 2425 4077 Erimus
2457 4023 2593 4078 sicut
2622 4034 2809 4095 gentes
2867 4032 2922 4079 et
2954 4024 3095 4078 sicut
3138 4024 3484 4093 cognationes
3514 4031 3688 4085 terrm,
3725 4031 3786 4077 ut

2209 4112 2449 4168 colamus
2492 4113 2631 4186 ligna
2679 4124 2734 4169 et
2780 4114 2998 4185 lapides.
3046 4114 3182 4170 Vivo
3209 4129 3330 4180 ego,
3368 4115 3498 4170 dicit
3531 4115 3789 4170 Dominus

2212 4201 2375 4266 Deus,
2404 4203 2656 4271 quoniam
2693 4203 2744 4257 in
2777 4219 2936 4258 manu
2964 4202 3110 4269 forti,
3141 4213 3196 4259 et
3224 4203 3445 4259 brachio
3465 4212 3702 4267 extento,
3729 4212 3787 4259 et

2213 4292 2264 4345 in
2288 4290 2468 4347 lurore
2497 4291 2663 4347 effuso
2697 4296 2928 4364 regnabo
2947 4310 3108 4364 super
3127 4310 3243 4362 vos,
3270 4303 3324 4349 et
3349 4294 3573 4350 educam
3602 4309 3698 4348 vos
3720 4294 3784 4350 de

2213 4382 2444 4452 populis,
2485 4391 2541 4437 et
2584 4385 2920 4454 congregabo
2953 4400 3049 4440 vos
3090 4385 3156 4439 de
3187 4386 3364 4450 terris,
3396 4370 3445 4440 in
3477 4384 3671 4456 quibus
3699 4383 3786 4438 di-

2212 4473 2379 4543 spersi
2402 4473 2552 4539 estis,
2570 4485 2621 4528 et
2634 4474 2912 4543 subjiciam
2932 4490 3027 4530 vos
3043 4484 3256 4545 sceptro
3278 4490 3397 4531 meo
3418 4475 3631 4546 (Ezech.
3653 4473 3729 4545 ι).
3760 4493 3779 4527 ι

2210 4566 2342 4621 Car.
2389 4564 2472 4620 VI.
2517 4597 2583 4606 —
2623 4565 2696 4619 De
2742 4558 2944 4621 duobus
2981 4569 3287 4639 presbyteris
3327 4568 3785 4621 iucontinentibus.

2284 4654 2493 4717 Nostra,
2535 4663 2594 4709 ut
2632 4655 2824 4721 fertur,
2868 4657 3095 4729 contigit
3130 4666 3310 4723 aetate,
3341 4658 3480 4727 quod
3506 4673 3686 4713 narro.
3728 4659 3786 4713 In

2210 4743 2501 4799 Galliarum
2532 4745 2773 4815 partibus
2798 4760 2963 4815 penes
3007 4746 3530 4802 administrationem
3601 4761 3665 4800 ac
3705 4747 3793 4800 di-

2211 4836 2412 4890 tionem
2464 4837 2742 4906 cujusdam
2789 4838 3022 4908 religiosi
3062 4838 3310 4904 abbatis,
3352 4839 3568 4893 nomine
3618 4837 3790 4893 Bene-

2212 4926 2372 4991 dicti,
2431 4928 2710 4997 presbyter
2765 4927 3067 4992 habitabat,
3124 4929 3217 5000 qui
3266 4929 3519 4983 nimirum
3580 4938 3788 4999 quanto

2209 5021 2361 5089 copia
2407 5020 2674 5073 facultatis
2723 5020 2939 5075 uberius
2976 5020 3253 5086 allluebat,
3305 5029 3453 5075 tanto
3493 5020 3661 5091 magis
3700 5034 3780 5074 re-

2210 5109 2427 5180 ligionis
2481 5116 2537 5164 et
2572 5110 2869 5165 honestatis
2907 5112 3255 5179 premebatur
3294 5111 3495 5180 inopia.
3539 5108 3790 5165 Obcunte

2213 5201 2377 5271 igitur
2446 5200 2672 5269 pellice,
2736 5202 3034 5265 viduatus,
3097 5199 3292 5269 adjecit
3349 5202 3544 5255 iterare
3605 5196 3791 5266 conju-

2213 5295 2377 5364 gium.
2430 5290 2567 5358 Quid
2610 5291 2806 5360 plura?
2856 5291 3202 5347 Conl‘tederat
3244 5291 3385 5357 sibi;
3434 5290 3588 5361 quasi
3637 5289 3793 5341 tabu-

2213 5386 2385 5438 larum
2437 5383 2551 5454 lege
2598 5380 2950 5451 prostibulum
2980 5424 2994 5448 ,
3035 5382 3330 5436 amicorum
3358 5422 3373 5447 ,
3412 5390 3574 5452 atque
3623 5380 3793 5433 conli-

2216 5477 2362 5532 nium
2384 5475 2544 5548 5,05
2566 5466 2861 5545 congregat
2877 5473 3101 5543 nuptiali
3124 5488 3275 5528 more
3293 5481 3634 5532 conventum,
3659 5485 3794 5539 epu-

2214 5565 2404 5621 laturis
2433 5568 2597 5621 etiam
2642 5566 2804 5621 tutius
2848 5563 3131 5618 aﬁluentize
3157 5563 3405 5633 providet
3447 5570 3788 5631 apparatum.

2216 5657 2397 5711 Abbas
2424 5664 2621 5719 autem,
2649 5654 2775 5708 dum
2802 5655 3167 5718 deeumberet,
3186 5652 3405 5724 jamque
3430 5653 3636 5707 felicem
3661 5665 3790 5722 pro-

2218 5751 2502 5819 pinquaret
2531 5747 2597 5803 ad
2633 5745 2860 5813 exitum,
2890 5745 2992 5801 hec
3021 5746 3227 5812 audito,
3267 5745 3399 5801 duos
3427 5748 3491 5798 ad
3519 5759 3639 5798 eum
3673 5758 3791 5797 mo-
