4132 6324
395 315 504 371 809

1086 313 1327 372 OPUSC.
1368 312 1555 370 XVIII.
1595 341 1668 354 —
1699 309 1978 366 CONTRA
2014 307 2592 366 INTEMPERANTES
2629 311 2980 370 CLERICOS.

3560 288 3666 362 uti

389 431 593 486 nachos
619 426 784 492 misit,
811 425 968 497 eique
996 433 1106 480 tam
1135 427 1418 496 impudens
1448 431 1625 481 scelus
1659 424 1758 479 sub
1785 421 1972 476 distri-
1998 423 2049 482 Α
2076 435 2299 490 magnos
2327 422 2527 476 habere
2555 423 2926 478 characterem
2951 423 3138 478 bestiae
3173 423 3229 478 in
3277 422 3468 476 dextra
3501 435 3670 474 manu

391 531 494 575 ctua
521 534 770 574 censurze
808 517 1249 572 interminatione
1293 515 1584 586 prohibuit.
1624 513 1717 568 Ille
1738 527 1888 570 vero.
1918 519 1975 584 ut

392 620 512 666 erat
535 619 811 679 concepta:
837 609 1091 677 nequitia:
1125 606 1436 661 stimulatus
1463 606 1738 668 instinctu,
1767 604 1977 658 obtem-

391 719 587 776 perare
611 717 716 756 non
741 701 933 771 potuit,
965 701 1057 756 sed
1082 700 1386 755 temeritate
1413 700 1690 767 plectibili,
1716 695 1975 767 quidquid

393 795 646 864 nuptialis
689 795 822 848 ordo
878 792 1114 847 dictabat
1176 792 1437 863 implevit.
1490 791 1712 846 Cunctis
1794 791 1978 858 itaque

390 886 856 959 pcrstrepentibus
885 885 1039 946 loris,
1087 901 1148 938 ac
1180 884 1414 938 lasrivizn
1442 884 1660 946 deditis,
1691 883 1978 951 presbyter

394 987 651 1047 tanquam
692 978 789 1032 bos
810 979 878 1031 ad
902 977 1175 1030 victimam
1192 965 1400 1029 iductus
1421 975 1724 1029 convivium
1754 974 1973 1035 deserit,

395 1068 662 1123 thalamos
691 1085 796 1122 non
840 1067 1246 1129 delectationis,
1289 1067 1381 1122 sed
1435 1066 1752 1135 perditionis
1806 1064 1982 1132 ingre-

396 1161 581 1215 ditur:
612 1169 704 1225 et,
752 1176 784 1215 o
817 1159 1076 1215 terribilis
1110 1161 1250 1214 Deus
1281 1160 1330 1213 in
1373 1159 1612 1212 consiliis
1649 1173 1810 1227 super
1841 1157 1979 1211 filios

393 1251 706 1306 hominum!
747 1249 928 1319 (Prol.
956 1251 1114 1321 va.)
1151 1251 1427 1320 repentina
1460 1259 1632 1303 morte
1666 1250 1972 1302 mulctatur.

396 1342 515 1399 Uno
560 1343 827 1412 siquidem
855 1344 1152 1412 eodemque
1175 1352 1483 1407 momento,
1509 1351 1562 1395 et
1603 1357 1788 1395 semen
1839 1339 1976 1392 fudit

394 1440 451 1486 et
476 1433 712 1486 animam
737 1433 1044 1487 cxhalavit.‘
1065 1433 1156 1488 Sic
1187 1434 1519 1487 remunerari
1561 1433 1764 1496 debuit,
1795 1431 1884 1500 qui
1914 1433 1978 1485 de

394 1523 638 1577 sacrario
679 1522 888 1577 Domini
933 1524 998 1577 ad
1044 1522 1315 1578 exoletum
1376 1523 1602 1591 lupanar
1653 1522 1978 1589 suiuumque

391 1613 738 1669 volutabrum
771 1616 1004 1670 transire
1048 1614 1312 1669 decrevit.
1363 1615 1637 1669 Fortassis
1683 1616 1824 1669 enim
1852 1616 1978 1678 iste,

394 1704 519 1775 quia
565 1705 707 1760 sacri
737 1705 926 1760 altaris
963 1722 1068 1759 non
1111 1705 1492 1774 frequentabat
1535 1720 1846 1768 accessum,
1890 1705 1974 1758 id-

2081 523 2175 568 aut
2221 515 2274 567 in
2329 513 2595 566 frontibus
2623 514 2737 567 suis
2770 515 2954 583 (Apoc.
3004 515 3149 586 '(tlt).
3195 534 3213 566 ι
3252 513 3357 568 Sed
3387 513 3514 582 quid
3542 528 3666 564 eum

2079 604 2394 658 charactere
2420 603 2604 658 bestia:
2633 605 2888 672 siguo'illi
2909 646 2922 668 ,
2971 605 3038 658 de
3067 621 3175 674 quo
3205 604 3403 658 dicitur
3433 621 3447 656 :
3480 623 3498 653 ι
3530 600 3666 668 Quia

2079 695 2157 758 hi,
2189 695 2279 762 qui
2310 703 2469 747 erant
2494 708 2656 762 super
2689 703 2926 748 montem
2961 693 3091 748 Sion
3137 709 3258 749 cum
3288 695 3462 763 Agno,
3505 692 3670 746 habe-

2077 782 2209 836 bant
2235 799 2427 836 nomen
2453 784 2572 852 ejus
2592 784 2848 852 scriptmn
2882 784 2932 836 iu
2961 781 3226 838 frontibus
3254 783 3398 837 suis?
3430 803 3447 833 ι
3475 783 3662 850 (Apoc.

2079 879 2214 944 xxv.)
2245 894 2262 926 ι
2294 875 2430 941 Quid
2458 877 2600 930 enim
2633 877 2738 930 luci
2767 876 2833 929 ad
2864 876 3147 930 tenebras?
3172 883 3262 932 aut
3286 891 3404 945 quae
3431 876 3673 929 societas

2077 964 2280 1019 Christi
2313 965 2377 1018 ad
2427 965 2638 1020 Belial?
2667 964 2770 1032 Qui
2820 981 3122 1020 consensus
3177 965 3374 1034 templo
3401 964 3497 1019 Dei
3541 979 3666 1019 cum

2080 1055 2303 1108 idolis?»
2343 1053 2426 1124 (11
2452 1054 2576 1109 Cor.
2617 1057 2714 1126 vt.)

2149 1180 2277 1235 CAP.
2315 1179 2421 1234 \‘ll.
2445 1211 2514 1220 ——
2545 1179 2740 1233 Contra
2767 1181 2972 1248 pellines
3016 1179 3320 1233 clericorum
3364 1178 3591 1247 scriptor

2732 1253 2921 1304 inve/tit
2930 1269 2957 1302 tt
2967 1268 3010 1302 ι’.

2149 1343 2352 1397 Interea
2380 1354 2432 1397 et
2457 1358 2550 1396 vos
2578 1343 2842 1412 alloquor,
2876 1360 2907 1396 ο
2937 1343 3144 1410 lepores
3171 1341 3514 1404 clericorum,
3541 1339 3670 1409 pul-

2081 1447 2328 1504 pamcuta
2361 1436 2581 1495 diaboli,
2614 1434 2876 1502 projectio
2907 1435 3166 1503 paradisi.
3205 1433 3348 1485 virus
3378 1433 3669 1494 mentium,

2079 1526 2286 1595 gladius
2314 1527 2618 1577 animarum
2644 1565 2658 1589 ,
2693 1525 2907 1578 aconita
2957 1524 3275 1586 bibentium,
3311 1521 3489 1575 toxica
3542 1536 3672 1573 cou-

2079 1623 2342 1685 vivarum,
2390 1620 2614 1672 materia
2649 1619 2928 1688 peccandi,
2969 1617 3184 1670 occasio
3225 1615 3509 1686 pereundi.
3559 1613 3666 1668 Vos

2083 1713 2342 1780 inquam,
2373 1710 2621 1779 alloquor
2655 1724 2902 1779 gynecaea
2950 1709 3120 1761 hostis
3154 1706 3363 1773 antiqui
3386 1746 3399 1769 ,
3445 1720 3672 1773 upupze,

393 1797 540 1852 circo
562 1812 624 1852 se
651 1798 867 1868 impune
898 1798 1128 1852 credidit
1169 1808 1542 1868 peccaturum.
1577 1796 1680 1850 Sed
1721 1806 1979 1865 expertus
2011 1770 2054 1829 Β
2085 1806 2274 1865 "Ialm,
2305 1814 2546 1867 ηοοιιιτε,
2577 1804 2745 1872 lupa),
2779 1802 3150 1871 sanguisugm,
3199 1797 3366 1862 Alfer,
3400 1796 3532 1851 affer
3554 1798 3671 1850 sine

393 1896 478 1942 est
532 1888 677 1957 quod
723 1889 1014 1959 Apostolus
1077 1890 1339 1943 dixerat:
1375 1906 1392 1939 ι
1445 1888 1582 1954 Quia
1629 1887 1866 1940 terribile
1897 1895 1984 1941 est

394 1977 636 2032 incidere
665 1978 717 2032 in
749 1994 939 2032 manus
969 1978 1061 2032 Dei
1087 1978 1321 2032 viventis
1351 1977 1538 2048 (Hebr.
1571 1978 1650 2048 ι).
1695 1997 1715 2030 ι

462 2070 585 2123 Alio
624 2085 838 2140 quoque
868 2081 1141 2139 tempore,
1182 2085 1302 2128 cum
1347 2085 1480 2139 papa
1513 2070 1858 2138 Stephanus,
1890 2068 1982 2136 qui

398 2161 498 2217 zeli
528 2161 759 2217 Phinees
783 2162 1135 2216 aemulabatur
1162 2161 1413 2215 ardorem
1446 2160 1636 2228 (Num.
1685 2158 1835 2228 xxv),
1870 2174 1986 2210 om-

400 2268 496 2306 nes
515 2251 742 2307 clericos
766 2251 974 2316 Romte,
995 2252 1084 2320 qui
1109 2261 1232 2321 post
1250 2251 1594 2305 interdictum
1621 2266 1768 2318 papa:
1792 2249 1988 2303 Leonis

407 2343 809 2398 incontinentes
841 2343 1204 2406 exstiterant,
1250 2343 1316 2397 de
1360 2352 1623 2397 conventu
1669 2341 1988 2394 clericorum

401 2441 456 2487 et
481 2433 649 2486 choro
693 2432 932 2488 ecclesiae
960 2435 1307 2502 prtecepisset
1333 2433 1481 2488 exire
1501 2475 1515 2494 ,
1552 2443 1608 2485 ut
1652 2447 1988 2502 quanquam,

403 2521 607 2576 relictis
637 2520 876 2584 feminis,
903 2537 1000 2591 per
1040 2523 1377 2590 pmnitentia:
1406 2538 1463 2576 se
1493 2522 1722 2575 lamenta
1758 2521 1992 2585 corrige-

405 2621 560 2675 rent;
589 2620 764 2665 tamen
789 2612 915 2681 quia
943 2622 1134 2666 sancto
1158 2611 1273 2665 viro
1294 2610 1668 2665 inobedientes
1692 2611 1993 2670 fuerant,et

406 2701 472 2756 de
493 2702 735 2766 sacrario
770 2703 836 2755 ad
869 2711 1080 2771 tempus
1109 2703 1343 2766 exirent,
1369 2711 1424 2756 et
1445 2700 1784 2756 celebranda:
1813 2701 1992 2754 missae

406 2793 677 2848 licentiam
701 2795 768 2850 de
793 2803 990 2850 caetero
1020 2810 1125 2848 non
1155 2802 1458 2862 sperarent,
1487 2794 1640 2864 juxta
1669 2794 1990 2848 canonicam

406 2884 470 2938 Β.
497 2884 723 2940 Ctecilia:
749 2894 896 2940 trans
923 2883 1160 2939 Tiberim
1186 2885 1546 2940 constitutam
1589 2884 1874 2953 presbyter
1899 2882 1994 2935 ha-

405 2976 632 3041 bitabat,
659 2976 804 3048 quod
837 2992 936 3031 nec
967 2976 1223 3030 feminam
1265 2975 1376 3030 ullo
1419 2976 1578 3030 modo
1609 2976 1995 3045 acquiescebat

406 3068 664 3138 abjieere,
693 3085 792 3122 nec
816 3085 1052 3138 unquam
1085 3078 1302 3138 poterat
1331 3070 1444 3124 ha:c
1469 3079 1694 3130 statuta,
1724 3069 1826 3121 nisi
1856 3082 1992 3120 vana

403 3177 627 3232 prorsus
668 3170 723 3217 et
754 3160 940 3215 frivola
962 3161 1231 3230 judicare.
1260 3162 1502 3227 Quadam
1529 3164 1709 3230 itaque
1731 3159 1837 3222 die,
1864 3159 1990 3213 dum

406 3253 724 3317 incolumis,
751 3263 992 3322 vegetus,
1041 3268 1106 3306 ac
1149 3253 1408 3307 robustus
1457 3252 1738 3316 existeret,
1771 3264 1991 3318 vesper-

405 3344 535 3398 tinis
579 3344 729 3398 horis
773 3344 1255 3412 adquiescendum
1288 3357 1345 3396 se
1385 3342 1436 3396 in
1477 3343 1616 3396 lecto
1661 3341 1987 3410 composuit.

405 3433 510 3489 Sed
545 3435 821 3504 repentina
849 3434 1043 3487 divium
1087 3433 1308 3487 ultionis
1353 3432 1824 3486 animadversione
1865 3445 1990 3499 pcr-

403 3543 623 3590 cussns,
678 3543 836 3582 mane
857 3537 1114 3596 repertus
1157 3537 1242 3580 est
1281 3525 1513 3580 cadaver
1540 3526 1810 3580 exanime.
1844 3525 1991 3585 lllico

403 3620 642 3691 praefatae
678 3621 953 3674 canonica:
994 3618 1274 3689 religiosus
1317 3627 1467 3671 certe
1512 3629 1812 3672 conventus
1856 3622 1990 3675 duos

404 3712 472 3765 ad
537 3726 624 3766 me
688 3710 916 3765 clericos
980 3709 1338 3772 direxerunt,
1403 3707 1530 3776 quid
1596 3708 1685 3760 tali
1753 3708 1992 3764 facerent

409 3813 622 3854 mortuo
674 3802 1037 3855 consulentes.
1099 3798 1204 3854 Nos
1260 3799 1306 3852 si
1369 3814 1477 3851 rem
1533 3799 1634 3852 rite
1697 3807 1987 3866 tenemus,

403 3891 686 3945 consilium
729 3891 1006 3957 dedimus,
1055 3899 1116 3942 ut
1164 3903 1286 3943 eum
1314 3888 1560 3957 quidem,
1615 3889 1740 3956 quia
1769 3891 1991 3961 presby-

404 3993 487 4037 ter
537 3984 734 4048 fuerat,
780 4000 944 4054 penes
992 3981 1276 4038 ecclesiam
1310 3983 1988 4052 sepelirentzsednullum

404 4075 508 4129 sibi
542 4075 627 4128 vel
665 4075 1005 4146 hymnorum,
1039 4073 1120 4128 vel
1164 4073 1479 4143 psalmodia:
1507 4071 1743 4128 officium
1795 4076 1989 4130 redde-

405 4176 556 4230 rent;
607 4175 873 4236 quatenus
910 4175 966 4220 et
1005 4167 1224 4220 incestis
1277 4174 1454 4220 terror
1513 4174 1887 4229 accresceret,
1931 4175 1988 4220 et

402 4260 673 4312 castitatis
719 4259 886 4329 gloria
935 4259 1331 4330 germinantius
1361 4257 1674 4327 pullularet.
1728 4259 1790 4312 Et
1840 4269 1988 4313 certe

401 4349 621 4418 dignum
650 4351 880 4414 videtur,
906 4358 962 4402 ιιι
984 4359 1247 4414 mortuus,
1270 4347 1418 4416 juxta
1443 4350 1786 4418 prophetam,
1811 4349 1990 4419 sepul-

2083 1894 2388 1951 cessationc
2409 1894 2647 1947 dicentes
2668 1889 2845 1957 (Prov.
2872 1890 3024 1957 xxx).
3053 1887 3241 1941 Venite
3266 1887 3466 1954 itaque,
3492 1883 3676 1937 audite

2085 2003 2202 2052 me,
2237 1995 2417 2040 scorta
2440 2025 2454 2048 ,
2502 1981 2800 2052 prostibula
2822 2023 2835 2045 ,
2867 1981 3011 2034 savia
3031 2019 3046 2043 ,
3077 1977 3356 2031 volutabra
3382 1988 3673 2046 porcormn

2085 2079 2396 2150 pinguium;
2429 2077 2624 2131 cubilia
2650 2075 2933 2143 spirituum
2961 2072 3378 2132 immundorum,
3397 2069 3670 2139 nyuiphm,

2088 2169 2302 2232 sirenae,
2343 2168 2540 2230 lamiae,
2571 2167 2763 2227 dianre,
2810 2175 2862 2217 et
2894 2163 2937 2216 si
2962 2161 3088 2231 quid
3136 2161 3311 2214 adhuc
3340 2159 3598 2228 portenti,
3630 2157 3674 2211 si

2088 2263 2216 2332 quid
2268 2261 2493 2330 prodigii
2546 2259 2848 2328 reperitur,
2895 2255 3096 2310 nomini
3146 2263 3330 2306 vestro
3367 2259 3680 2319 competere

2085 2354 2379 2424 judicetur.
2433 2351 2537 2405 Vos
2592 2349 2735 2404 cuitu
2787 2347 2918 2402 estis
2968 2346 3270 2399 daemonum
3320 2342 3553 2395 victimae
3609 2341 3676 2394 ad

2091 2455 2305 2498 teter-nae
2338 2443 2527 2496 mortis
2553 2440 2848 2495 suecidium
2887 2437 3186 2492 destinatae.
3232 2433 3310 2487 Ex
3344 2433 3496 2486 vobis
3522 2432 3665 2486 enim

2092 2535 2356 2597 diabolus,
2385 2542 2639 2601 tanquam
2663 2528 2908 2583 delicatis
2938 2527 3164 2596 dapibus
3190 2525 3454 2593 pascitur,
3481 2532 3680 2575 vestrm

2092 2626 2329 2680 libidinis
2397 2623 2752 2678 exuberantia
2818 2619 3120 2689 saginatur.
3180 2637 3196 2667 ι
3240 2615 3458 2668 Habitat
3509 2614 3679 2677 enim,

2086 2715 2240 2784 juxta
2272 2715 2634 2782 Scripturam,
2673 2710 2724 2764 in
2758 2717 2968 2763 secreto
2994 2705 3208 2767 calami,
3249 2714 3306 2756 et
3336 2704 3386 2756 in
3421 2702 3550 2755 locis
3581 2703 3682 2755 lut—

2095 2808 2383 2862 mentihus.
2429 2804 2536 2858 Vos
2581 2802 2712 2856 estis
2756 2815 2882 2854 vasa
2918 2799 3042 2860 irze,
3093 2805 3146 2849 et
3196 2794 3396 2848 furoris
3445 2792 3680 2857 Domini,

2093 2899 2329 2970 reposita
2381 2898 2434 2950 in
2487 2897 2626 2950 diem
2674 2893 2896 2946 ultionis
2935 2888 3055 2960 (Job
3096 2887 3203 2955 XL).
3245 2905 3263 2937 ι
3320 2885 3425 2939 Vos
3457 2885 3679 2952 tigrides

2096 2990 2296 3058 impiae,
2340 3001 2566 3056 quarum
2601 2983 2868 3045 nesciunt,
2901 2989 3098 3049 ιιι-ιυιοι·
3126 2978 3420 3036 humanum
3462 2974 3683 3042 sangui-

2102 3097 2245 3142 nem,
2277 3089 2499 3133 cruenta
2541 3091 2633 3129 ora
2684 3073 2858 3129 sitire.
2890 3072 3000 3126 Vos
3044 3067 3316 3137 harpyim,
3350 3082 3467 3134 qua:
3511 3065 3684 3119 sacri-

2099 3173 2276 3227 ficium
2340 3168 2551 3223 Domini
2604 3163 3059 3220 circumvolantes
3113 3156 3390 3224 arripitis,
3441 3169 3679 3223 eosque,

2090 3263 2182 3332 qui
2229 3262 2339 3315 Deo
2368 3261 2533 3315 oblati
2583 3259 2816 3321 fuerant,
2866 3251 3160 3308 crudeliter
3202 3250 3497 3304 devoratis.
3546 3245 3681 3299 Nam

2091 3362 2145 3407 et
2175 3352 2372 3406 leaenas
2416 3366 2510 3404 vos
2555 3364 2658 3402 non
2704 3350 2998 3416 incongrue
3045 3344 3298 3404 dixerim,
3330 3357 3448 3410 qum
3475 3335 3681 3391 bellua-

2093 3462 2211 3502 rum
2261 3460 2430 3509 more,
2465 3441 2625 3512 jubas
2673 3439 2938 3502 attollitis,
2968 3450 3022 3490 et
3066 3437 3311 3491 incautos
3340 3431 3585 3488 homines
3615 3427 3684 3480 ad

2093 3553 2204 3593 sua:
2233 3534 2552 3606 perditioxiis
2587 3531 2863 3585 interitum
2910 3528 3152 3582 cruentis
3179 3524 3518 3595 amplexibus
3555 3521 3684 3574 har-

2090 3628 2321 3700 paxatis.
2359 3624 2468 3680 Vos
2509 3624 2723 3688 sirena},
2772 3631 2933 3690 atque
2982 3618 3365 3689 charyhdides,
3409 3629 3526 3683 qua:
3554 3612 3680 3665 dum

2091 3734 2310 3775 suavem
2343 3715 2680 3785 deceptiouis
2707 3714 2868 3768 editis
2904 3721 3150 3776 cantum,
3182 3706 3494 3763 inevasibile
3519 3701 3673 3757 strui-

2091 3813 2180 3878 tis,
2210 3811 2322 3867 salo
2358 3818 2602 3872 vorante,
2635 3807 2994 3876 naufragium.
3043 3804 3144 3858 Vos
3188 3803 3386 3863 vinei-xc
3428 3797 3676 3858 furiosre,

2090 3917 2208 3972 qua!
2234 3917 2341 3970 przc
2373 3898 2705 3969 impatientis
2748 3897 2942 3950 ardore
2971 3892 3206 3947 libidinis
3231 3890 3530 3949 Christum,
3573 3883 3666 3955 qui

2090 4000 2252 4059 caput
2281 3998 2365 4044 est
2398 3988 2741 4050 clericorum,
2785 3983 2981 4038 vestris
3013 3978 3671 4034 amatoribus-detrunca—

2093 4083 2178 4137 tis.
2234 4082 2364 4134 Nam
2425 4083 2562 4134 sicut
2621 4077 2994 4131 Madianitides
3049 4075 3177 4129 olim
3228 4088 3326 4141 per
3390 4070 3688 4140 phaleratte

2089 4174 2254 4228 vestis
2305 4181 2555 4226 ornatum
2593 4170 2658 4221 ad
2702 4183 2861 4221 suum
2898 4165 3268 4234 provocabunt
3315 4161 3684 4213 lsraelitarum

2091 4263 2253 4318 corda
2286 4261 2631 4315 concubitum
2663 4256 2852 4326 (Nam.
2878 4254 3026 4322 xxv),
3062 4253 3134 4328 ita
3166 4266 3258 4303 vos
3290 4248 3529 4302 acettrati
3559 4245 3677 4300 cul-

2093 4363 2219 4418 tus,
2265 4353 2378 4405 sive
2410 4350 2575 4404 fucati
2621 4347 2802 4400 vultus
2835 4343 3105 4398 illos-chris
3151 4339 3394 4395 infelices
3437 4338 3687 4392 homines

405 4447 582 4492 tut'am
618 4441 888 4510 possideat
915 4441 1050 4495 asini
1089 4441 1178 4511 qui
1219 4442 1343 4495 dum
1367 4440 1574 4496 viveret
1600 4442 1834 4495 humana
1862 4458 1987 4498 conv
2021 4469 2070 4528 ι)
2097 4448 2164 4501 de
2192 4441 2526 4499 sacrosancti
2567 4440 2755 4495 altaris
2801 4435 3124 4497 ministerio,
3162 4447 3269 4502 quo
3303 4430 3684 4502 fungebantur,

406 4531 625 4598 tempsit
656 4532 772 4600 lege
798 4531 1118 4600 constringi.
1149 4529 1303 4584 Sicut
1341 4531 1408 4585 de
1432 4529 1642 4584 Joakim
1689 4531 1798 4587 filio
1831 4531 1991 4587 Josiae

405 4635 531 4690 rege
565 4618 700 4674 Juda
742 4637 837 4690 per
877 4621 1168 4677 Jeremiam
1205 4620 1444 4675 dicitur:
1482 4640 1499 4672 ι
1528 4621 1814 4690 Sepultura
1856 4624 1990 4678 asini

403 4713 696 4780 sepelietur
724 4713 1085 4782 putrefactus,
1135 4722 1189 4768 et
1218 4711 1491 4780 proiectus
1521 4726 1674 4766 extra
1701 4722 1884 4781 portas
1905 4713 1991 4768 Je-

404 4804 635 4858 rusalem
661 4804 795 4874 (Jer.
824 4808 980 4875 χχιι).
1008 4825 1024 4857 ι
1052 4806 1344 4859 Enimvero
1364 4805 1449 4859 cui
1478 4804 1728 4860 militaris
1757 4816 1842 4861 est
1863 4809 1993 4861 cha—

408 4904 588 4950 ractcr
628 4896 955 4965 impressus,
999 4911 1324 4966 quocunque
1371 4897 1740 4967 transfugiant,
1788 4899 1992 4952 militia:

407 5000 518 5039 suae
546 5027 560 5050 ,
593 4988 676 5041 cui
703 4988 918 5057 juratus
955 4987 1158 5052 fuerat,
1188 5004 1371 5042 secum
1406 5003 1619 5058 semper
1659 4989 1993 5059 signaculum

407 5086 606 5144 portat,
626 5087 679 5131 et
698 5080 1127 5147 quandocunque
1156 5078 1322 5132 inusti
1347 5079 1448 5133 sibi
1475 5080 1744 5150 stigmatis
1766 5081 1994 5134 vibicem

404 5167 691 5235 conspicit,
725 5169 1052 5222 desertorem
1081 5184 1140 5222 se
1163 5168 1389 5231 militiae,
1417 5183 1679 5238 reumque
1707 5168 1991 5239 transfugii

407 5259 764 5336 recognoscit.
811 5259 901 5314 Sic
941 5260 1105 5313 etiam
1138 5259 1386 5324 clericus,
1421 5275 1540 5314 cum
1567 5261 1847 5328 signaculo
1875 5259 1995 5328 Spi-

405 5349 543 5403 ritus
574 5352 770 5415 sancti,
794 5353 936 5421 quod
970 5353 1020 5406 in
1049 5352 1136 5406 die
1169 5368 1278 5408 suae
1309 5354 1733 5408 consecrationis
1760 5354 1987 5424 accepit,

405 5443 668 5511 probatur
729 5443 795 5497 ad
864 5443 1140 5513 lupanaria
1197 5460 1390 5514 spurca
1461 5445 1830 5511 descendere,
1897 5461 1995 5502 nec

406 5532 533 5586 illud
589 5533 654 5587 de
709 5548 766 5586 se
810 5534 916 5588 ulla
973 5535 1170 5603 poterit
1213 5534 1499 5589 occasione
1545 5534 1763 5599 delere,
1814 5550 1990 5604 quan-

407 5636 571 5691 quam
601 5631 653 5678 ct
677 5623 784 5677 illic
814 5624 940 5676 illud
965 5626 1195 5694 accipiat
1223 5627 1457 5693 signum,
1491 5624 1556 5678 de
1579 5639 1686 5694 quo
1719 5625 1994 5694 iuApoca-

411 5712 546 5784 lypsi
575 5713 812 5772 Joannes
838 5713 1002 5788 406
1031 5717 1105 5770 ait
1137 5733 1149 5768 :
1202 5735 1218 5766 ι
1254 5715 1434 5771 Faciet
1463 5730 1650 5769 omnes
1690 5715 1909 5785 pusillos
1939 5726 1994 5771 et

2102 4539 2353 4600 avellitis,
2389 4546 2448 4591 ut
2496 4537 2548 4589 in
2591 4533 2801 4589 lubrico
2831 4529 2998 4584 vestri
3031 4526 3235 4581 amoris
3283 4524 3487 4594 glutino
3516 4519 3685 4574 suffo-

2100 4629 2252 4684 eetis.
2289 4629 2352 4681 Et
2378 4627 2518 4680 sicut
2546 4621 2923 4677 Madiauitides
2953 4619 3053 4673 illa:
3095 4634 3124 4671 a
3174 4631 3232 4670 se
3273 4612 3518 4685 pellectis
3557 4625 3685 4664 sua-

2100 4719 2301 4774 debant
2346 4718 2485 4772 idola
2538 4716 2742 4779 colere,
2793 4715 2872 4767 sic
2917 4721 2971 4766 ct
3001 4726 3095 4763 vos
3136 4709 3270 4762 istos
3316 4715 3436 4773 post
3473 4701 3686 4769 signum

2099 4812 2281 4866 erucis
2327 4810 2650 4878 impressum
2701 4801 3100 4874 quodammodo
3144 4796 3329 4852 bestia:
3365 4788 3692 4859 cuutpellitis

2107 4901 2399 4969 imaginem
2453 4899 2703 4951 adorare.
2737 4895 2837 4962 Qui
2884 4891 3129 4962 profecto
3176 4887 3451 4939 vobiscum
3501 4878 3685 4944 simul,

2108 4993 2210 5046 nisi
2243 4990 2381 5044 forte
2412 4989 2758 5057 resipiscunt,
2791 4984 2920 5038 illud
2944 4975 3294 5050 Apocalypsis
3317 4971 3548 5041 elogium
3578 4984 3688 5022 non

2101 5081 2379 5137 evadunt:
2415 5098 2433 5130 ι
2464 5080 2522 5133 Si
2571 5078 2715 5147 quis,
2751 5075 2948 5144 inquit,
2999 5068 3306 5125 adoraverit
3341 5064 3571 5120 bestiam
3630 5069 3686 5116 et

2103 5171 2394 5242 imaginem
2439 5170 2575 5240 ejus,
2623 5177 2676 5220 et
2707 5165 2978 5235 acceperit
3018 5162 3390 5215 characterem
3423 5156 3475 5209 iu
3505 5154 3686 5208 fronte

2103 5279 2222 5328 sua,
2257 5263 2433 5315 autin
2484 5275 2642 5314 manu
2682 5273 2797 5317 sua,
2847 5264 2900 5309 et
2947 5253 3036 5306 hic
3082 5250 3283 5305 biberit
3325 5249 3390 5303 de
3431 5247 3558 5300 vino
3589 5244 3686 5298 irae

2104 5350 2224 5416 Dei,
2257 5351 2400 5422 quod
2429 5351 2657 5404 mixtum
2691 5357 2773 5402 est
2803 5341 3316 5399 meroiucaliceirte
3340 5339 3528 5408 ipsius,
3562 5351 3686 5389 cru-

2101 5446 2334 5500 ciabitur
2357 5445 2408 5497 in
2438 5443 2559 5508 igne
2581 5448 2634 5494 ct
2679 5440 2936 5508 sulphure
2966 5437 3018 5489 in
3045 5441 3336 5502 conspectu
3366 5429 3678 5500 angelorum

2102 5545 2438 5596 sanctorum,
2472 5541 2525 5584 et
2552 5542 2678 5584 ante
2701 5537 3047 5597 conspectum
3077 5525 3240 5595 Agui,
3273 5533 3327 5576 et
3364 5520 3541 5574 fumus
3575 5527 3686 5571 tor-

2101 5636 2404 5681 mentorum
2450 5638 2637 5677 corum
2678 5621 2930 5676 ascendet
2982 5620 3033 5673 in
3091 5615 3284 5672 saecula
3337 5613 3682 5672 s:eculorum,

2103 5733 2200 5772 nec
2242 5714 2520 5768 habebunt
2551 5711 2787 5781 requiem
2832 5710 2916 5766 die
2962 5722 3027 5767 ac
3076 5713 3235 5762 nocte
3265 5702 3448 5773 (Apoc.
3503 5697 3632 5768 xw).
3663 5715 3682 5747 ι
