4148 5358
470 187 571 257 m

885 203 942 260 s.
982 204 1194 262 PETRI
1221 204 1502 265 DAMIAN!
1538 174 1688 267 err.
1745 206 1977 270 renus
2013 212 2041 268 ε

2178 213 2356 272 rans
2394 217 2480 275 ιιι.
2519 252 2589 262 -
2626 208 2988 279 οιιιιεᾰιιιιΑ
3027 218 3256 279 nuta.
3291 264 3307 282 .

3614 206 3735 282 ιη’

470 314 641 371 Porro
682 324 861 371 autem
886 317 1027 372 sicut
1055 320 1224 374 Adam
1275 322 1417 377 inter
1462 339 1641 379 omnia
1687 324 1850 398 507
1892 344 2042 398 para-
2072 334 2116 390 Α
2147 329 2281 394 uiat,
2311 347 2472 402 quam
2508 328 2799 391 immundis
2829 334 3147 389 mulieribus
3179 350 3276 405 per
3309 333 3528 409 Moysen
3576 340 3719 397 Deus

472 405 576 460 disi
629 420 806 474 poma,
872 406 1005 461 illud
1071 407 1335 465 duntaxat
1392 414 1536 482 quod
1602 417 1743 473 Deus
1802 426 2048 474 vetuerat

473 495 783 564 concupivit
808 512 822 549 :
860 497 939 551 sic
968 510 997 549 a
1024 496 1176 552 vobis
1204 513 1271 553 ex
1300 502 1551 557 universa
1580 504 1799 560 humani
1833 508 2047 578 generis

474 584 818 639 multitudine
846 584 924 641 illi
949 590 1324 645 tantummodo
1350 600 1474 646 sunt
1502 594 1685 658 electi,
1714 597 1805 665 qui
1834 598 2047 667 penitus

474 673 543 727 ab
567 673 710 728 omni
740 674 1020 730 muliebris
1047 675 1270 733 allectus
1284 692 1407 734 sunt
1435 682 1894 740 eoufmderatioue
1921 701 2048 757 pro-

471 764 650 819 hibiti.
680 763 786 819 Per
808 780 904 821 vos
942 776 1133 822 contra
1165 779 1368 826 turrem
1400 774 1565 828 David
1607 775 1855 831 Damasci
1880 775 2047 835 facies

446 844 717 919 'dimieat,
777 855 905 909 dum
964 859 1217 928 antiquus
1274 859 1444 918 hostis
1504 878 1601 932 per
1636 880 1737 920 vos
1794 868 2048 924 invadere

470 943 739 998 castitatis
780 946 1162 1004 ecclesiastica:
1203 966 1464 1008 cacumen
1488 955 1727 1010 anhelat.
1758 953 1864 1012 Vos
1891 958 2056 1028 plane.

471 1042 579 1083 non
624 1029 916 1093 iuunerito.
960 1033 1152 1101 fatear,
1201 1039 1450 1110 dipsades
1506 1042 1590 1097 vel
1622 1053 1878 1111 cerastes,
1926 1062 2045 1117 quae

473 1116 690 1173 miseris
725 1129 781 1175 et
824 1121 1054 1178 incautis
1108 1127 1419 1185 hominibus
1444 1130 1523 1186 sic
1553 1134 1868 1204 sanguinem
1901 1116 2045 1207 sugi-

470 1207 579 1274 tis,
633 1217 693 1263 ut
750 1210 949 1271 lethale
999 1215 1148 1270 virus
1198 1232 1399 1297 eorum!
1437 1221 1737 1279 visceribus
1784 1225 2042 1283 inﬁuatis.

472 1295 626 1386 llude
670 1300 737 1354 ad
785 1302 996 1358 illarum
1038 1321 1324 1363 numerum
1362 1295 1716 1380 pertinentes,
1745 1315 1812 1371 de
1846 1318 2047 1386 quibus

472 1384 687 1458 Moyses
714 1389 1081 1449 lsraelitarum
1113 1396 1448 1468 principibus
1472 1401 1586 1456 ait:
1625 1421 1644 1454 ι
1674 1403 1784 1459 Cur
1812 1384 2045 1464 feminas

471 1479 829 1533 reservastis?
876 1481 1063 1538 Nonne
1092 1485 1208 1539 istae
1238 1496 1361 1542 sunt
1408 1506 1528 1560 qua:
1556 1492 1885 1563 deceperunt
1907 1497 2058 1554 ﬁl.‘os.

476 1562 647 1621 Israel
673 1569 739 1623 ad
766 1572 1166 1641 suggestionem
1209 1577 1467 1648 Balaam,
1513 1593 1568 1639 et
1601 1562 1948 1654 praevaricari
1971 1591 2045 1647 fe.

2148 420 2451 491 iniquitatis
2477 422 2621 477 ultor
2652 423 2884 477 intentat
2912 439 2928 478 ε
2961 441 2981 475 ‹
3016 423 3131 489 His,
3162 424 3356 493 inquit,
3382 424 3727 484 maledictio?

2146 508 2304 565 nibus
2347 509 2655 579 subjacebis
2697 525 2713 564 :
2756 512 2856 567 Det
2899 520 2951 567 te
3008 511 3151 567 Deus
3200 512 3253 566 in
3279 513 3713 576 maledictionem

2144 600 2559 672 exemplumque
2584 611 2902 657 cunctorum
2931 603 2984 657 in
3021 603 3217 673 populo
3244 619 3370 670 suo;
3401 615 3717 676 putrescere

2145 688 2309 746 faciat
2336 691 2513 747 femur
2537 703 2711 757 tuum,
2732 701 2788 747 et
2814 702 3028 750 tumens
3049 704 3234 749 uterus
3264 706 3388 750 tuus
3410 697 3716 768 disrumpa-

2146 789 2253 835 tur.
2286 783 2658 852 lngrediantur
2694 799 2849 853 aqum
2877 784 3174 839 maledictte
3197 784 3364 858 508
3391 787 3443 840 in
3468 797 3713 843 ventrem

2147 875 2323 937 tuum,
2358 879 2413 924 et
2449 879 2603 926 utero
2630 880 2967 928 tumesceute
3004 881 3280 943 putrescat
3320 874 3499 929 femur
3520 874 3713 946 (Nunt.

2146 958 2225 1028 v).
2263 976 2283 1010 ι
2316 957 2622 1029 Perpeudat
2660 961 2847 1028 etiam,
2882 962 3008 1032 quia
3037 964 3151 1019 haec
3181 963 3468 1019 delectatio
3495 965 3712 1031 carnis,

2147 1062 2253 1117 qua
2301 1064 2443 1103 nunc
2475 1050 2698 1115 fruitur,
2753 1052 2899 1107 illam
2937 1054 3039 1110 sibi
3085 1055 3228 1126 parit
3270 1057 3714 1125 amaritmlinem,

2147 1138 2212 1191 de
2238 1153 2345 1209 qua
2383 1139 2435 1194 in
2479 1140 2801 1212 Apocalypsi
2832 1143 3071 1199 Joannes
3113 1146 3227 1199 ait:
3262 1165 3281 1196 ι
3322 1146 3457 1213 Quia
3499 1148 3582 1211 hi,
3621 1148 3716 1219 qui

2146 1228 2296 1283 missi
2318 1239 2446 1283 sunt
2473 1230 2531 1285 in
2554 1239 2803 1302 stagnum
2836 1232 2975 1304 ignis
3003 1234 3266 1299 ardentis,
3296 1236 3713 1303 commanduca-

2146 1328 2340 1374 verunt
2360 1319 2575 1390 linguas
2601 1336 2729 1377 suas
2754 1338 2864 1392 prae
2891 1323 3099 1389 dolore,
3128 1333 3184 1379 et
3207 1324 3737 1394 blasphemaveruut:

2146 1408 2313 1465 Deum
2350 1412 2472 1467 cmli
2501 1422 2556 1468 et
2596 1423 2754 1469 terra:
2782 1415 2837 1469 iu
2872 1414 3148 1471 doloribus
3174 1426 3233 1471 et
3256 1417 3568 1472 vulneribus
3600 1419 3717 1475 suis

2147 1498 2331 1571 (Apoc.
2361 1502 2494 1574 ινι).
2528 1523 2547 1555 ι
2595 1502 2701 1560 Sed
2726 1519 2825 1576 ego
2854 1504 2981 1559 dum
3023 1507 3384 1576 productioris
3429 1507 3552 1579 styli
3578 1507 3734 1563 laci»

2156 1592 2300 1646 niam
2314 1592 2666 1665 fugio,,velut
2700 1609 2768 1651 ex
2789 1612 2984 1668 magno
3009 1598 3588 1670 animositatisgurgite
3624 1599 3737 1655 vix.

470 1665 661 1760 certant
693 1673 787 1760 vos
816 1660 869 1715 in
899 1661 1123 1760 Domino
1139 1682 1300 1737 super
1326 1684 1549 1741 peccato
1572 1674 1818 1747 Pbogor?
1848 1679 2042 1746 (Num.
2074 1696 2123 1757 Β
2149 1692 2364 1739 tenuem
2410 1686 2698 1743 scintillam
2747 1688 2802 1744 iu
2842 1689 3209 1760 jumentorum
3254 1691 3425 1746 austri
3470 1698 3739 1746 armenttr

470 1743 645 1815 xxxi.)
687 1766 707 1798 ι
743 1748 922 1818 Ecqua
963 1752 1105 1807 enim
1156 1759 1351 1813 mentis
1398 1762 1622 1817 audacia
1665 1743 1768 1820 non
1813 1743 2040 1838 perhor-

474 1837 691 1895 reseitis
731 1851 1069 1902 enutrectare
1117 1864 1309 1906 manus
1347 1866 1695 1913 sacrosancto
1722 1864 2038 1933 chrismate,

467 1926 552 2025 vel
576 1927 693 1984 oleo
717 1930 1001 1999 delibutas,
1027 1936 1141 1992 sive
1162 1941 1327 1999 etiam
1349 1947 1697 2016 evangelieis,
1720 1951 1803 2006 vel
1825 1926 2042 2025 aposto;

466 2015 591 2115 lieis
648 2021 858 2090 paginis
912 2031 1201 2086 assuetas?
1262 2033 1411 2090 Dicit
1466 2015 1532 2094 de
1594 2015 2042 2115 maligno-hoste

468 2110 775 2211 §eri|itura,
799 2120 924 2189 quia
962 2137 1080 2178 esea
1111 2125 1230 2196 ejus
1271 2129 1463 2186 electa.
1506 2134 1610 2189 Per
1641 2152 1733 2192 vos
1762 2155 1892 2211 ergo
1924 2143 2047 2199 dia-

472 2200 632 2258 bolus
659 2204 881 2261 electam
921 2224 1100 2267 eseam
1130 2218 1376 2286 devorat,
1405 2222 1531 2277 dum
1574 2200 1854 2283 sanctim-a
1878 2247 2042 2288 mem-

465 2291 565 2349 bra
612 2294 895 2364 Ecclesiae,
944 2307 1306 2374 suggestiouis
1365 2326 1428 2366 ae
1473 2314 1848 2375 delectationis
1894 2324 2039 2378 velut

466 2382 751 2470 utriusque
803 2389 943 2445 mole
995 2394 1249 2456 dentibus
1304 2402 1527 2468 atterit;
1592 2414 1648 2460 et
1714 2410 1841 2464 dum
1889 2413 2041 2470 vobis

462 2469 643 2544 jungit
686 2492 810 2543 eos,
861 2479 916 2534 in
965 2496 1063 2537 sua
1110 2486 1315 2543 viscera
1365 2493 1518 2559 quasi
1566 2496 1878 2566 trajicieudo
1908 2520 2041 2561 cou-

465 2565 648 2618 vertit.

534 2651 590 2707 lu
619 2654 860 2724 pleuaria
905 2661 1064 2730 plane
1118 2670 1323 2739 synodo
1363 2685 1564 2733 sanctae
1610 2685 1882 2740 memoria)
1930 2687 2039 2746 Leo

461 2755 603 2833 papa
642 2750 917 2820 constituit
945 2793 960 2817 ,
1005 2763 1063 2809 ut
1094 2772 1427 2833 quaecunque
1462 2766 1795 2826 damnabiles
1826 2775 2041 2833 femina:

464 2831 608 2935 intra
642 2836 881 2894 Romana
926 2847 1124 2927 nitentia
1163 2831 1530 2921 reperirentur
1557 2861 1883 2932 presbyteris
1910 2881 2039 2935 pro-

463 2926 682 3025 stituttc,
722 2926 1000 2991 extuncet
1047 2940 1298 3014 deinceps
1327 2945 1677 3009 Latcraueusi
1711 2926 1923 3025 palatio
1943 2963 2037 3016 ad-

459 3016 834 3087 judicareutur
862 3028 1090 3085 ancillae.
1138 3035 1290 3101 Quod
1325 3040 1573 3097 videlicet
1603 3016 1840 3101 salutare
1869 3061 2034 3106 statu-
2067 3036 2111 3099 ί)

463 3117 578 3165 tum
607 3116 877 3182 aequitatis
914 3119 1248 3196 justititeque
1286 3130 1654 3199 plenissimum
1679 3179 1692 3200 .
1747 3156 1846 3195 nos
1873 3144 2037 3198 etim]

463 3213 562 3269 per
612 3216 799 3258 omnes
854 3206 1125 3266 Ecelesias
1172 3222 1573 3290 propagandqu
1623 3240 1744 3281 esse
1800 3229 2041 3285 decerni-

465 3304 587 3383 mus
643 3309 656 3344 :
708 3303 973 3364 quatenus
1019 3315 1273 3374 percepto
1326 3312 1474 3378 prius
1525 3317 1834 3383 apostolica:
1894 3321 2047 3378 sedis.

461 3381 658 3448 edicto,
691 3390 1060 3461 unusquisque
1117 3398 1397 3469 episcopus
1439 3381 1693 3462 Ecclesia:
1723 3425 1834 3465 suae
1867 3413 2038 3469 vindi-

461 3484 560 3568 cet
576 3475 823 3545 famulas,
854 3497 988 3551 quas
1013 3487 1063 3540 in
1099 3506 1194 3543 sua
1223 3495 1474 3561 parncbia
1507 3499 1911 3568 deprehenderit
1942 3520 2033 3558 sa-

464 3565 664 3665 crilega
696 3574 1028 3644 presbyteris
1049 3581 1368 3640 admistione
1392 3588 1537 3643 subst
1550 3565 1712 3646 ratas.
1744 3594 2036 3665 Aiquitalis

465 3657 671 3712 scilicet
683 3660 826 3753 jure,
854 3676 905 3720 ut
935 3684 1055 3736 qum
1081 3675 1248 3729 sacris
1290 3675 1547 3736 altaribus
1576 3686 1818 3753 rapuisse
1848 3703 2035 3744 servo-

467 3758 585 3841 rum
619 3748 712 3803 Dei
742 3755 1139 3814 convincuntur
1172 3763 1487 3835 obsequium
1509 3812 1521 3831 ,
1554 3748 1681 3841 ipsa:
1712 3776 1813 3830 hoc
1841 3777 2041 3833 saltem

465 3834 718 3933 episcopo
753 3856 848 3933 per
892 3847 1137 3904 diminuti
1178 3834 1372 3924 capitis
1416 3859 1496 3913 sui
1539 3834 1825 3933 suppleam
1861 3866 2035 3924 famu-

465 3922 654 4027 latum.
680 3927 783 4027 {Sed
807 3934 934 4002 quid
963 3950 1062 4009 ego
1092 3922 1315 4010 loquens
1344 3948 1495 4004 vobis
1532 3922 1669 4005 ult-ra
1695 3922 2036 4027 progrediar?

463 4018 647 4114 potius
683 4020 802 4114 ipse
835 4023 973 4080 lleus
1000 4032 1343 4100 omnipotens
1382 4039 1509 4106 quid
1558 4018 1709 4098 vobis
1738 4018 1835 4114 per
1876 4047 2034 4103 Jere-

465 4106 630 4204 mium
681 4109 956 4182 loquatur,
1013 4123 1269 4178 attendite
1307 4142 1321 4179 :
1368 4144 1388 4178 ι
1432 4129 1659 4199 Audite,
1694 4106 1887 4204 inquit,
1920 4156 2037 4194 mu-

469 4196 652 4265 lieres,
701 4206 928 4260 verbum
977 4210 1217 4279 Domini,
1255 4225 1309 4271 et
1345 4234 1625 4277 assumant
1664 4240 1822 4283 aures
1846 4240 2035 4287 vestra:

464 4303 770 4347 sermonem
816 4298 929 4352 oris
975 4302 1124 4356 mei:
1167 4309 1355 4363 docete
1402 4310 1539 4367 ﬁlias
1570 4325 1781 4372 vestras
1827 4319 2033 4376 lamen-

2153 1775 2397 1833 distillo..

2213 1866 2492 1923 Postremo
2511 1877 2688 1925 tamen
2709 1870 2890 1926 audite
2911 1886 3019 1947 me,
3035 1871 3347 1944 muscipula:
3363 1872 3741 1938 clericorum,-

2144 1959 2208 2023 si,
2233 1959 2373 2029 quod
2400 1962 2550 2017 vobis
2568 1962 2811 2017 clausum
2832 1970 2936 2031 est,
2961 1979 3187 2034 regnum
3211 1964 3370 2019 vultis
3392 1979 3717 2034 recuperare

2143 2051 2421 2114 caelorum,
2450 2053 2726 2121 repudiate
2745 2055 3066 2123 quantocius
3087 2055 3397 2109 detestanda
3414 2054 3713 2122 consortia,

2142 2148 2197 2194 et
2221 2139 2321 2195 sub
2347 2141 2522 2211 digna:
2546 2140 2931 2197 satisfactionis
2964 2157 3030 2197 ac
3073 2142 3402 2212 paenitentiae
3428 2157 3524 2198 vos
3546 2143 3719 2212 repri-

2143 2231 2273 2286 mite
2301 2232 2602 2300 disciplina.
2635 2232 2824 2287 Veniat
2864 2232 3009 2288 inter
3054 2247 3151 2287 vos
3195 2240 3381 2287 saneta
3423 2232 3713 2296 discordia,

2141 2335 2262 2391 qua:
2306 2322 2530 2377 suscitet
2589 2333 2645 2376 et
2690 2323 2948 2378 accendat
2981 2322 3036 2377 in
3096 2322 3251 2377 vobis
3297 2322 3550 2378 salutaris
3604 2322 3714 2378 odii

2142 2412 2412 2478 fomitem;
2462 2423 2518 2467 et
2561 2414 2804 2468 odiosam
2833 2413 2944 2467 Deo
2973 2412 3138 2467 violet
3162 2411 3509 2467 charitatem.
3538 2410 3715 2467 Nolite

2140 2519 2270 2560 vasa
2294 2506 2403 2559 Deo
2431 2514 2639 2559 sacrata
2672 2505 2723 2559 iu
2756 2520 2881 2559 vasa
2907 2504 3247 2559 contumelia:
3275 2513 3504 2559 vertere.
3538 2501 3714 2556 Nolite

2143 2597 2257 2652 btet:
2303 2595 2546 2665 exemplo
2602 2596 2871 2650 Baltassar
2920 2595 3041 2651 usui
3088 2605 3282 2650 vestrae
3340 2592 3717 2650 delectationis

2142 2699 2330 2757 ap:are
2360 2686 2521 2756 (Dan.
2555 2686 2605 2756 ν)
2633 2726 2649 2751 ,
2673 2701 2742 2742 ne
2772 2694 2991 2756 repente
3023 2685 3171 2739 zelus
3207 2684 3301 2740 Dei
3329 2700 3492 2755 super
3530 2699 3627 2739 vos
3659 2683 3716 2738 iu

2142 2778 2434 2833 iracundiae
2455 2794 2514 2833 se
2546 2776 2726 2833 furore
2750 2778 3045 2833 succendat
3064 2818 3079 2843 ,
3111 2788 3166 2833 et
3196 2779 3441 2833 vibratus
3470 2776 3715 2848 indigna.-

2143 2870 2309 2924 tiouis
2337 2884 2449 2924 sua:
2475 2869 2683 2940 gladius
2728 2878 3017 2938 utrumque
3049 2867 3346 2924 eonfodiat.
3385 2866 3519 2923 Novi
3562 2875 3733 2924 certe-

2141 2969 2516 3037 presbyterum
2540 3006 2555 3028 ,
2579 2965 2670 3036 qui
2699 2964 2876 3034 pellici
2905 2977 3016 3017 sitae
3051 2962 3301 3019 morienti
3365 2977 3432 3017 ac
3480 2962 3723 3033 punito-

2144 3057 2324 3111 dinem
2352 3055 2611 3125 ﬁagitauti
2637 3055 2881 3109 districte
2922 3053 3222 3122 prohibuit,
3270 3066 3495 3122 seseque
3522 3067 3619 3122 pro
3647 3066 3734 3107 ea.

2142 3147 2471 3216 paenitentiae
2516 3146 2692 3199 debita
2758 3145 3059 3198 soluturum
3107 3143 3351 3198 absolute
3405 3140 3713 3213 spopondit.

2140 3235 2232 3290 llla
2262 3243 2447 3304 utpote
2472 3233 2739 3288 sacerdoti
2767 3242 2820 3287 et
2868 3231 3063 3287 litteris
3085 3233 3295 3288 erudito
3322 3232 3524 3287 homini
3555 3228 3735 3286 facile’

2138 3326 2391 3390 credidit,
2413 3324 2601 3392 sicque
2631 3337 2689 3377 se
2711 3323 2764 3375 in
2798 3331 3061 3377 tartarum
3082 3337 3203 3376 cum
3235 3337 3411 3376 massa
3440 3322 3733 3392 plumbea,.

2138 3431 2299 3487 quam
2350 3415 2643 3469 Zacharias
2690 3415 2950 3483 propheta
2996 3422 3225 3467 testatur
3263 3412 3552 3484 (Zach.v),
3606 3414 3712 3469 im-

2138 3505 2345 3560 mersit.
2386 3504 2650 3558 Subdolos
2679 3518 2808 3574 ergo
2831 3505 3176 3573 deeeptores,
3202 3513 3456 3573 tauquam
3490 3519 3716 3574 serpen-

2138 3595 2306 3649 tinum
2331 3594 2480 3647 virus
2506 3593 2751 3662 abjicite,
2779 3601 2836 3646 et
2863 3605 2961 3647 vos
2988 3591 3130 3646 velut
3171 3608 3202 3647 e
3227 3592 3465 3646 crueiuis
3494 3592 3737 3648 leonum;

2136 3682 2384 3738 dentibus
2419 3681 2541 3735 erui
2579 3680 2829 3736 festinate

2206 3773 2315 3828 Nec
2342 3787 2440 3827 vos
2470 3782 2691 3835 terreat,
2715 3770 2858 3840 quod
2893 3769 3054 3836 forte,
3086 3786 3193 3828 non
3221 3771 3397 3826 dicam
3420 3770 3542 3826 ﬁdei
3566 3810 3583 3838 ,
3614 3772 3733 3829 sed

2136 3864 2373 3937 perﬁdiae
2408 3879 2505 3919 vos
2554 3864 2784 3919 annulus
2831 3864 3173 3919 subarrbavit
3209 3882 3223 3920 :
3254 3864 3399 3935 quod
3474 3873 3592 3920 rata
3657 3872 3735 3921 et.

2135 3958 2465 4012 monimenta
2508 3955 2709 4011 dotalia
2739 3956 2983 4011 notarius
3021 3956 3174 4026 quasi
3220 3956 3548 4011 matrimonii
3587 3954 3733 4024 jure.‘

2134 4047 2486 4117 conscripsit;
2535 4047 2677 4115 quod
2742 4046 3109 4116 juramentum
3157 4048 3223 4101 ad
3287 4048 3733 4102 conﬁrmandae»

2135 4138 2534 4209 quodammodo
2568 4136 2799 4205 conjugii
2846 4135 3093 4206 copulam
3135 4137 3387 4205 utrinque
3425 4136 3708 4206 processit.

2135 4232 2330 4287 Totum
2364 4231 2467 4285 hoc
2489 4269 2505 4295 ,
2538 4230 2680 4298 quod
2718 4228 2970 4283 videlicet
3011 4229 3148 4297 apud
3182 4228 3318 4282 alios
3357 4236 3442 4282 est
3477 4224 3733 4296 coniugii.

2138 4321 2574 4385 ﬁrmamentum,
2598 4321 2738 4375 inter
2778 4336 2885 4375 vos
2916 4336 3113 4374 vanum
3154 4321 3428 4388 Judicatur
3460 4330 3517 4374 et
3546 4318 3712 4374 frivo-

462 4384 598 4442 tum,
706 4399 1039 4458 unaquzeque
1072 4396 1371 4460 proximam
1397 4416 1549 4455 suam
1579 4405 1878 4472 planctum,
1904 4412 2030 4479 quia
2063 4387 2109 4444 ί)
2137 4412 2265 4466 lum.
2298 4411 2435 4466 Nam
2464 4427 2597 4466 eum
2615 4410 2897 4480 Scriptura
2918 4412 3065 4466 dicat
3103 4384 3173 4465 ai
3205 4412 3249 4464 Α
3282 4413 3399 4466 Deo
3414 4411 3575 4465 datur
3596 4410 3734 4464 viro~

463 4474 708 4528 ascendit
757 4492 902 4531 mors
942 4495 1039 4548 per
1084 4484 1350 4543 fenestras
1402 4502 1627 4558 vestras,
1680 4474 2035 4567 ingressa-est

469 4564 660 4622 domos
690 4580 918 4638 vestras,
950 4574 1255 4648 dispergere
1274 4583 1523 4649 parvulos
1543 4587 1608 4640 de
1631 4564 1782 4657 foris,
1806 4591 2032 4659 juvenes

471 4657 536 4713 de
557 4658 766 4728 plateis.
799 4662 865 4717 Et
889 4667 1046 4720 cadet
1065 4672 1407 4729 morticiuum
1436 4676 1687 4743 hominis,
1711 4657 1865 4752 quasi
1889 4694 2026 4742 ster-

463 4763 596 4809 cus.
635 4767 797 4823 super
826 4753 1018 4811 faciem
1066 4764 1323 4830 regionis,
1363 4776 1418 4821 et
1460 4771 1611 4837 quasi
1658 4770 1861 4830 fmuum
1911 4788 2034 4847 post

464 4845 672 4938 tergum
705 4846 983 4911 metentis,
1013 4858 1067 4904 et
1110 4867 1215 4906 non
1242 4865 1326 4909 est
1353 4857 1443 4925 qui
1473 4859 1692 4931 colligat
1723 4862 1858 4934 (Jer.
1889 4845 1984 4938 ιιι).
2010 4888 2029 4920 ι

463 4925 576 5025 lmo
621 4931 805 5025 audiat
849 4951 1183 5010 unaquaeque
1223 4945 1352 5013 quid
1379 4946 1480 5001 sibi
1510 4925 1873 5018 per‘eumdem
1908 4925 2034 5025 pro-

462 5015 682 5110 phetam
725 5021 863 5077 idem
909 5026 1167 5086 Dominus
1216 5015 1561 5104 singulariter
1599 5041 1786 5096 dicat:
1823 5062 1842 5094 ι
1897 5015 2032 5110 Quia

442 5105 645 5200 oblita
662 5121 721 5160 es
756 5111 879 5175 mei,
907 5125 962 5168 et
982 5121 1184 5175 conlisa
1207 5137 1267 5177 es
1298 5125 1352 5177 in
1384 5127 1687 5194 mendacio,
1725 5139 1778 5184 et
1807 5146 1907 5200 ego
1934 5148 2027 5186 nu-

465 5195 589 5250 davi
620 5195 822 5251 femora
875 5209 963 5255 tua
1007 5218 1192 5265 contra
1235 5212 1426 5269 faciem
1477 5227 1643 5282 tuam,
1699 5230 1753 5274 et
1783 5222 2033 5290 apparuit

466 5286 758 5356 ίεῐιοηιίηὶει
785 5298 897 5355 "13:
922 5295 1183 5355 adulteria
1207 5312 1315 5358 tua.
1345 5317 1402 5358 el.
1421 5309 1660 5358 hinnitus
1691 5320 1833 5358 tuus-
1859 5312 2037 5358 scelus

2138 4517 2277 4557 uxor
2297 4500 2478 4572 (Prov.
2500 4500 2645 4572 nx);
2671 4519 2690 4552 ι
2706 4500 3027 4555 etDominus
3049 4501 3406 4571 quvangelio
3432 4518 3447 4555 :
3477 4517 3496 4552 ι
3525 4500 3735 4556 Omnis.

2139 4593 2323 4655 arbor,
2372 4608 2532 4661 quam
2585 4607 2691 4647 non
2728 4591 2989 4660 plantavit
3033 4590 3193 4645 Pater
3232 4604 3386 4645 meus
3435 4589 3712 4654 caelestis,

2138 4683 2508 4740 eradicabitur
2539 4680 2752 4752 (Matth.
2796 4682 2919 4751 xv);
2959 4701 2981 4735 ι
3012 4681 3159 4736 nullo
3184 4680 3497 4735 stabilitatis
3521 4680 3715 4735 nititur

2138 4774 2489 4830 fundamento
2535 4772 2675 4842 quod
2719 4772 3106 4841 omnipotentis
3144 4771 3237 4826 Dei
3282 4771 3576 4825 reluctatur
3609 4769 3713 4823 im-

2136 4865 2306 4934 perio.
2340 4864 2398 4918 In
2419 4878 2515 4917 vos
2543 4863 2738 4931 quippe
2776 4861 3055 4926 redundat,
3084 4862 3227 4930 quod
3260 4859 3425 4915 Isaias
3451 4860 3713 4929 propheta

2135 4955 2418 5009 denuntiat
2454 4968 2470 5008 :
2513 4953 2619 5008 Pro
2655 4970 2747 5016 eo,
2779 4952 2952 5022 inquit
2975 4993 2990 5015 ,
3019 4955 3155 5023 quod
3195 4954 3406 5008 elevata.-
3439 4961 3561 5007 umt
3586 4951 3736 5020 ﬁlic-

2138 5045 2288 5110 Sion,
2311 5055 2358 5098 et
2405 5043 2799 5098 antbulaoerunt
2842 5053 3047 5098 extento
3073 5043 3206 5096 collo
3228 5085 3244 5109 ,
3278 5052 3327 5096 et
3354 5041 3562 5096 nutibus
3589 5056 3737 5094 orat--

2136 5133 2308 5187 larunt
2343 5132 2505 5195 ibant,
2537 5142 2584 5185 et
2611 5131 2951 5201 plaudebant,
2977 5131 3313 5184 ambulabant
3341 5131 3555 5200 pedibus
3578 5129 3732 5192 σείει..

2135 5230 2182 5273 et
2209 5221 2495 5289 composito
2538 5220 2704 5289 gradu
2755 5219 3055 5272 incedebant
3080 5259 3095 5283 ,
3139 5219 3426 5273 decalvabit
3457 5217 3735 5271 Dominus.

2135 5310 2373 5358 uerticem
2420 5309 2649 5358 filiarum
2704 5308 2832 5358 Sion
2859 5349 2875 5358 .
2905 5318 2953 5358 et
2982 5308 3239 5358 Dominus
3287 5312 3484 5358 crinem
3524 5324 3713 5358 eorum
