4132 6324
377 324 480 386 M3

1056 319 1294 390 opusc.
1336 320 1520 380 xvut.
1563 347 1626 362 --
1662 315 1940 378 CONTRA
1979 316 2560 378 INTEMPERANTES
2609 310 2960 380 cumcos.

3530 323 3640 383 6ιῖ

385 442 712 505 murenulas,
733 447 783 494 et
805 437 1160 510 olfacto'riola,
1193 447 1242 492 et
1264 435 1474 489 inaures
1496 474 1512 501 ,
1540 438 1586 488 et
1624 431 1848 486 annulos
1872 469 1888 496 ,
1915 440 1962 482 et
1995 462 2007 494 Α

2109 433 2304 490 dictum
2359 437 2632 494 diversmn
2699 441 2752 493 in
2813 439 3027 496 sacculo
3083 441 3292 512 pondus
3344 441 3647 499 habemus?

389 549 616 606 gemmas
638 532 691 584 in
721 529 892 598 fronte
917 525 1216 596 pendentes,
1244 533 1292 578 et
1315 523 1617 586 mutatoria,
1643 530 1687 576 et
1710 519 1893 589 pallia,
1918 527 1966 571 et

389 623 720 686 linteamina,
744 629 790 674 et
812 635 956 679 acus,
971 625 1018 670 et
1046 615 1336 685 specula,et
1353 614 1619 676 sindoues,
1642 619 1690 665 et
1721 610 1872 662 vittas
1890 649 1903 671 ,
1920 616 1970 661 et

391 716 637 770 theristra
662 723 684 766 :
708 719 755 765 et
786 710 883 763 erit
907 725 999 777 pro
1021 707 1168 759 suavi
1195 705 1352 758 odore
1371 704 1522 772 fetor,
1542 713 1588 755 et
1618 717 1711 771 pro
1737 716 1866 752 zona
1889 699 1972 769 fu-

394 804 618 867 niculus,
643 811 691 856 et
715 817 808 870 pro
840 797 1090 869 crispanti
1113 798 1252 850 crine
1279 793 1571 855 calvitium,
1604 800 1651 845 et
1681 807 1774 859 pro
1803 789 1970 855 fascia

393 891 648 966 pectorali
679 890 946 951 cilicium;
973 883 1308 955 pulcherrimi
1337 897 1538 951 quoque
1567 880 1661 933 viri
1687 879 1762 930 tui
1798 876 1972 947 gladio

397 983 606 1046 cadent,
639 989 686 1033 et
717 978 876 1048 [artes
906 975 985 1029 tui
1014 974 1068 1027 in
1090 973 1271 1044 pra'lio
1297 971 1430 1041 (lsa.
1462 970 1565 1039 ιιι).
1603 967 1754 1023 Unde
1785 982 1851 1020 ne
1880 980 1975 1019 vos

397 1071 562 1145 509
604 1084 726 1124 cum
771 1068 935 1128 viris,
980 1079 1114 1134 quos
1159 1061 1550 1132 pulcherrimos
1600 1056 1974 1121 arbitramini,

399 1162 566 1216 divini
612 1158 808 1212 furoris
854 1155 1028 1228 gladio
1072 1152 1356 1212 corrualis,
1392 1157 1606 1203 extenta
1644 1145 1780 1201 colla
1817 1146 1978 1213 depo—

2075 546 2094 580 ι
2131 527 2247 582 Νοιι
2294 530 2542 595 habebis,
2587 532 2759 600 inquit
2800 532 3031 604 Moyses,
3079 535 3130 588 in
3169 537 3383 591 sacculo
3425 536 3638 590 diversa

2070 619 2333 688 pondera,
2365 619 2536 687 majus
2561 628 2615 673 et
2646 621 2824 676 minus
2850 641 2861 675 :
2893 639 2991 678 nec
3017 626 3121 678 erit
3152 626 3202 679 in
3233 626 3392 679 domo
3421 634 3506 679 tua
3534 640 3642 680 mo-

2072 709 2194 764 dius
2238 707 2412 778 major
2439 719 2496 764 et
2528 711 2704 768 minor
2744 711 2923 775 (Deut.
2957 717 3100 784 xxv).
3136 734 3154 766 ι
3207 715 3287 769 Αη
3345 724 3399 770 ει
3454 717 3644 770 adver-

2074 814 2165 855 sus
2204 800 2550 871 Evangelium
2595 801 2760 873 410
2800 803 3061 868 facimus,
3103 806 3325 860 culicem
3377 807 3650 876 liquantes

2074 901 2130 948 et
2157 891 2417 946 camelum
2441 892 2765 962 glutientcs?
2787 893 3000 964 (Matth.
3023 899 3202 964 χχιιι.)
3225 895 3424 966 Nempe
3443 907 3647 965 quanto

2075 983 2248 1052 major
2273 994 2354 1036 est
2394 985 2675 1053 presbyter
2704 985 2966 1039 monacho
2997 985 3048 1039 in
3081 986 3352 1056 dignitatis
3391 989 3647 1042 ecclesia-

2077 1074 2228 1128 sticae
2273 1073 2576 1143 privilegio,
2608 1085 2760 1129 tanto
2787 1077 3026 1130 deterior
3050 1089 3134 1130 est
3164 1077 3216 1130 in
3248 1087 3486 1146 peccato.
3516 1078 3651 1132 Nam

2079 1179 2200 1220 cum
2233 1165 2510 1219 monachis
2535 1167 2601 1219 de
2632 1167 2828 1237 populo
2862 1166 2935 1220 nil
2964 1167 3251 1235 pertineat,
3282 1169 3654 1223 sacerdotibus

400 1254 530 1314 nite,
560 1250 840 1307 oculorum
895 1256 1055 1300 nutus
1084 1251 1138 1298 et
1167 1243 1383 1313 plausus
1414 1239 1649 1309 abjicite,
1674 1236 1840 1327 eique
1861 1249 1978 1299 vos,
2072 1252 2281 1322 jussu,“
2316 1264 2396 1309 es,
2421 1255 2601 1324 populi
2638 1236 2855 1324 peccata
2902 1264 3141 1325 portare.
3173 1256 3324 1310 Sicut
3354 1257 3560 1327 Moyses
3585 1255 3653 1310 ad

404 1343 494 1414 qui
525 1341 664 1394 ultor
705 1345 789 1394 est
823 1337 1132 1398 criminum,
1181 1331 1455 1386 humiliter
1483 1328 1778 1396 subjugate.
1814 1323 1982 1378 Porro

404 1433 449 1488 si
474 1433 538 1486 ad
566 1431 734 1484 Deum
758 1427 918 1481 vultis
947 1423 1280 1480 iucunctanti
1314 1421 1414 1475 tide
1435 1433 1737 1481 recurrere,
1768 1416 1981 1485 plenam

405 1524 558 1579 vobis
585 1529 802 1592 paratus
830 1527 914 1574 est
942 1517 1153 1570 veniam
1190 1514 1468 1583 indulgere
1495 1529 1506 1564 :
1541 1526 1661 1563 cum
1693 1504 1982 1561 fornicanti

407 1614 632 1670 cuilibet
659 1613 852 1665 animo:
882 1625 980 1680 per
1009 1608 1326 1677 prophetam
1356 1605 1539 1658 dicat:
1585 1621 1603 1653 ι
1641 1600 1696 1655 Si
1729 1600 1987 1653 recedens

408 1705 601 1761 mulier
623 1704 774 1758 duxit
798 1702 976 1755 virum
1005 1699 1254 1763 alterum,
1286 1693 1525 1764 nunquid
1552 1692 1638 1746 vir
1663 1691 1778 1761 ejus
1809 1705 1988 1744 rever-

2081 1346 2262 1401 Aaron
2295 1348 2424 1401 dicit
2457 1365 2470 1402 :
2509 1367 2526 1398 ι
2557 1349 2665 1402 Cur
2696 1363 2802 1402 non
2835 1348 3150 1402 comedistis
3181 1349 3410 1401 hostiam
3453 1348 3505 1401 in
3536 1347 3660 1401 loco

2086 1447 2296 1499 sancto.
2322 1438 2412 1508 qui
2443 1448 2753 1494 sanctorum
2781 1447 2886 1500 est.
2914 1447 2968 1493 et
2994 1440 3116 1492 data
3147 1449 3229 1492 est
3254 1438 3424 1500 vobis,
3453 1447 3511 1490 ut
3538 1451 3657 1507 por-

2088 1528 2212 1582 tetis
2248 1528 2584 1597 iniquitatem
2629 1528 3007 1592 multitudinis,
3053 1536 3106 1580 et
3151 1528 3348 1597 rogetis
3378 1542 3474 1595 pro
3505 1541 3568 1580 ea
3601 1525 3654 1579 in

2088 1630 2377 1687 conspectu
2411 1617 2654 1674 Domini?
2684 1637 2702 1670 ι
2739 1615 2920 1683 (Leuit.
2941 1615 3019 1686 ιι.)
3050 1615 3190 1670 Sane
3225 1615 3494 1685 quomodo
3516 1629 3660 1668 nunc

2091 1710 2266 1764 aliena
2294 1717 2518 1778 possunt
2548 1717 2766 1777 peccata
2801 1715 3034 1776 portare,
3065 1707 3318 1775 quoniam
3345 1705 3485 1759 oculi
3518 1718 3662 1758 sem-

408 1804 554 1850 tetur
584 1794 650 1849 ad
682 1808 801 1847 eam
834 1791 1011 1844 ultra?
1039 1787 1286 1856 Nunquid
1319 1800 1423 1839 non
1454 1783 1672 1853 polluta,
1719 1789 1773 1835 et
1807 1789 1985 1834 conta-
2015 1793 2058 1854 Β
2088 1818 2184 1872 per
2225 1802 2509 1856 intendunt
2549 1801 2616 1855 ad
2662 1809 2845 1854 ulems
2897 1807 3162 1853 tumentes
3230 1807 3285 1852 et
3328 1811 3522 1867 pueros
3569 1811 3662 1850 νδ,

410 1888 612 1943 minata
644 1881 991 1954 deputabitur
1021 1879 1213 1935 mulier
1240 1878 1326 1932 illa
1356 1897 1367 1931 :
1400 1877 1477 1930 Tu
1508 1885 1690 1930 autem
1719 1871 1986 1928 contami-

410 1988 538 2034 nata
589 1993 648 2033 es
692 1992 813 2031 cum
849 1972 1180 2030 amatori-bus
1216 1970 1437 2025 multis:
1484 1977 1662 2021 tamen
1717 1973 1987 2020 revertere

413 2070 481 2126 ad
523 2083 629 2133 me,
659 2067 789 2122 dicit
818 2066 1075 2120 Dominus
1112 2061 1244 2133 (Jer.
1294 2060 1398 2131 ιιι).
1433 2078 1450 2111 ι
1498 2057 1646 2112 Felix
1692 2055 1796 2109 tale
1841 2070 1988 2110 com-

415 2159 712 2220 mercium,
770 2157 895 2227 quia
947 2169 1066 2208 cum
1117 2151 1414 2220 impudicos
1462 2147 1688 2201 clericos
1733 2160 1760 2197 a
1809 2152 1988 2198 vestra

417 2249 760 2320 copulatione
792 2246 1067 2310 divellitis,
1105 2241 1484 2314 plaudentibus
1517 2237 1722 2306 angelis
1755 2234 1992 2290 cmlestis

416 2339 602 2408 sponsi
633 2338 896 2391 thalamos
927 2334 1180 2388 iutroitis.
1211 2349 1229 2382 ι
1251 2329 1514 2385 Gaudium
1537 2338 1618 2379 est
1647 2345 1666 2377 ι
1693 2325 1834 2378 enim
1867 2343 1884 2373 ι
1915 2323 1993 2376 eis

420 2444 582 2499 super
622 2436 907 2498 peccatore
934 2423 1308 2495 paenitentiam
1342 2427 1532 2489 agente
1556 2416 1705 2488 (Luc.
1736 2415 1846 2485 xv).
1878 2433 1895 2465 ι
1932 2414 1997 2467 Et

422 2534 518 2590 per
552 2519 867 2588 pmphetam
897 2535 908 2568 :
945 2534 962 2566 ι
996 2511 1343 2569 Rcvertimini
1372 2510 1437 2563 ad
1472 2522 1574 2570 me,
1611 2517 1663 2560 et
1686 2519 1792 2576 ego
1820 2519 1997 2559 rever-

425 2619 510 2664 tar
539 2610 605 2665 ad
637 2624 750 2673 vos,
775 2608 904 2662 dicit
935 2605 1193 2660 Dominus
1224 2599 1478 2672 (Malaclt.
1514 2594 1621 2666 ιιι).
1656 2614 1674 2648 ι

427 2699 559 2757 CAP.
622 2696 751 2752 Vill.
796 2725 865 2737 -—
907 2694 1058 2760 Quod
1101 2695 1143 2746 is
1190 2689 1478 2760 culpandus
1523 2687 1613 2752 sit,
1657 2685 1747 2755 qui
1790 2681 2000 2754 negligit

805 2775 819 2783 ‘
877 2765 1153 2820 emendare
1182 2761 1318 2832 quod
1358 2766 1545 2829 potest.

498 2860 604 2916 Sed
644 2868 704 2914 ut
750 2860 817 2914 ad
859 2873 1007 2922 eum,
1052 2856 1135 2910 cui
1181 2861 1392 2923 emptus
1438 2858 1542 2914 est,
1574 2846 1696 2918 styli
1738 2844 2005 2902 currentis

429 2950 736 3007 reﬂectatur
761 2947 1037 3010 articulus,
1063 2960 1185 2999 cum
1215 2941 1505 3013 apostolica
1531 2939 1601 2993 sit
1626 2938 1714 2991 illa
1738 2935 2002 2991 sententia

431 3059 536 3113 qua
569 3041 804 3094 dicitur:
842 3055 860 3087 ι
894 3036 1028 3102 Quia
1059 3050 1162 3088 non
1189 3032 1345 3086 modo
1376 3029 1497 3084 talia
1530 3027 1876 3089 facientibus,
1911 3025 2006 3078 sed

433 3141 483 3187 et
536 3127 998 3184 consentientibus
1043 3139 1138 3194 par
1169 3133 1335 3192 paena
1379 3121 1608 3173 debetur
1657 3117 1832 3186 (Rom.
1868 3118 1943 3184 ι);
1983 3134 2001 3166 ι
2035 3136 2078 3197 C

433 3221 589 3274 valde
615 3221 710 3274 tibi
734 3217 1026 3272 cavendum
1049 3223 1148 3277 est,
1170 3210 1491 3266 venerabilis
1510 3217 1682 3277 pater.
1709 3206 1797 3274 qui
1824 3220 2010 3274 quam-

435 3312 518 3366 vis
542 3309 884 3378 temetipsum
913 3306 1152 3376 przebeas
1181 3300 1456 3356 vernantis
1482 3296 1751 3366 pudicitiae
1773 3292 2010 3348 candore

437 3400 806 3470 conspicuum,
838 3394 1104 3466 permittis
1135 3403 1334 3455 tamen,
1373 3399 1433 3443 ut
1475 3389 1528 3442 in
1566 3386 1710 3441 clero
1739 3395 1848 3450 tuo,
1889 3393 2011 3436 tan-

439 3507 599 3561 quam
638 3499 861 3544 crucuta
893 3486 979 3539 illa
1017 3482 1256 3546 Jezabel,
1287 3481 1530 3536 obtineat
1561 3475 1769 3530 luxuria
1813 3471 2015 3543 princi-

440 3591 659 3651 patum;
693 3579 758 3633 de
787 3593 888 3647 qua
923 3575 1174 3630 nimirum
1224 3571 1416 3641 angelo
1443 3569 1714 3638 Thyatira:
1760 3564 2015 3619 Ecclesiae

441 3670 638 3722 dicitur
663 3687 676 3721 :
707 3687 724 3716 ι
753 3666 934 3719 Habeo
955 3663 1238 3717 adversum
1268 3669 1318 3712 te
1340 3673 1507 3728 pauca
1535 3674 1550 3711 :
1580 3655 1721 3723 quod
1749 3651 2020 3724 permittis

444 3765 723 3820 mulierem
753 3757 992 3820 .lezabel,
1019 3771 1138 3824 qua:
1177 3769 1234 3808 se
1265 3751 1394 3805 dicit
1424 3748 1762 3819 praphetam,
1802 3747 2015 3809 docere,

443 3866 498 3910 et
524 3851 734 3909 seducis
758 3863 940 3903 servos
963 3859 1109 3899 meos
1132 3841 1381 3897 fornicari
1407 3840 1590 3910 (Apoc.
1617 3838 1696 3907 ιι).
1730 3856 1747 3888 ι
1777 3835 2019 3889 Antheu-

446 3945 551 3998 tiea
585 3949 732 3996 certe
775 3947 858 3993 est
907 3936 994 3990 illa
1046 3934 1336 3996 sententia,
1378 3946 1483 4000 qua
1528 3930 1722 3983 dicitur
1757 3943 1772 3980 :
1817 3945 1835 3978 ‹
1869 3925 2018 3980 Facti

448 4035 657 4103 culpam
682 4030 862 4095 habet,
891 4028 981 4097 qui
1008 4024 1149 4093 quod
1198 4033 1371 4094 potest
1400 4021 1620 4091 negligit
1645 4019 1951 4073 emendare.
1995 4035 2012 4067 ι

449 4124 588 4191 Quid
629 4123 773 4176 enim
812 4119 1010 4189 profuit
1050 4116 1185 4180 Heli,
1212 4114 1334 4183 quia
1373 4112 1426 4164 in
1471 4109 1734 4162 luxuriam
1775 4109 1886 4176 ipse
1916 4121 2020 4160 non

451 4212 675 4276 corruit,
719 4210 811 4265 sed
859 4208 1188 4263 fornicantes
1230 4204 1366 4256 lilios
1397 4213 1618 4270 paterna
1659 4197 1874 4266 quidem
1911 4197 2023 4265 pie-

453 4315 588 4366 tate,
632 4318 736 4358 non
779 4295 958 4356 autem
1005 4295 1324 4353 sacerdotali
1361 4292 1684 4348 auctoritate
1728 4287 2026 4358 corripuit?

453 4395 505 4462 (1
528 4392 663 4464 Ἰέερ.
697 4392 780 4454 ιι.)
813 4392 973 4459 Lege,
1003 4401 1177 4458 pater,
1204 4386 1506 4457 epistolam,
1533 4397 1692 4452 quam
1723 4382 1788 4434 de
1819 4380 2024 4448 episco-

456 4499 644 4553 porum
698 4479 1084 4535 incontinentia
1136 4476 1236 4544 pia:
1289 4474 1563 4527 memoria:
1608 4469 1827 4523 Nicolao

457 4575 780 4631 direximus,
831 4580 885 4622 et
937 4564 1193 4636 quidquid
1247 4564 1352 4617 ilEic
1403 4560 1705 4630 hujusmodi
1763 4557 2028 4627 repereris

459 4668 742 4734 scriptum,
790 4664 855 4716 ad
898 4671 951 4716 te
996 4657 1346 4713 nihilominus
1396 4652 1631 4722 intellige
1676 4650 2027 4704 destinatum.

461 4757 846 4811 Verumtamen
901 4765 1019 4820 age,
1070 4761 1284 4818 quaso,
1335 4744 1380 4798 si
1439 4743 1650 4795 videres
1699 4737 2027 4791 monachum

464 4849 850 4907 fornicantem,
905 4857 1082 4896 nonne
1129 4838 1373 4908 protinus
1410 4831 1689 4888 stomacho
1737 4836 2033 4882 nauseante

464 4954 728 5003 screares,
765 4937 960 4992 crelum
1005 4945 1310 5000 terramque
1350 4924 1700 4982 vociferando
1745 4919 2036 4976 confunde-

467 5047 578 5093 res,
617 5028 946 5083 exurendum
993 5033 1253 5094 prmterea
1298 5035 1328 5072 a
1372 5017 1601 5070 flammis
1641 5012 1923 5067 ultricibus
1958 5009 2038 5062 iu-

467 5122 767 5179 clamares?
803 5120 868 5174 Et
913 5126 1092 5171 tamen
1124 5112 1323 5182 liquido
1351 5109 1617 5171 novimus,
1652 5105 1777 5174 quia
1819 5117 1924 5154 non
1956 5099 2040 5153 di-

469 5226 680 5266 versam
725 5205 1055 5279 pmnitentize
1092 5214 1400 5256 mensuram
1445 5194 1706 5249 monacho
1735 5189 2039 5259 atquedia-

471 5317 608 5358 cono
636 5299 892 5355 canonica
922 5292 1151 5366 praefigit
1195 5287 1506 5343 auctoritas.

543 5392 675 5446 Cum
699 5402 828 5456 ergo
855 5401 956 5440 una
987 5381 1191 5452 peccati
1223 5379 1294 5432 sit
1320 5378 1372 5430 in
1395 5383 1621 5442 utroque
1651 5383 1924 5428 mensura,
1945 5380 2043 5420 cur

475 5479 740 5537 habeatur
767 5454 826 5529 in
873 5479 1155 5542 peccatore
1188 5465 1491 5525 diversitas,
1524 5471 1582 5514 ut
1617 5457 1862 5512 videlicet
1900 5454 2043 5507 hunc

475 5568 854 5641 aquanimiter
883 5563 1192 5618 toleremus.
1225 5558 1334 5610 imo
1379 5554 1542 5608 etiam
1585 5549 1800 5602 sibimet
1842 5544 2042 5598 amica-

475 5661 660 5716 bilttcr
706 5655 1109 5725 applaudamus,
1151 5648 1295 5701 illum
1323 5659 1451 5698 vero
1495 5642 1709 5709 dignum
1758 5634 2044 5704 suspendio

480 5747 814 5824 judicemus?
843 5746 881 5800 Α
895 5761 923 5797 ιι
955 5754 1234 5808 personam
1269 5735 1579 5802 accipimus,
1614 5738 1664 5785 et
1696 5735 1880 5781 contra
1915 5724 2043 5790 legis

2088 1893 2331 1962 gientes?

2162 1983 2266 2037 Sed
2312 1983 2438 2053 quia
2490 1980 2730 2037 nonnulli
2775 1995 2960 2034 eorum
3005 1988 3158 2041 sunt,
3213 1979 3302 2047 qui
3351 1977 3474 2032 dum
3519 1977 3662 2031 mala

2091 2076 2458 2139 committunt,
2485 2076 2648 2129 etiam
2678 2073 2904 2144 viperini
2932 2071 3196 2141 drgmatis
3227 2071 3340 2123 haec
3368 2069 3667 2122 assertione

2094 2165 2409 2230 defendunt,
2447 2181 2553 2218 non
2597 2164 2864 2232 ignorent,
2912 2161 3166 2229 quoniam
3208 2157 3526 2212 damnabilis
3557 2157 3667 2210 hae-

2097 2273 2282 2314 reseos
2311 2256 2517 2324 laqueis
2562 2255 2924 2309 innectuntur.
2965 2251 3065 2319 Qui
3097 2251 3348 2304 nimirum
3379 2250 3504 2304 dum
3543 2263 3670 2302 cor-

2097 2358 2278 2412 ruunt,
2307 2347 2590 2417 impudici;
2618 2347 2740 2400 dum
2763 2342 3053 2397 defendere
3076 2341 3335 2401 nituntur,
3367 2338 3558 2392 merito
3583 2335 3672 2405 ju-

2098 2440 2348 2494 dicantnr
2369 2436 2634 2492 haeretici.
2664 2433 2814 2489 Unde
2841 2441 2897 2488 et
2927 2431 3107 2486 clerici
3140 2429 3354 2483 uxorati
3397 2427 3672 2482 Nicolaitae

2100 2543 2380 2592 vocantur,
2430 2529 2685 2598 quoniam
2735 2541 2765 2578 a
2811 2523 3044 2593 quodam
3103 2519 3344 2580 Nicolao,
3392 2516 3480 2586 qui
3535 2519 3676 2571 hanc

2100 2620 2484 2694 dogmatizavit
2533 2616 2798 2677 haeresim,
2840 2611 3143 2680 lmjusmodi
3192 2607 3510 2662 vocabulum
3555 2619 3678 2658 sor-

2105 2715 2328 2770 tiuntur.
2356 2710 2461 2766 Sed
2491 2701 2634 2764 nunc
2657 2705 2887 2768 accedit,
2912 2712 2971 2757 ut
2995 2703 3096 2757 hoc
3124 2700 3334 2769 insigne
3357 2694 3676 2752 vocabulum

2104 2821 2322 2869 novum,
2352 2804 2396 2859 si
2429 2801 2745 2873 prazvalent,
2781 2796 3013 2865 accipiat
3041 2794 3432 2848 incrementum
3460 2807 3473 2842 :
3500 2798 3556 2841 ut
3584 2785 3676 2855 qui

2107 2899 2370 2953 hactenus
2417 2892 2544 2950 dicti
2587 2898 2714 2946 sunt
2749 2887 3046 2950 Nicolaitaz,
3089 2884 3287 2937 amodo
3327 2889 3588 2936 vocentur
3627 2885 3682 2930 et

2107 2985 2417 3042 Cadaloitae.
2453 2983 2686 3052 Sperant
2715 2979 2883 3042 enim,
2915 2976 3040 3046 quia
3071 2975 3116 3029 si
3154 2972 3441 3052 Gadalous,
3486 2970 3577 3038 qui
3610 2969 3678 3022 ad

2112 3080 2214 3133 hoc
2251 3074 2623 3146 gebennaliter
2656 3077 2869 3132 mstuat,
2904 3065 3192 3121 universali
3242 3061 3494 3116 Ecclesia:
3523 3059 3681 3111 Anti-

2111 3169 2300 3223 christi
2349 3167 2463 3220 vice
2498 3161 2846 3233 praesederit,
2895 3159 2961 3212 ad
3004 3172 3190 3210 eorum
3235 3163 3417 3207 votum
3461 3149 3685 3204 luxuria:

2113 3261 2261 3314 frena
2308 3254 2530 3310 laxabit.
2561 3255 2736 3322 Super
2763 3265 2871 3320 quo
2903 3247 3156 3302 nimirum
3191 3244 3354 3299 etiam
3387 3241 3515 3295 mihi
3545 3240 3687 3292 idem

2118 3349 2234 3418 ejus
2270 3346 2514 3401 fautores
2543 3342 2824 3403 insultant,
2856 3351 3086 3406 eumque
3114 3348 3220 3388 non
3248 3347 3370 3387 esse
3415 3337 3685 3384 mortuum

2107 3441 2264 3510 juxta
2293 3435 2574 3506 cujusdam
2603 3449 2633 3486 a
2676 3445 2762 3484 me
2788 3428 2914 3482 facti
2946 3423 3197 3480 versiculi
3227 3419 3562 3492 prophetiam
3592 3431 3688 3471 ex-

2116 3531 2458 3602 probrantes.
2488 3524 2811 3580 obtrectant.
2841 3518 3091 3571 Dixeram
3115 3513 3258 3568 enim
3289 3511 3428 3564 inter
3451 3517 3643 3562 caetera
3671 3523 3684 3558 ε

2118 3598 2232 3676 l\’on
2260 3633 2359 3688 ego
2384 3625 2433 3670 te
2458 3613 2604 3677 fallo,
2637 3618 2814 3680 erepto
2835 3605 3082 3663 morieris
3111 3603 3164 3656 iu
3191 3615 3350 3655 anno.
3383 3598 3488 3653 Sed
3517 3605 3575 3650 ut
3605 3609 3692 3648 nte

2118 3687 2473 3782 comprobent
2507 3719 2614 3759 non
2656 3701 2821 3756 fuisse
2853 3697 3157 3758 mentitum,
3197 3691 3418 3746 audiant
3459 3687 3692 3742 admira-

2119 3777 2279 3860 bilem
2311 3800 2504 3856 divinae
2535 3792 2901 3866 dispositionis
2929 3797 3201 3844 eventum.
3231 3781 3497 3838 Cadalous
3525 3777 3694 3847 siqui-

2121 3899 2240 3951 dem
2265 3895 2381 3963 ipso
2410 3889 2720 3946 festivitatis
2749 3886 2834 3940 die
2872 3890 3180 3938 sanctorum
3211 3873 3573 3947 apostolorum
3601 3869 3692 3924 Si-

2121 3987 2298 4042 monis
2325 3981 2566 4043 etJudat,
2596 3977 2752 4049 quasi
2781 3977 2834 4030 in
2870 3987 3086 4043 papam,
3118 3970 3228 4023 Deo
3255 3964 3576 4034 rcprobante
3628 3971 3695 4013 ac

2124 4075 2432 4146 repellente,
2463 4071 2566 4126 fuit
2593 4069 2817 4130 electus,
2845 4066 3140 4130 eodemque
3169 4065 3413 4112 vertente
3438 4065 3597 4109 anno,
3629 4050 3686 4102 in

2124 4167 2502 4239 prazdictorum
2534 4158 2894 4229 apostolorum
2929 4151 3142 4221 vigiliis,
3177 4147 3246 4202 ab
3272 4145 3522 4200 omnibus
3551 4139 3694 4194 Teu-

2129 4230 2320 4314 tonicis
2359 4268 2413 4309 et
2438 4252 2634 4308 Italicis
2677 4246 2965 4318 episcopis,
3006 4257 3070 4296 ac
3113 4235 3558 4306 metropolitauis,
3603 4230 3695 4299 qui

2127 4365 2246 4404 cum
2279 4361 2402 4416 rege
2433 4355 2557 4398 tunc
2584 4343 2828 4400 aderant,
2873 4338 3158 4388 damnatus
3187 4337 3268 4382 est
3315 4335 3371 4381 et
3400 4323 3695 4391 depositus.

2060 4479 2105 4537 ι)
2130 4413 2515 4508 Quamobrem,
2555 4433 2707 4502 juxta
2759 4423 3090 4482 Ezechielem
3133 4417 3467 4489 prophetam,
3513 4413 3698 4465 finium

2677 4525 2707 4537 "
2838 4522 2852 4537 ‘
2935 4516 3085 4537 ~-—=-
3119 4515 3255 4537 ῐι---ι-
3303 4511 3399 4537 -:i.:
3442 4505 3698 4537 n.m,|.,m_

2131 4542 2292 4594 boum
2339 4550 2437 4604 pro
2467 4525 2796 4586 stercoribus
2838 4516 3089 4576 humanis
3119 4515 3258 4568 Deus
3302 4511 3400 4564 sibi
3441 4505 3700 4577 quodam-

2133 4628 2294 4683 modo
2319 4622 2569 4684 contulit,
2601 4619 2726 4672 dum
2763 4613 2944 4668 carnis
2977 4608 3254 4663 interitum
3284 4601 3502 4657 honoris
3545 4597 3700 4652 ruina

2133 4717 2360 4773 mutavit
2403 4711 2618 4784 (Ezeclt.
2668 4706 2768 4775 ιγ).
2813 4703 2964 4758 Tunc
3007 4700 3204 4770 quippe
3247 4701 3487 4747 mortuus
3528 4695 3608 4739 est
3647 4685 3700 4738 in

2133 4811 2361 4868 honore,
2397 4777 2517 4858 cum
2562 4802 2732 4856 honos
2759 4792 3000 4866 synodali
3028 4788 3232 4859 judicio
3265 4782 3494 4853 perdidit
3523 4777 3700 4844 digni-

2137 4910 2319 4955 tatem.
2361 4896 2512 4950 Nunc
2540 4901 2720 4946 autem
2757 4903 2860 4941 non
2890 4885 3065 4938 dicam
3093 4878 3453 4932 hiathanatns,
3485 4868 3576 4922 sed
3609 4881 3707 4931 po-

2139 4993 2245 5046 tius
2273 4989 2664 5044 millemortuus
2692 4989 2803 5034 toto
2829 4986 3096 5029 terrarum
3128 4969 3259 5021 orbe
3284 4962 3579 5023 deridetur,
3605 4971 3705 5011 ex-

2137 5080 2389 5150 ploditur,
2418 5073 2777 5132 maledicitur,
2811 5059 3267 5118 anathematizatu

2208 5137 2446 5224 Audiant
2511 5163 2671 5231 igitur
2744 5158 2847 5210 hoc
2915 5149 3204 5205 insultores
3261 5143 3408 5205 mei,
3458 5147 3515 5194 et
3575 5137 3704 5192 dum

2141 5259 2335 5313 divinze
2390 5247 2803 5322 dispensationis
2857 5239 3235 5312 perspexerint
3283 5234 3560 5293 ordinem,
3619 5242 3708 5282 me

2145 5346 2409 5404 mendacii
2438 5359 2544 5396 non
2567 5345 2839 5395 accusent.
2870 5334 2950 5388 Tu
2979 5339 3177 5388 autem.
3208 5328 3290 5380 vir
3331 5323 3559 5384 Domini,
3593 5320 3707 5390 gla-

2145 5439 2292 5493 dium
2317 5435 2546 5490 Phiuecs
2565 5429 2679 5484 zelo
2705 5426 2940 5482 fervidus
2961 5422 3162 5490 arripe,
3188 5428 3247 5472 ut
3270 5415 3565 5472 Israelitam
3586 5427 3707 5466 cum

2146 5528 2346 5584 Cozbin
2381 5519 2726 5577 Madianitide
2753 5523 3035 5572 coeuntem
3075 5517 3236 5564 acuto
3266 5505 3448 5559 valeas
3478 5502 3710 5571 pugione

2149 5619 2483 5678 transfodere
2507 5612 2696 5686 (Num.
2730 5609 2878 5680 xxv).
2908 5606 3039 5661 Cum
3066 5599 3314 5657 Samuele
3341 5607 3550 5666 quoque
3580 5600 3629 5642 te
3657 5590 3709 5642 in

2149 5714 2367 5771 ultionis
2397 5684 2640 5780 spiritum
2671 5710 2979 5760 constanter
3007 5696 3245 5764 accinge,
3271 5701 3323 5748 et
3346 5689 3412 5744 ad
3441 5684 3710 5744 confusio-
