  <div class='ocr_page' id='page_1' title='image "/cluster/home/n/w/nwhite01/storage/ocr_20150623/145/hvd.32044015471824/215.png"; bbox 0 0 4132 6324; ppageno 0'>
   <div class='ocr_carea' id='block_1_1' title="bbox 440 290 547 353">
    <p class='ocr_par' dir='ltr' id='par_1_1' title="bbox 440 290 547 353">
     <span class='ocr_line' id='line_1_1' title="bbox 440 290 547 353; baseline -0.037 -7"><span class='ocrx_word' id='word_1_1' title='bbox 440 290 547 353; x_wconf 64' lang='grc'><strong>415</strong></span> 
     </span>
    </p>
   </div>
   <div class='ocr_carea' id='block_1_2' title="bbox 852 283 3245 353">
    <p class='ocr_par' dir='ltr' id='par_1_2' title="bbox 852 283 3245 353">
     <span class='ocr_line' id='line_1_2' title="bbox 852 283 3245 353; baseline 0.004 -10"><span class='ocrx_word' id='word_1_2' title='bbox 852 288 910 344; x_wconf 82' lang='grc'><strong>8.</strong></span> <span class='ocrx_word' id='word_1_3' title='bbox 951 286 1158 344; x_wconf 78' lang='lat' dir='ltr'><strong>PETRI</strong></span> <span class='ocrx_word' id='word_1_4' title='bbox 1194 284 1480 343; x_wconf 71' lang='lat' dir='ltr'><strong>DAMIANI</strong></span> <span class='ocrx_word' id='word_1_5' title='bbox 1519 286 1670 344; x_wconf 84' lang='lat' dir='ltr'><strong>OPP.</strong></span> <span class='ocrx_word' id='word_1_6' title='bbox 1707 284 1946 344; x_wconf 74' lang='lat' dir='ltr'><strong>TOMIZS</strong></span> <span class='ocrx_word' id='word_1_7' title='bbox 1975 284 2123 343; x_wconf 75' lang='lat' dir='ltr'><strong>SEU</strong></span> <span class='ocrx_word' id='word_1_8' title='bbox 2153 283 2334 346; x_wconf 80' lang='lat' dir='ltr'><strong>PARS</strong></span> <span class='ocrx_word' id='word_1_9' title='bbox 2365 288 2455 347; x_wconf 82' lang='lat' dir='ltr'><strong>III.</strong></span> <span class='ocrx_word' id='word_1_10' title='bbox 2496 322 2567 335; x_wconf 90' lang='lat'>——</span> <span class='ocrx_word' id='word_1_11' title='bbox 2605 290 2971 353; x_wconf 80' lang='lat' dir='ltr'><strong>OPUSCULA</strong></span> <span class='ocrx_word' id='word_1_12' title='bbox 3012 292 3245 353; x_wconf 75' lang='lat' dir='ltr'><strong>VARIA.</strong></span> 
     </span>
    </p>
   </div>
   <div class='ocr_carea' id='block_1_3' title="bbox 3602 296 3705 355">
    <p class='ocr_par' dir='ltr' id='par_1_3' title="bbox 3602 296 3705 355">
     <span class='ocr_line' id='line_1_3' title="bbox 3602 296 3705 355; baseline 0.039 -4"><span class='ocrx_word' id='word_1_13' title='bbox 3602 296 3705 355; x_wconf 74' lang='grc' dir='ltr'><strong>ιῑϐ</strong></span> 
     </span>
    </p>
   </div>
   <div class='ocr_carea' id='block_1_4' title="bbox 442 398 3707 484">
    <p class='ocr_par' dir='ltr' id='par_1_4' title="bbox 442 398 3707 484">
     <span class='ocr_line' id='line_1_4' title="bbox 442 398 3707 484; baseline 0.005 -30"><span class='ocrx_word' id='word_1_14' title='bbox 442 417 567 459; x_wconf 86' lang='lat' dir='ltr'><strong>nem</strong></span> <span class='ocrx_word' id='word_1_15' title='bbox 618 401 778 464; x_wconf 90' lang='lat' dir='ltr'><strong>Saul,</strong></span> <span class='ocrx_word' id='word_1_16' title='bbox 824 400 969 471; x_wconf 82' lang='lat' dir='ltr'><strong>Agag</strong></span> <span class='ocrx_word' id='word_1_17' title='bbox 1019 402 1429 472; x_wconf 66' lang='lat' dir='ltr'><strong>pinguissimum</strong></span> <span class='ocrx_word' id='word_1_18' title='bbox 1485 400 1541 456; x_wconf 79' lang='lat' dir='ltr'><strong>In</strong></span> <span class='ocrx_word' id='word_1_19' title='bbox 1583 399 1751 455; x_wconf 80' lang='lat' dir='ltr'><strong>frusta</strong></span> <span class='ocrx_word' id='word_1_20' title='bbox 1800 398 2023 454; x_wconf 71' lang='lat' dir='ltr'><strong>concide</strong></span> <span class='ocrx_word' id='word_1_21' title='bbox 2051 399 2098 461; x_wconf 80' lang='grc' dir='ltr'><strong>Α</strong></span> <span class='ocrx_word' id='word_1_22' title='bbox 2127 403 2223 460; x_wconf 69' lang='lat' dir='ltr'><strong>rite</strong></span> <span class='ocrx_word' id='word_1_23' title='bbox 2246 405 2445 463; x_wconf 87' lang='lat' dir='ltr'><strong>Iethale</strong></span> <span class='ocrx_word' id='word_1_24' title='bbox 2470 407 2666 464; x_wconf 78' lang='lat' dir='ltr'><strong>vulnus</strong></span> <span class='ocrx_word' id='word_1_25' title='bbox 2695 408 2897 481; x_wconf 84' lang='lat' dir='ltr'><strong>inllige,</strong></span> <span class='ocrx_word' id='word_1_26' title='bbox 2927 419 2987 466; x_wconf 85' lang='lat' dir='ltr'><strong>ut</strong></span> <span class='ocrx_word' id='word_1_27' title='bbox 3016 411 3299 467; x_wconf 82' lang='lat' dir='ltr'><strong>manubias</strong></span> <span class='ocrx_word' id='word_1_28' title='bbox 3353 427 3418 469; x_wconf 89' lang='lat' dir='ltr'><strong>ac</strong></span> <span class='ocrx_word' id='word_1_29' title='bbox 3442 415 3614 484; x_wconf 88' lang='lat' dir='ltr'><strong>spolia</strong></span> <span class='ocrx_word' id='word_1_30' title='bbox 3641 419 3707 471; x_wconf 84' lang='lat' dir='ltr'><strong>de</strong></span> 
     </span>
    </p>
   </div>
   <div class='ocr_carea' id='block_1_5' title="bbox 445 490 2027 562">
    <p class='ocr_par' dir='ltr' id='par_1_5' title="bbox 445 490 2027 562">
     <span class='ocr_line' id='line_1_5' title="bbox 445 490 2027 562; baseline -0.003 -14"><span class='ocrx_word' id='word_1_31' title='bbox 445 493 497 557; x_wconf 91' lang='grc' dir='ltr'><em>(Ι</em></span> <span class='ocrx_word' id='word_1_32' title='bbox 524 493 654 561; x_wconf 80' lang='lat' dir='ltr'><strong>Reg.</strong></span> <span class='ocrx_word' id='word_1_33' title='bbox 683 493 797 562; x_wconf 83' lang='lat' dir='ltr'><strong>xv).</strong></span> <span class='ocrx_word' id='word_1_34' title='bbox 832 493 975 547; x_wconf 82' lang='lat' dir='ltr'><strong>Elias</strong></span> <span class='ocrx_word' id='word_1_35' title='bbox 999 492 1162 545; x_wconf 86' lang='lat' dir='ltr'><strong>etiam</strong></span> <span class='ocrx_word' id='word_1_36' title='bbox 1196 494 1290 547; x_wconf 50' lang='lat' dir='ltr'><strong>tibi</strong></span> <span class='ocrx_word' id='word_1_37' title='bbox 1324 492 1646 561; x_wconf 87' lang='lat' dir='ltr'><strong>productum</strong></span> <span class='ocrx_word' id='word_1_38' title='bbox 1679 492 1745 545; x_wconf 91' lang='lat' dir='ltr'><strong>de</strong></span> <span class='ocrx_word' id='word_1_39' title='bbox 1770 490 2027 559; x_wconf 72' lang='lat' dir='ltr'><strong>pharetra</strong></span> 
     </span>
    </p>
   </div>
   <div class='ocr_carea' id='block_1_6' title="bbox 445 581 2030 651">
    <p class='ocr_par' dir='ltr' id='par_1_6' title="bbox 445 581 2030 651">
     <span class='ocr_line' id='line_1_6' title="bbox 445 581 2030 651; baseline -0.001 -14"><span class='ocrx_word' id='word_1_40' title='bbox 445 583 657 637; x_wconf 85' lang='lat' dir='ltr'><strong>Domini</strong></span> <span class='ocrx_word' id='word_1_41' title='bbox 706 581 942 651; x_wconf 69' lang='lat' dir='ltr'><strong>gladium</strong></span> <span class='ocrx_word' id='word_1_42' title='bbox 991 581 1272 651; x_wconf 82' lang='lat' dir='ltr'><strong>porrigat,</strong></span> <span class='ocrx_word' id='word_1_43' title='bbox 1321 590 1377 636; x_wconf 91' lang='lat' dir='ltr'><strong>et</strong></span> <span class='ocrx_word' id='word_1_44' title='bbox 1432 582 1499 636; x_wconf 88' lang='lat' dir='ltr'><strong>de</strong></span> <span class='ocrx_word' id='word_1_45' title='bbox 1546 581 1918 635; x_wconf 74' lang='lat' dir='ltr'><strong>sacerdotibus</strong></span> <span class='ocrx_word' id='word_1_46' title='bbox 1966 594 2030 635; x_wconf 90' lang='lat' dir='ltr'><strong>ac</strong></span> 
     </span>
    </p>
   </div>
   <div class='ocr_carea' id='block_1_7' title="bbox 423 672 2031 744">
    <p class='ocr_par' dir='ltr' id='par_1_7' title="bbox 423 672 2031 744">
     <span class='ocr_line' id='line_1_7' title="bbox 423 672 2031 744; baseline 0 -17"><span class='ocrx_word' id='word_1_47' title='bbox 423 672 724 744; x_wconf 75' lang='lat' dir='ltr'><strong>.pmpbetis</strong></span> <span class='ocrx_word' id='word_1_48' title='bbox 751 672 898 738; x_wconf 86' lang='lat' dir='ltr'><strong>Baal,</strong></span> <span class='ocrx_word' id='word_1_49' title='bbox 929 673 1105 728; x_wconf 86' lang='lat' dir='ltr'><strong>ductis</strong></span> <span class='ocrx_word' id='word_1_50' title='bbox 1135 673 1203 726; x_wconf 85' lang='lat' dir='ltr'><strong>ad</strong></span> <span class='ocrx_word' id='word_1_51' title='bbox 1247 682 1542 729; x_wconf 71' lang='lat' dir='ltr'><strong>torrentem</strong></span> <span class='ocrx_word' id='word_1_52' title='bbox 1580 674 1762 739; x_wconf 87' lang='lat' dir='ltr'><strong>Cison,</strong></span> <span class='ocrx_word' id='word_1_53' title='bbox 1798 687 1865 728; x_wconf 90' lang='lat' dir='ltr'><strong>ne</strong></span> <span class='ocrx_word' id='word_1_54' title='bbox 1909 673 2031 742; x_wconf 81' lang='lat' dir='ltr'><strong>qui-</strong></span> 
     </span>
    </p>
   </div>
   <div class='ocr_carea' id='block_1_8' title="bbox 442 763 2029 837">
    <p class='ocr_par' dir='ltr' id='par_1_8' title="bbox 442 763 2029 837">
     <span class='ocr_line' id='line_1_8' title="bbox 442 763 2029 837; baseline 0.002 -20"><span class='ocrx_word' id='word_1_55' title='bbox 442 767 566 817; x_wconf 76' lang='lat' dir='ltr'><strong>dem</strong></span> <span class='ocrx_word' id='word_1_56' title='bbox 602 780 741 818; x_wconf 92' lang='lat' dir='ltr'><strong>unus</strong></span> <span class='ocrx_word' id='word_1_57' title='bbox 769 765 964 819; x_wconf 91' lang='lat' dir='ltr'><strong>evadat</strong></span> <span class='ocrx_word' id='word_1_58' title='bbox 1005 763 1123 833; x_wconf 91' lang='grc'><em>(111</em></span> <span class='ocrx_word' id='word_1_59' title='bbox 1151 765 1276 836; x_wconf 76' lang='lat' dir='ltr'><strong>Reg.</strong></span> <span class='ocrx_word' id='word_1_60' title='bbox 1310 767 1490 835; x_wconf 75' lang='lat' dir='ltr'><strong>svnt).</strong></span> <span class='ocrx_word' id='word_1_61' title='bbox 1527 766 1659 820; x_wconf 84' lang='lat' dir='ltr'><strong>Nam</strong></span> <span class='ocrx_word' id='word_1_62' title='bbox 1699 775 1755 820; x_wconf 89' lang='lat' dir='ltr'><strong>et</strong></span> <span class='ocrx_word' id='word_1_63' title='bbox 1798 765 2029 837; x_wconf 80' lang='lat' dir='ltr'><strong>Moyses,</strong></span> 
     </span>
    </p>
   </div>
   <div class='ocr_carea' id='block_1_9' title="bbox 444 853 2034 926">
    <p class='ocr_par' dir='ltr' id='par_1_9' title="bbox 444 853 2034 926">
     <span class='ocr_line' id='line_1_9' title="bbox 444 853 2034 926; baseline 0.003 -21"><span class='ocrx_word' id='word_1_64' title='bbox 444 853 569 922; x_wconf 84' lang='lat' dir='ltr'><strong>quia</strong></span> <span class='ocrx_word' id='word_1_65' title='bbox 613 868 710 922; x_wconf 90' lang='lat' dir='ltr'><strong>pro</strong></span> <span class='ocrx_word' id='word_1_66' title='bbox 749 868 934 909; x_wconf 91' lang='lat' dir='ltr'><strong>amore</strong></span> <span class='ocrx_word' id='word_1_67' title='bbox 975 854 1229 908; x_wconf 66' lang='lat' dir='ltr'><strong>Israelita:</strong></span> <span class='ocrx_word' id='word_1_68' title='bbox 1263 856 1568 924; x_wconf 80' lang='lat' dir='ltr'><strong>cujusdam,</strong></span> <span class='ocrx_word' id='word_1_69' title='bbox 1599 872 1915 926; x_wconf 87' lang='lat' dir='ltr'><strong>percussum</strong></span> <span class='ocrx_word' id='word_1_70' title='bbox 1946 871 2034 909; x_wconf 80' lang='lat' dir='ltr'><strong>sa-</strong></span> 
     </span>
    </p>
   </div>
   <div class='ocr_carea' id='block_1_10' title="bbox 446 944 2036 1019">
    <p class='ocr_par' dir='ltr' id='par_1_10' title="bbox 446 944 2036 1019">
     <span class='ocr_line' id='line_1_10' title="bbox 446 944 2036 1019; baseline 0.003 -22"><span class='ocrx_word' id='word_1_71' title='bbox 446 944 572 1000; x_wconf 89' lang='lat' dir='ltr'><strong>bulo</strong></span> <span class='ocrx_word' id='word_1_72' title='bbox 624 947 909 1002; x_wconf 80' lang='lat' dir='ltr'><strong>abscondit</strong></span> <span class='ocrx_word' id='word_1_73' title='bbox 951 945 1111 1017; x_wconf 65' lang='grc'><em>411</em></span> <span class='ocrx_word' id='word_1_74' title='bbox 1155 946 1469 1017; x_wconf 72' lang='lat' dir='ltr'><strong>Egyptium</strong></span> <span class='ocrx_word' id='word_1_75' title='bbox 1506 946 1701 1016; x_wconf 70' lang='lat' dir='ltr'><strong>(Exod.</strong></span> <span class='ocrx_word' id='word_1_76' title='bbox 1747 949 1830 1019; x_wconf 86' lang='grc' dir='ltr'><strong>ιι),</strong></span> <span class='ocrx_word' id='word_1_77' title='bbox 1873 947 2036 1001; x_wconf 83' lang='lat' dir='ltr'><strong>totius</strong></span> 
     </span>
    </p>
   </div>
   <div class='ocr_carea' id='block_1_11' title="bbox 450 1035 2033 1107">
    <p class='ocr_par' dir='ltr' id='par_1_11' title="bbox 450 1035 2033 1107">
     <span class='ocr_line' id='line_1_11' title="bbox 450 1035 2033 1107; baseline 0 -17"><span class='ocrx_word' id='word_1_78' title='bbox 450 1035 614 1091; x_wconf 83' lang='lat' dir='ltr'><strong>Israel</strong></span> <span class='ocrx_word' id='word_1_79' title='bbox 650 1035 899 1090; x_wconf 81' lang='lat' dir='ltr'><strong>obtinere</strong></span> <span class='ocrx_word' id='word_1_80' title='bbox 930 1038 1129 1091; x_wconf 88' lang='lat' dir='ltr'><strong>meruit</strong></span> <span class='ocrx_word' id='word_1_81' title='bbox 1172 1037 1551 1106; x_wconf 88' lang='lat' dir='ltr'><strong>principatum.</strong></span> <span class='ocrx_word' id='word_1_82' title='bbox 1584 1038 1760 1107; x_wconf 74' lang='lat' dir='ltr'><strong>Atque</strong></span> <span class='ocrx_word' id='word_1_83' title='bbox 1788 1047 1847 1091; x_wconf 87' lang='lat' dir='ltr'><strong>ut</strong></span> <span class='ocrx_word' id='word_1_84' title='bbox 1888 1037 2033 1090; x_wconf 86' lang='lat' dir='ltr'><strong>illam</strong></span> 
     </span>
    </p>
   </div>
   <div class='ocr_carea' id='block_1_12' title="bbox 451 1127 2037 1199">
    <p class='ocr_par' dir='ltr' id='par_1_12' title="bbox 451 1127 2037 1199">
     <span class='ocr_line' id='line_1_12' title="bbox 451 1127 2037 1199; baseline 0 -18"><span class='ocrx_word' id='word_1_85' title='bbox 451 1128 631 1199; x_wconf 80' lang='lat' dir='ltr'><strong>magis</strong></span> <span class='ocrx_word' id='word_1_86' title='bbox 679 1128 959 1183; x_wconf 70' lang='lat' dir='ltr'><strong>victoriam</strong></span> <span class='ocrx_word' id='word_1_87' title='bbox 1015 1143 1410 1192; x_wconf 82' lang='lat' dir='ltr'><strong>memoremus,</strong></span> <span class='ocrx_word' id='word_1_88' title='bbox 1463 1144 1584 1198; x_wconf 65' lang='lat' dir='ltr'><strong>quae</strong></span> <span class='ocrx_word' id='word_1_89' title='bbox 1646 1130 1715 1182; x_wconf 80' lang='lat' dir='ltr'><strong>ad</strong></span> <span class='ocrx_word' id='word_1_90' title='bbox 1765 1127 2037 1181; x_wconf 84' lang='lat' dir='ltr'><strong>castitatis</strong></span> 
     </span>
    </p>
   </div>
   <div class='ocr_carea' id='block_1_13' title="bbox 453 1218 2034 1289">
    <p class='ocr_par' dir='ltr' id='par_1_13' title="bbox 453 1218 2034 1289">
     <span class='ocr_line' id='line_1_13' title="bbox 453 1218 2034 1289; baseline -0.001 -17"><span class='ocrx_word' id='word_1_91' title='bbox 453 1220 687 1288; x_wconf 83' lang='lat' dir='ltr'><strong>pertinet</strong></span> <span class='ocrx_word' id='word_1_92' title='bbox 710 1227 1127 1283; x_wconf 82' lang='lat' dir='ltr'><strong>sacramentum,</strong></span> <span class='ocrx_word' id='word_1_93' title='bbox 1163 1218 1332 1273; x_wconf 83' lang='lat' dir='ltr'><strong>David</strong></span> <span class='ocrx_word' id='word_1_94' title='bbox 1366 1221 1490 1288; x_wconf 82' lang='lat' dir='ltr'><strong>quia</strong></span> <span class='ocrx_word' id='word_1_95' title='bbox 1521 1220 1748 1275; x_wconf 83' lang='lat' dir='ltr'><strong>ducenta</strong></span> <span class='ocrx_word' id='word_1_96' title='bbox 1773 1218 2034 1289; x_wconf 63' lang='lat' dir='ltr'><strong>prmputia</strong></span> 
     </span>
    </p>
   </div>
   <div class='ocr_carea' id='block_1_14' title="bbox 456 1308 2039 1378">
    <p class='ocr_par' dir='ltr' id='par_1_14' title="bbox 456 1308 2039 1378">
     <span class='ocr_line' id='line_1_14' title="bbox 456 1308 2039 1378; baseline 0 -16"><span class='ocrx_word' id='word_1_97' title='bbox 456 1308 862 1363; x_wconf 71' lang='lat' dir='ltr'><strong>Pbilistinorum</strong></span> <span class='ocrx_word' id='word_1_98' title='bbox 904 1308 1142 1363; x_wconf 78' lang='lat' dir='ltr'><strong>fervidus</strong></span> <span class='ocrx_word' id='word_1_99' title='bbox 1174 1308 1404 1363; x_wconf 82' lang='lat' dir='ltr'><strong>bellator</strong></span> <span class='ocrx_word' id='word_1_100' title='bbox 1431 1310 1679 1374; x_wconf 80' lang='lat' dir='ltr'><strong>abscidit,</strong></span> <span class='ocrx_word' id='word_1_101' title='bbox 1710 1310 1955 1378; x_wconf 66' lang='lat' dir='ltr'><strong>protinus</strong></span> <span class='ocrx_word' id='word_1_102' title='bbox 1984 1308 2039 1362; x_wconf 91' lang='lat' dir='ltr'><strong>in</strong></span> 
     </span>
    </p>
   </div>
   <div class='ocr_carea' id='block_1_15' title="bbox 457 1397 2038 1471">
    <p class='ocr_par' dir='ltr' id='par_1_15' title="bbox 457 1397 2038 1471">
     <span class='ocr_line' id='line_1_15' title="bbox 457 1397 2038 1471; baseline -0.004 -15"><span class='ocrx_word' id='word_1_103' title='bbox 457 1400 764 1471; x_wconf 81' lang='lat' dir='ltr'><strong>conjugium</strong></span> <span class='ocrx_word' id='word_1_104' title='bbox 795 1400 990 1455; x_wconf 81' lang='lat' dir='ltr'><strong>Michol</strong></span> <span class='ocrx_word' id='word_1_105' title='bbox 1022 1400 1188 1454; x_wconf 84' lang='lat' dir='ltr'><strong>ﬁliam</strong></span> <span class='ocrx_word' id='word_1_106' title='bbox 1226 1400 1355 1455; x_wconf 89' lang='lat' dir='ltr'><strong>Saul</strong></span> <span class='ocrx_word' id='word_1_107' title='bbox 1392 1404 1535 1469; x_wconf 75' lang='lat' dir='ltr'><strong>regis</strong></span> <span class='ocrx_word' id='word_1_108' title='bbox 1572 1401 1789 1468; x_wconf 84' lang='lat' dir='ltr'><strong>accepit</strong></span> <span class='ocrx_word' id='word_1_109' title='bbox 1820 1398 1871 1469; x_wconf 98' lang='grc'><strong>(1</strong></span> <span class='ocrx_word' id='word_1_110' title='bbox 1913 1397 2038 1468; x_wconf 76' lang='lat' dir='ltr'><strong>Reg.</strong></span> 
     </span>
    </p>
   </div>
   <div class='ocr_carea' id='block_1_16' title="bbox 458 1487 2038 1558">
    <p class='ocr_par' dir='ltr' id='par_1_16' title="bbox 458 1487 2038 1558">
     <span class='ocr_line' id='line_1_16' title="bbox 458 1487 2038 1558; baseline -0.003 -15"><span class='ocrx_word' id='word_1_111' title='bbox 458 1490 641 1558; x_wconf 85' lang='lat' dir='ltr'><strong>xvttt).</strong></span> <span class='ocrx_word' id='word_1_112' title='bbox 676 1487 809 1542; x_wconf 84' lang='lat' dir='ltr'><strong>Nam</strong></span> <span class='ocrx_word' id='word_1_113' title='bbox 853 1488 979 1557; x_wconf 85' lang='lat' dir='ltr'><strong>quia</strong></span> <span class='ocrx_word' id='word_1_114' title='bbox 1022 1487 1152 1542; x_wconf 85' lang='lat' dir='ltr'><strong>Saul</strong></span> <span class='ocrx_word' id='word_1_115' title='bbox 1193 1497 1411 1542; x_wconf 88' lang='lat' dir='ltr'><strong>centum</strong></span> <span class='ocrx_word' id='word_1_116' title='bbox 1453 1489 1825 1542; x_wconf 85' lang='lat' dir='ltr'><strong>tantummodo</strong></span> <span class='ocrx_word' id='word_1_117' title='bbox 1864 1487 2038 1556; x_wconf 84' lang='lat' dir='ltr'><strong>petiit,</strong></span> 
     </span>
    </p>
   </div>
   <div class='ocr_carea' id='block_1_17' title="bbox 461 1578 2042 1650">
    <p class='ocr_par' dir='ltr' id='par_1_17' title="bbox 461 1578 2042 1650">
     <span class='ocr_line' id='line_1_17' title="bbox 461 1578 2042 1650; baseline -0.003 -15"><span class='ocrx_word' id='word_1_118' title='bbox 461 1581 555 1635; x_wconf 88' lang='lat' dir='ltr'><strong>sed</strong></span> <span class='ocrx_word' id='word_1_119' title='bbox 609 1582 841 1635; x_wconf 86' lang='lat' dir='ltr'><strong>ducenta</strong></span> <span class='ocrx_word' id='word_1_120' title='bbox 895 1595 1094 1649; x_wconf 88' lang='lat' dir='ltr'><strong>genero</strong></span> <span class='ocrx_word' id='word_1_121' title='bbox 1143 1578 1420 1634; x_wconf 84' lang='lat' dir='ltr'><strong>deferente</strong></span> <span class='ocrx_word' id='word_1_122' title='bbox 1464 1581 1738 1650; x_wconf 88' lang='lat' dir='ltr'><strong>suscepit;</strong></span> <span class='ocrx_word' id='word_1_123' title='bbox 1794 1579 1882 1634; x_wconf 89' lang='lat' dir='ltr'><strong>ille</strong></span> <span class='ocrx_word' id='word_1_124' title='bbox 1928 1578 2042 1648; x_wconf 89' lang='lat' dir='ltr'><strong>regi</strong></span> 
     </span>
    </p>
   </div>
   <div class='ocr_carea' id='block_1_18' title="bbox 458 1669 2041 1740">
    <p class='ocr_par' dir='ltr' id='par_1_18' title="bbox 458 1669 2041 1740">
     <span class='ocr_line' id='line_1_18' title="bbox 458 1669 2041 1740; baseline -0.003 -15"><span class='ocrx_word' id='word_1_125' title='bbox 458 1670 620 1726; x_wconf 83' lang='lat' dir='ltr'><strong>Israel</strong></span> <span class='ocrx_word' id='word_1_126' title='bbox 660 1671 921 1740; x_wconf 67' lang='lat' dir='ltr'><strong>praeputia</strong></span> <span class='ocrx_word' id='word_1_127' title='bbox 965 1671 1232 1740; x_wconf 76' lang='lat' dir='ltr'><strong>geminata</strong></span> <span class='ocrx_word' id='word_1_128' title='bbox 1277 1678 1606 1738; x_wconf 87' lang='lat' dir='ltr'><strong>comportat,</strong></span> <span class='ocrx_word' id='word_1_129' title='bbox 1652 1670 1743 1737; x_wconf 86' lang='lat' dir='ltr'><strong>qui</strong></span> <span class='ocrx_word' id='word_1_130' title='bbox 1786 1669 1896 1724; x_wconf 86' lang='lat' dir='ltr'><strong>Deo</strong></span> <span class='ocrx_word' id='word_1_131' title='bbox 1939 1683 2041 1722; x_wconf 91' lang='lat' dir='ltr'><strong>non</strong></span> 
     </span>
    </p>
   </div>
   <div class='ocr_carea' id='block_1_19' title="bbox 2128 500 3709 570">
    <p class='ocr_par' dir='ltr' id='par_1_19' title="bbox 2128 500 3709 570">
     <span class='ocr_line' id='line_1_19' title="bbox 2128 500 3709 570; baseline 0.009 -20"><span class='ocrx_word' id='word_1_132' title='bbox 2128 513 2293 553; x_wconf 87' lang='lat' dir='ltr'><strong>manu</strong></span> <span class='ocrx_word' id='word_1_133' title='bbox 2322 500 2532 554; x_wconf 88' lang='lat' dir='ltr'><strong>cruenti</strong></span> <span class='ocrx_word' id='word_1_134' title='bbox 2561 503 2828 570; x_wconf 69' lang='lat' dir='ltr'><strong>praedonis</strong></span> <span class='ocrx_word' id='word_1_135' title='bbox 2860 515 3114 559; x_wconf 77' lang='lat' dir='ltr'><strong>strenuus</strong></span> <span class='ocrx_word' id='word_1_136' title='bbox 3137 504 3320 560; x_wconf 83' lang='lat' dir='ltr'><strong>valeas</strong></span> <span class='ocrx_word' id='word_1_137' title='bbox 3344 504 3577 562; x_wconf 84' lang='lat' dir='ltr'><strong>bellator</strong></span> <span class='ocrx_word' id='word_1_138' title='bbox 3603 510 3709 564; x_wconf 82' lang='lat' dir='ltr'><strong>eri-</strong></span> 
     </span>
    </p>
   </div>
   <div class='ocr_carea' id='block_1_20' title="bbox 2129 589 3707 666">
    <p class='ocr_par' dir='ltr' id='par_1_20' title="bbox 2129 589 3707 666">
     <span class='ocr_line' id='line_1_20' title="bbox 2129 589 3707 666; baseline 0.008 -26"><span class='ocrx_word' id='word_1_139' title='bbox 2129 602 2286 657; x_wconf 84' lang='lat' dir='ltr'><strong>pere,</strong></span> <span class='ocrx_word' id='word_1_140' title='bbox 2313 597 2365 642; x_wconf 91' lang='lat' dir='ltr'><strong>et</strong></span> <span class='ocrx_word' id='word_1_141' title='bbox 2390 589 2456 643; x_wconf 90' lang='lat' dir='ltr'><strong>ad</strong></span> <span class='ocrx_word' id='word_1_142' title='bbox 2488 589 2662 658; x_wconf 90' lang='lat' dir='ltr'><strong>ipsum</strong></span> <span class='ocrx_word' id='word_1_143' title='bbox 2687 592 2952 647; x_wconf 90' lang='lat' dir='ltr'><strong>castitatis</strong></span> <span class='ocrx_word' id='word_1_144' title='bbox 2974 602 3250 649; x_wconf 88' lang='lat' dir='ltr'><strong>auctorem</strong></span> <span class='ocrx_word' id='word_1_145' title='bbox 3276 605 3513 666; x_wconf 78' lang='lat' dir='ltr'><strong>peracta:</strong></span> <span class='ocrx_word' id='word_1_146' title='bbox 3537 596 3707 653; x_wconf 16' lang='lat' dir='ltr'><strong>victo.</strong></span> 
     </span>
    </p>
   </div>
   <div class='ocr_carea' id='block_1_21' title="bbox 2132 678 3065 753">
    <p class='ocr_par' dir='ltr' id='par_1_21' title="bbox 2132 678 3065 753">
     <span class='ocr_line' id='line_1_21' title="bbox 2132 678 3065 753; baseline 0.006 -22"><span class='ocrx_word' id='word_1_147' title='bbox 2132 678 2226 732; x_wconf 80' lang='lat' dir='ltr'><strong>ria:</strong></span> <span class='ocrx_word' id='word_1_148' title='bbox 2246 679 2506 733; x_wconf 89' lang='lat' dir='ltr'><strong>mercaris</strong></span> <span class='ocrx_word' id='word_1_149' title='bbox 2524 679 2748 753; x_wconf 89' lang='lat' dir='ltr'><strong>insignia</strong></span> <span class='ocrx_word' id='word_1_150' title='bbox 2769 692 3065 749; x_wconf 84' lang='lat' dir='ltr'><strong>reportare.</strong></span> 
     </span>
    </p>
   </div>
   <div class='ocr_carea' id='block_1_22' title="bbox 2438 767 3410 841">
    <p class='ocr_par' dir='ltr' id='par_1_22' title="bbox 2438 767 3410 841">
     <span class='ocr_line' id='line_1_22' title="bbox 2438 767 3410 841; baseline 0.005 -16"><span class='ocrx_word' id='word_1_151' title='bbox 2438 767 2602 841; x_wconf 63' lang='grc'><strong>412</strong></span> <span class='ocrx_word' id='word_1_152' title='bbox 2637 770 3093 827; x_wconf 77' lang='lat' dir='ltr'><strong>DISSERTATIO</strong></span> <span class='ocrx_word' id='word_1_153' title='bbox 3131 771 3377 827; x_wconf 58' lang='lat' dir='ltr'><strong>TERTIA</strong></span> <span class='ocrx_word' id='word_1_154' title='bbox 3393 813 3410 830; x_wconf 92' lang='lat'><strong>.</strong></span> 
     </span>
    </p>
   </div>
   <div class='ocr_carea' id='block_1_23' title="bbox 2417 873 3420 921">
    <p class='ocr_par' dir='ltr' id='par_1_23' title="bbox 2417 873 3420 921">
     <span class='ocr_line' id='line_1_23' title="bbox 2417 873 3420 921; baseline 0.005 -8"><span class='ocrx_word' id='word_1_155' title='bbox 2417 873 2627 914; x_wconf 70' lang='lat' dir='ltr'><strong>CONTRA</strong></span> <span class='ocrx_word' id='word_1_156' title='bbox 2666 876 2918 917; x_wconf 75' lang='lat' dir='ltr'><strong>CLEBICOS</strong></span> <span class='ocrx_word' id='word_1_157' title='bbox 2954 878 3420 921; x_wconf 68' lang='lat' dir='ltr'><strong>INTEMPEBANTES.</strong></span> 
     </span>
    </p>
   </div>
   <div class='ocr_carea' id='block_1_24' title="bbox 2336 950 3510 1023">
    <p class='ocr_par' dir='ltr' id='par_1_24' title="bbox 2336 950 3510 1023">
     <span class='ocr_line' id='line_1_24' title="bbox 2336 950 3510 1023; baseline 0.009 -20"><span class='ocrx_word' id='word_1_158' title='bbox 2336 950 2416 1004; x_wconf 78' lang='lat' dir='ltr'><strong>Ad</strong></span> <span class='ocrx_word' id='word_1_159' title='bbox 2446 951 2750 1007; x_wconf 81' lang='lat' dir='ltr'><strong>Adelaidem</strong></span> <span class='ocrx_word' id='word_1_160' title='bbox 2778 952 3188 1023; x_wconf 82' lang='lat' dir='ltr'><strong>Subalpinorum</strong></span> <span class='ocrx_word' id='word_1_161' title='bbox 3228 957 3510 1014; x_wconf 69' lang='lat' dir='ltr'><strong>ducissam.</strong></span> 
     </span>
    </p>
   </div>
   <div class='ocr_carea' id='block_1_25' title="bbox 2133 1039 3679 1113">
    <p class='ocr_par' dir='ltr' id='par_1_25' title="bbox 2133 1039 3679 1113">
     <span class='ocr_line' id='line_1_25' title="bbox 2133 1039 3679 1113; baseline 0.006 -18"><span class='ocrx_word' id='word_1_162' title='bbox 2133 1039 2533 1098; x_wconf 70' lang='lat' dir='ltr'><strong>Aacuuzmuu.</strong></span> <span class='ocrx_word' id='word_1_163' title='bbox 2562 1074 2625 1083; x_wconf 87' lang='lat'><strong>-—</strong></span> <span class='ocrx_word' id='word_1_164' title='bbox 2652 1044 2765 1111; x_wconf 88' lang='lat' dir='ltr'><strong>Qua</strong></span> <span class='ocrx_word' id='word_1_165' title='bbox 2808 1045 2875 1098; x_wconf 81' lang='lat' dir='ltr'><strong>de</strong></span> <span class='ocrx_word' id='word_1_166' title='bbox 2905 1061 3065 1098; x_wconf 79' lang='lat' dir='ltr'><strong>causa</strong></span> <span class='ocrx_word' id='word_1_167' title='bbox 3105 1046 3394 1113; x_wconf 67' lang='lat' dir='ltr'><strong>scripserat</strong></span> <span class='ocrx_word' id='word_1_168' title='bbox 3425 1050 3492 1101; x_wconf 86' lang='lat' dir='ltr'><strong>ad</strong></span> <span class='ocrx_word' id='word_1_169' title='bbox 3518 1046 3679 1103; x_wconf 88' lang='lat' dir='ltr'><strong>Tauri</strong></span> 
     </span>
    </p>
   </div>
   <div class='ocr_carea' id='block_1_26' title="bbox 2205 1113 3711 1183">
    <p class='ocr_par' dir='ltr' id='par_1_26' title="bbox 2205 1113 3711 1183">
     <span class='ocr_line' id='line_1_26' title="bbox 2205 1113 3711 1183; baseline 0.005 -18"><span class='ocrx_word' id='word_1_170' title='bbox 2205 1127 2425 1166; x_wconf 82' lang='lat' dir='ltr'><strong>nensent</strong></span> <span class='ocrx_word' id='word_1_171' title='bbox 2477 1113 2817 1183; x_wconf 79' lang='lat' dir='ltr'><strong>episcopum,</strong></span> <span class='ocrx_word' id='word_1_172' title='bbox 2871 1116 3057 1169; x_wconf 84' lang='lat' dir='ltr'><strong>scribit</strong></span> <span class='ocrx_word' id='word_1_173' title='bbox 3106 1132 3249 1168; x_wconf 89' lang='lat' dir='ltr'><strong>nunc</strong></span> <span class='ocrx_word' id='word_1_174' title='bbox 3291 1118 3356 1169; x_wconf 91' lang='lat' dir='ltr'><strong>ad</strong></span> <span class='ocrx_word' id='word_1_175' title='bbox 3402 1119 3711 1172; x_wconf 72' lang='lat' dir='ltr'><strong>Ailelaidem</strong></span> 
     </span>
    </p>
   </div>
   <div class='ocr_carea' id='block_1_27' title="bbox 2208 1183 3715 1257">
    <p class='ocr_par' dir='ltr' id='par_1_27' title="bbox 2208 1183 3715 1257">
     <span class='ocr_line' id='line_1_27' title="bbox 2208 1183 3715 1257; baseline 0.006 -23"><span class='ocrx_word' id='word_1_176' title='bbox 2208 1183 2798 1257; x_wconf 61' lang='lat' dir='ltr'><strong>priucipenrfeminam</strong></span> <span class='ocrx_word' id='word_1_177' title='bbox 2829 1225 2843 1247; x_wconf 95' lang='lat'><strong>,</strong></span> <span class='ocrx_word' id='word_1_178' title='bbox 2885 1200 3004 1254; x_wconf 67' lang='lat' dir='ltr'><strong>quae</strong></span> <span class='ocrx_word' id='word_1_179' title='bbox 3051 1185 3466 1257; x_wconf 85' lang='lat' dir='ltr'><strong>Sttbalpitmrnm</strong></span> <span class='ocrx_word' id='word_1_180' title='bbox 3526 1201 3715 1257; x_wconf 78' lang='lat' dir='ltr'><strong>gentes</strong></span> 
     </span>
    </p>
   </div>
   <div class='ocr_carea' id='block_1_28' title="bbox 2210 1251 3693 1322">
    <p class='ocr_par' dir='ltr' id='par_1_28' title="bbox 2210 1251 3693 1322">
     <span class='ocr_line' id='line_1_28' title="bbox 2210 1251 3693 1322; baseline 0.005 -17"><span class='ocrx_word' id='word_1_181' title='bbox 2210 1263 2265 1306; x_wconf 91' lang='lat' dir='ltr'><strong>ct</strong></span> <span class='ocrx_word' id='word_1_182' title='bbox 2310 1251 2594 1306; x_wconf 73' lang='lat' dir='ltr'><strong>Sabaudia:</strong></span> <span class='ocrx_word' id='word_1_183' title='bbox 2639 1251 2938 1322; x_wconf 77' lang='lat' dir='ltr'><strong>regionem,</strong></span> <span class='ocrx_word' id='word_1_184' title='bbox 2972 1256 3168 1309; x_wconf 86' lang='lat' dir='ltr'><strong>marito</strong></span> <span class='ocrx_word' id='word_1_185' title='bbox 3212 1251 3443 1319; x_wconf 78' lang='lat' dir='ltr'><strong>mortuo,</strong></span> <span class='ocrx_word' id='word_1_186' title='bbox 3491 1251 3693 1312; x_wconf 72' lang='lat' dir='ltr'><strong>admitti</strong></span> 
     </span>
    </p>
   </div>
   <div class='ocr_carea' id='block_1_29' title="bbox 2210 1324 3717 1388">
    <p class='ocr_par' dir='ltr' id='par_1_29' title="bbox 2210 1324 3717 1388">
     <span class='ocr_line' id='line_1_29' title="bbox 2210 1324 3717 1388; baseline 0.003 -11"><span class='ocrx_word' id='word_1_187' title='bbox 2210 1324 2456 1377; x_wconf 79' lang='lat' dir='ltr'><strong>strabat:</strong></span> <span class='ocrx_word' id='word_1_188' title='bbox 2491 1324 2768 1388; x_wconf 83' lang='lat' dir='ltr'><strong>nimirum,</strong></span> <span class='ocrx_word' id='word_1_189' title='bbox 2813 1334 2871 1377; x_wconf 91' lang='lat' dir='ltr'><strong>ut</strong></span> <span class='ocrx_word' id='word_1_190' title='bbox 2916 1325 3238 1379; x_wconf 82' lang='lat' dir='ltr'><strong>clericorum</strong></span> <span class='ocrx_word' id='word_1_191' title='bbox 3278 1326 3328 1378; x_wconf 89' lang='lat' dir='ltr'><strong>in</strong></span> <span class='ocrx_word' id='word_1_192' title='bbox 3371 1342 3463 1379; x_wconf 81' lang='lat' dir='ltr'><strong>Sua</strong></span> <span class='ocrx_word' id='word_1_193' title='bbox 3510 1328 3717 1381; x_wconf 84' lang='lat' dir='ltr'><strong>ditiune</strong></span> 
     </span>
    </p>
   </div>
   <div class='ocr_carea' id='block_1_30' title="bbox 2210 1392 3715 1464">
    <p class='ocr_par' dir='ltr' id='par_1_30' title="bbox 2210 1392 3715 1464">
     <span class='ocr_line' id='line_1_30' title="bbox 2210 1392 3715 1464; baseline 0.005 -21"><span class='ocrx_word' id='word_1_194' title='bbox 2210 1392 2516 1464; x_wconf 75' lang='lat' dir='ltr'><strong>degentium</strong></span> <span class='ocrx_word' id='word_1_195' title='bbox 2548 1393 2821 1449; x_wconf 90' lang='lat' dir='ltr'><strong>libidinem</strong></span> <span class='ocrx_word' id='word_1_196' title='bbox 2847 1405 3115 1455; x_wconf 80' lang='lat' dir='ltr'><strong>coerceat,</strong></span> <span class='ocrx_word' id='word_1_197' title='bbox 3148 1395 3468 1464; x_wconf 77' lang='lat' dir='ltr'><strong>pellit-osque</strong></span> <span class='ocrx_word' id='word_1_198' title='bbox 3496 1412 3587 1450; x_wconf 77' lang='lat' dir='ltr'><strong>eos</strong></span> <span class='ocrx_word' id='word_1_199' title='bbox 3618 1398 3715 1450; x_wconf 32' lang='lat' dir='ltr'><strong>has</strong></span> 
     </span>
    </p>
   </div>
   <div class='ocr_carea' id='block_1_31' title="bbox 2212 1462 3719 1533">
    <p class='ocr_par' dir='ltr' id='par_1_31' title="bbox 2212 1462 3719 1533">
     <span class='ocr_line' id='line_1_31' title="bbox 2212 1462 3719 1533; baseline 0.003 -18"><span class='ocrx_word' id='word_1_200' title='bbox 2212 1462 2340 1533; x_wconf 83' lang='lat' dir='ltr'><strong>bere</strong></span> <span class='ocrx_word' id='word_1_201' title='bbox 2389 1478 2728 1531; x_wconf 85' lang='lat' dir='ltr'><strong>nequaquam</strong></span> <span class='ocrx_word' id='word_1_202' title='bbox 2777 1466 3042 1533; x_wconf 79' lang='lat' dir='ltr'><strong>patiatur;</strong></span> <span class='ocrx_word' id='word_1_203' title='bbox 3085 1462 3352 1532; x_wconf 76' lang='lat' dir='ltr'><strong>justitiam</strong></span> <span class='ocrx_word' id='word_1_204' title='bbox 3384 1462 3621 1533; x_wconf 52' lang='lat' dir='ltr'><strong>&#39;qnoque</strong></span> <span class='ocrx_word' id='word_1_205' title='bbox 3662 1476 3719 1518; x_wconf 86' lang='lat' dir='ltr'><strong>ct</strong></span> 
     </span>
    </p>
   </div>
   <div class='ocr_carea' id='block_1_32' title="bbox 2211 1532 3717 1654">
    <p class='ocr_par' dir='ltr' id='par_1_32' title="bbox 2211 1532 3717 1654">
     <span class='ocr_line' id='line_1_32' title="bbox 2211 1532 3717 1654; baseline 0.003 -70"><span class='ocrx_word' id='word_1_206' title='bbox 2211 1532 2467 1654; x_wconf 59' lang='lat' dir='ltr'><strong>pietatem</strong></span> <span class='ocrx_word' id='word_1_207' title='bbox 2502 1534 2551 1586; x_wconf 93' lang='lat' dir='ltr'><strong>in</strong></span> <span class='ocrx_word' id='word_1_208' title='bbox 2581 1535 2861 1598; x_wconf 81' lang='lat' dir='ltr'><strong>ecclesias,</strong></span> <span class='ocrx_word' id='word_1_209' title='bbox 2902 1537 3200 1603; x_wconf 58' lang='lat' dir='ltr'><strong>praesertim</strong></span> <span class='ocrx_word' id='word_1_210' title='bbox 3233 1536 3282 1587; x_wconf 93' lang='lat' dir='ltr'><strong>in</strong></span> <span class='ocrx_word' id='word_1_211' title='bbox 3331 1532 3717 1589; x_wconf 77' lang='lat' dir='ltr'><strong>monasterium</strong></span> 
     </span>
     <span class='ocr_line' id='line_1_33' title="bbox 2262 1603 3717 1654; baseline 0 0"><span class='ocrx_word' id='word_1_212' title='bbox 2262 1603 2652 1654; x_wconf 84' lang='lat' dir='ltr'><strong>ructuaricnse.</strong></span> <span class='ocrx_word' id='word_1_213' title='bbox 2689 1603 2844 1654; x_wconf 88' lang='lat' dir='ltr'><strong>cuius</strong></span> <span class='ocrx_word' id='word_1_214' title='bbox 2884 1604 3070 1654; x_wconf 89' lang='lat' dir='ltr'><strong>Iaudes</strong></span> <span class='ocrx_word' id='word_1_215' title='bbox 3108 1603 3225 1654; x_wconf 83' lang='lat' dir='ltr'><strong>fuse</strong></span> <span class='ocrx_word' id='word_1_216' title='bbox 3265 1613 3506 1654; x_wconf 83' lang='lat' dir='ltr'><strong>enarrat.</strong></span> <span class='ocrx_word' id='word_1_217' title='bbox 3551 1606 3717 1654; x_wconf 68' lang='lat' dir='ltr'><strong>olori—-</strong></span> 
     </span>
    </p>
   </div>
   <div class='ocr_carea' id='block_1_33' title="bbox 2262 1603 3727 1675">
    <p class='ocr_par' dir='ltr' id='par_1_33' title="bbox 2262 1603 3727 1675">
     <span class='ocr_line' id='line_1_34' title="bbox 2262 1603 3727 1675; baseline 0.003 -22"><span class='ocrx_word' id='word_1_218' title='bbox 2262 1603 2652 1675; x_wconf 85' lang='lat' dir='ltr'><strong>ructuaricnse,</strong></span> <span class='ocrx_word' id='word_1_219' title='bbox 2689 1603 2844 1672; x_wconf 88' lang='lat' dir='ltr'><strong>cujus</strong></span> <span class='ocrx_word' id='word_1_220' title='bbox 2883 1604 3070 1660; x_wconf 85' lang='lat' dir='ltr'><strong>laudes</strong></span> <span class='ocrx_word' id='word_1_221' title='bbox 3108 1603 3225 1659; x_wconf 88' lang='lat' dir='ltr'><strong>fuse</strong></span> <span class='ocrx_word' id='word_1_222' title='bbox 3265 1613 3506 1669; x_wconf 84' lang='lat' dir='ltr'><strong>enarrat,</strong></span> <span class='ocrx_word' id='word_1_223' title='bbox 3548 1606 3727 1675; x_wconf 59' lang='lat' dir='ltr'><strong>pluri—v</strong></span> 
     </span>
    </p>
   </div>
   <div class='ocr_carea' id='block_1_34' title="bbox 2213 1672 2837 1727">
    <p class='ocr_par' dir='ltr' id='par_1_34' title="bbox 2213 1672 2837 1727">
     <span class='ocr_line' id='line_1_35' title="bbox 2213 1672 2837 1727; baseline 0.005 -3"><span class='ocrx_word' id='word_1_224' title='bbox 2213 1686 2359 1724; x_wconf 84' lang='lat' dir='ltr'><strong>munt</strong></span> <span class='ocrx_word' id='word_1_225' title='bbox 2393 1672 2441 1725; x_wconf 91' lang='lat' dir='ltr'><strong>ei</strong></span> <span class='ocrx_word' id='word_1_226' title='bbox 2472 1675 2837 1727; x_wconf 84' lang='lat' dir='ltr'><strong>commendat.</strong></span> 
     </span>
    </p>
   </div>
   <div class='ocr_carea' id='block_1_35' title="bbox 459 1743 3739 1835">
    <p class='ocr_par' dir='ltr' id='par_1_35' title="bbox 459 1743 3739 1835">
     <span class='ocr_line' id='line_1_36' title="bbox 459 1743 3739 1835; baseline -0.002 -19"><span class='ocrx_word' id='word_1_227' title='bbox 459 1760 632 1816; x_wconf 81' lang='lat' dir='ltr'><strong>solum</strong></span> <span class='ocrx_word' id='word_1_228' title='bbox 680 1760 948 1828; x_wconf 89' lang='lat' dir='ltr'><strong>corporis,</strong></span> <span class='ocrx_word' id='word_1_229' title='bbox 980 1759 1073 1814; x_wconf 88' lang='lat' dir='ltr'><strong>sed</strong></span> <span class='ocrx_word' id='word_1_230' title='bbox 1110 1767 1165 1813; x_wconf 90' lang='lat' dir='ltr'><strong>ct</strong></span> <span class='ocrx_word' id='word_1_231' title='bbox 1203 1758 1387 1813; x_wconf 88' lang='lat' dir='ltr'><strong>cordis</strong></span> <span class='ocrx_word' id='word_1_232' title='bbox 1423 1758 1737 1827; x_wconf 82' lang='lat' dir='ltr'><strong>pudicitiam</strong></span> <span class='ocrx_word' id='word_1_233' title='bbox 1778 1756 2038 1812; x_wconf 81' lang='lat' dir='ltr'><strong>immolat.</strong></span> <span class='ocrx_word' id='word_1_234' title='bbox 2074 1743 2133 1806; x_wconf 65' lang='grc' dir='ltr'><strong>δ’</strong></span> <span class='ocrx_word' id='word_1_235' title='bbox 2216 1760 2479 1817; x_wconf 58' lang='lat' dir='ltr'><strong>Apsum;</strong></span> <span class='ocrx_word' id='word_1_236' title='bbox 2518 1763 2984 1819; x_wconf 55' lang='lat' dir='ltr'><strong>excellentissima;</strong></span> <span class='ocrx_word' id='word_1_237' title='bbox 3030 1766 3172 1832; x_wconf 63' lang='lat' dir='ltr'><strong>duci,</strong></span> <span class='ocrx_word' id='word_1_238' title='bbox 3214 1765 3431 1820; x_wconf 68' lang='grc' dir='ltr'><strong>Ρετιιυε</strong></span> <span class='ocrx_word' id='word_1_239' title='bbox 3470 1775 3739 1835; x_wconf 52' lang='lat' dir='ltr'><strong>peccauit</strong></span> 
     </span>
    </p>
   </div>
   <div class='ocr_carea' id='block_1_36' title="bbox 460 1848 2047 1919">
    <p class='ocr_par' dir='ltr' id='par_1_36' title="bbox 460 1848 2047 1919">
     <span class='ocr_line' id='line_1_37' title="bbox 460 1848 2047 1919; baseline -0.002 -14"><span class='ocrx_word' id='word_1_240' title='bbox 460 1850 701 1914; x_wconf 66' lang='lat' dir='ltr'><strong>Adonias</strong></span> <span class='ocrx_word' id='word_1_241' title='bbox 729 1849 870 1904; x_wconf 78' lang='lat' dir='ltr'><strong>filius</strong></span> <span class='ocrx_word' id='word_1_242' title='bbox 892 1850 1109 1919; x_wconf 77' lang='lat' dir='ltr'><strong>Aggitb,</strong></span> <span class='ocrx_word' id='word_1_243' title='bbox 1143 1850 1268 1918; x_wconf 86' lang='lat' dir='ltr'><strong>quia</strong></span> <span class='ocrx_word' id='word_1_244' title='bbox 1297 1848 1543 1903; x_wconf 89' lang='lat' dir='ltr'><strong>illicitum</strong></span> <span class='ocrx_word' id='word_1_245' title='bbox 1573 1849 1749 1918; x_wconf 90' lang='lat' dir='ltr'><strong>petiit,</strong></span> <span class='ocrx_word' id='word_1_246' title='bbox 1776 1848 2047 1903; x_wconf 80' lang='lat' dir='ltr'><strong>Bersabee</strong></span> 
     </span>
    </p>
   </div>
   <div class='ocr_carea' id='block_1_37' title="bbox 465 1937 2049 2009">
    <p class='ocr_par' dir='ltr' id='par_1_37' title="bbox 465 1937 2049 2009">
     <span class='ocr_line' id='line_1_38' title="bbox 465 1937 2049 2009; baseline -0.001 -15"><span class='ocrx_word' id='word_1_247' title='bbox 465 1940 895 2005; x_wconf 80' lang='lat' dir='ltr'><strong>interveniente,</strong></span> <span class='ocrx_word' id='word_1_248' title='bbox 949 1937 1281 2009; x_wconf 85' lang='lat' dir='ltr'><strong>conjugium,</strong></span> <span class='ocrx_word' id='word_1_249' title='bbox 1333 1938 1624 1994; x_wconf 74' lang='lat' dir='ltr'><strong>Salamone</strong></span> <span class='ocrx_word' id='word_1_250' title='bbox 1670 1937 2049 2008; x_wconf 77' lang='lat' dir='ltr'><strong>premnlgantc</strong></span> 
     </span>
    </p>
   </div>
   <div class='ocr_carea' id='block_1_38' title="bbox 458 2026 2047 2100">
    <p class='ocr_par' dir='ltr' id='par_1_38' title="bbox 458 2026 2047 2100">
     <span class='ocr_line' id='line_1_39' title="bbox 458 2026 2047 2100; baseline -0.003 -16"><span class='ocrx_word' id='word_1_251' title='bbox 458 2028 748 2100; x_wconf 84' lang='lat' dir='ltr'><strong>judicium,</strong></span> <span class='ocrx_word' id='word_1_252' title='bbox 766 2029 886 2084; x_wconf 86' lang='lat' dir='ltr'><strong>fuso</strong></span> <span class='ocrx_word' id='word_1_253' title='bbox 906 2044 1100 2085; x_wconf 87' lang='lat' dir='ltr'><strong>cruore</strong></span> <span class='ocrx_word' id='word_1_254' title='bbox 1122 2029 1371 2099; x_wconf 77' lang='lat' dir='ltr'><strong>purgavit</strong></span> <span class='ocrx_word' id='word_1_255' title='bbox 1394 2028 1658 2084; x_wconf 83' lang='lat' dir='ltr'><strong>incestum</strong></span> <span class='ocrx_word' id='word_1_256' title='bbox 1682 2027 1799 2099; x_wconf 90' lang='grc'><em>(111</em></span> <span class='ocrx_word' id='word_1_257' title='bbox 1814 2026 1939 2099; x_wconf 72' lang='lat' dir='ltr'><strong>Reg.</strong></span> <span class='ocrx_word' id='word_1_258' title='bbox 1965 2027 2047 2098; x_wconf 88' lang='grc' dir='ltr'><strong>ιι).</strong></span> 
     </span>
    </p>
   </div>
   <div class='ocr_carea' id='block_1_39' title="bbox 540 2118 2048 2188">
    <p class='ocr_par' dir='ltr' id='par_1_39' title="bbox 540 2118 2048 2188">
     <span class='ocr_line' id='line_1_40' title="bbox 540 2118 2048 2188; baseline -0.001 -15"><span class='ocrx_word' id='word_1_259' title='bbox 540 2119 811 2175; x_wconf 80' lang='lat' dir='ltr'><strong>Memento</strong></span> <span class='ocrx_word' id='word_1_260' title='bbox 852 2119 1057 2188; x_wconf 87' lang='lat' dir='ltr'><strong>itaque,</strong></span> <span class='ocrx_word' id='word_1_261' title='bbox 1094 2121 1237 2187; x_wconf 87' lang='lat' dir='ltr'><strong>quod</strong></span> <span class='ocrx_word' id='word_1_262' title='bbox 1269 2119 1368 2174; x_wconf 86' lang='lat' dir='ltr'><strong>tibi</strong></span> <span class='ocrx_word' id='word_1_263' title='bbox 1401 2119 1542 2174; x_wconf 89' lang='lat' dir='ltr'><strong>idem</strong></span> <span class='ocrx_word' id='word_1_264' title='bbox 1585 2118 1841 2173; x_wconf 90' lang='lat' dir='ltr'><strong>Salomon</strong></span> <span class='ocrx_word' id='word_1_265' title='bbox 1872 2118 2005 2172; x_wconf 89' lang='lat' dir='ltr'><strong>dicit</strong></span> <span class='ocrx_word' id='word_1_266' title='bbox 2033 2135 2048 2171; x_wconf 89' lang='lat'><strong>:</strong></span> 
     </span>
    </p>
   </div>
   <div class='ocr_carea' id='block_1_40' title="bbox 474 2208 2052 2279">
    <p class='ocr_par' dir='ltr' id='par_1_40' title="bbox 474 2208 2052 2279">
     <span class='ocr_line' id='line_1_41' title="bbox 474 2208 2052 2279; baseline -0.001 -14"><span class='ocrx_word' id='word_1_267' title='bbox 474 2230 493 2265; x_wconf 88' lang='grc' dir='ltr'><strong>ι</strong></span> <span class='ocrx_word' id='word_1_268' title='bbox 524 2211 626 2265; x_wconf 82' lang='lat' dir='ltr'><strong>Fili</strong></span> <span class='ocrx_word' id='word_1_269' title='bbox 671 2211 766 2275; x_wconf 89' lang='lat' dir='ltr'><strong>mi,</strong></span> <span class='ocrx_word' id='word_1_270' title='bbox 813 2211 859 2264; x_wconf 92' lang='lat' dir='ltr'><strong>si</strong></span> <span class='ocrx_word' id='word_1_271' title='bbox 908 2210 1263 2279; x_wconf 79' lang='lat' dir='ltr'><strong>spoponderis</strong></span> <span class='ocrx_word' id='word_1_272' title='bbox 1304 2224 1402 2279; x_wconf 90' lang='lat' dir='ltr'><strong>pro</strong></span> <span class='ocrx_word' id='word_1_273' title='bbox 1445 2210 1621 2264; x_wconf 90' lang='lat' dir='ltr'><strong>amico</strong></span> <span class='ocrx_word' id='word_1_274' title='bbox 1653 2219 1775 2274; x_wconf 91' lang='lat' dir='ltr'><strong>tuo,</strong></span> <span class='ocrx_word' id='word_1_275' title='bbox 1818 2208 2052 2264; x_wconf 79' lang='lat' dir='ltr'><strong>deiixisti</strong></span> 
     </span>
    </p>
   </div>
   <div class='ocr_carea' id='block_1_41' title="bbox 469 2299 2056 2372">
    <p class='ocr_par' dir='ltr' id='par_1_41' title="bbox 469 2299 2056 2372">
     <span class='ocr_line' id='line_1_42' title="bbox 469 2299 2056 2372; baseline 0.001 -18"><span class='ocrx_word' id='word_1_276' title='bbox 469 2301 610 2372; x_wconf 88' lang='lat' dir='ltr'><strong>apttd</strong></span> <span class='ocrx_word' id='word_1_277' title='bbox 637 2309 955 2355; x_wconf 71' lang='lat' dir='ltr'><strong>extraneum</strong></span> <span class='ocrx_word' id='word_1_278' title='bbox 981 2301 1221 2354; x_wconf 85' lang='lat' dir='ltr'><strong>animam</strong></span> <span class='ocrx_word' id='word_1_279' title='bbox 1250 2308 1417 2354; x_wconf 88' lang='lat' dir='ltr'><strong>tuam.</strong></span> <span class='ocrx_word' id='word_1_280' title='bbox 1446 2299 1772 2368; x_wconf 82' lang='lat' dir='ltr'><strong>Illaqueatus</strong></span> <span class='ocrx_word' id='word_1_281' title='bbox 1795 2314 1855 2354; x_wconf 89' lang='lat' dir='ltr'><strong>es</strong></span> <span class='ocrx_word' id='word_1_282' title='bbox 1876 2300 2056 2356; x_wconf 82' lang='lat' dir='ltr'><strong>verbis</strong></span> 
     </span>
    </p>
   </div>
   <div class='ocr_carea' id='block_1_42' title="bbox 470 2390 2057 2459">
    <p class='ocr_par' dir='ltr' id='par_1_42' title="bbox 470 2390 2057 2459">
     <span class='ocr_line' id='line_1_43' title="bbox 470 2390 2057 2459; baseline -0.001 -13"><span class='ocrx_word' id='word_1_283' title='bbox 470 2391 583 2447; x_wconf 83' lang='lat' dir='ltr'><strong>oris</strong></span> <span class='ocrx_word' id='word_1_284' title='bbox 630 2391 706 2445; x_wconf 93' lang='lat' dir='ltr'><strong>tui</strong></span> <span class='ocrx_word' id='word_1_285' title='bbox 751 2400 809 2444; x_wconf 89' lang='lat' dir='ltr'><strong>et</strong></span> <span class='ocrx_word' id='word_1_286' title='bbox 849 2398 1039 2459; x_wconf 81' lang='lat' dir='ltr'><strong>captus</strong></span> <span class='ocrx_word' id='word_1_287' title='bbox 1075 2390 1311 2459; x_wconf 83' lang='lat' dir='ltr'><strong>propriis</strong></span> <span class='ocrx_word' id='word_1_288' title='bbox 1356 2390 1698 2445; x_wconf 86' lang='lat' dir='ltr'><strong>sermonibus</strong></span> <span class='ocrx_word' id='word_1_289' title='bbox 1746 2391 1875 2445; x_wconf 87' lang='lat' dir='ltr'><strong>tuis.</strong></span> <span class='ocrx_word' id='word_1_290' title='bbox 1949 2390 2057 2445; x_wconf 85' lang='lat' dir='ltr'><strong>Fac</strong></span> 
     </span>
    </p>
   </div>
   <div class='ocr_carea' id='block_1_43' title="bbox 472 2482 2055 2553">
    <p class='ocr_par' dir='ltr' id='par_1_43' title="bbox 472 2482 2055 2553">
     <span class='ocr_line' id='line_1_44' title="bbox 472 2482 2055 2553; baseline -0.001 -14"><span class='ocrx_word' id='word_1_291' title='bbox 472 2499 605 2552; x_wconf 82' lang='lat' dir='ltr'><strong>ergo</strong></span> <span class='ocrx_word' id='word_1_292' title='bbox 634 2484 776 2553; x_wconf 91' lang='lat' dir='ltr'><strong>quod</strong></span> <span class='ocrx_word' id='word_1_293' title='bbox 804 2482 928 2539; x_wconf 89' lang='lat' dir='ltr'><strong>dico</strong></span> <span class='ocrx_word' id='word_1_294' title='bbox 971 2483 1092 2547; x_wconf 91' lang='lat' dir='ltr'><strong>tibi,</strong></span> <span class='ocrx_word' id='word_1_295' title='bbox 1135 2482 1210 2537; x_wconf 84' lang='lat' dir='ltr'><strong>fili</strong></span> <span class='ocrx_word' id='word_1_296' title='bbox 1252 2483 1344 2547; x_wconf 82' lang='lat' dir='ltr'><strong>iri,</strong></span> <span class='ocrx_word' id='word_1_297' title='bbox 1381 2495 1432 2538; x_wconf 87' lang='lat' dir='ltr'><strong>et</strong></span> <span class='ocrx_word' id='word_1_298' title='bbox 1480 2484 1819 2553; x_wconf 83' lang='lat' dir='ltr'><strong>temetipsum</strong></span> <span class='ocrx_word' id='word_1_299' title='bbox 1865 2483 2055 2547; x_wconf 89' lang='lat' dir='ltr'><strong>libera,</strong></span> 
     </span>
    </p>
   </div>
   <div class='ocr_carea' id='block_1_44' title="bbox 473 2575 2062 2646">
    <p class='ocr_par' dir='ltr' id='par_1_44' title="bbox 473 2575 2062 2646">
     <span class='ocr_line' id='line_1_45' title="bbox 473 2575 2062 2646; baseline 0.001 -17"><span class='ocrx_word' id='word_1_300' title='bbox 473 2577 599 2646; x_wconf 85' lang='lat' dir='ltr'><strong>quia</strong></span> <span class='ocrx_word' id='word_1_301' title='bbox 632 2575 870 2631; x_wconf 88' lang='lat' dir='ltr'><strong>incidisti</strong></span> <span class='ocrx_word' id='word_1_302' title='bbox 900 2578 954 2629; x_wconf 89' lang='lat' dir='ltr'><strong>in</strong></span> <span class='ocrx_word' id='word_1_303' title='bbox 979 2590 1173 2630; x_wconf 88' lang='lat' dir='ltr'><strong>manus</strong></span> <span class='ocrx_word' id='word_1_304' title='bbox 1197 2575 1428 2645; x_wconf 81' lang='lat' dir='ltr'><strong>proximi</strong></span> <span class='ocrx_word' id='word_1_305' title='bbox 1462 2575 1538 2629; x_wconf 90' lang='lat' dir='ltr'><strong>tui</strong></span> <span class='ocrx_word' id='word_1_306' title='bbox 1565 2592 1581 2628; x_wconf 90' lang='lat'><strong>:</strong></span> <span class='ocrx_word' id='word_1_307' title='bbox 1609 2576 1874 2638; x_wconf 86' lang='lat' dir='ltr'><strong>discurre,</strong></span> <span class='ocrx_word' id='word_1_308' title='bbox 1910 2575 2062 2631; x_wconf 80' lang='lat' dir='ltr'><strong>festi-</strong></span> 
     </span>
    </p>
   </div>
   <div class='ocr_carea' id='block_1_45' title="bbox 474 2653 2061 2731">
    <p class='ocr_par' dir='ltr' id='par_1_45' title="bbox 474 2653 2061 2731">
     <span class='ocr_line' id='line_1_46' title="bbox 474 2653 2061 2731; baseline 0 -9"><span class='ocrx_word' id='word_1_309' title='bbox 474 2683 569 2731; x_wconf 88' lang='lat' dir='ltr'><strong>na,</strong></span> <span class='ocrx_word' id='word_1_310' title='bbox 591 2668 796 2722; x_wconf 86' lang='lat' dir='ltr'><strong>suscita</strong></span> <span class='ocrx_word' id='word_1_311' title='bbox 822 2667 1060 2721; x_wconf 76' lang='lat' dir='ltr'><strong>atiimum</strong></span> <span class='ocrx_word' id='word_1_312' title='bbox 1086 2673 1258 2730; x_wconf 91' lang='lat' dir='ltr'><strong>tuum,</strong></span> <span class='ocrx_word' id='word_1_313' title='bbox 1289 2681 1356 2721; x_wconf 90' lang='lat' dir='ltr'><strong>ne</strong></span> <span class='ocrx_word' id='word_1_314' title='bbox 1381 2653 1597 2721; x_wconf 86' lang='lat' dir='ltr'><strong>dederis</strong></span> <span class='ocrx_word' id='word_1_315' title='bbox 1619 2681 1867 2722; x_wconf 87' lang='lat' dir='ltr'><strong>somnum</strong></span> <span class='ocrx_word' id='word_1_316' title='bbox 1889 2666 2061 2722; x_wconf 83' lang='lat' dir='ltr'><strong>oculis</strong></span> 
     </span>
    </p>
   </div>
   <div class='ocr_carea' id='block_1_46' title="bbox 477 2756 2061 2829">
    <p class='ocr_par' dir='ltr' id='par_1_46' title="bbox 477 2756 2061 2829">
     <span class='ocr_line' id='line_1_47' title="bbox 477 2756 2061 2829; baseline 0.001 -17"><span class='ocrx_word' id='word_1_317' title='bbox 477 2758 605 2821; x_wconf 88' lang='lat' dir='ltr'><strong>tuis,</strong></span> <span class='ocrx_word' id='word_1_318' title='bbox 634 2772 737 2812; x_wconf 89' lang='lat' dir='ltr'><strong>nec</strong></span> <span class='ocrx_word' id='word_1_319' title='bbox 764 2756 1061 2813; x_wconf 90' lang='lat' dir='ltr'><strong>dormitent</strong></span> <span class='ocrx_word' id='word_1_320' title='bbox 1090 2757 1358 2827; x_wconf 67' lang='lat' dir='ltr'><strong>palpebrae</strong></span> <span class='ocrx_word' id='word_1_321' title='bbox 1390 2766 1493 2811; x_wconf 78' lang='lat' dir='ltr'><strong>tua:</strong></span> <span class='ocrx_word' id='word_1_322' title='bbox 1521 2756 1702 2826; x_wconf 77' lang='lat' dir='ltr'><strong>(Prov.</strong></span> <span class='ocrx_word' id='word_1_323' title='bbox 1727 2758 1828 2829; x_wconf 79' lang='lat' dir='ltr'><strong>vi).</strong></span> <span class='ocrx_word' id='word_1_324' title='bbox 1861 2776 1880 2811; x_wconf 75' lang='grc' dir='ltr'><strong>ι</strong></span> <span class='ocrx_word' id='word_1_325' title='bbox 1909 2757 2061 2815; x_wconf 89' lang='lat' dir='ltr'><strong>Tunc</strong></span> 
     </span>
    </p>
   </div>
   <div class='ocr_carea' id='block_1_47' title="bbox 476 2846 2065 2918">
    <p class='ocr_par' dir='ltr' id='par_1_47' title="bbox 476 2846 2065 2918">
     <span class='ocr_line' id='line_1_48' title="bbox 476 2846 2065 2918; baseline 0 -15"><span class='ocrx_word' id='word_1_326' title='bbox 476 2848 622 2905; x_wconf 87' lang='lat' dir='ltr'><strong>enim</strong></span> <span class='ocrx_word' id='word_1_327' title='bbox 670 2848 811 2918; x_wconf 89' lang='lat' dir='ltr'><strong>apud</strong></span> <span class='ocrx_word' id='word_1_328' title='bbox 862 2846 1098 2903; x_wconf 81' lang='lat' dir='ltr'><strong>anticum</strong></span> <span class='ocrx_word' id='word_1_329' title='bbox 1153 2858 1301 2901; x_wconf 89' lang='lat' dir='ltr'><strong>tuum</strong></span> <span class='ocrx_word' id='word_1_330' title='bbox 1351 2848 1586 2917; x_wconf 85' lang='lat' dir='ltr'><strong>propriis</strong></span> <span class='ocrx_word' id='word_1_331' title='bbox 1640 2847 1960 2918; x_wconf 88' lang='lat' dir='ltr'><strong>illaqueatus</strong></span> <span class='ocrx_word' id='word_1_332' title='bbox 2004 2863 2065 2904; x_wconf 91' lang='lat' dir='ltr'><strong>es</strong></span> 
     </span>
    </p>
   </div>
   <div class='ocr_carea' id='block_1_48' title="bbox 476 2937 2065 3010">
    <p class='ocr_par' dir='ltr' id='par_1_48' title="bbox 476 2937 2065 3010">
     <span class='ocr_line' id='line_1_49' title="bbox 476 2937 2065 3010; baseline 0.001 -19"><span class='ocrx_word' id='word_1_333' title='bbox 476 2938 681 2999; x_wconf 88' lang='lat' dir='ltr'><strong>verbis.</strong></span> <span class='ocrx_word' id='word_1_334' title='bbox 710 2954 833 3004; x_wconf 89' lang='lat' dir='ltr'><strong>cum</strong></span> <span class='ocrx_word' id='word_1_335' title='bbox 880 2947 930 2993; x_wconf 90' lang='lat' dir='ltr'><strong>te</strong></span> <span class='ocrx_word' id='word_1_336' title='bbox 963 2938 1057 2992; x_wconf 89' lang='lat' dir='ltr'><strong>Dei</strong></span> <span class='ocrx_word' id='word_1_337' title='bbox 1099 2940 1354 3007; x_wconf 84' lang='lat' dir='ltr'><strong>populum</strong></span> <span class='ocrx_word' id='word_1_338' title='bbox 1389 2954 1577 3009; x_wconf 81' lang='lat' dir='ltr'><strong>regere</strong></span> <span class='ocrx_word' id='word_1_339' title='bbox 1604 2940 1920 3010; x_wconf 86' lang='lat' dir='ltr'><strong>promisisti.</strong></span> <span class='ocrx_word' id='word_1_340' title='bbox 1955 2937 2065 2994; x_wconf 84' lang='lat' dir='ltr'><strong>Nec</strong></span> 
     </span>
    </p>
   </div>
   <div class='ocr_carea' id='block_1_49' title="bbox 478 3028 2066 3099">
    <p class='ocr_par' dir='ltr' id='par_1_49' title="bbox 478 3028 2066 3099">
     <span class='ocr_line' id='line_1_50' title="bbox 478 3028 2066 3099; baseline 0 -14"><span class='ocrx_word' id='word_1_341' title='bbox 478 3030 609 3086; x_wconf 87' lang='lat' dir='ltr'><strong>illud</strong></span> <span class='ocrx_word' id='word_1_342' title='bbox 636 3030 998 3094; x_wconf 75' lang='lat' dir='ltr'><strong>obliviscaris,</strong></span> <span class='ocrx_word' id='word_1_343' title='bbox 1027 3030 1171 3099; x_wconf 91' lang='lat' dir='ltr'><strong>quod</strong></span> <span class='ocrx_word' id='word_1_344' title='bbox 1202 3028 1607 3098; x_wconf 79' lang='lat' dir='ltr'><strong>pcr&#39;Jeremiam</strong></span> <span class='ocrx_word' id='word_1_345' title='bbox 1637 3031 1872 3086; x_wconf 85' lang='lat' dir='ltr'><strong>dicitur:</strong></span> <span class='ocrx_word' id='word_1_346' title='bbox 1906 3051 1924 3083; x_wconf 86' lang='grc' dir='ltr'><strong>ι</strong></span> <span class='ocrx_word' id='word_1_347' title='bbox 1954 3030 2066 3085; x_wconf 81' lang='lat' dir='ltr'><strong>Ma-</strong></span> 
     </span>
    </p>
   </div>
   <div class='ocr_carea' id='block_1_50' title="bbox 482 3120 2064 3191">
    <p class='ocr_par' dir='ltr' id='par_1_50' title="bbox 482 3120 2064 3191">
     <span class='ocr_line' id='line_1_51' title="bbox 482 3120 2064 3191; baseline 0.001 -17"><span class='ocrx_word' id='word_1_348' title='bbox 482 3120 712 3176; x_wconf 84' lang='lat' dir='ltr'><strong>ledictus</strong></span> <span class='ocrx_word' id='word_1_349' title='bbox 754 3122 936 3184; x_wconf 89' lang='lat' dir='ltr'><strong>homo,</strong></span> <span class='ocrx_word' id='word_1_350' title='bbox 963 3121 1053 3190; x_wconf 90' lang='lat' dir='ltr'><strong>qui</strong></span> <span class='ocrx_word' id='word_1_351' title='bbox 1098 3121 1348 3191; x_wconf 80' lang='lat' dir='ltr'><strong>prohibet</strong></span> <span class='ocrx_word' id='word_1_352' title='bbox 1391 3121 1627 3191; x_wconf 73' lang='lat' dir='ltr'><strong>glalium</strong></span> <span class='ocrx_word' id='word_1_353' title='bbox 1674 3138 1832 3177; x_wconf 87' lang='lat' dir='ltr'><strong>suum</strong></span> <span class='ocrx_word' id='word_1_354' title='bbox 1868 3138 1898 3177; x_wconf 85' lang='lat' dir='ltr'><strong>a</strong></span> <span class='ocrx_word' id='word_1_355' title='bbox 1933 3138 2064 3177; x_wconf 87' lang='lat' dir='ltr'><strong>san-</strong></span> 
     </span>
    </p>
   </div>
   <div class='ocr_carea' id='block_1_51' title="bbox 485 3214 2069 3286">
    <p class='ocr_par' dir='ltr' id='par_1_51' title="bbox 485 3214 2069 3286">
     <span class='ocr_line' id='line_1_52' title="bbox 485 3214 2069 3286; baseline -0.002 -17"><span class='ocrx_word' id='word_1_356' title='bbox 485 3214 651 3286; x_wconf 86' lang='lat' dir='ltr'><strong>guine</strong></span> <span class='ocrx_word' id='word_1_357' title='bbox 682 3215 818 3281; x_wconf 84' lang='lat' dir='ltr'><strong>(Jer.</strong></span> <span class='ocrx_word' id='word_1_358' title='bbox 848 3216 1059 3283; x_wconf 81' lang='lat' dir='ltr'><strong>vam).</strong></span> <span class='ocrx_word' id='word_1_359' title='bbox 1093 3234 1111 3266; x_wconf 81' lang='grc' dir='ltr'><strong>ι</strong></span> <span class='ocrx_word' id='word_1_360' title='bbox 1143 3214 1236 3269; x_wconf 91' lang='lat' dir='ltr'><strong>Ille</strong></span> <span class='ocrx_word' id='word_1_361' title='bbox 1262 3216 1464 3285; x_wconf 87' lang='lat' dir='ltr'><strong>quippe</strong></span> <span class='ocrx_word' id='word_1_362' title='bbox 1494 3216 1729 3286; x_wconf 84' lang='lat' dir='ltr'><strong>gladium</strong></span> <span class='ocrx_word' id='word_1_363' title='bbox 1773 3214 2069 3283; x_wconf 84' lang='lat' dir='ltr'><strong>compescit</strong></span> 
     </span>
    </p>
   </div>
   <div class='ocr_carea' id='block_1_52' title="bbox 487 3299 2071 3377">
    <p class='ocr_par' dir='ltr' id='par_1_52' title="bbox 487 3299 2071 3377">
     <span class='ocr_line' id='line_1_53' title="bbox 487 3299 2071 3377; baseline -0.003 -15"><span class='ocrx_word' id='word_1_364' title='bbox 487 3322 518 3362; x_wconf 80' lang='lat' dir='ltr'><strong>a</strong></span> <span class='ocrx_word' id='word_1_365' title='bbox 550 3307 830 3377; x_wconf 88' lang='lat' dir='ltr'><strong>sanguine,</strong></span> <span class='ocrx_word' id='word_1_366' title='bbox 862 3307 953 3376; x_wconf 92' lang='lat' dir='ltr'><strong>qui</strong></span> <span class='ocrx_word' id='word_1_367' title='bbox 981 3299 1196 3375; x_wconf 78' lang='lat' dir='ltr'><strong>peccata</strong></span> <span class='ocrx_word' id='word_1_368' title='bbox 1231 3306 1656 3375; x_wconf 85' lang='lat' dir='ltr'><strong>delinquentium</strong></span> <span class='ocrx_word' id='word_1_369' title='bbox 1703 3307 1925 3377; x_wconf 78' lang='lat' dir='ltr'><strong>negligit</strong></span> <span class='ocrx_word' id='word_1_370' title='bbox 1953 3306 2071 3358; x_wconf 70' lang='lat' dir='ltr'><strong>via-</strong></span> 
     </span>
    </p>
   </div>
   <div class='ocr_carea' id='block_1_53' title="bbox 486 3396 2071 3468">
    <p class='ocr_par' dir='ltr' id='par_1_53' title="bbox 486 3396 2071 3468">
     <span class='ocr_line' id='line_1_54' title="bbox 486 3396 2071 3468; baseline -0.004 -15"><span class='ocrx_word' id='word_1_371' title='bbox 486 3398 694 3453; x_wconf 89' lang='lat' dir='ltr'><strong>dieare.</strong></span> <span class='ocrx_word' id='word_1_372' title='bbox 741 3397 849 3452; x_wconf 91' lang='lat' dir='ltr'><strong>Sed</strong></span> <span class='ocrx_word' id='word_1_373' title='bbox 894 3413 962 3455; x_wconf 89' lang='lat' dir='ltr'><strong>ne</strong></span> <span class='ocrx_word' id='word_1_374' title='bbox 1004 3397 1143 3452; x_wconf 87' lang='lat' dir='ltr'><strong>forte</strong></span> <span class='ocrx_word' id='word_1_375' title='bbox 1189 3398 1380 3452; x_wconf 87' lang='lat' dir='ltr'><strong>timeas</strong></span> <span class='ocrx_word' id='word_1_376' title='bbox 1421 3412 1520 3466; x_wconf 90' lang='lat' dir='ltr'><strong>pro</strong></span> <span class='ocrx_word' id='word_1_377' title='bbox 1561 3398 1756 3452; x_wconf 86' lang='lat' dir='ltr'><strong>castris</strong></span> <span class='ocrx_word' id='word_1_378' title='bbox 1799 3396 2071 3468; x_wconf 65' lang='lat' dir='ltr'><strong>pudicitiae</strong></span> 
     </span>
    </p>
   </div>
   <div class='ocr_carea' id='block_1_54' title="bbox 487 3490 2073 3558">
    <p class='ocr_par' dir='ltr' id='par_1_54' title="bbox 487 3490 2073 3558">
     <span class='ocr_line' id='line_1_55' title="bbox 487 3490 2073 3558; baseline 0.001 -10"><span class='ocrx_word' id='word_1_379' title='bbox 487 3501 659 3558; x_wconf 86' lang='lat' dir='ltr'><strong>stare,</strong></span> <span class='ocrx_word' id='word_1_380' title='bbox 686 3499 741 3545; x_wconf 89' lang='lat' dir='ltr'><strong>et</strong></span> <span class='ocrx_word' id='word_1_381' title='bbox 770 3500 962 3547; x_wconf 90' lang='lat' dir='ltr'><strong>contra</strong></span> <span class='ocrx_word' id='word_1_382' title='bbox 992 3490 1286 3545; x_wconf 89' lang='lat' dir='ltr'><strong>frementes</strong></span> <span class='ocrx_word' id='word_1_383' title='bbox 1318 3490 1547 3545; x_wconf 62' lang='lat' dir='ltr'><strong>luxuria</strong></span> <span class='ocrx_word' id='word_1_384' title='bbox 1573 3505 1776 3545; x_wconf 83' lang='lat' dir='ltr'><strong>cuneos</strong></span> <span class='ocrx_word' id='word_1_385' title='bbox 1805 3492 2073 3549; x_wconf 74' lang='lat' dir='ltr'><strong>castitatis</strong></span> 
     </span>
    </p>
   </div>
   <div class='ocr_carea' id='block_1_55' title="bbox 489 3581 2073 3651">
    <p class='ocr_par' dir='ltr' id='par_1_55' title="bbox 489 3581 2073 3651">
     <span class='ocr_line' id='line_1_56' title="bbox 489 3581 2073 3651; baseline 0.002 -15"><span class='ocrx_word' id='word_1_386' title='bbox 489 3597 642 3637; x_wconf 82' lang='lat' dir='ltr'><strong>arma</strong></span> <span class='ocrx_word' id='word_1_387' title='bbox 679 3582 974 3651; x_wconf 88' lang='lat' dir='ltr'><strong>corripere,</strong></span> <span class='ocrx_word' id='word_1_388' title='bbox 1010 3581 1133 3634; x_wconf 86' lang='lat' dir='ltr'><strong>audi</strong></span> <span class='ocrx_word' id='word_1_389' title='bbox 1171 3581 1299 3650; x_wconf 89' lang='lat' dir='ltr'><strong>quid</strong></span> <span class='ocrx_word' id='word_1_390' title='bbox 1339 3582 1434 3635; x_wconf 90' lang='lat' dir='ltr'><strong>tibi</strong></span> <span class='ocrx_word' id='word_1_391' title='bbox 1474 3596 1571 3651; x_wconf 91' lang='lat' dir='ltr'><strong>per</strong></span> <span class='ocrx_word' id='word_1_392' title='bbox 1600 3581 1935 3637; x_wconf 83' lang='lat' dir='ltr'><strong>Ezechielem</strong></span> <span class='ocrx_word' id='word_1_393' title='bbox 1970 3599 2073 3639; x_wconf 83' lang='lat' dir='ltr'><strong>vox</strong></span> 
     </span>
    </p>
   </div>
   <div class='ocr_carea' id='block_1_56' title="bbox 491 3670 2073 3743">
    <p class='ocr_par' dir='ltr' id='par_1_56' title="bbox 491 3670 2073 3743">
     <span class='ocr_line' id='line_1_57' title="bbox 491 3670 2073 3743; baseline 0 -15"><span class='ocrx_word' id='word_1_394' title='bbox 491 3674 673 3728; x_wconf 86' lang='lat' dir='ltr'><strong>divina</strong></span> <span class='ocrx_word' id='word_1_395' title='bbox 716 3672 1036 3743; x_wconf 85' lang='lat' dir='ltr'><strong>promittat:</strong></span> <span class='ocrx_word' id='word_1_396' title='bbox 1078 3689 1096 3721; x_wconf 88' lang='grc' dir='ltr'><strong>ι</strong></span> <span class='ocrx_word' id='word_1_397' title='bbox 1123 3670 1283 3735; x_wconf 86' lang='lat' dir='ltr'><strong>Ecce,</strong></span> <span class='ocrx_word' id='word_1_398' title='bbox 1317 3671 1514 3741; x_wconf 88' lang='lat' dir='ltr'><strong>inquit,</strong></span> <span class='ocrx_word' id='word_1_399' title='bbox 1557 3672 1677 3727; x_wconf 87' lang='lat' dir='ltr'><strong>dedi</strong></span> <span class='ocrx_word' id='word_1_400' title='bbox 1705 3672 1895 3727; x_wconf 78' lang='lat' dir='ltr'><strong>faciem</strong></span> <span class='ocrx_word' id='word_1_401' title='bbox 1928 3682 2073 3728; x_wconf 90' lang='lat' dir='ltr'><strong>tuam</strong></span> 
     </span>
    </p>
   </div>
   <div class='ocr_carea' id='block_1_57' title="bbox 491 3762 2077 3826">
    <p class='ocr_par' dir='ltr' id='par_1_57' title="bbox 491 3762 2077 3826">
     <span class='ocr_line' id='line_1_58' title="bbox 491 3762 2077 3826; baseline 0.002 -10"><span class='ocrx_word' id='word_1_402' title='bbox 491 3763 847 3818; x_wconf 88' lang='lat' dir='ltr'><strong>valentiorem</strong></span> <span class='ocrx_word' id='word_1_403' title='bbox 872 3762 1115 3817; x_wconf 87' lang='lat' dir='ltr'><strong>faciebus</strong></span> <span class='ocrx_word' id='word_1_404' title='bbox 1135 3776 1346 3826; x_wconf 88' lang='lat' dir='ltr'><strong>eorum,</strong></span> <span class='ocrx_word' id='word_1_405' title='bbox 1374 3772 1431 3817; x_wconf 91' lang='lat' dir='ltr'><strong>et</strong></span> <span class='ocrx_word' id='word_1_406' title='bbox 1460 3762 1690 3817; x_wconf 81' lang='lat' dir='ltr'><strong>frontem</strong></span> <span class='ocrx_word' id='word_1_407' title='bbox 1721 3772 1867 3819; x_wconf 91' lang='lat' dir='ltr'><strong>tuam</strong></span> <span class='ocrx_word' id='word_1_408' title='bbox 1898 3766 2077 3819; x_wconf 87' lang='lat' dir='ltr'><strong>durio-</strong></span> 
     </span>
    </p>
   </div>
   <div class='ocr_carea' id='block_1_58' title="bbox 494 3851 2076 3917">
    <p class='ocr_par' dir='ltr' id='par_1_58' title="bbox 494 3851 2076 3917">
     <span class='ocr_line' id='line_1_59' title="bbox 494 3851 2076 3917; baseline 0.002 -11"><span class='ocrx_word' id='word_1_409' title='bbox 494 3868 611 3906; x_wconf 88' lang='lat' dir='ltr'><strong>rem</strong></span> <span class='ocrx_word' id='word_1_410' title='bbox 656 3851 927 3917; x_wconf 82' lang='lat' dir='ltr'><strong>frontibus</strong></span> <span class='ocrx_word' id='word_1_411' title='bbox 964 3866 1175 3915; x_wconf 89' lang='lat' dir='ltr'><strong>eornm,</strong></span> <span class='ocrx_word' id='word_1_412' title='bbox 1210 3859 1268 3904; x_wconf 93' lang='lat' dir='ltr'><strong>ut</strong></span> <span class='ocrx_word' id='word_1_413' title='bbox 1298 3851 1662 3917; x_wconf 89' lang='lat' dir='ltr'><strong>adamantem,</strong></span> <span class='ocrx_word' id='word_1_414' title='bbox 1704 3863 1760 3908; x_wconf 87' lang='lat' dir='ltr'><strong>et</strong></span> <span class='ocrx_word' id='word_1_415' title='bbox 1789 3863 1847 3909; x_wconf 90' lang='lat' dir='ltr'><strong>ut</strong></span> <span class='ocrx_word' id='word_1_416' title='bbox 1871 3854 2076 3910; x_wconf 88' lang='lat' dir='ltr'><strong>silicem</strong></span> 
     </span>
    </p>
   </div>
   <div class='ocr_carea' id='block_1_59' title="bbox 495 3943 2080 4013">
    <p class='ocr_par' dir='ltr' id='par_1_59' title="bbox 495 3943 2080 4013">
     <span class='ocr_line' id='line_1_60' title="bbox 495 3943 2080 4013; baseline 0.002 -15"><span class='ocrx_word' id='word_1_417' title='bbox 495 3944 614 3999; x_wconf 88' lang='lat' dir='ltr'><strong>dedi</strong></span> <span class='ocrx_word' id='word_1_418' title='bbox 655 3943 850 3997; x_wconf 84' lang='lat' dir='ltr'><strong>faciem</strong></span> <span class='ocrx_word' id='word_1_419' title='bbox 881 3953 1025 3996; x_wconf 88' lang='lat' dir='ltr'><strong>tuam</strong></span> <span class='ocrx_word' id='word_1_420' title='bbox 1054 3960 1067 3996; x_wconf 90' lang='lat'>:</span> <span class='ocrx_word' id='word_1_421' title='bbox 1101 3958 1168 3997; x_wconf 93' lang='lat' dir='ltr'><strong>ue</strong></span> <span class='ocrx_word' id='word_1_422' title='bbox 1196 3943 1387 4001; x_wconf 86' lang='lat' dir='ltr'><strong>timeas</strong></span> <span class='ocrx_word' id='word_1_423' title='bbox 1444 3959 1618 4013; x_wconf 89' lang='lat' dir='ltr'><strong>neque</strong></span> <span class='ocrx_word' id='word_1_424' title='bbox 1649 3953 1859 3999; x_wconf 88' lang='lat' dir='ltr'><strong>metuas</strong></span> <span class='ocrx_word' id='word_1_425' title='bbox 1886 3961 1914 3998; x_wconf 90' lang='lat' dir='ltr'><strong>a</strong></span> <span class='ocrx_word' id='word_1_426' title='bbox 1945 3944 2080 4001; x_wconf 79' lang='lat' dir='ltr'><strong>facie</strong></span> 
     </span>
    </p>
   </div>
   <div class='ocr_carea' id='block_1_60' title="bbox 497 4034 2081 4107">
    <p class='ocr_par' dir='ltr' id='par_1_60' title="bbox 497 4034 2081 4107">
     <span class='ocr_line' id='line_1_61' title="bbox 497 4034 2081 4107; baseline 0 -15"><span class='ocrx_word' id='word_1_427' title='bbox 497 4052 685 4092; x_wconf 89' lang='lat' dir='ltr'><strong>eorum</strong></span> <span class='ocrx_word' id='word_1_428' title='bbox 735 4035 950 4105; x_wconf 62' lang='lat' dir='ltr'><strong>(Each.</strong></span> <span class='ocrx_word' id='word_1_429' title='bbox 984 4035 1091 4098; x_wconf 79' lang='grc' dir='ltr'><strong>ιιι).</strong></span> <span class='ocrx_word' id='word_1_430' title='bbox 1124 4055 1143 4088; x_wconf 77' lang='grc' dir='ltr'><strong>ι</strong></span> <span class='ocrx_word' id='word_1_431' title='bbox 1191 4035 1296 4090; x_wconf 85' lang='lat' dir='ltr'><strong>Per</strong></span> <span class='ocrx_word' id='word_1_432' title='bbox 1337 4034 1683 4090; x_wconf 76' lang='lat' dir='ltr'><strong>Salomonem</strong></span> <span class='ocrx_word' id='word_1_433' title='bbox 1729 4049 1943 4107; x_wconf 76' lang='lat' dir='ltr'><strong>quoque</strong></span> <span class='ocrx_word' id='word_1_434' title='bbox 1987 4037 2081 4092; x_wconf 87' lang='lat' dir='ltr'><strong>tibi</strong></span> 
     </span>
    </p>
   </div>
   <div class='ocr_carea' id='block_1_61' title="bbox 498 4127 2082 4199">
    <p class='ocr_par' dir='ltr' id='par_1_61' title="bbox 498 4127 2082 4199">
     <span class='ocr_line' id='line_1_62' title="bbox 498 4127 2082 4199; baseline 0.001 -15"><span class='ocrx_word' id='word_1_435' title='bbox 498 4130 697 4185; x_wconf 89' lang='lat' dir='ltr'><strong>dicitur</strong></span> <span class='ocrx_word' id='word_1_436' title='bbox 723 4147 736 4183; x_wconf 89' lang='lat'>:</span> <span class='ocrx_word' id='word_1_437' title='bbox 770 4148 788 4180; x_wconf 90' lang='grc' dir='ltr'><strong>ι</strong></span> <span class='ocrx_word' id='word_1_438' title='bbox 818 4127 893 4183; x_wconf 87' lang='lat' dir='ltr'><strong>Ne</strong></span> <span class='ocrx_word' id='word_1_439' title='bbox 917 4142 1116 4199; x_wconf 88' lang='lat' dir='ltr'><strong>paveas</strong></span> <span class='ocrx_word' id='word_1_440' title='bbox 1140 4129 1426 4197; x_wconf 90' lang='lat' dir='ltr'><strong>repentino</strong></span> <span class='ocrx_word' id='word_1_441' title='bbox 1453 4137 1663 4184; x_wconf 87' lang='lat' dir='ltr'><strong>terrore</strong></span> <span class='ocrx_word' id='word_1_442' title='bbox 1689 4129 1959 4186; x_wconf 77' lang='lat' dir='ltr'><strong>irruentes</strong></span> <span class='ocrx_word' id='word_1_443' title='bbox 1987 4131 2082 4186; x_wconf 91' lang='lat' dir='ltr'><strong>tibi</strong></span> 
     </span>
    </p>
   </div>
   <div class='ocr_carea' id='block_1_62' title="bbox 498 4216 2084 4291">
    <p class='ocr_par' dir='ltr' id='par_1_62' title="bbox 498 4216 2084 4291">
     <span class='ocr_line' id='line_1_63' title="bbox 498 4216 2084 4291; baseline 0 -16"><span class='ocrx_word' id='word_1_444' title='bbox 498 4219 774 4291; x_wconf 82' lang='lat' dir='ltr'><strong>potentias</strong></span> <span class='ocrx_word' id='word_1_445' title='bbox 817 4218 1128 4288; x_wconf 86' lang='lat' dir='ltr'><strong>impiorum.</strong></span> <span class='ocrx_word' id='word_1_446' title='bbox 1182 4216 1444 4273; x_wconf 86' lang='lat' dir='ltr'><strong>Dominus</strong></span> <span class='ocrx_word' id='word_1_447' title='bbox 1487 4218 1634 4271; x_wconf 88' lang='lat' dir='ltr'><strong>enim</strong></span> <span class='ocrx_word' id='word_1_448' title='bbox 1673 4218 1777 4273; x_wconf 90' lang='lat' dir='ltr'><strong>erit</strong></span> <span class='ocrx_word' id='word_1_449' title='bbox 1816 4219 1871 4273; x_wconf 92' lang='lat' dir='ltr'><strong>in</strong></span> <span class='ocrx_word' id='word_1_450' title='bbox 1915 4219 2084 4275; x_wconf 83' lang='lat' dir='ltr'><strong>latere</strong></span> 
     </span>
    </p>
   </div>
   <div class='ocr_carea' id='block_1_63' title="bbox 502 4308 2078 4381">
    <p class='ocr_par' dir='ltr' id='par_1_63' title="bbox 502 4308 2078 4381">
     <span class='ocr_line' id='line_1_64' title="bbox 502 4308 2078 4381; baseline -0.001 -16"><span class='ocrx_word' id='word_1_451' title='bbox 502 4322 617 4376; x_wconf 88' lang='lat' dir='ltr'><strong>tuo,</strong></span> <span class='ocrx_word' id='word_1_452' title='bbox 634 4320 688 4366; x_wconf 88' lang='lat' dir='ltr'><strong>et</strong></span> <span class='ocrx_word' id='word_1_453' title='bbox 706 4310 975 4366; x_wconf 88' lang='lat' dir='ltr'><strong>custodiet</strong></span> <span class='ocrx_word' id='word_1_454' title='bbox 991 4309 1181 4379; x_wconf 87' lang='lat' dir='ltr'><strong>pedem</strong></span> <span class='ocrx_word' id='word_1_455' title='bbox 1200 4317 1370 4369; x_wconf 87' lang='lat' dir='ltr'><strong>tuum,</strong></span> <span class='ocrx_word' id='word_1_456' title='bbox 1387 4324 1455 4363; x_wconf 92' lang='lat' dir='ltr'><strong>ne</strong></span> <span class='ocrx_word' id='word_1_457' title='bbox 1470 4310 1704 4378; x_wconf 84' lang='lat' dir='ltr'><strong>capiaris</strong></span> <span class='ocrx_word' id='word_1_458' title='bbox 1725 4308 1906 4381; x_wconf 74' lang='lat' dir='ltr'><strong>(Prov.</strong></span> <span class='ocrx_word' id='word_1_459' title='bbox 1930 4311 2036 4381; x_wconf 92' lang='grc' dir='ltr'><strong>ιιι).</strong></span> <span class='ocrx_word' id='word_1_460' title='bbox 2060 4331 2078 4363; x_wconf 76' lang='grc' dir='ltr'><strong>ι</strong></span> 
     </span>
    </p>
   </div>
   <div class='ocr_carea' id='block_1_64' title="bbox 2148 1856 3104 1913">
    <p class='ocr_par' dir='ltr' id='par_1_64' title="bbox 2148 1856 3104 1913">
     <span class='ocr_line' id='line_1_65' title="bbox 2148 1856 3104 1913; baseline 0.004 -4"><span class='ocrx_word' id='word_1_461' title='bbox 2148 1856 2446 1910; x_wconf 88' lang='lat' dir='ltr'><strong>monachus</strong></span> <span class='ocrx_word' id='word_1_462' title='bbox 2475 1857 2737 1913; x_wconf 90' lang='lat' dir='ltr'><strong>orationis</strong></span> <span class='ocrx_word' id='word_1_463' title='bbox 2770 1858 3104 1913; x_wconf 87' lang='lat' dir='ltr'><strong>instantiam.</strong></span> 
     </span>
    </p>
   </div>
   <div class='ocr_carea' id='block_1_65' title="bbox 2221 1963 3733 2041">
    <p class='ocr_par' dir='ltr' id='par_1_65' title="bbox 2221 1963 3733 2041">
     <span class='ocr_line' id='line_1_66' title="bbox 2221 1963 3733 2041; baseline 0.005 -24"><span class='ocrx_word' id='word_1_464' title='bbox 2221 1963 2490 2035; x_wconf 87' lang='lat' dir='ltr'><strong>Quidquid</strong></span> <span class='ocrx_word' id='word_1_465' title='bbox 2517 1967 2583 2022; x_wconf 87' lang='lat' dir='ltr'><strong>de</strong></span> <span class='ocrx_word' id='word_1_466' title='bbox 2605 1968 2872 2024; x_wconf 88' lang='lat' dir='ltr'><strong>castitatis</strong></span> <span class='ocrx_word' id='word_1_467' title='bbox 2897 1969 3111 2040; x_wconf 84' lang='lat' dir='ltr'><strong>injuria,</strong></span> <span class='ocrx_word' id='word_1_468' title='bbox 3143 1985 3303 2039; x_wconf 89' lang='lat' dir='ltr'><strong>quam</strong></span> <span class='ocrx_word' id='word_1_469' title='bbox 3326 1970 3514 2024; x_wconf 88' lang='lat' dir='ltr'><strong>eadem</strong></span> <span class='ocrx_word' id='word_1_470' title='bbox 3541 1969 3733 2041; x_wconf 82' lang='lat' dir='ltr'><strong>regina</strong></span> 
     </span>
    </p>
   </div>
   <div class='ocr_carea' id='block_1_66' title="bbox 2118 2053 3728 2127">
    <p class='ocr_par' dir='ltr' id='par_1_66' title="bbox 2118 2053 3728 2127">
     <span class='ocr_line' id='line_1_67' title="bbox 2118 2053 3728 2127; baseline 0.002 -20"><span class='ocrx_word' id='word_1_471' title='bbox 2118 2053 2413 2107; x_wconf 75' lang='lat' dir='ltr'><strong>.virtutum</strong></span> <span class='ocrx_word' id='word_1_472' title='bbox 2461 2070 2490 2108; x_wconf 89' lang='lat' dir='ltr'><strong>a</strong></span> <span class='ocrx_word' id='word_1_473' title='bbox 2535 2055 2748 2113; x_wconf 88' lang='lat' dir='ltr'><strong>clericis</strong></span> <span class='ocrx_word' id='word_1_474' title='bbox 2797 2058 3022 2127; x_wconf 86' lang='lat' dir='ltr'><strong>patitur,</strong></span> <span class='ocrx_word' id='word_1_475' title='bbox 3068 2058 3358 2113; x_wconf 87' lang='lat' dir='ltr'><strong>venerabili</strong></span> <span class='ocrx_word' id='word_1_476' title='bbox 3406 2058 3728 2113; x_wconf 90' lang='lat' dir='ltr'><strong>Taurinensi</strong></span> 
     </span>
    </p>
   </div>
   <div class='ocr_carea' id='block_1_67' title="bbox 2152 2144 3729 2216">
    <p class='ocr_par' dir='ltr' id='par_1_67' title="bbox 2152 2144 3729 2216">
     <span class='ocr_line' id='line_1_68' title="bbox 2152 2144 3729 2216; baseline 0.003 -18"><span class='ocrx_word' id='word_1_477' title='bbox 2152 2144 2406 2214; x_wconf 87' lang='lat' dir='ltr'><strong>episcopo</strong></span> <span class='ocrx_word' id='word_1_478' title='bbox 2434 2148 2648 2216; x_wconf 89' lang='lat' dir='ltr'><strong>scripsi,</strong></span> <span class='ocrx_word' id='word_1_479' title='bbox 2682 2148 2775 2202; x_wconf 92' lang='lat' dir='ltr'><strong>tibi</strong></span> <span class='ocrx_word' id='word_1_480' title='bbox 2816 2150 3161 2204; x_wconf 87' lang='lat' dir='ltr'><strong>scribendum</strong></span> <span class='ocrx_word' id='word_1_481' title='bbox 3201 2158 3327 2204; x_wconf 89' lang='lat' dir='ltr'><strong>ante</strong></span> <span class='ocrx_word' id='word_1_482' title='bbox 3360 2150 3729 2214; x_wconf 83' lang='lat' dir='ltr'><strong>decreveram,</strong></span> 
     </span>
    </p>
   </div>
   <div class='ocr_carea' id='block_1_68' title="bbox 2156 2235 3735 2311">
    <p class='ocr_par' dir='ltr' id='par_1_68' title="bbox 2156 2235 3735 2311">
     <span class='ocr_line' id='line_1_69' title="bbox 2156 2235 3735 2311; baseline 0.004 -22"><span class='ocrx_word' id='word_1_483' title='bbox 2156 2235 2258 2290; x_wconf 89' lang='lat' dir='ltr'><strong>nisi</strong></span> <span class='ocrx_word' id='word_1_484' title='bbox 2310 2237 2623 2292; x_wconf 89' lang='lat' dir='ltr'><strong>eorumdem</strong></span> <span class='ocrx_word' id='word_1_485' title='bbox 2655 2238 2977 2294; x_wconf 90' lang='lat' dir='ltr'><strong>clericorum</strong></span> <span class='ocrx_word' id='word_1_486' title='bbox 3022 2240 3482 2311; x_wconf 83' lang='lat' dir='ltr'><strong>insnggillantium</strong></span> <span class='ocrx_word' id='word_1_487' title='bbox 3526 2242 3735 2295; x_wconf 86' lang='lat' dir='ltr'><strong>calum-</strong></span> 
     </span>
    </p>
   </div>
   <div class='ocr_carea' id='block_1_69' title="bbox 2159 2327 3735 2401">
    <p class='ocr_par' dir='ltr' id='par_1_69' title="bbox 2159 2327 3735 2401">
     <span class='ocr_line' id='line_1_70' title="bbox 2159 2327 3735 2401; baseline 0.003 -20"><span class='ocrx_word' id='word_1_488' title='bbox 2159 2327 2306 2382; x_wconf 89' lang='lat' dir='ltr'><strong>niam</strong></span> <span class='ocrx_word' id='word_1_489' title='bbox 2357 2327 2756 2386; x_wconf 88' lang='lat' dir='ltr'><strong>formidassem.</strong></span> <span class='ocrx_word' id='word_1_490' title='bbox 2811 2331 3226 2401; x_wconf 81' lang='lat' dir='ltr'><strong>Expostularent</strong></span> <span class='ocrx_word' id='word_1_491' title='bbox 3269 2334 3435 2397; x_wconf 86' lang='lat' dir='ltr'><strong>enim,</strong></span> <span class='ocrx_word' id='word_1_492' title='bbox 3480 2349 3544 2388; x_wconf 90' lang='lat' dir='ltr'><strong>ac</strong></span> <span class='ocrx_word' id='word_1_493' title='bbox 3585 2333 3735 2386; x_wconf 85' lang='lat' dir='ltr'><strong>dice-</strong></span> 
     </span>
    </p>
   </div>
   <div class='ocr_carea' id='block_1_70' title="bbox 2161 2420 3735 2493">
    <p class='ocr_par' dir='ltr' id='par_1_70' title="bbox 2161 2420 3735 2493">
     <span class='ocr_line' id='line_1_71' title="bbox 2161 2420 3735 2493; baseline 0.004 -20"><span class='ocrx_word' id='word_1_494' title='bbox 2161 2429 2284 2474; x_wconf 91' lang='lat' dir='ltr'><strong>rcnt</strong></span> <span class='ocrx_word' id='word_1_495' title='bbox 2310 2437 2322 2473; x_wconf 89' lang='lat'><strong>:</strong></span> <span class='ocrx_word' id='word_1_496' title='bbox 2356 2420 2516 2484; x_wconf 87' lang='lat' dir='ltr'><strong>Ecce,</strong></span> <span class='ocrx_word' id='word_1_497' title='bbox 2546 2437 2708 2490; x_wconf 90' lang='lat' dir='ltr'><strong>quam</strong></span> <span class='ocrx_word' id='word_1_498' title='bbox 2745 2423 2928 2492; x_wconf 83' lang='lat' dir='ltr'><strong>impie,</strong></span> <span class='ocrx_word' id='word_1_499' title='bbox 2951 2439 3111 2492; x_wconf 87' lang='lat' dir='ltr'><strong>quam</strong></span> <span class='ocrx_word' id='word_1_500' title='bbox 3140 2424 3430 2478; x_wconf 88' lang='lat' dir='ltr'><strong>inhumane</strong></span> <span class='ocrx_word' id='word_1_501' title='bbox 3459 2428 3607 2493; x_wconf 90' lang='lat' dir='ltr'><strong>parat</strong></span> <span class='ocrx_word' id='word_1_502' title='bbox 3636 2439 3735 2479; x_wconf 86' lang='lat' dir='ltr'><strong>nos</strong></span> 
     </span>
    </p>
   </div>
   <div class='ocr_carea' id='block_1_71' title="bbox 2159 2514 3734 2588">
    <p class='ocr_par' dir='ltr' id='par_1_71' title="bbox 2159 2514 3734 2588">
     <span class='ocr_line' id='line_1_72' title="bbox 2159 2514 3734 2588; baseline 0.001 -20"><span class='ocrx_word' id='word_1_503' title='bbox 2159 2514 2261 2569; x_wconf 90' lang='lat' dir='ltr'><strong>iste</strong></span> <span class='ocrx_word' id='word_1_504' title='bbox 2300 2515 2649 2580; x_wconf 80' lang='lat' dir='ltr'><strong>confundere,</strong></span> <span class='ocrx_word' id='word_1_505' title='bbox 2684 2518 2774 2586; x_wconf 90' lang='lat' dir='ltr'><strong>qui</strong></span> <span class='ocrx_word' id='word_1_506' title='bbox 2818 2533 2924 2571; x_wconf 91' lang='lat' dir='ltr'><strong>non</strong></span> <span class='ocrx_word' id='word_1_507' title='bbox 2970 2534 3092 2572; x_wconf 88' lang='lat' dir='ltr'><strong>cum</strong></span> <span class='ocrx_word' id='word_1_508' title='bbox 3133 2519 3422 2588; x_wconf 86' lang='lat' dir='ltr'><strong>episcopis,</strong></span> <span class='ocrx_word' id='word_1_509' title='bbox 3460 2532 3567 2571; x_wconf 87' lang='lat' dir='ltr'><strong>non</strong></span> <span class='ocrx_word' id='word_1_510' title='bbox 3610 2532 3734 2570; x_wconf 89' lang='lat' dir='ltr'><strong>cum</strong></span> 
     </span>
    </p>
   </div>
   <div class='ocr_carea' id='block_1_72' title="bbox 2160 2607 3735 2680">
    <p class='ocr_par' dir='ltr' id='par_1_72' title="bbox 2160 2607 3735 2680">
     <span class='ocr_line' id='line_1_73' title="bbox 2160 2607 3735 2680; baseline 0.003 -21"><span class='ocrx_word' id='word_1_511' title='bbox 2160 2607 2546 2662; x_wconf 74' lang='lat' dir='ltr'><strong>ecclesiasticis</strong></span> <span class='ocrx_word' id='word_1_512' title='bbox 2575 2610 2709 2663; x_wconf 87' lang='lat' dir='ltr'><strong>viris</strong></span> <span class='ocrx_word' id='word_1_513' title='bbox 2746 2626 2907 2678; x_wconf 91' lang='lat' dir='ltr'><strong>super</strong></span> <span class='ocrx_word' id='word_1_514' title='bbox 2937 2621 3124 2664; x_wconf 90' lang='lat' dir='ltr'><strong>nostro</strong></span> <span class='ocrx_word' id='word_1_515' title='bbox 3170 2611 3383 2680; x_wconf 86' lang='lat' dir='ltr'><strong>negotio</strong></span> <span class='ocrx_word' id='word_1_516' title='bbox 3433 2624 3588 2664; x_wconf 90' lang='lat' dir='ltr'><strong>caute</strong></span> <span class='ocrx_word' id='word_1_517' title='bbox 3623 2609 3735 2664; x_wconf 90' lang='lat' dir='ltr'><strong>vult</strong></span> 
     </span>
    </p>
   </div>
   <div class='ocr_carea' id='block_1_73' title="bbox 2164 2697 3741 2767">
    <p class='ocr_par' dir='ltr' id='par_1_73' title="bbox 2164 2697 3741 2767">
     <span class='ocr_line' id='line_1_74' title="bbox 2164 2697 3741 2767; baseline 0.001 -17"><span class='ocrx_word' id='word_1_518' title='bbox 2164 2711 2228 2751; x_wconf 89' lang='lat' dir='ltr'><strong>ac</strong></span> <span class='ocrx_word' id='word_1_519' title='bbox 2261 2697 2501 2751; x_wconf 89' lang='lat' dir='ltr'><strong>modeste</strong></span> <span class='ocrx_word' id='word_1_520' title='bbox 2527 2699 2828 2764; x_wconf 85' lang='lat' dir='ltr'><strong>disserere;</strong></span> <span class='ocrx_word' id='word_1_521' title='bbox 2863 2699 2953 2754; x_wconf 89' lang='lat' dir='ltr'><strong>sed</strong></span> <span class='ocrx_word' id='word_1_522' title='bbox 2982 2702 3120 2767; x_wconf 89' lang='lat' dir='ltr'><strong>quod</strong></span> <span class='ocrx_word' id='word_1_523' title='bbox 3155 2700 3203 2753; x_wconf 91' lang='lat' dir='ltr'><strong>in</strong></span> <span class='ocrx_word' id='word_1_524' title='bbox 3237 2701 3475 2755; x_wconf 86' lang='lat' dir='ltr'><strong>sacrario</strong></span> <span class='ocrx_word' id='word_1_525' title='bbox 3504 2709 3741 2754; x_wconf 87' lang='lat' dir='ltr'><strong>tractan-</strong></span> 
     </span>
    </p>
   </div>
   <div class='ocr_carea' id='block_1_74' title="bbox 2163 2780 3737 2858">
    <p class='ocr_par' dir='ltr' id='par_1_74' title="bbox 2163 2780 3737 2858">
     <span class='ocr_line' id='line_1_75' title="bbox 2163 2780 3737 2858; baseline 0 -18"><span class='ocrx_word' id='word_1_526' title='bbox 2163 2785 2289 2841; x_wconf 88' lang='lat' dir='ltr'><strong>dum</strong></span> <span class='ocrx_word' id='word_1_527' title='bbox 2314 2798 2447 2847; x_wconf 86' lang='lat' dir='ltr'><strong>erat,</strong></span> <span class='ocrx_word' id='word_1_528' title='bbox 2479 2803 2584 2841; x_wconf 92' lang='lat' dir='ltr'><strong>non</strong></span> <span class='ocrx_word' id='word_1_529' title='bbox 2612 2798 2829 2843; x_wconf 86' lang='lat' dir='ltr'><strong>veretur</strong></span> <span class='ocrx_word' id='word_1_530' title='bbox 2857 2780 3071 2843; x_wconf 83' lang='lat' dir='ltr'><strong>feminis</strong></span> <span class='ocrx_word' id='word_1_531' title='bbox 3101 2789 3390 2858; x_wconf 73' lang='lat' dir='ltr'><strong>publicare.</strong></span> <span class='ocrx_word' id='word_1_532' title='bbox 3419 2788 3529 2842; x_wconf 92' lang='lat' dir='ltr'><strong>IIoe</strong></span> <span class='ocrx_word' id='word_1_533' title='bbox 3558 2790 3737 2857; x_wconf 86' lang='lat' dir='ltr'><strong>itaque</strong></span> 
     </span>
    </p>
   </div>
   <div class='ocr_carea' id='block_1_75' title="bbox 2165 2881 3741 2952">
    <p class='ocr_par' dir='ltr' id='par_1_75' title="bbox 2165 2881 3741 2952">
     <span class='ocr_line' id='line_1_76' title="bbox 2165 2881 3741 2952; baseline 0.003 -21"><span class='ocrx_word' id='word_1_534' title='bbox 2165 2886 2431 2942; x_wconf 88' lang='lat' dir='ltr'><strong>metuens,</strong></span> <span class='ocrx_word' id='word_1_535' title='bbox 2466 2894 2752 2949; x_wconf 89' lang='lat' dir='ltr'><strong>personam</strong></span> <span class='ocrx_word' id='word_1_536' title='bbox 2792 2881 2995 2935; x_wconf 90' lang='lat' dir='ltr'><strong>mutavi</strong></span> <span class='ocrx_word' id='word_1_537' title='bbox 3027 2900 3039 2934; x_wconf 92' lang='lat'><strong>:</strong></span> <span class='ocrx_word' id='word_1_538' title='bbox 3080 2893 3133 2935; x_wconf 88' lang='lat' dir='ltr'><strong>et</strong></span> <span class='ocrx_word' id='word_1_539' title='bbox 3161 2884 3303 2952; x_wconf 89' lang='lat' dir='ltr'><strong>qqu</strong></span> <span class='ocrx_word' id='word_1_540' title='bbox 3351 2882 3442 2936; x_wconf 89' lang='lat' dir='ltr'><strong>tibi</strong></span> <span class='ocrx_word' id='word_1_541' title='bbox 3479 2896 3741 2950; x_wconf 80' lang='lat' dir='ltr'><strong>cunccpe—</strong></span> 
     </span>
    </p>
   </div>
   <div class='ocr_carea' id='block_1_76' title="bbox 2167 2968 3743 3038">
    <p class='ocr_par' dir='ltr' id='par_1_76' title="bbox 2167 2968 3743 3038">
     <span class='ocr_line' id='line_1_77' title="bbox 2167 2968 3743 3038; baseline 0.002 -17"><span class='ocrx_word' id='word_1_542' title='bbox 2167 2982 2304 3031; x_wconf 82' lang='lat' dir='ltr'><strong>ram,</strong></span> <span class='ocrx_word' id='word_1_543' title='bbox 2334 2968 2405 3021; x_wconf 93' lang='lat' dir='ltr'><strong>illi</strong></span> <span class='ocrx_word' id='word_1_544' title='bbox 2436 2970 2614 3038; x_wconf 90' lang='lat' dir='ltr'><strong>potius</strong></span> <span class='ocrx_word' id='word_1_545' title='bbox 2642 2970 2931 3024; x_wconf 85' lang='lat' dir='ltr'><strong>destinavi.</strong></span> <span class='ocrx_word' id='word_1_546' title='bbox 2963 2971 3053 3026; x_wconf 89' lang='lat' dir='ltr'><strong>Ille</strong></span> <span class='ocrx_word' id='word_1_547' title='bbox 3085 2980 3261 3025; x_wconf 90' lang='lat' dir='ltr'><strong>tamen</strong></span> <span class='ocrx_word' id='word_1_548' title='bbox 3301 2972 3459 3025; x_wconf 91' lang='lat' dir='ltr'><strong>unius</strong></span> <span class='ocrx_word' id='word_1_549' title='bbox 3487 2970 3743 3025; x_wconf 65' lang='lat' dir='ltr'><strong>Ecclesiae</strong></span> 
     </span>
    </p>
   </div>
   <div class='ocr_carea' id='block_1_77' title="bbox 2091 3059 3742 3156">
    <p class='ocr_par' dir='ltr' id='par_1_77' title="bbox 2091 3059 3742 3156">
     <span class='ocr_line' id='line_1_78' title="bbox 2091 3059 3742 3156; baseline 0.001 -44"><span class='ocrx_word' id='word_1_550' title='bbox 2091 3092 2136 3156; x_wconf 74' lang='lat' dir='ltr'><strong><em>C</em></strong></span> <span class='ocrx_word' id='word_1_551' title='bbox 2168 3059 2481 3113; x_wconf 85' lang='lat' dir='ltr'><strong>cathedram</strong></span> <span class='ocrx_word' id='word_1_552' title='bbox 2507 3069 2653 3115; x_wconf 90' lang='lat' dir='ltr'><strong>tenet</strong></span> <span class='ocrx_word' id='word_1_553' title='bbox 2678 3078 2691 3115; x_wconf 87' lang='lat'><strong>:</strong></span> <span class='ocrx_word' id='word_1_554' title='bbox 2718 3061 2769 3115; x_wconf 92' lang='lat' dir='ltr'><strong>in</strong></span> <span class='ocrx_word' id='word_1_555' title='bbox 2793 3062 2996 3117; x_wconf 84' lang='lat' dir='ltr'><strong>ditione</strong></span> <span class='ocrx_word' id='word_1_556' title='bbox 3021 3077 3145 3116; x_wconf 88' lang='lat' dir='ltr'><strong>vero</strong></span> <span class='ocrx_word' id='word_1_557' title='bbox 3169 3074 3275 3124; x_wconf 87' lang='lat' dir='ltr'><strong>tua,</strong></span> <span class='ocrx_word' id='word_1_558' title='bbox 3301 3078 3419 3131; x_wconf 75' lang='lat' dir='ltr'><strong>qua:</strong></span> <span class='ocrx_word' id='word_1_559' title='bbox 3439 3063 3488 3117; x_wconf 91' lang='lat' dir='ltr'><strong>in</strong></span> <span class='ocrx_word' id='word_1_560' title='bbox 3514 3063 3742 3115; x_wconf 81' lang='lat' dir='ltr'><strong>duorum</strong></span> 
     </span>
    </p>
   </div>
   <div class='ocr_carea' id='block_1_78' title="bbox 2169 3152 3746 3225">
    <p class='ocr_par' dir='ltr' id='par_1_78' title="bbox 2169 3152 3746 3225">
     <span class='ocr_line' id='line_1_79' title="bbox 2169 3152 3746 3225; baseline 0 -20"><span class='ocrx_word' id='word_1_561' title='bbox 2169 3165 2492 3220; x_wconf 82' lang='lat' dir='ltr'><strong>regnorum,</strong></span> <span class='ocrx_word' id='word_1_562' title='bbox 2528 3152 2694 3208; x_wconf 85' lang='lat' dir='ltr'><strong>Italiae</strong></span> <span class='ocrx_word' id='word_1_563' title='bbox 2730 3153 2938 3209; x_wconf 89' lang='lat' dir='ltr'><strong>scilicet</strong></span> <span class='ocrx_word' id='word_1_564' title='bbox 2972 3164 3027 3207; x_wconf 89' lang='lat' dir='ltr'><strong>et</strong></span> <span class='ocrx_word' id='word_1_565' title='bbox 3062 3154 3416 3224; x_wconf 74' lang='lat' dir='ltr'><strong>Burgundim,</strong></span> <span class='ocrx_word' id='word_1_566' title='bbox 3447 3153 3746 3225; x_wconf 78' lang='lat' dir='ltr'><strong>porrigitur</strong></span> 
     </span>
    </p>
   </div>
   <div class='ocr_carea' id='block_1_79' title="bbox 2169 3242 3742 3315">
    <p class='ocr_par' dir='ltr' id='par_1_79' title="bbox 2169 3242 3742 3315">
     <span class='ocr_line' id='line_1_80' title="bbox 2169 3242 3742 3315; baseline 0.001 -20"><span class='ocrx_word' id='word_1_567' title='bbox 2169 3256 2277 3295; x_wconf 90' lang='lat' dir='ltr'><strong>non</strong></span> <span class='ocrx_word' id='word_1_568' title='bbox 2310 3242 2475 3297; x_wconf 89' lang='lat' dir='ltr'><strong>breve</strong></span> <span class='ocrx_word' id='word_1_569' title='bbox 2498 3242 2817 3308; x_wconf 80' lang='lat' dir='ltr'><strong>conﬁnium,</strong></span> <span class='ocrx_word' id='word_1_570' title='bbox 2843 3244 3024 3312; x_wconf 91' lang='lat' dir='ltr'><strong>plures</strong></span> <span class='ocrx_word' id='word_1_571' title='bbox 3047 3245 3425 3315; x_wconf 87' lang='lat' dir='ltr'><strong>episcopautnr</strong></span> <span class='ocrx_word' id='word_1_572' title='bbox 3453 3244 3742 3298; x_wconf 87' lang='lat' dir='ltr'><strong>antistites.</strong></span> 
     </span>
    </p>
   </div>
   <div class='ocr_carea' id='block_1_80' title="bbox 2167 3330 3745 3405">
    <p class='ocr_par' dir='ltr' id='par_1_80' title="bbox 2167 3330 3745 3405">
     <span class='ocr_line' id='line_1_81' title="bbox 2167 3330 3745 3405; baseline 0.001 -20"><span class='ocrx_word' id='word_1_573' title='bbox 2167 3330 2399 3401; x_wconf 83' lang='lat' dir='ltr'><strong>Ideoque</strong></span> <span class='ocrx_word' id='word_1_574' title='bbox 2426 3348 2529 3388; x_wconf 93' lang='lat' dir='ltr'><strong>non</strong></span> <span class='ocrx_word' id='word_1_575' title='bbox 2558 3334 2833 3405; x_wconf 82' lang='lat' dir='ltr'><strong>indignum</strong></span> <span class='ocrx_word' id='word_1_576' title='bbox 2862 3335 3165 3400; x_wconf 87' lang='lat' dir='ltr'><strong>videbatur,</strong></span> <span class='ocrx_word' id='word_1_577' title='bbox 3194 3344 3252 3388; x_wconf 91' lang='lat' dir='ltr'><strong>ut</strong></span> <span class='ocrx_word' id='word_1_578' title='bbox 3281 3335 3372 3390; x_wconf 89' lang='lat' dir='ltr'><strong>tibi</strong></span> <span class='ocrx_word' id='word_1_579' title='bbox 3402 3334 3745 3405; x_wconf 86' lang='lat' dir='ltr'><strong>potissimum</strong></span> 
     </span>
    </p>
   </div>
   <div class='ocr_carea' id='block_1_81' title="bbox 2171 3418 3750 3492">
    <p class='ocr_par' dir='ltr' id='par_1_81' title="bbox 2171 3418 3750 3492">
     <span class='ocr_line' id='line_1_82' title="bbox 2171 3418 3750 3492; baseline 0.002 -18"><span class='ocrx_word' id='word_1_580' title='bbox 2171 3418 2239 3474; x_wconf 88' lang='lat' dir='ltr'><strong>de</strong></span> <span class='ocrx_word' id='word_1_581' title='bbox 2268 3420 2587 3476; x_wconf 87' lang='lat' dir='ltr'><strong>clericorum</strong></span> <span class='ocrx_word' id='word_1_582' title='bbox 2616 3423 3003 3479; x_wconf 88' lang='lat' dir='ltr'><strong>ineontincntia</strong></span> <span class='ocrx_word' id='word_1_583' title='bbox 3034 3425 3353 3492; x_wconf 89' lang='lat' dir='ltr'><strong>scriberem,</strong></span> <span class='ocrx_word' id='word_1_584' title='bbox 3380 3424 3464 3479; x_wconf 93' lang='lat' dir='ltr'><strong>cui</strong></span> <span class='ocrx_word' id='word_1_585' title='bbox 3495 3424 3750 3479; x_wconf 88' lang='lat' dir='ltr'><strong>videlicet</strong></span> 
     </span>
    </p>
   </div>
   <div class='ocr_carea' id='block_1_82' title="bbox 2173 3513 3757 3583">
    <p class='ocr_par' dir='ltr' id='par_1_82' title="bbox 2173 3513 3757 3583">
     <span class='ocr_line' id='line_1_83' title="bbox 2173 3513 3757 3583; baseline 0 -17"><span class='ocrx_word' id='word_1_586' title='bbox 2173 3513 2241 3567; x_wconf 87' lang='lat' dir='ltr'><strong>ad</strong></span> <span class='ocrx_word' id='word_1_587' title='bbox 2266 3513 2642 3583; x_wconf 87' lang='lat' dir='ltr'><strong>corrigendum</strong></span> <span class='ocrx_word' id='word_1_588' title='bbox 2668 3515 2912 3569; x_wconf 90' lang='lat' dir='ltr'><strong>idoneam</strong></span> <span class='ocrx_word' id='word_1_589' title='bbox 2933 3516 3111 3570; x_wconf 88' lang='lat' dir='ltr'><strong>sentio</strong></span> <span class='ocrx_word' id='word_1_590' title='bbox 3137 3532 3241 3571; x_wconf 91' lang='lat' dir='ltr'><strong>non</strong></span> <span class='ocrx_word' id='word_1_591' title='bbox 3265 3517 3452 3571; x_wconf 88' lang='lat' dir='ltr'><strong>deesse</strong></span> <span class='ocrx_word' id='word_1_592' title='bbox 3473 3516 3757 3569; x_wconf 77' lang='lat' dir='ltr'><strong>virtutem-</strong></span> 
     </span>
    </p>
   </div>
   <div class='ocr_carea' id='block_1_83' title="bbox 2173 3596 3751 3678">
    <p class='ocr_par' dir='ltr' id='par_1_83' title="bbox 2173 3596 3751 3678">
     <span class='ocr_line' id='line_1_84' title="bbox 2173 3596 3751 3678; baseline -0.001 -17"><span class='ocrx_word' id='word_1_593' title='bbox 2173 3607 2482 3662; x_wconf 54' lang='lat' dir='ltr'><strong>Praesertim</strong></span> <span class='ocrx_word' id='word_1_594' title='bbox 2511 3609 2653 3678; x_wconf 88' lang='lat' dir='ltr'><strong>quod</strong></span> <span class='ocrx_word' id='word_1_595' title='bbox 2682 3611 2747 3664; x_wconf 82' lang='lat' dir='ltr'><strong>ad</strong></span> <span class='ocrx_word' id='word_1_596' title='bbox 2779 3610 2991 3665; x_wconf 91' lang='lat' dir='ltr'><strong>laudem</strong></span> <span class='ocrx_word' id='word_1_597' title='bbox 3032 3610 3124 3664; x_wconf 84' lang='lat' dir='ltr'><strong>Dei</strong></span> <span class='ocrx_word' id='word_1_598' title='bbox 3157 3610 3408 3670; x_wconf 84' lang='lat' dir='ltr'><strong>dixerim,</strong></span> <span class='ocrx_word' id='word_1_599' title='bbox 3440 3624 3561 3663; x_wconf 89' lang='lat' dir='ltr'><strong>cum</strong></span> <span class='ocrx_word' id='word_1_600' title='bbox 3596 3596 3751 3661; x_wconf 81' lang='lat' dir='ltr'><strong>virile</strong></span> 
     </span>
    </p>
   </div>
   <div class='ocr_carea' id='block_1_84' title="bbox 2177 3700 3749 3772">
    <p class='ocr_par' dir='ltr' id='par_1_84' title="bbox 2177 3700 3749 3772">
     <span class='ocr_line' id='line_1_85' title="bbox 2177 3700 3749 3772; baseline -0.001 -19"><span class='ocrx_word' id='word_1_601' title='bbox 2177 3700 2344 3754; x_wconf 91' lang='lat' dir='ltr'><strong>robur</strong></span> <span class='ocrx_word' id='word_1_602' title='bbox 2372 3702 2602 3756; x_wconf 89' lang='lat' dir='ltr'><strong>femineo</strong></span> <span class='ocrx_word' id='word_1_603' title='bbox 2638 3711 2823 3771; x_wconf 78' lang='lat' dir='ltr'><strong>regnet</strong></span> <span class='ocrx_word' id='word_1_604' title='bbox 2865 3704 2915 3756; x_wconf 91' lang='lat' dir='ltr'><strong>in</strong></span> <span class='ocrx_word' id='word_1_605' title='bbox 2946 3711 3163 3772; x_wconf 88' lang='lat' dir='ltr'><strong>pectore</strong></span> <span class='ocrx_word' id='word_1_606' title='bbox 3189 3715 3204 3754; x_wconf 88' lang='lat'><strong>:</strong></span> <span class='ocrx_word' id='word_1_607' title='bbox 3242 3710 3296 3755; x_wconf 86' lang='lat' dir='ltr'><strong>et</strong></span> <span class='ocrx_word' id='word_1_608' title='bbox 3323 3701 3482 3754; x_wconf 89' lang='lat' dir='ltr'><strong>ditior</strong></span> <span class='ocrx_word' id='word_1_609' title='bbox 3511 3700 3585 3752; x_wconf 81' lang='lat' dir='ltr'><strong>sis</strong></span> <span class='ocrx_word' id='word_1_610' title='bbox 3611 3700 3749 3751; x_wconf 88' lang='lat' dir='ltr'><strong>bona</strong></span> 
     </span>
    </p>
   </div>
   <div class='ocr_carea' id='block_1_85' title="bbox 2176 3790 3752 3862">
    <p class='ocr_par' dir='ltr' id='par_1_85' title="bbox 2176 3790 3752 3862">
     <span class='ocr_line' id='line_1_86' title="bbox 2176 3790 3752 3862; baseline -0.001 -18"><span class='ocrx_word' id='word_1_611' title='bbox 2176 3790 2457 3847; x_wconf 80' lang='lat' dir='ltr'><strong>voluntate</strong></span> <span class='ocrx_word' id='word_1_612' title='bbox 2506 3809 2668 3860; x_wconf 88' lang='lat' dir='ltr'><strong>quam</strong></span> <span class='ocrx_word' id='word_1_613' title='bbox 2697 3802 2911 3848; x_wconf 87' lang='lat' dir='ltr'><strong>terrena</strong></span> <span class='ocrx_word' id='word_1_614' title='bbox 2944 3800 3229 3862; x_wconf 82' lang='lat' dir='ltr'><strong>potestate.</strong></span> <span class='ocrx_word' id='word_1_615' title='bbox 3257 3791 3407 3848; x_wconf 85' lang='lat' dir='ltr'><strong>Unde</strong></span> <span class='ocrx_word' id='word_1_616' title='bbox 3428 3791 3573 3861; x_wconf 77' lang='lat' dir='ltr'><strong>quia,</strong></span> <span class='ocrx_word' id='word_1_617' title='bbox 3596 3791 3752 3861; x_wconf 84' lang='lat' dir='ltr'><strong>juxta</strong></span> 
     </span>
    </p>
   </div>
   <div class='ocr_carea' id='block_1_86' title="bbox 2178 3882 3061 3955">
    <p class='ocr_par' dir='ltr' id='par_1_86' title="bbox 2178 3882 3061 3955">
     <span class='ocr_line' id='line_1_87' title="bbox 2178 3882 3061 3955; baseline 0.002 -20"><span class='ocrx_word' id='word_1_618' title='bbox 2178 3889 2352 3949; x_wconf 67' lang='lat' dir='ltr'><strong>poetae</strong></span> <span class='ocrx_word' id='word_1_619' title='bbox 2378 3882 2595 3950; x_wconf 80' lang='lat' dir='ltr'><strong>gentilis</strong></span> <span class='ocrx_word' id='word_1_620' title='bbox 2624 3882 2896 3955; x_wconf 80' lang='lat' dir='ltr'><strong>eloquium</strong></span> <span class='ocrx_word' id='word_1_621' title='bbox 2926 3882 3061 3955; x_wconf 79' lang='lat'><strong>(10),</strong></span> 
     </span>
    </p>
   </div>
   <div class='ocr_carea' id='block_1_87' title="bbox 2306 4014 3565 4085">
    <p class='ocr_par' dir='ltr' id='par_1_87' title="bbox 2306 4014 3565 4085">
     <span class='ocr_line' id='line_1_88' title="bbox 2306 4014 3565 4085; baseline -0.002 -15"><span class='ocrx_word' id='word_1_622' title='bbox 2306 4021 2437 4084; x_wconf 84' lang='lat' dir='ltr'><strong>Opus</strong></span> <span class='ocrx_word' id='word_1_623' title='bbox 2461 4029 2537 4082; x_wconf 81' lang='lat' dir='ltr'><strong>est</strong></span> <span class='ocrx_word' id='word_1_624' title='bbox 2565 4021 2682 4073; x_wconf 82' lang='lat' dir='ltr'><strong>huic</strong></span> <span class='ocrx_word' id='word_1_625' title='bbox 2707 4028 2888 4083; x_wconf 85' lang='lat' dir='ltr'><strong>tutore,</strong></span> <span class='ocrx_word' id='word_1_626' title='bbox 2910 4033 3060 4085; x_wconf 83' lang='lat' dir='ltr'><strong>quem</strong></span> <span class='ocrx_word' id='word_1_627' title='bbox 3083 4019 3394 4071; x_wconf 74' lang='lat' dir='ltr'><strong>defensorem</strong></span> <span class='ocrx_word' id='word_1_628' title='bbox 3420 4014 3565 4081; x_wconf 73' lang='lat' dir='ltr'><strong>paro;</strong></span> 
     </span>
    </p>
   </div>
   <div class='ocr_carea' id='block_1_88' title="bbox 2182 4122 3753 4196">
    <p class='ocr_par' dir='ltr' id='par_1_88' title="bbox 2182 4122 3753 4196">
     <span class='ocr_line' id='line_1_89' title="bbox 2182 4122 3753 4196; baseline -0.003 -16"><span class='ocrx_word' id='word_1_629' title='bbox 2182 4125 2375 4180; x_wconf 86' lang='lat' dir='ltr'><strong>hortor</strong></span> <span class='ocrx_word' id='word_1_630' title='bbox 2420 4134 2473 4181; x_wconf 91' lang='lat' dir='ltr'><strong>et</strong></span> <span class='ocrx_word' id='word_1_631' title='bbox 2523 4134 2677 4196; x_wconf 87' lang='lat' dir='ltr'><strong>peto,</strong></span> <span class='ocrx_word' id='word_1_632' title='bbox 2742 4135 2802 4180; x_wconf 90' lang='lat' dir='ltr'><strong>ut</strong></span> <span class='ocrx_word' id='word_1_633' title='bbox 2846 4134 2900 4180; x_wconf 92' lang='lat' dir='ltr'><strong>tu</strong></span> <span class='ocrx_word' id='word_1_634' title='bbox 2957 4127 3157 4180; x_wconf 91' lang='lat' dir='ltr'><strong>domno</strong></span> <span class='ocrx_word' id='word_1_635' title='bbox 3193 4123 3437 4193; x_wconf 78' lang='lat' dir='ltr'><strong>iungaris</strong></span> <span class='ocrx_word' id='word_1_636' title='bbox 3471 4122 3753 4192; x_wconf 82' lang='lat' dir='ltr'><strong>episcopo;</strong></span> 
     </span>
    </p>
   </div>
   <div class='ocr_carea' id='block_1_89' title="bbox 2185 4209 3755 4284">
    <p class='ocr_par' dir='ltr' id='par_1_89' title="bbox 2185 4209 3755 4284">
     <span class='ocr_line' id='line_1_90' title="bbox 2185 4209 3755 4284; baseline -0.003 -16"><span class='ocrx_word' id='word_1_637' title='bbox 2185 4224 2453 4284; x_wconf 87' lang='lat' dir='ltr'><strong>quatenus</strong></span> <span class='ocrx_word' id='word_1_638' title='bbox 2475 4226 2677 4269; x_wconf 76' lang='lat' dir='ltr'><strong>mutua:</strong></span> <span class='ocrx_word' id='word_1_639' title='bbox 2704 4215 2922 4269; x_wconf 90' lang='lat' dir='ltr'><strong>virtutis</strong></span> <span class='ocrx_word' id='word_1_640' title='bbox 2950 4213 3065 4267; x_wconf 89' lang='lat' dir='ltr'><strong>fulti</strong></span> <span class='ocrx_word' id='word_1_641' title='bbox 3093 4213 3412 4272; x_wconf 86' lang='lat' dir='ltr'><strong>munimine,</strong></span> <span class='ocrx_word' id='word_1_642' title='bbox 3442 4209 3672 4264; x_wconf 89' lang='lat' dir='ltr'><strong>furentis</strong></span> <span class='ocrx_word' id='word_1_643' title='bbox 3701 4210 3755 4264; x_wconf 89' lang='lat' dir='ltr'><strong>in</strong></span> 
     </span>
    </p>
   </div>
   <div class='ocr_carea' id='block_1_90' title="bbox 2187 4301 3471 4361">
    <p class='ocr_par' dir='ltr' id='par_1_90' title="bbox 2187 4301 3471 4361">
     <span class='ocr_line' id='line_1_91' title="bbox 2187 4301 3471 4361; baseline -0.007 0"><span class='ocrx_word' id='word_1_644' title='bbox 2187 4306 2460 4361; x_wconf 74' lang='lat' dir='ltr'><strong>Christum</strong></span> <span class='ocrx_word' id='word_1_645' title='bbox 2490 4306 2721 4360; x_wconf 78' lang='lat' dir='ltr'><strong>luxuria:</strong></span> <span class='ocrx_word' id='word_1_646' title='bbox 2752 4305 2975 4360; x_wconf 90' lang='lat' dir='ltr'><strong>valeatis</strong></span> <span class='ocrx_word' id='word_1_647' title='bbox 2998 4304 3170 4359; x_wconf 85' lang='lat' dir='ltr'><strong>aciem</strong></span> <span class='ocrx_word' id='word_1_648' title='bbox 3200 4301 3471 4358; x_wconf 87' lang='lat' dir='ltr'><strong>debellare</strong></span> 
     </span>
    </p>
   </div>
   <div class='ocr_carea' id='block_1_91' title="bbox 501 4396 2062 4508">
    <p class='ocr_par' dir='ltr' id='par_1_91' title="bbox 501 4396 2061 4508">
     <span class='ocr_line' id='line_1_92' title="bbox 501 4396 2061 4470; baseline -0.001 -16"><span class='ocrx_word' id='word_1_649' title='bbox 501 4401 570 4454; x_wconf 88' lang='lat' dir='ltr'><strong>Et</strong></span> <span class='ocrx_word' id='word_1_650' title='bbox 613 4401 810 4455; x_wconf 88' lang='lat' dir='ltr'><strong>iterum</strong></span> <span class='ocrx_word' id='word_1_651' title='bbox 839 4417 850 4452; x_wconf 89' lang='lat'><strong>:</strong></span> <span class='ocrx_word' id='word_1_652' title='bbox 876 4417 893 4448; x_wconf 89' lang='grc' dir='ltr'><strong>ι</strong></span> <span class='ocrx_word' id='word_1_653' title='bbox 921 4399 1113 4453; x_wconf 91' lang='lat' dir='ltr'><strong>Omnis</strong></span> <span class='ocrx_word' id='word_1_654' title='bbox 1138 4413 1318 4452; x_wconf 89' lang='lat' dir='ltr'><strong>sermo</strong></span> <span class='ocrx_word' id='word_1_655' title='bbox 1355 4398 1449 4453; x_wconf 90' lang='lat' dir='ltr'><strong>Dei</strong></span> <span class='ocrx_word' id='word_1_656' title='bbox 1495 4396 1693 4468; x_wconf 80' lang='lat' dir='ltr'><strong>ignitus</strong></span> <span class='ocrx_word' id='word_1_657' title='bbox 1740 4400 1961 4470; x_wconf 78' lang='lat' dir='ltr'><strong>clypeos</strong></span> <span class='ocrx_word' id='word_1_658' title='bbox 2003 4417 2061 4454; x_wconf 89' lang='lat' dir='ltr'><strong>es</strong></span> 
     </span>
     <span class='ocr_line' id='line_1_93' title="bbox 506 4484 2058 4508; baseline 0 0"><span class='ocrx_word' id='word_1_659' title='bbox 506 4486 845 4508; x_wconf 36' lang='lat' dir='ltr'><strong>_..__.x_-!l..--</strong></span> <span class='ocrx_word' id='word_1_660' title='bbox 876 4486 927 4508; x_wconf 73' lang='grc' dir='ltr'><strong>ε..</strong></span> <span class='ocrx_word' id='word_1_661' title='bbox 954 4500 1008 4508; x_wconf 58' lang='grc' dir='ltr'><strong>,Α</strong></span> <span class='ocrx_word' id='word_1_662' title='bbox 1049 4484 1208 4508; x_wconf 55' lang='lat' dir='ltr'><strong>In..-“</strong></span> <span class='ocrx_word' id='word_1_663' title='bbox 1258 4486 1386 4508; x_wconf 75' lang='lat'><strong>-._...\</strong></span> <span class='ocrx_word' id='word_1_664' title='bbox 1444 4505 1457 4508; x_wconf 95' lang='lat'><em>_</em></span> <span class='ocrx_word' id='word_1_665' title='bbox 1490 4485 1640 4508; x_wconf 64' lang='lat' dir='ltr'><strong>n.--.a</strong></span> <span class='ocrx_word' id='word_1_666' title='bbox 1669 4487 1709 4508; x_wconf 55' lang='grc' dir='ltr'><strong>,ε</strong></span> <span class='ocrx_word' id='word_1_667' title='bbox 1744 4487 2058 4508; x_wconf 65' lang='grc' dir='ltr'><strong>ε..--.---ει,ξιε</strong></span> 
     </span>
    </p>
   </div>
   <div class='ocr_carea' id='block_1_92' title="bbox 2170 4396 3761 4508">
    <p class='ocr_par' dir='ltr' id='par_1_92' title="bbox 2189 4406 3761 4508">
     <span class='ocr_line' id='line_1_94' title="bbox 2189 4406 3761 4508; baseline -0.009 -37"><span class='ocrx_word' id='word_1_668' title='bbox 2189 4416 2319 4473; x_wconf 68' lang='grc' dir='ltr'><strong>αλιι.</strong></span> <span class='ocrx_word' id='word_1_669' title='bbox 2363 4417 2402 4470; x_wconf 95' lang='lat' dir='ltr'><strong>l.</strong></span> <span class='ocrx_word' id='word_1_670' title='bbox 2428 4447 2499 4456; x_wconf 88' lang='lat'>—</span> <span class='ocrx_word' id='word_1_671' title='bbox 2526 4416 2783 4470; x_wconf 82' lang='lat' dir='ltr'><strong>Hortatur</strong></span> <span class='ocrx_word' id='word_1_672' title='bbox 2816 4414 3139 4508; x_wconf 54' lang='lat' dir='ltr'><strong>ddel&#39;qi&#39;lem,</strong></span> <span class='ocrx_word' id='word_1_673' title='bbox 3192 4412 3498 4466; x_wconf 83' lang='lat' dir='ltr'><strong>clericorum</strong></span> <span class='ocrx_word' id='word_1_674' title='bbox 3538 4406 3761 4463; x_wconf 69' lang='lat' dir='ltr'><strong>incanu-</strong></span> 
     </span>
    </p>
   </div>
   <div class='ocr_carea' id='block_1_93' title="bbox 503 4484 2088 4558">
    <p class='ocr_par' dir='ltr' id='par_1_93' title="bbox 503 4484 2088 4558">
     <span class='ocr_line' id='line_1_95' title="bbox 503 4484 2088 4558; baseline 0 -16"><span class='ocrx_word' id='word_1_675' title='bbox 503 4486 848 4558; x_wconf 87' lang='lat' dir='ltr'><strong>sperantibus</strong></span> <span class='ocrx_word' id='word_1_676' title='bbox 876 4486 931 4540; x_wconf 91' lang='lat' dir='ltr'><strong>in</strong></span> <span class='ocrx_word' id='word_1_677' title='bbox 953 4500 1011 4539; x_wconf 90' lang='lat' dir='ltr'><strong>se</strong></span> <span class='ocrx_word' id='word_1_678' title='bbox 1045 4484 1228 4554; x_wconf 73' lang='lat' dir='ltr'><strong>(Prov.</strong></span> <span class='ocrx_word' id='word_1_679' title='bbox 1257 4486 1410 4543; x_wconf 72' lang='lat' dir='ltr'><strong>xxxi.</strong></span> <span class='ocrx_word' id='word_1_680' title='bbox 1443 4505 1462 4537; x_wconf 74' lang='grc' dir='ltr'><strong>ι</strong></span> <span class='ocrx_word' id='word_1_681' title='bbox 1489 4485 1641 4551; x_wconf 89' lang='lat' dir='ltr'><strong>Quod</strong></span> <span class='ocrx_word' id='word_1_682' title='bbox 1666 4487 1711 4540; x_wconf 89' lang='lat' dir='ltr'><strong>si</strong></span> <span class='ocrx_word' id='word_1_683' title='bbox 1744 4487 2088 4557; x_wconf 82' lang='lat' dir='ltr'><strong>impossibili-</strong></span> 
     </span>
    </p>
   </div>
   <div class='ocr_carea' id='block_1_94' title="bbox 506 4577 2085 4647">
    <p class='ocr_par' dir='ltr' id='par_1_94' title="bbox 506 4577 2085 4647">
     <span class='ocr_line' id='line_1_96' title="bbox 506 4577 2085 4647; baseline -0.001 -12"><span class='ocrx_word' id='word_1_684' title='bbox 506 4588 672 4635; x_wconf 87' lang='lat' dir='ltr'><strong>tatem</strong></span> <span class='ocrx_word' id='word_1_685' title='bbox 706 4578 953 4633; x_wconf 89' lang='lat' dir='ltr'><strong>fortassis</strong></span> <span class='ocrx_word' id='word_1_686' title='bbox 977 4577 1223 4647; x_wconf 89' lang='lat' dir='ltr'><strong>opponis,</strong></span> <span class='ocrx_word' id='word_1_687' title='bbox 1259 4586 1311 4631; x_wconf 87' lang='lat' dir='ltr'><strong>et</strong></span> <span class='ocrx_word' id='word_1_688' title='bbox 1339 4577 1481 4631; x_wconf 86' lang='lat' dir='ltr'><strong>sicut</strong></span> <span class='ocrx_word' id='word_1_689' title='bbox 1512 4577 1642 4631; x_wconf 88' lang='lat' dir='ltr'><strong>mibi</strong></span> <span class='ocrx_word' id='word_1_690' title='bbox 1673 4577 1726 4630; x_wconf 92' lang='lat' dir='ltr'><strong>in</strong></span> <span class='ocrx_word' id='word_1_691' title='bbox 1754 4593 1816 4632; x_wconf 91' lang='lat' dir='ltr'><strong>os</strong></span> <span class='ocrx_word' id='word_1_692' title='bbox 1850 4578 2085 4644; x_wconf 82' lang='lat' dir='ltr'><strong>dixeras,</strong></span> 
     </span>
    </p>
   </div>
   <div class='ocr_carea' id='block_1_95' title="bbox 506 4665 2091 4739">
    <p class='ocr_par' dir='ltr' id='par_1_95' title="bbox 506 4665 2091 4739">
     <span class='ocr_line' id='line_1_97' title="bbox 506 4665 2091 4739; baseline 0.003 -18"><span class='ocrx_word' id='word_1_693' title='bbox 506 4669 574 4723; x_wconf 90' lang='lat' dir='ltr'><strong>ad</strong></span> <span class='ocrx_word' id='word_1_694' title='bbox 616 4668 718 4722; x_wconf 87' lang='lat' dir='ltr'><strong>hoc</strong></span> <span class='ocrx_word' id='word_1_695' title='bbox 743 4676 797 4722; x_wconf 87' lang='lat' dir='ltr'><strong>te</strong></span> <span class='ocrx_word' id='word_1_696' title='bbox 827 4665 1072 4722; x_wconf 85' lang='lat' dir='ltr'><strong>sullicere</strong></span> <span class='ocrx_word' id='word_1_697' title='bbox 1103 4682 1263 4738; x_wconf 83' lang='lat' dir='ltr'><strong>posse</strong></span> <span class='ocrx_word' id='word_1_698' title='bbox 1292 4665 1511 4730; x_wconf 63' lang='lat' dir='ltr'><strong>difﬁdis,</strong></span> <span class='ocrx_word' id='word_1_699' title='bbox 1543 4667 1671 4721; x_wconf 85' lang='lat' dir='ltr'><strong>audi</strong></span> <span class='ocrx_word' id='word_1_700' title='bbox 1712 4667 1840 4735; x_wconf 90' lang='lat' dir='ltr'><strong>quid</strong></span> <span class='ocrx_word' id='word_1_701' title='bbox 1872 4668 1965 4722; x_wconf 74' lang='lat' dir='ltr'><strong>tibi</strong></span> <span class='ocrx_word' id='word_1_702' title='bbox 1994 4684 2091 4739; x_wconf 88' lang='lat' dir='ltr'><strong>per</strong></span> 
     </span>
    </p>
   </div>
   <div class='ocr_carea' id='block_1_96' title="bbox 505 4761 2085 4832">
    <p class='ocr_par' dir='ltr' id='par_1_96' title="bbox 505 4761 2085 4832">
     <span class='ocr_line' id='line_1_98' title="bbox 505 4761 2085 4832; baseline -0.003 -13"><span class='ocrx_word' id='word_1_703' title='bbox 505 4763 758 4819; x_wconf 89' lang='lat' dir='ltr'><strong>eumdem</strong></span> <span class='ocrx_word' id='word_1_704' title='bbox 814 4761 1158 4817; x_wconf 89' lang='lat' dir='ltr'><strong>Salomonem</strong></span> <span class='ocrx_word' id='word_1_705' title='bbox 1211 4763 1488 4832; x_wconf 85' lang='lat' dir='ltr'><strong>Sapientia</strong></span> <span class='ocrx_word' id='word_1_706' title='bbox 1537 4777 1666 4817; x_wconf 89' lang='lat' dir='ltr'><strong>vera</strong></span> <span class='ocrx_word' id='word_1_707' title='bbox 1718 4764 2085 4832; x_wconf 86' lang='lat' dir='ltr'><strong>respondeat:</strong></span> 
     </span>
    </p>
   </div>
   <div class='ocr_carea' id='block_1_97' title="bbox 513 4853 2092 4923">
    <p class='ocr_par' dir='ltr' id='par_1_97' title="bbox 513 4853 2092 4923">
     <span class='ocr_line' id='line_1_99' title="bbox 513 4853 2092 4923; baseline 0.002 -19"><span class='ocrx_word' id='word_1_708' title='bbox 513 4872 532 4904; x_wconf 85' lang='grc' dir='ltr'><strong>ι</strong></span> <span class='ocrx_word' id='word_1_709' title='bbox 564 4853 706 4907; x_wconf 86' lang='lat' dir='ltr'><strong>Erue</strong></span> <span class='ocrx_word' id='word_1_710' title='bbox 728 4868 823 4908; x_wconf 91' lang='lat' dir='ltr'><strong>eos</strong></span> <span class='ocrx_word' id='word_1_711' title='bbox 869 4853 960 4923; x_wconf 85' lang='lat' dir='ltr'><strong>qui</strong></span> <span class='ocrx_word' id='word_1_712' title='bbox 991 4853 1264 4909; x_wconf 91' lang='lat' dir='ltr'><strong>ducuntur</strong></span> <span class='ocrx_word' id='word_1_713' title='bbox 1291 4853 1360 4908; x_wconf 87' lang='lat' dir='ltr'><strong>ad</strong></span> <span class='ocrx_word' id='word_1_714' title='bbox 1391 4861 1640 4915; x_wconf 87' lang='lat' dir='ltr'><strong>mortem,</strong></span> <span class='ocrx_word' id='word_1_715' title='bbox 1666 4862 1723 4907; x_wconf 89' lang='lat' dir='ltr'><strong>et</strong></span> <span class='ocrx_word' id='word_1_716' title='bbox 1749 4853 1841 4922; x_wconf 93' lang='lat' dir='ltr'><strong>qui</strong></span> <span class='ocrx_word' id='word_1_717' title='bbox 1876 4854 2092 4908; x_wconf 83' lang='lat' dir='ltr'><strong>trahun-</strong></span> 
     </span>
    </p>
   </div>
   <div class='ocr_carea' id='block_1_98' title="bbox 513 4942 2091 5010">
    <p class='ocr_par' dir='ltr' id='par_1_98' title="bbox 513 4942 2091 5010">
     <span class='ocr_line' id='line_1_100' title="bbox 513 4942 2091 5010; baseline 0.002 -15"><span class='ocrx_word' id='word_1_718' title='bbox 513 4951 598 4996; x_wconf 89' lang='lat' dir='ltr'><strong>tur</strong></span> <span class='ocrx_word' id='word_1_719' title='bbox 626 4944 692 4998; x_wconf 90' lang='lat' dir='ltr'><strong>ad</strong></span> <span class='ocrx_word' id='word_1_720' title='bbox 725 4944 1002 4999; x_wconf 89' lang='lat' dir='ltr'><strong>interitum</strong></span> <span class='ocrx_word' id='word_1_721' title='bbox 1027 4944 1257 5000; x_wconf 88' lang='lat' dir='ltr'><strong>liberare</strong></span> <span class='ocrx_word' id='word_1_722' title='bbox 1282 4959 1349 4999; x_wconf 89' lang='lat' dir='ltr'><strong>ne</strong></span> <span class='ocrx_word' id='word_1_723' title='bbox 1370 4950 1571 4999; x_wconf 83' lang='lat' dir='ltr'><strong>cesses.</strong></span> <span class='ocrx_word' id='word_1_724' title='bbox 1611 4942 1669 4998; x_wconf 89' lang='lat' dir='ltr'><strong>Si</strong></span> <span class='ocrx_word' id='word_1_725' title='bbox 1700 4944 1922 5010; x_wconf 89' lang='lat' dir='ltr'><strong>dixeris,</strong></span> <span class='ocrx_word' id='word_1_726' title='bbox 1946 4944 2091 4999; x_wconf 88' lang='lat' dir='ltr'><strong>vires</strong></span> 
     </span>
    </p>
   </div>
   <div class='ocr_carea' id='block_1_99' title="bbox 513 5032 2093 5104">
    <p class='ocr_par' dir='ltr' id='par_1_99' title="bbox 513 5032 2093 5104">
     <span class='ocr_line' id='line_1_101' title="bbox 513 5032 2093 5104; baseline 0.001 -20"><span class='ocrx_word' id='word_1_727' title='bbox 513 5045 617 5084; x_wconf 89' lang='lat' dir='ltr'><strong>non</strong></span> <span class='ocrx_word' id='word_1_728' title='bbox 647 5042 968 5102; x_wconf 87' lang='lat' dir='ltr'><strong>suppetunt;</strong></span> <span class='ocrx_word' id='word_1_729' title='bbox 1008 5034 1098 5104; x_wconf 85' lang='lat' dir='ltr'><strong>qui</strong></span> <span class='ocrx_word' id='word_1_730' title='bbox 1132 5034 1405 5103; x_wconf 76' lang='lat' dir='ltr'><strong>inepector</strong></span> <span class='ocrx_word' id='word_1_731' title='bbox 1431 5042 1515 5088; x_wconf 90' lang='lat' dir='ltr'><strong>est</strong></span> <span class='ocrx_word' id='word_1_732' title='bbox 1555 5034 1754 5099; x_wconf 86' lang='lat' dir='ltr'><strong>cordis,</strong></span> <span class='ocrx_word' id='word_1_733' title='bbox 1785 5034 1899 5102; x_wconf 89' lang='lat' dir='ltr'><strong>ipse</strong></span> <span class='ocrx_word' id='word_1_734' title='bbox 1940 5032 2093 5087; x_wconf 89' lang='lat' dir='ltr'><strong>intel-</strong></span> 
     </span>
    </p>
   </div>
   <div class='ocr_carea' id='block_1_100' title="bbox 512 5120 2093 5191">
    <p class='ocr_par' dir='ltr' id='par_1_100' title="bbox 512 5120 2093 5191">
     <span class='ocr_line' id='line_1_102' title="bbox 512 5120 2093 5191; baseline 0.003 -18"><span class='ocrx_word' id='word_1_735' title='bbox 512 5120 652 5191; x_wconf 87' lang='lat' dir='ltr'><strong>ligit,</strong></span> <span class='ocrx_word' id='word_1_736' title='bbox 698 5130 754 5175; x_wconf 88' lang='lat' dir='ltr'><strong>et</strong></span> <span class='ocrx_word' id='word_1_737' title='bbox 798 5126 1199 5179; x_wconf 88' lang='lat' dir='ltr'><strong>observatorem</strong></span> <span class='ocrx_word' id='word_1_738' title='bbox 1232 5123 1430 5179; x_wconf 67' lang='lat' dir='ltr'><strong>animm</strong></span> <span class='ocrx_word' id='word_1_739' title='bbox 1473 5134 1576 5178; x_wconf 73' lang='lat' dir='ltr'><strong>tute</strong></span> <span class='ocrx_word' id='word_1_740' title='bbox 1606 5123 1738 5177; x_wconf 81' lang='lat' dir='ltr'><strong>niail</strong></span> <span class='ocrx_word' id='word_1_741' title='bbox 1775 5123 1934 5189; x_wconf 87' lang='lat' dir='ltr'><strong>fallit,</strong></span> <span class='ocrx_word' id='word_1_742' title='bbox 1971 5123 2093 5178; x_wconf 86' lang='lat' dir='ltr'><strong>red-</strong></span> 
     </span>
    </p>
   </div>
   <div class='ocr_carea' id='block_1_101' title="bbox 513 5210 1889 5285">
    <p class='ocr_par' dir='ltr' id='par_1_101' title="bbox 513 5210 1889 5285">
     <span class='ocr_line' id='line_1_103' title="bbox 513 5210 1889 5285; baseline 0 -19"><span class='ocrx_word' id='word_1_743' title='bbox 513 5210 710 5280; x_wconf 77' lang='lat' dir='ltr'><strong>detque</strong></span> <span class='ocrx_word' id='word_1_744' title='bbox 737 5211 940 5266; x_wconf 87' lang='lat' dir='ltr'><strong>homini</strong></span> <span class='ocrx_word' id='word_1_745' title='bbox 960 5215 1112 5283; x_wconf 86' lang='lat' dir='ltr'><strong>juxta</strong></span> <span class='ocrx_word' id='word_1_746' title='bbox 1135 5230 1298 5285; x_wconf 84' lang='lat' dir='ltr'><strong>opera</strong></span> <span class='ocrx_word' id='word_1_747' title='bbox 1324 5230 1421 5270; x_wconf 85' lang='lat' dir='ltr'><strong>sua</strong></span> <span class='ocrx_word' id='word_1_748' title='bbox 1448 5212 1629 5284; x_wconf 78' lang='lat' dir='ltr'><strong>(Prov.</strong></span> <span class='ocrx_word' id='word_1_749' title='bbox 1665 5213 1834 5284; x_wconf 74' lang='lat' dir='ltr'><strong>sxtv).</strong></span> <span class='ocrx_word' id='word_1_750' title='bbox 1872 5233 1889 5266; x_wconf 79' lang='grc' dir='ltr'><strong>ι</strong></span> 
     </span>
    </p>
   </div>
   <div class='ocr_carea' id='block_1_102' title="bbox 588 5300 2092 5375">
    <p class='ocr_par' dir='ltr' id='par_1_102' title="bbox 588 5300 2092 5375">
     <span class='ocr_line' id='line_1_104' title="bbox 588 5300 2092 5375; baseline 0.002 -21"><span class='ocrx_word' id='word_1_751' title='bbox 588 5300 678 5354; x_wconf 88' lang='lat' dir='ltr'><strong>Sic</strong></span> <span class='ocrx_word' id='word_1_752' title='bbox 711 5317 842 5369; x_wconf 81' lang='lat' dir='ltr'><strong>ergo</strong></span> <span class='ocrx_word' id='word_1_753' title='bbox 883 5312 955 5365; x_wconf 94' lang='lat' dir='ltr'><strong>te,</strong></span> <span class='ocrx_word' id='word_1_754' title='bbox 1001 5307 1307 5359; x_wconf 88' lang='lat' dir='ltr'><strong>venerande</strong></span> <span class='ocrx_word' id='word_1_755' title='bbox 1346 5314 1520 5375; x_wconf 83' lang='lat' dir='ltr'><strong>pater,</strong></span> <span class='ocrx_word' id='word_1_756' title='bbox 1565 5305 1617 5357; x_wconf 92' lang='lat' dir='ltr'><strong>in</strong></span> <span class='ocrx_word' id='word_1_757' title='bbox 1654 5304 1757 5357; x_wconf 81' lang='lat' dir='ltr'><strong>hoc</strong></span> <span class='ocrx_word' id='word_1_758' title='bbox 1802 5303 2092 5369; x_wconf 88' lang='lat' dir='ltr'><strong>castitatis,</strong></span> 
     </span>
    </p>
   </div>
   <div class='ocr_carea' id='block_1_103' title="bbox 514 5391 2091 5465">
    <p class='ocr_par' dir='ltr' id='par_1_103' title="bbox 514 5391 2091 5465">
     <span class='ocr_line' id='line_1_105' title="bbox 514 5391 2091 5465; baseline -0.001 -17"><span class='ocrx_word' id='word_1_759' title='bbox 514 5391 861 5461; x_wconf 85' lang='lat' dir='ltr'><strong>libidinisque</strong></span> <span class='ocrx_word' id='word_1_760' title='bbox 892 5408 1183 5463; x_wconf 82' lang='lat' dir='ltr'><strong>congressu</strong></span> <span class='ocrx_word' id='word_1_761' title='bbox 1225 5405 1541 5451; x_wconf 86' lang='lat' dir='ltr'><strong>constanter</strong></span> <span class='ocrx_word' id='word_1_762' title='bbox 1581 5396 1822 5465; x_wconf 78' lang='lat' dir='ltr'><strong>accinge.</strong></span> <span class='ocrx_word' id='word_1_763' title='bbox 1888 5394 1979 5451; x_wconf 89' lang='lat' dir='ltr'><strong>Sic</strong></span> <span class='ocrx_word' id='word_1_764' title='bbox 2008 5395 2091 5447; x_wconf 78' lang='lat' dir='ltr'><strong>vi-</strong></span> 
     </span>
    </p>
   </div>
   <div class='ocr_carea' id='block_1_104' title="bbox 521 5482 2094 5554">
    <p class='ocr_par' dir='ltr' id='par_1_104' title="bbox 521 5482 2094 5554">
     <span class='ocr_line' id='line_1_106' title="bbox 521 5482 2094 5554; baseline 0.003 -17"><span class='ocrx_word' id='word_1_765' title='bbox 521 5482 676 5537; x_wconf 73' lang='lat' dir='ltr'><strong>Irato</strong></span> <span class='ocrx_word' id='word_1_766' title='bbox 702 5483 926 5553; x_wconf 89' lang='lat' dir='ltr'><strong>spiritus</strong></span> <span class='ocrx_word' id='word_1_767' title='bbox 956 5484 1132 5554; x_wconf 85' lang='lat' dir='ltr'><strong>gladio</strong></span> <span class='ocrx_word' id='word_1_768' title='bbox 1157 5488 1429 5552; x_wconf 82' lang='lat' dir='ltr'><strong>grassanti</strong></span> <span class='ocrx_word' id='word_1_769' title='bbox 1472 5487 1525 5542; x_wconf 91' lang='lat' dir='ltr'><strong>in</strong></span> <span class='ocrx_word' id='word_1_770' title='bbox 1553 5486 1792 5543; x_wconf 85' lang='lat' dir='ltr'><strong>Ecclesia</strong></span> <span class='ocrx_word' id='word_1_771' title='bbox 1822 5496 1911 5543; x_wconf 90' lang='lat' dir='ltr'><strong>tua</strong></span> <span class='ocrx_word' id='word_1_772' title='bbox 1944 5486 2094 5541; x_wconf 69' lang='lat' dir='ltr'><strong>luxu-</strong></span> 
     </span>
    </p>
   </div>
   <div class='ocr_carea' id='block_1_105' title="bbox 592 5658 1356 5734">
    <p class='ocr_par' dir='ltr' id='par_1_105' title="bbox 592 5658 1356 5734">
     <span class='ocr_line' id='line_1_107' title="bbox 592 5658 1356 5734; baseline 0.004 -19"><span class='ocrx_word' id='word_1_773' title='bbox 592 5658 713 5734; x_wconf 81' lang='lat' dir='ltr'><strong>(I0)&#39;</strong></span> <span class='ocrx_word' id='word_1_774' title='bbox 747 5662 966 5721; x_wconf 81' lang='lat' dir='ltr'><strong>Terent.</strong></span> <span class='ocrx_word' id='word_1_775' title='bbox 999 5663 1051 5728; x_wconf 86' lang='lat' dir='ltr'><strong>in</strong></span> <span class='ocrx_word' id='word_1_776' title='bbox 1080 5662 1356 5720; x_wconf 74' lang='lat' dir='ltr'><strong>Eunucho.</strong></span> 
     </span>
    </p>
   </div>
   <div class='ocr_carea' id='block_1_106' title="bbox 2567 4486 3362 4540">
    <p class='ocr_par' dir='ltr' id='par_1_106' title="bbox 2567 4486 3362 4540">
     <span class='ocr_line' id='line_1_108' title="bbox 2567 4486 3362 4540; baseline -0.008 0"><span class='ocrx_word' id='word_1_777' title='bbox 2567 4501 2798 4540; x_wconf 72' lang='lat' dir='ltr'><strong>neutrum</strong></span> <span class='ocrx_word' id='word_1_778' title='bbox 2829 4486 3095 4539; x_wconf 72' lang='lat' dir='ltr'><strong>libidinem</strong></span> <span class='ocrx_word' id='word_1_779' title='bbox 3130 4498 3362 4538; x_wconf 73' lang='lat' dir='ltr'><strong>coercere</strong></span> 
     </span>
    </p>
   </div>
   <div class='ocr_carea' id='block_1_107' title="bbox 2263 4562 3761 4643">
    <p class='ocr_par' dir='ltr' id='par_1_107' title="bbox 2263 4562 3761 4643">
     <span class='ocr_line' id='line_1_109' title="bbox 2263 4562 3761 4643; baseline -0.012 -11"><span class='ocrx_word' id='word_1_780' title='bbox 2263 4576 2370 4632; x_wconf 92' lang='lat' dir='ltr'><strong>Sed</strong></span> <span class='ocrx_word' id='word_1_781' title='bbox 2392 4577 2517 4631; x_wconf 92' lang='lat' dir='ltr'><strong>dum</strong></span> <span class='ocrx_word' id='word_1_782' title='bbox 2544 4592 2639 4630; x_wconf 83' lang='lat' dir='ltr'><strong>vos</strong></span> <span class='ocrx_word' id='word_1_783' title='bbox 2668 4575 3043 4631; x_wconf 75' lang='lat' dir='ltr'><strong>confcelerare</strong></span> <span class='ocrx_word' id='word_1_784' title='bbox 3064 4575 3130 4628; x_wconf 89' lang='lat' dir='ltr'><strong>ad</strong></span> <span class='ocrx_word' id='word_1_785' title='bbox 3158 4572 3400 4643; x_wconf 87' lang='lat' dir='ltr'><strong>praelium</strong></span> <span class='ocrx_word' id='word_1_786' title='bbox 3426 4572 3615 4627; x_wconf 74' lang='lat' dir='ltr'><strong>contra</strong></span> <span class='ocrx_word' id='word_1_787' title='bbox 3643 4562 3761 4617; x_wconf 81' lang='lat' dir='ltr'><strong>dia-</strong></span> 
     </span>
    </p>
   </div>
   <div class='ocr_carea' id='block_1_108' title="bbox 2191 4657 3767 4729">
    <p class='ocr_par' dir='ltr' id='par_1_108' title="bbox 2191 4657 3767 4729">
     <span class='ocr_line' id='line_1_110' title="bbox 2191 4657 3767 4729; baseline -0.014 -6"><span class='ocrx_word' id='word_1_788' title='bbox 2191 4667 2374 4723; x_wconf 91' lang='lat' dir='ltr'><strong>bolum</strong></span> <span class='ocrx_word' id='word_1_789' title='bbox 2405 4667 2617 4729; x_wconf 87' lang='lat' dir='ltr'><strong>studeo,</strong></span> <span class='ocrx_word' id='word_1_790' title='bbox 2651 4666 2778 4720; x_wconf 90' lang='lat' dir='ltr'><strong>illud</strong></span> <span class='ocrx_word' id='word_1_791' title='bbox 2803 4666 2935 4720; x_wconf 78' lang='lat' dir='ltr'><strong>mihi</strong></span> <span class='ocrx_word' id='word_1_792' title='bbox 2966 4664 3164 4720; x_wconf 88' lang='lat' dir='ltr'><strong>bellum</strong></span> <span class='ocrx_word' id='word_1_793' title='bbox 3197 4662 3249 4715; x_wconf 90' lang='lat' dir='ltr'><strong>in</strong></span> <span class='ocrx_word' id='word_1_794' title='bbox 3274 4657 3586 4713; x_wconf 89' lang='lat' dir='ltr'><strong>memoriam</strong></span> <span class='ocrx_word' id='word_1_795' title='bbox 3611 4666 3767 4705; x_wconf 85' lang='lat' dir='ltr'><strong>revo-</strong></span> 
     </span>
    </p>
   </div>
   <div class='ocr_carea' id='block_1_109' title="bbox 2193 4741 3770 4826">
    <p class='ocr_par' dir='ltr' id='par_1_109' title="bbox 2193 4741 3770 4826">
     <span class='ocr_line' id='line_1_111' title="bbox 2193 4741 3770 4826; baseline -0.012 -14"><span class='ocrx_word' id='word_1_796' title='bbox 2193 4757 2513 4826; x_wconf 86' lang='lat' dir='ltr'><strong>catur,quod</strong></span> <span class='ocrx_word' id='word_1_797' title='bbox 2530 4757 2770 4811; x_wconf 85' lang='lat' dir='ltr'><strong>Debbora</strong></span> <span class='ocrx_word' id='word_1_798' title='bbox 2786 4757 3076 4826; x_wconf 84' lang='lat' dir='ltr'><strong>prophetes</strong></span> <span class='ocrx_word' id='word_1_799' title='bbox 3089 4767 3224 4808; x_wconf 89' lang='lat' dir='ltr'><strong>uxor</strong></span> <span class='ocrx_word' id='word_1_800' title='bbox 3237 4747 3659 4818; x_wconf 86' lang='lat' dir='ltr'><strong>Lapidotb,cum</strong></span> <span class='ocrx_word' id='word_1_801' title='bbox 3675 4741 3770 4794; x_wconf 86' lang='lat' dir='ltr'><strong>Ba-</strong></span> 
     </span>
    </p>
   </div>
   <div class='ocr_carea' id='block_1_110' title="bbox 2196 4836 3771 4906">
    <p class='ocr_par' dir='ltr' id='par_1_110' title="bbox 2196 4836 3771 4906">
     <span class='ocr_line' id='line_1_112' title="bbox 2196 4836 3771 4906; baseline -0.013 -1"><span class='ocrx_word' id='word_1_802' title='bbox 2196 4865 2287 4906; x_wconf 90' lang='lat' dir='ltr'><strong>rac</strong></span> <span class='ocrx_word' id='word_1_803' title='bbox 2346 4849 2457 4904; x_wconf 84' lang='lat' dir='ltr'><strong>filio</strong></span> <span class='ocrx_word' id='word_1_804' title='bbox 2496 4849 2755 4904; x_wconf 85' lang='lat' dir='ltr'><strong>Abinoem</strong></span> <span class='ocrx_word' id='word_1_805' title='bbox 2798 4848 3052 4903; x_wconf 82' lang='lat' dir='ltr'><strong>habuisse</strong></span> <span class='ocrx_word' id='word_1_806' title='bbox 3078 4853 3266 4900; x_wconf 85' lang='lat' dir='ltr'><strong>contra</strong></span> <span class='ocrx_word' id='word_1_807' title='bbox 3307 4842 3547 4896; x_wconf 85' lang='lat' dir='ltr'><strong>Sisaram</strong></span> <span class='ocrx_word' id='word_1_808' title='bbox 3579 4836 3771 4890; x_wconf 86' lang='lat' dir='ltr'><strong>ducem</strong></span> 
     </span>
    </p>
   </div>
   <div class='ocr_carea' id='block_1_111' title="bbox 2195 4924 3773 5011">
    <p class='ocr_par' dir='ltr' id='par_1_111' title="bbox 2195 4924 3773 5011">
     <span class='ocr_line' id='line_1_113' title="bbox 2195 4924 3773 5011; baseline -0.013 -14"><span class='ocrx_word' id='word_1_809' title='bbox 2195 4942 2469 4997; x_wconf 85' lang='lat' dir='ltr'><strong>exercitus</strong></span> <span class='ocrx_word' id='word_1_810' title='bbox 2489 4941 2774 5011; x_wconf 86' lang='lat' dir='ltr'><strong>reperitur.</strong></span> <span class='ocrx_word' id='word_1_811' title='bbox 2794 4940 2868 4993; x_wconf 91' lang='lat' dir='ltr'><strong>De</strong></span> <span class='ocrx_word' id='word_1_812' title='bbox 2891 4939 2977 4993; x_wconf 90' lang='lat' dir='ltr'><strong>illa</strong></span> <span class='ocrx_word' id='word_1_813' title='bbox 3000 4938 3199 5007; x_wconf 86' lang='lat' dir='ltr'><strong>quippe</strong></span> <span class='ocrx_word' id='word_1_814' title='bbox 3226 4933 3424 5004; x_wconf 82' lang='lat' dir='ltr'><strong>legitur</strong></span> <span class='ocrx_word' id='word_1_815' title='bbox 3447 4947 3461 4983; x_wconf 89' lang='lat'><strong>:</strong></span> <span class='ocrx_word' id='word_1_816' title='bbox 3493 4948 3512 4981; x_wconf 82' lang='grc' dir='ltr'><strong>ι</strong></span> <span class='ocrx_word' id='word_1_817' title='bbox 3533 4927 3668 4993; x_wconf 88' lang='lat' dir='ltr'><strong>Quia</strong></span> <span class='ocrx_word' id='word_1_818' title='bbox 3687 4924 3773 4992; x_wconf 85' lang='lat' dir='ltr'><strong>ju-</strong></span> 
     </span>
    </p>
   </div>
   <div class='ocr_carea' id='block_1_112' title="bbox 2199 5016 3778 5102">
    <p class='ocr_par' dir='ltr' id='par_1_112' title="bbox 2199 5016 3778 5102">
     <span class='ocr_line' id='line_1_114' title="bbox 2199 5016 3778 5102; baseline -0.013 -14"><span class='ocrx_word' id='word_1_819' title='bbox 2199 5034 2412 5089; x_wconf 86' lang='lat' dir='ltr'><strong>dicabat</strong></span> <span class='ocrx_word' id='word_1_820' title='bbox 2439 5033 2715 5102; x_wconf 87' lang='lat' dir='ltr'><strong>p0pulum,</strong></span> <span class='ocrx_word' id='word_1_821' title='bbox 2742 5030 3214 5097; x_wconf 86' lang='lat' dir='ltr'><strong>ascendebantque</strong></span> <span class='ocrx_word' id='word_1_822' title='bbox 3243 5028 3311 5081; x_wconf 90' lang='lat' dir='ltr'><strong>ad</strong></span> <span class='ocrx_word' id='word_1_823' title='bbox 3343 5038 3463 5079; x_wconf 88' lang='lat' dir='ltr'><strong>eam</strong></span> <span class='ocrx_word' id='word_1_824' title='bbox 3491 5020 3582 5075; x_wconf 87' lang='lat' dir='ltr'><strong>fllii</strong></span> <span class='ocrx_word' id='word_1_825' title='bbox 3608 5016 3778 5072; x_wconf 80' lang='lat' dir='ltr'><strong>Israel</strong></span> 
     </span>
    </p>
   </div>
   <div class='ocr_carea' id='block_1_113' title="bbox 2199 5105 3789 5199">
    <p class='ocr_par' dir='ltr' id='par_1_113' title="bbox 2199 5105 3789 5199">
     <span class='ocr_line' id='line_1_115' title="bbox 2199 5105 3789 5199; baseline -0.016 -17"><span class='ocrx_word' id='word_1_826' title='bbox 2199 5123 2360 5195; x_wconf 64' lang='grc'><strong>413</strong></span> <span class='ocrx_word' id='word_1_827' title='bbox 2414 5125 2466 5177; x_wconf 85' lang='lat' dir='ltr'><strong>in</strong></span> <span class='ocrx_word' id='word_1_828' title='bbox 2509 5139 2671 5178; x_wconf 86' lang='lat' dir='ltr'><strong>omne</strong></span> <span class='ocrx_word' id='word_1_829' title='bbox 2714 5122 2978 5191; x_wconf 86' lang='lat' dir='ltr'><strong>judicium</strong></span> <span class='ocrx_word' id='word_1_830' title='bbox 3034 5119 3243 5189; x_wconf 79' lang='lat' dir='ltr'><strong>(Judic.</strong></span> <span class='ocrx_word' id='word_1_831' title='bbox 3275 5116 3382 5199; x_wconf 61' lang='grc' dir='ltr'><strong>ιγ).</strong></span> <span class='ocrx_word' id='word_1_832' title='bbox 3420 5133 3447 5166; x_wconf 65' lang='grc' dir='ltr'><strong>ι</strong></span> <span class='ocrx_word' id='word_1_833' title='bbox 3485 5112 3564 5165; x_wconf 76' lang='lat' dir='ltr'><strong>Ad</strong></span> <span class='ocrx_word' id='word_1_834' title='bbox 3620 5105 3789 5199; x_wconf 63' lang='lat' dir='ltr'><strong>huius</strong></span> 
     </span>
    </p>
   </div>
   <div class='ocr_carea' id='block_1_114' title="bbox 2201 5196 3785 5287">
    <p class='ocr_par' dir='ltr' id='par_1_114' title="bbox 2201 5196 3785 5287">
     <span class='ocr_line' id='line_1_116' title="bbox 2201 5196 3785 5287; baseline -0.013 -18"><span class='ocrx_word' id='word_1_835' title='bbox 2201 5218 2504 5287; x_wconf 84' lang='lat' dir='ltr'><strong>exemplum</strong></span> <span class='ocrx_word' id='word_1_836' title='bbox 2542 5226 2595 5269; x_wconf 90' lang='lat' dir='ltr'><strong>tu</strong></span> <span class='ocrx_word' id='word_1_837' title='bbox 2626 5230 2840 5285; x_wconf 90' lang='lat' dir='ltr'><strong>quoque</strong></span> <span class='ocrx_word' id='word_1_838' title='bbox 2884 5216 3004 5269; x_wconf 90' lang='lat' dir='ltr'><strong>sine</strong></span> <span class='ocrx_word' id='word_1_839' title='bbox 3032 5212 3173 5266; x_wconf 87' lang='lat' dir='ltr'><strong>virili</strong></span> <span class='ocrx_word' id='word_1_840' title='bbox 3226 5196 3367 5279; x_wconf 87' lang='lat' dir='ltr'><strong>regis</strong></span> <span class='ocrx_word' id='word_1_841' title='bbox 3393 5202 3603 5258; x_wconf 82' lang='lat' dir='ltr'><strong>auxilio</strong></span> <span class='ocrx_word' id='word_1_842' title='bbox 3628 5196 3785 5268; x_wconf 84' lang='lat' dir='ltr'><strong>regni</strong></span> 
     </span>
    </p>
   </div>
   <div class='ocr_carea' id='block_1_115' title="bbox 2198 5288 3784 5378">
    <p class='ocr_par' dir='ltr' id='par_1_115' title="bbox 2198 5288 3784 5378">
     <span class='ocr_line' id='line_1_117' title="bbox 2198 5288 3784 5378; baseline -0.006 -16"><span class='ocrx_word' id='word_1_843' title='bbox 2198 5309 2411 5378; x_wconf 83' lang='lat' dir='ltr'><strong>pondus</strong></span> <span class='ocrx_word' id='word_1_844' title='bbox 2442 5309 2679 5363; x_wconf 79' lang='lat' dir='ltr'><strong>sustines</strong></span> <span class='ocrx_word' id='word_1_845' title='bbox 2705 5325 2717 5360; x_wconf 90' lang='lat'><strong>:</strong></span> <span class='ocrx_word' id='word_1_846' title='bbox 2748 5316 2803 5362; x_wconf 84' lang='lat' dir='ltr'><strong>et</strong></span> <span class='ocrx_word' id='word_1_847' title='bbox 2834 5307 2899 5361; x_wconf 86' lang='lat' dir='ltr'><strong>ad</strong></span> <span class='ocrx_word' id='word_1_848' title='bbox 2928 5315 2979 5360; x_wconf 90' lang='lat' dir='ltr'><strong>te</strong></span> <span class='ocrx_word' id='word_1_849' title='bbox 3005 5303 3286 5360; x_wconf 81' lang='lat' dir='ltr'><strong>confluunt</strong></span> <span class='ocrx_word' id='word_1_850' title='bbox 3313 5297 3407 5367; x_wconf 87' lang='lat' dir='ltr'><strong>qui</strong></span> <span class='ocrx_word' id='word_1_851' title='bbox 3457 5294 3641 5349; x_wconf 72' lang='lat' dir='ltr'><strong>litibus</strong></span> <span class='ocrx_word' id='word_1_852' title='bbox 3667 5288 3784 5343; x_wconf 60' lang='lat'><strong>5033</strong></span> 
     </span>
    </p>
   </div>
   <div class='ocr_carea' id='block_1_116' title="bbox 2201 5386 3783 5474">
    <p class='ocr_par' dir='ltr' id='par_1_116' title="bbox 2201 5386 3783 5474">
     <span class='ocr_line' id='line_1_118' title="bbox 2201 5386 3783 5474; baseline -0.015 -17"><span class='ocrx_word' id='word_1_853' title='bbox 2201 5402 2485 5472; x_wconf 77' lang='lat' dir='ltr'><strong>imponere</strong></span> <span class='ocrx_word' id='word_1_854' title='bbox 2529 5403 2719 5474; x_wconf 82' lang='lat' dir='ltr'><strong>legalis</strong></span> <span class='ocrx_word' id='word_1_855' title='bbox 2763 5400 3044 5456; x_wconf 63' lang='lat' dir='ltr'><strong>sententiae</strong></span> <span class='ocrx_word' id='word_1_856' title='bbox 3072 5394 3337 5454; x_wconf 79' lang='lat' dir='ltr'><strong>calculum</strong></span> <span class='ocrx_word' id='word_1_857' title='bbox 3366 5386 3783 5474; x_wconf 85' lang='lat' dir='ltr'><strong>concupiscunt.</strong></span> 
     </span>
    </p>
   </div>
   <div class='ocr_carea' id='block_1_117' title="bbox 2202 5473 3789 5568">
    <p class='ocr_par' dir='ltr' id='par_1_117' title="bbox 2202 5473 3789 5568">
     <span class='ocr_line' id='line_1_119' title="bbox 2202 5473 3789 5568; baseline -0.013 -20"><span class='ocrx_word' id='word_1_858' title='bbox 2202 5494 2305 5548; x_wconf 75' lang='lat' dir='ltr'><strong>Sel</strong></span> <span class='ocrx_word' id='word_1_859' title='bbox 2338 5506 2544 5568; x_wconf 82' lang='lat' dir='ltr'><strong>satage,</strong></span> <span class='ocrx_word' id='word_1_860' title='bbox 2577 5473 2801 5552; x_wconf 85' lang='lat' dir='ltr'><strong>utsicut</strong></span> <span class='ocrx_word' id='word_1_861' title='bbox 2830 5495 2940 5559; x_wconf 87' lang='lat' dir='ltr'><strong>illa,</strong></span> <span class='ocrx_word' id='word_1_862' title='bbox 2972 5500 3029 5549; x_wconf 86' lang='lat' dir='ltr'><strong>et</strong></span> <span class='ocrx_word' id='word_1_863' title='bbox 3071 5502 3126 5546; x_wconf 92' lang='lat' dir='ltr'><strong>tu</strong></span> <span class='ocrx_word' id='word_1_864' title='bbox 3172 5499 3389 5561; x_wconf 90' lang='lat' dir='ltr'><strong>qunque</strong></span> <span class='ocrx_word' id='word_1_865' title='bbox 3434 5480 3647 5539; x_wconf 88' lang='lat' dir='ltr'><strong>habites</strong></span> <span class='ocrx_word' id='word_1_866' title='bbox 3684 5473 3789 5530; x_wconf 82' lang='lat' dir='ltr'><strong>sub</strong></span> 
     </span>
    </p>
   </div>
  </div>
