4132 6324
367 339 471 394 117

367 553 635 615 pretatur,
672 544 916 607 excelsa;
949 543 1158 608 Bethel,
1202 547 1388 599 domus
1435 545 1552 598 Dei.
1592 547 1783 600 llabita
1812 563 1941 616 ergo

366 645 421 690 et
446 645 500 686 tu
530 635 630 688 sub
661 633 859 703 palma,
905 648 1226 702 semperque
1270 649 1433 703 super
1462 645 1510 687 te
1543 637 1720 689 crucis
1748 636 1948 691 Christi

366 723 733 793 contemplare
763 723 1079 777 victoriam:
1115 725 1242 778 sede
1275 727 1442 776 etiam
1497 725 1642 778 inter
1674 725 1842 779 liama
1895 738 1950 781 et

364 814 574 878 Bethel,
610 823 798 867 utnon
832 813 967 876 solo,
1005 813 1104 866 hoc.
1135 822 1217 865 est
1242 814 1494 877 terrenis,
1528 815 1823 868 inlimreas:
1855 816 1949 869 sed

367 923 489 961 cum
519 905 775 975 apostolis
805 905 856 958 in
885 904 1184 967 cumaculo,
1220 915 1271 957 et
1302 920 1422 958 cum
1452 907 1605 957 Anna
1660 916 1846 959 sancta
1871 907 1950 958 vi-

367 1002 472 1054 dua
512 999 854 1054 converseris
883 1013 1095 1067 semper
1144 999 1197 1051 in
1263 999 1481 1066 templo.
1536 1001 1613 1053 De
1661 1016 1764 1068 qua
1820 1001 1950 1056 dicit

366 1089 696 1160 evangelista
728 1105 742 1152 ;
778 1107 796 1139 ι
837 1089 972 1154 Quia
1013 1104 1119 1142 non
1151 1088 1460 1143 discedebat
1483 1092 1547 1144 de
1571 1092 1787 1159 templo,
1812 1090 1954 1164 jeju-

367 1188 476 1240 niis
523 1196 575 1240 et
604 1187 940 1240 oratiouilms
975 1185 1217 1239 serviens
1241 1195 1396 1240 nocte
1424 1201 1487 1240 ac
1519 1187 1607 1241 die
1636 1186 1786 1257 (Luc.
1818 1187 1900 1255 ιι).
1926 1205 1944 1238 ι

368 1277 436 1332 Et
463 1293 585 1347 quia
622 1276 865 1330 Debbora
899 1277 1282 1345 interpretatur
1313 1279 1426 1345 apis
1446 1317 1461 1339 ,
1498 1287 1553 1329 tu
1585 1293 1796 1345 quoque
1823 1277 1955 1330 mel-

367 1367 529 1428 litica,
556 1377 608 1420 et
635 1368 831 1420 divinae
859 1366 1036 1418 laudis
1085 1365 1422 1419 dulcedinem
1456 1367 1507 1418 in
1539 1369 1644 1419 tuis
1670 1366 1826 1421 labiis
1864 1368 1951 1434 ju-

369 1459 508 1528 giter
549 1471 729 1510 versa.
762 1475 779 1504 ι
817 1455 986 1521 Quam
1041 1453 1238 1517 dulcia,
1293 1455 1484 1523 inquit,
1537 1455 1781 1510 faucibus
1817 1457 1952 1510 meis

368 1549 580 1616 eloquia
629 1556 752 1611 tua,
800 1561 964 1615 super
1016 1544 1120 1598 mel
1168 1552 1222 1598 et
1265 1546 1552 1600 iavutnori
1604 1562 1728 1601 meo
1776 1542 1948 1615 (Paul.

362 1641 578 1708 cxvtn).
627 1658 647 1691 ι

437 1735 620 1796 Certe,
653 1742 710 1786 ut
743 1732 907 1787 multa
937 1741 1273 1803 praeteream,
1309 1741 1565 1800 tanquam
1597 1746 1665 1785 ex
1719 1731 1948 1801 quodam

1055 342 1299 400 OPUSC.
1345 344 1530 401 XV'lll.
1570 345 1921 403 —CONTRA
1961 348 2538 409 INTEMPERANTES
2579 345 2935 406 CLEMCOS.

363 452 567 524 palma,
600 449 744 506 inter
773 450 941 505 Rama
970 460 1024 505 et
1059 452 1264 508 Bethel.
1297 453 1467 507 Rama
1494 455 1758 522 siquidem
1782 457 1944 510 inter-
1971 467 2014 522 Α
2047 460 2159 512 suis
2187 460 2512 527 agminibus,
2539 473 2592 515 et

3516 359 3617 416 ‘18

2776 467 2920 520 entis
2944 468 3150 522 falcatis
3178 469 3427 522 curribus
3452 467 3628 524 fundi-

2055 559 2137 603 tus
2167 551 2541 616 debellarunt;
2579 554 2650 607 ita
2677 563 2731 608 et
2755 571 2868 618 vos,
2898 567 2948 610 tu
2983 559 3192 611 scilicet
3239 567 3294 611 et
3325 559 3626 614 'l'aurinen-

2052 642 2129 694 sis
2150 642 2454 711 episeopus,
2477 653 2666 697 contra
2694 645 2957 708 Sisaram,
2985 647 3207 701 luxurize
3233 654 3441 710 ducem,
3477 665 3627 705 arma

2051 731 2310 800 corripite
2348 750 2361 783 :
2388 747 2622 802 eumque
2660 735 2712 788 in
2737 735 2873 788 filios
2903 736 3088 799 Israel.
3113 739 3215 793 hoc
3245 747 3329 792 est
3376 741 3428 792 in
3469 740 3633 795 cleri-

2051 837 2144 875 cos
2175 821 2450 885 Ecclesiae,
2501 824 2890 892 dominan7em,
2926 843 3182 884 mucrone
3229 830 3500 899 pudicitia:
3542 831 3601 902 ju

2050 911 2262 981 gulate;
2298 923 2566 981 quatenus
2593 924 2648 969 et
2675 919 2979 986 episcopus,
3020 918 3128 973 imo
3157 935 3346 974 omnes
3374 923 3622 992 episcopi,

2051 1003 2143 1069 qui
2175 1003 2226 1056 in
2259 1005 2744 1060 administrationis
2800 1016 2901 1061 tua:
2948 1008 3147 1062 finibus
3199 1020 3630 1077 commorantur,

2052 1093 2372 1146 sacerdotali
2428 1094 2656 1149 clericos
2715 1097 2998 1166 disciplina
3046 1109 3332 1153 coerceant
3361 1142 3374 1165 ,
3409 1111 3462 1154 et
3486 1111 3542 1156 tu
3575 1103 3632 1157 in

2052 1182 2279 1237 feminas
2322 1185 2556 1254 vigorem
2608 1195 2836 1241 terrena:
2881 1191 3164 1256 potestatis
3190 1191 3469 1244 extendas.
3498 1191 3632 1246 Tres

2052 1273 2249 1339 quippe
2297 1277 2667 1328 tantummodo
2725 1276 2952 1330 feminas
3001 1278 3144 1331 Deus
3186 1279 3364 1332 novit:
3399 1295 3518 1348 Quae
3547 1281 3631 1334 his

2051 1364 2234 1432 plures
2265 1377 2412 1427 sunt,
2451 1366 2503 1419 in
2552 1367 2668 1436 ejus
2700 1369 2873 1422 adhuc
2901 1370 3146 1422 notitiam
3190 1386 3296 1423 non
3350 1381 3634 1426 venerunt.

2052 1457 2213 1511 Novit
2238 1459 2380 1512 enim
2411 1459 2650 1528 virgines
2679 1476 2798 1514 cum
2830 1461 3020 1527 Maria,
3052 1463 3241 1517 viduas
3281 1478 3404 1516 cum
3459 1464 3636 1528 Anna,

2052 1547 2312 1616 conjuges
2339 1563 2464 1601 cum
2494 1549 2761 1603 Susanna.

2051 1636 2180 1691 Car.
2221 1637 2283 1690 ΙΙ.
2321 1667 2390 1677 -
2431 1638 2584 1702 Quod
2611 1641 2918 1694 concubina:
2943 1659 2974 1694 a
3004 1642 3205 1711 templis
3238 1646 3340 1697 sint
3373 1644 3636 1700 arcenda'.

2125 1725 2340 1779 Illorum
2368 1741 2494 1780 vero
2526 1726 2845 1781 clericorum
2879 1729 3124 1794 feminas,
3161 1732 3251 1800 qui
3291 1733 3636 1788 matrimonia

365 1825 539 1881 mellis
571 1825 691 1879 favo
719 1827 832 1880 visa
883 1838 970 1880 est
1011 1826 1141 1879 mihi
1181 1826 1293 1879 hinc
1341 1824 1484 1879 stilla
1512 1822 1792 1886 demisere,
1825 1839 1947 1877 eam
1981 1806 2023 1864 Β
2053 1829 2326 1886 nequeunt
2373 1820 2528 1889 legali
2558 1818 2680 1886 jure
2703 1822 3045 1884 contrahere,
3081 1839 3184 1875 non
3234 1823 3510 1896 conjuges,
3543 1827 3636 1879 sed

359 1917 471 1971 hoc
499 1931 640 1970 vera:
669 1916 986 1971 humilitatis
1010 1917 1234 1970 verbum
1252 1916 1317 1968 de
1349 1925 1438 1969 tuo
1461 1915 1685 1983 contigit
1709 1930 1802 1970 ore
1828 1931 1950 1984 pre-

373 2009 493 2062 dire
526 2025 538 2060 :
582 2007 718 2072 Quid
747 2009 960 2072 mirum,
1007 2017 1183 2077 pater,
1209 2007 1252 2060 si
1283 2009 1424 2061 Deus
1445 2008 1786 2075 omnipotens
1817 2005 1948 2058 mihi

367 2098 671 2154 vilissimae"
701 2099 907 2152 ancillae
966 2115 1077 2154 suze
1132 2099 1660 2168 quantulameunque
1703 2097 1952 2151 conferre

367 2193 620 2262 dignatus
653 2201 734 2245 est
766 2191 907 2245 inter
931 2191 1176 2245 homines
1200 2199 1542 2260 potestatem,
1575 2189 1664 2258 qui
1699 2199 1947 2242 contem-

368 2283 538 2351 ptibili
571 2283 791 2338 cuilibet
843 2283 1021 2336 herbae
1080 2281 1698 2349 mirabilemaliquando
1750 2282 1950 2348 ιιι-αεὶ)οι

371 2375 548 2428 inesse
572 2373 865 2427 virtutem?
913 2373 1208 2427 Ostendisti
1240 2390 1369 2442 ergo
1403 2382 1452 2426 te
1480 2387 1656 2439 apem,
1688 2372 1813 2424 dum
1845 2371 1948 2425 favi

367 2464 598 2518 distillas
654 2480 718 2518 ex
771 2480 864 2518 ore
895 2465 1270 2527 dulcedinem,
1329 2466 1467 2517 sicut
1520 2465 1778 2531 scriptum
1825 2473 1946 2516 est:

371 2578 394 2610 ‹
440 2558 572 2625 Quia
598 2562 662 2612 de
686 2573 779 2610 ore
801 2557 1081 2624 prudentis
1112 2557 1352 2626 procedit
1376 2555 1498 2618 mel,
1525 2557 1747 2608 dulcedo
1779 2553 1951 2608 mellis

370 2648 472 2703 sub
522 2647 702 2716 lingua
769 2647 904 2715 ejus,
963 2646 1116 2698 favus
1164 2645 1430 2698 distillans
1474 2646 1613 2697 labia
1648 2645 1763 2712 ejus
1794 2644 1946 2713 (Ceu.

367 2736 479 2805 In).
527 2756 546 2788 ι
592 2736 779 2790 Sisara
838 2753 986 2802 vero,
1044 2739 1273 2790 excursio
1317 2737 1496 2806 gaudii
1546 2737 1948 2804 interpretatur,

365 2826 514 2894 quod
567 2828 809 2895 prol'ccw
856 2828 1174 2881 vocabulum
1209 2827 1423 2880 inimico
1461 2827 1680 2879 humani
1731 2827 1948 2896 generis

371 2916 651 2985 aptissime
694 2918 959 2986 congruit,
1014 2917 1103 2985 qui
1153 2917 1384 2984 primum
1420 2914 1690 2968 hominem
1735 2932 1762 2968 ιι
1795 2931 1955 2984 para-

373 3007 470 3060 disi
505 3007 724 3076 gaudio,
754 3023 858 3075 quo
910 3007 1208 3070 fruebatur,
1248 3007 1495 3060 exclusit.
1531 3006 1634 3060 Sed
1671 3007 1794 3075 quia
1844 3022 1948 3058 non

371 3109 451 3151 est
473 3095 628 3164 hujus
659 3098 913 3165 temporis
944 3097 1219 3151 immorari
1275 3099 1328 3149 in
1355 3096 1647 3148 enodandis
1677 3096 1949 3162 allegoria:

2053 1909 2384 1962 concubinas
2415 1911 2614 1979 potius,
2666 1911 2781 1965 sive
2835 1913 3134 1980 prostibula
3183 1929 3419 1984 congrue
3449 1932 3636 1984 possu-

2053 2015 2174 2054 mus
2200 2001 2513 2068 appellarc;
2566 2003 2794 2070 ideoque
2831 2006 2956 2072 quia
2996 2018 3028 2056 a
3074 2004 3184 2058 Deo
3223 2021 3328 2058 non
3358 2015 3637 2060 merentur

2053 2093 2294 2158 agnosci,
2329 2092 2394 2144 de
2438 2091 2636 2160 templo
2689 2093 2780 2146 Dei
2829 2094 3022 2148 merito
3073 2106 3365 2148 censentur
3395 2096 3629 2151 excludi.

2052 2179 2213 2245 Nam,
2247 2182 2291 2236 si
2325 2197 2481 2237 soror
2534 2183 2714 2238 Aaron
2763 2183 2951 2248 Maria,
3016 2199 3135 2255 quze
3167 2184 3334 2256 Moysi
3380 2186 3482 2239 levi
3515 2201 3635 2240 ser-

2052 2289 2211 2328 mone
2269 2275 2526 2342 detraxit,
2582 2291 2703 2329 mox
2740 2276 2892 2344 lepra
2928 2278 3289 2346 perl'umlitur,
3326 2289 3638 2348 septemque

2051 2364 2241 2417 diebus
2293 2381 2319 2417 a
2357 2365 2700 2419 tabernaculo
2748 2376 3056 2420 removetur
3097 2365 3286 2437 (Num.
3341 2375 3472 2436 xu),
3530 2361 3638 2437 quo

2044 2450 2166 2520 jure
2199 2455 2313 2508 ista:
2338 2455 2542 2524 ingredi
2573 2455 3290 2524 p;-r.nittenturEcclesiam,
3315 2474 3434 2526 qua:
3464 2459 3637 2512 cidem

2052 2545 2308 2599 Ecclesia:
2335 2546 2522 2599 sordes
2569 2545 2807 2600 libidinis
2837 2547 3094 2612 inferunt,
3139 2564 3265 2602 vasa
3309 2548 3524 2602 Domini
3583 2551 3635 2601 in

2052 2635 2305 2703 proprios
2333 2651 2461 2688 usus
2490 2637 2769 2689 asciscuut
2795 2655 2808 2690 :
2840 2646 2913 2699 ct,
2944 2647 3000 2691 ut
3033 2639 3270 2708 apertius
3299 2624 3513 2709 loquar,
3537 2641 3640 2693 mi-

2052 2726 2252 2780 nistros
2294 2726 2480 2781 altaris
2540 2729 2772 2797 preprize
2816 2727 3043 2785 luxuriae
3107 2731 3423 2786 ministrare
3483 2749 3639 2787 com-

2051 2816 2290 2884 chunt?

2124 2908 2236 2975 Age
2265 2922 2417 2977 ergo,
2468 2916 2587 2961 esto
2619 2907 2806 2978 virago
2835 2907 3046 2964 Domini
3081 2928 3092 2963 :
3121 2919 3176 2965 et
3203 2910 3359 2981 quasi
3390 2911 3636 2965 Debbora

2055 3012 2178 3052 cum
2203 2998 2396 3057 Barac.
2433 2999 2533 3053 hoc
2580 3009 2684 3063 est,
2711 3001 3016 3068 conjunctis
3043 3001 3202 3054 simul
3231 3003 3519 3071 episcopis,
3552 3004 3640 3056 Si-

2055 3105 2233 3141 saram
2260 3089 2324 3141 ad
2363 3089 2787 3143 internecionem
2817 3106 2987 3159 usque
3018 3107 3364 3160 persequere.
3408 3091 3472 3144 Et
3501 3094 3637 3145 sicut
3664 3092 3678 3100 ⁸

373 3189 648 3259 mysteriis
669 3231 682 3254 ,
718 3189 851 3241 dixit
885 3189 1130 3242 Debbora
1171 3189 1236 3240 ad
1270 3188 1489 3240 Βία-εισι
1521 3205 1537 3235 ι
1573 3186 1832 3255 Prrecepit
1855 3188 1950 3240 tibi
1979 3153 2022 3214 C
2055 3182 2206 3237 Jahel
2235 3199 2372 3235 uxor
2403 3182 2600 3248 llaher,
2640 3183 2975 3238 tabernaculi
3007 3185 3087 3237 sui
3123 3184 3333 3238 clavum
3369 3201 3530 3253 super
3556 3184 3637 3239 Si-

377 3280 636 3334 Dominus
690 3279 833 3333 Deus
867 3278 1051 3340 Israel,
1086 3279 1238 3341 vade,
1269 3289 1321 3331 ct
1364 3279 1532 3331 deduc
1564 3278 1866 3331 exercitium
1900 3279 1951 3330 itt

371 3381 608 3420 montem
641 3366 874 3428 Thabor,
909 3369 1168 3436 tollcsque
1222 3377 1395 3420 tecum
1428 3369 1613 3420 decem
1664 3367 1828 3419 millia
1863 3383 1956 3437 pu-

371 3469 655 3528 gnatorum
692 3461 757 3514 de
787 3459 909 3513 ﬁliis
959 3459 1320 3528 Nephthalim,
1353 3469 1406 3512 et
1433 3461 1499 3512 de
1529 3459 1654 3513 ﬁliis
1683 3458 1952 3524 Zahnlon;

373 3565 469 3619 ego
491 3560 666 3602 autem
699 3550 962 3603 adducam
1008 3551 1072 3602 ad
1112 3559 1160 3602 te
1193 3550 1242 3601 in
1295 3548 1467 3602 locum
1509 3553 1765 3602 torrentis
1791 3549 1953 3601 Cison

373 3641 612 3694 Sisaram
659 3641 953 3708 principem
991 3641 1264 3693 exercitus
1310 3638 1488 3701 Jabin,
1518 3648 1572 3692 et
1602 3654 1792 3692 currus
1817 3637 1955 3707 ejus,

373 3741 534 3801 atque
565 3747 779 3785 ontneut
813 3731 1229 3792 multitudinem,
1260 3743 1314 3784 et
1341 3731 1548 3783 tradam
1586 3746 1680 3784 eos
1713 3731 1763 3782 in
1795 3745 1957 3782 manu

376 3832 483 3874 tua.
522 3820 772 3888 Dixitque
815 3821 879 3873 ad
931 3837 1050 3874 eam
1101 3821 1268 3874 Barac
1310 3819 1412 3874 :Si
1463 3820 1676 3874 veneris
1720 3836 1953 3884 meeum,

374 3915 565 3967 vadam
594 3931 605 3964 :
638 3914 681 3966 si
719 3913 956 3968 nolueris
1000 3915 1205 3975 venire,
1235 3930 1340 3966 non
1384 3928 1622 3982 pergam.
1665 3913 1792 3978 Qua:
1823 3913 1957 3966 dixit

374 4006 440 4059 ad
468 4021 588 4058 eum
622 4021 638 4059 :
671 4005 760 4058 Ibo
783 4006 996 4073 quidem
1025 4015 1220 4070 tecum,
1266 4007 1358 4059 sed
1384 4005 1435 4058 in
1472 4007 1572 4058 hac
1602 4007 1716 4059 vice
1750 4006 1841 4059 tibi
1875 4005 1957 4058 vi-

375 4098 544 4151 ctoria
577 4114 679 4150 non
710 4099 1083 4166 reputabitur:
1114 4098 1238 4166 quia
1273 4099 1324 4150 in
1365 4112 1526 4150 manu
1574 4097 1819 4150 mulieris
1851 4105 1956 4149 tra—

373 4188 532 4241 detur
574 4187 756 4242 Sisara
791 4189 989 4258 (Judic.
1023 4193 1120 4258 tv).
1163 4208 1181 4239 ›
1225 4187 1354 4254 Quze
1405 4189 1658 4240 nimirum
1709 4191 1850 4240 nuda
1879 4189 1958 4240 hi-

374 4281 555 4333 SlOl'lLC
600 4281 757 4333 verba
795 4282 1070 4335 succincte
1104 4280 1544 4343 transcurrimus,
1582 4293 1647 4332 ne
1690 4279 1732 4332 si
1760 4278 1958 4346 figuras

372 4371 692 4436 exponendo
724 4371 924 4425 diutius
979 4371 1356 4434 itmnorcmur,
1398 4371 1611 4423 ta'dium
1660 4369 1959 4439 legentibus

2057 3291 2196 3329 sarae
2219 3275 2499 3330 cerebrum
2538 3275 2736 3343 posuit,
2781 3275 3084 3344 malleoque
3111 3277 3398 3344 percussit,
3425 3287 3475 3330 et
3505 3288 3638 3330 tem-

2057 3382 2158 3436 pus
2189 3375 2478 3434 utrumque
2506 3365 2798 3430 transﬁxit,
2832 3365 2901 3418 ita
2947 3375 3007 3420 tu
3059 3367 3214 3434 signo
3237 3367 3413 3421 crucis
3441 3368 3638 3421 diaboli

2058 3458 2320 3510 verticem
2355 3456 2654 3519 trausfode,
2707 3466 3096 3524 auctoremque
3139 3456 3384 3522 luxurize,
3416 3457 3506 3524 qui
3539 3456 3639 3509 cle-

2057 3548 2202 3601 ricos
2242 3563 2271 3599 a
2327 3546 2640 3600 cudestibus
2697 3544 2906 3613 gaudiis
2970 3545 3225 3605 excludit.
3280 3547 3438 3599 elide.
3497 3545 3637 3600 Tali.-

2057 3641 2201 3693 enim
2233 3619 2462 3692 victoria
2492 3639 2660 3693 Deum
2701 3638 2852 3691 valde
2903 3635 3163 3701 lwtificat,
3212 3638 3303 3707 qui
3353 3637 3638 3707 aliquando

2055 3746 2152 3801 per
2176 3730 2403 3786 feminas
2426 3731 2708 3800 gloriosior
2741 3731 2898 3785 laude
2930 3731 3248 3799 triumphat.
3271 3727 3456 3782 Judith
3487 3731 3634 3798 quip-

2056 3837 2125 3892 pe
2153 3823 2502 3876 continentiae
2528 3821 2757 3874 vidualis
2789 3820 3131 3888 exemplum,
3162 3820 3287 3872 dum
3345 3819 3639 3871 deauratos

2057 3923 2317 3982 ostroque
2348 3914 2585 3967 nitentes
2622 3911 2931 3965 liolofernis
2978 3911 3244 3964 thalamos
3277 3911 3501 3978 sprevit,
3537 3899 3639 3962 l'or-

2058 4005 2288 4060 tiorihus
2346 4003 2512 4058 armis
2555 4005 2605 4056 in
2660 4014 2839 4056 mente
2895 4004 3225 4072 prxecincta,
3274 4002 3435 4054 etiam
3482 4012 3639 4070 caput

2058 4096 2270 4149 ebrium
2306 4095 2588 4157 audenter,
2619 4095 2881 4164 impresso
2925 4094 3173 4163 pugione,
3208 4093 3478 4144 truncavit
3521 4091 3640 4162 (Ju-

2061 4186 2194 4239 dith.
2227 4184 2371 4256 xm).
2406 4183 2534 4248 Quae.
2559 4185 2748 4247 etiam,
2790 4193 2849 4235 ut
2877 4183 3015 4235 hanc
3045 4182 3329 4234 meruisset
3359 4198 3385 4234 a
3417 4181 3643 4234 Domino

2058 4278 2339 4346 percipere
2419 4275 2826 4337 fortitudinem,
2886 4271 3213 4324 diffidentem
3270 4287 3332 4324 ac
3399 4270 3641 4323 timidum

2061 4378 2217 4423 antea
2267 4369 2609 4435 corripuerat
2660 4361 3234 4420 sacerdotem.01iam
3288 4358 3518 4419 scilicet,
3553 4359 3641 4425 qui

373 4460 698 4529 ingeramus.
735 4461 848 4515 lloe
889 4471 1093 4515 tantum
1127 4479 1191 4516 ex
1220 4463 1301 4516 his
1326 4463 1527 4516 dixisse
1555 4460 1801 4525 sufﬁciat,
1835 4461 1956 4530 quia
1991 4494 2038 4552 Β
2064 4461 2174 4514 Deo
2201 4459 2440 4529 quinque
2467 4457 2677 4510 dierum
2719 4455 3030 4524 praelixerat
3074 4450 3386 4514 terminum,
3421 4465 3482 4503 ea
3534 4464 3643 4518 qua

373 4548 544 4603 Barac
594 4554 885 4606 coruscatio
923 4555 1324 4621 interpretatur.
1367 4553 1680 4608 Coruscatio
1711 4568 1837 4607 vero
1867 4554 1962 4606 ha-

374 4636 467 4690 bet
505 4641 722 4708 quidem
768 4641 959 4703 lucem,
1013 4645 1104 4696 sed
1152 4660 1256 4696 non
1285 4643 1486 4697 diutius
1518 4651 1956 4711 permanentem;

375 4743 499 4782 mox
527 4732 668 4783 enim
720 4741 777 4784 ιιι
806 4733 1012 4802 incipit,
1042 4734 1259 4787 desinit.
1307 4735 1379 4786 lta
1413 4744 1538 4787 sunt
1590 4733 1830 4786 nonnulli
1878 4749 1964 4788 rc-

335 4829 556 4874 -ctores
609 4820 994 4885 Ecclesiarum,
1043 4825 1133 4893 qui
1191 4826 1587 4894 quodammodo
1629 4837 1755 4879 tunc
1804 4841 1960 4879 coru-

377 4927 529 4967 scare
560 4915 645 4969 inc
672 4916 844 4984 piunt,
871 4933 990 4971 etnn
1031 4921 1094 4972 ad
1131 4920 1448 4990 corrigenda
1497 4920 1636 4973 mala
1693 4921 1961 4990 subjecto—

377 5019 521 5067 rum,
545 5007 698 5072 quasi
731 5008 845 5060 zelo
869 5024 926 5062 se
953 5009 1171 5062 ultionis
1199 5011 1500 5064 accendunt
1541 5026 1555 5063 :
1589 5010 1683 5064 sed
1715 5011 1961 5080 protinus

377 5097 809 5166 exstinguuntur,
843 5103 965 5168 quia
1015 5102 1252 5169 qualibet
1289 5102 1611 5156 adversitate
1644 5102 1820 5166 fracti,
1880 5102 1962 5155 vel

378 5193 594 5252 torpore
622 5186 837 5240 desidue
862 5189 1102 5252 resoluti,
1133 5190 1239 5244 cito
1273 5191 1550 5244 deficiunt.
1589 5189 1738 5245 Unde
1769 5201 1824 5245 et
1873 5191 1960 5245 ille

377 5270 554 5328 Barac
578 5276 779 5330 desidis
827 5293 891 5332 ac
923 5279 1141 5333 resoluti
1189 5281 1421 5349 pastoris
1471 5280 1692 5350 figuram
1744 5295 1958 5351 gerens,

375 5369 557 5422 aiebat
588 5370 652 5422 ad
679 5371 977 5426 Debboram
1011 5391 1022 5426 :
1063 5392 1080 5424 ι
1120 5373 1175 5427 Si
1203 5374 1414 5428 veneris
1443 5389 1677 5438 mecum,
1709 5374 1902 5426 vadatn
1940 5390 1952 5427 :

377 5461 422 5515 si
452 5462 689 5516 nolueris
721 5467 922 5529 venire,
947 5482 1052 5520 non
1085 5482 1326 5537 pergam.
1364 5487 1381 5518 ι

449 5551 788 5621 Quapropter
812 5555 952 5609 sicut
979 5558 1060 5609 vir
1087 5556 1172 5610 ille
1201 5573 1322 5609 cum
1351 5555 1573 5619 femina,
1602 5556 1770 5607 Barac
1797 5551 1961 5625 414

376 5642 628 5697 videlicet
651 5659 773 5698 cum
805 5647 1070 5710 Debbora,
1097 5649 1300 5700 mutuis
1331 5663 1386 5701 se
1411 5646 1695 5700 fulcientes
1725 5647 1956 5711 auxiliis,

381 5742 567 5788 contra
599 5734 840 5792 Sisaram
879 5739 1122 5808 praelium
1153 5747 1530 5809 susceperunt,
1580 5752 1809 5807 eumque
1840 5752 1961 5793 cum

2066 4552 2260 4621 dignus
2294 4557 2410 4603 erat
2442 4548 2767 4601 austeritate
2825 4545 3125 4614 redarguit,
3179 4543 3368 4596 dicens
3410 4559 3422 4594 :
3471 4559 3488 4591 ι
3526 4539 3642 4592 Non

2066 4653 2150 4698 est
2195 4643 2296 4697 iste
2349 4657 2552 4705 sermo,
2600 4641 2690 4709 qui
2739 4637 3170 4692 misericordiam
3228 4642 3506 4706 provocet,
3550 4632 3646 4685 sed

2064 4737 2244 4806 potius
2271 4734 2360 4803 qui
2409 4735 2546 4786 iram
2587 4731 2810 4794 excitet,
2839 4739 2891 4782 et
2930 4729 3168 4782 furorem
3223 4726 3502 4780 acrendat.
3543 4721 3645 4774 Po-

2064 4827 2248 4882 suistis
2278 4843 2373 4880 vos
2415 4837 2628 4895 tempus
2661 4823 2994 4878 miser-alieni
3027 4822 3264 4882 Dnlttin‘,
3305 4830 3359 4872 et
3410 4819 3460 4870 in
3495 4817 3641 4870 arbi-

2065 4921 2226 4972 trium
2260 4929 2502 4972 vestrum
2525 4918 2664 4970 diem
2697 4914 3056 4969 constituistis
3079 4912 3166 4964 ei?
3192 4932 3208 4960 ι
3247 4909 3476 4978 (Juditli.
3502 4907 3642 4980 vin.)

2067 5012 2260 5065 Esther
2283 5013 2406 5062 dum
2443 5023 2536 5078 pro
2568 5008 2742 5060 salute
2791 5004 2971 5074 populi
3016 5003 3098 5055 sui
3128 4999 3286 5053 morti
3321 5014 3380 5052 sc
3411 4998 3644 5051 viriliter

2064 5103 2268 5172 objicit,
2296 5102 2468 5156 Aman
2499 5099 2864 5154 lsraelitarum
2919 5095 3236 5161 sanguinem
3269 5091 3426 5144 avide
3455 5091 3646 5145 sitien-

2065 5202 2172 5246 tem
2201 5189 2492 5258 suspendio
2522 5187 2746 5240 interire.
2769 5183 3040 5252 compellit
3071 5181 3283 5250 (Esther
3331 5183 3471 5245 vni).
3523 5178 3641 5232 Mu-

2063 5283 2166 5336 lier
2191 5282 2428 5349 sapiens,
2458 5294 2576 5346 quae
2601 5277 2824 5344 degebat
2855 5274 2906 5325 in
2944 5270 3132 5335 Abela,
3167 5280 3326 5340 caput
3357 5269 3509 5322 Seba:
3552 5266 3643 5321 filii

2063 5372 2279 5433 Bochri,
2307 5372 2371 5424 ad
2404 5369 2537 5424 Joab
2570 5367 2774 5420 militiae
2815 5364 3113 5433 principem
3150 5361 3377 5430 projccit
3431 5361 3646 5414 abscis-

2065 5478 2184 5516 sum
2222 5479 2234 5514 :
2266 5471 2316 5514 et
2340 5460 2417 5514 sic
2463 5457 2755 5510 imminens
2791 5452 3092 5507 obsidionis
3121 5451 3317 5504 avertit
3345 5465 3372 5502 a
3422 5447 3645 5502 civitate

2066 5552 2366 5624 periculum
2401 5549 2485 5618 (II
2529 5547 2653 5616 Reg.
2717 5545 2832 5616 xx).
2870 5543 3054 5597 Altera
3107 5536 3299 5594 mulier
3347 5540 3400 5592 in
3434 5537 3646 5591 Thebes

2067 5645 2227 5716 415
2257 5643 2494 5709 fragmen
2532 5636 2683 5691 molae
2717 5637 2781 5689 de
2810 5632 3210 5705 prepuguaculo
3239 5641 3402 5682 turris
3424 5629 3642 5681 immer-

2071 5738 2159 5800 sit,
2190 5743 2242 5789 ct
2293 5729 2603 5787 Abimelcch
2651 5728 2860 5781 fortiter
2890 5724 3250 5796 oppugnantis
3279 5730 3461 5791 caput,
3497 5734 3640 5772 cere-
