4148 5358
531 354 660 406 7419

953 320 1045 408 ‘s.
1089 352 1286 408 rem
1323 350 1600 407 DAlllANl
1636 346 1784 404 ore.
1828 345 2061 400 renus
2093 345 2124 399 ε

2266 344 2447 399 rans
2480 344 2562 398 ιιι.
2599 375 2664 387 .-
2706 344 3067 402 ορυεουω
3107 333 3335 403 ιἈιιιιι.

3689 349 3796 405 120

549 465 820 533 brumque
875 464 1030 516 simul
1083 463 1304 516 obtrivit
1347 461 1548 529 (Judic.
1591 461 1692 530 Ix).
1741 457 1948 526 Abigail
1988 461 2122 509 uxor
2149 456 2317 516 A-sed
2343 464 2668 524 conquestus
2690 464 2772 511 est
2811 458 2987 526 potius
3033 457 3288 514 Ecclesia:
3311 475 3420 515 sua.I
3447 459 3669 516 nihilex
3702 472 3795 520 tua

552 554 724 608 Nabal
755 570 784 608 a
809 555 964 607 domo
984 570 1078 608 sua
1103 555 1262 607 ctedts
1291 553 1562 606 interitum
1576 559 1836 611 removet,
1867 555 1988 603 dum
2019 551 2131 603 vi»

547 645 638 697 sui
670 642 1059 697 contemnendo
1089 642 1395 705 stultitiam,
1423 641 1674 694 irascenti
1710 639 1872 692 David
1906 638 2118 690 xcnium

555 734 757 804 prtebet
790 733 874 802 (II
907 733 1033 803 Reg.
1072 749 1157 798 x1;
1197 732 1224 785 1
1249 731 1368 801 Reg.
1399 734 1545 799 xxv).
1575 731 1650 785 Tu
1669 745 1881 798 quoque
1911 746 1939 782 a
1965 730 2121 782 domo

558 833 646 877 tua
680 832 734 877 et
779 824 846 876 ab
887 823 972 877 his
1009 823 1206 890 quibus
1257 821 1573 890 pra‘emincs
1621 818 1947 888 regionibus,
2008 817 2118 886 gli-

557 917 702 970 dium
743 916 945 982 poteris
973 915 1136 969 divini
1171 914 1367 968 furoris
1399 923 1662 976 avertere,
1707 913 1750 964 si
1799 911 1960 963 etiam
2009 908 2122 975 epi-

555 1007 734 1074 scopis
763 1005 1176 1075 negligentibus,
1211 1004 1482 1058 luxuriam
1519 1004 1568 1056 in
1620 1003 1732 1070 ipsa
1769 997 2120 1053 ecclesiastici

545 1096 806 1148 culminis
857 1110 981 1149 arce
1031 1095 1337 1158 subnixam,
1382 1093 1744 1148 elaboraveris
1789 1099 2118 1158 expugnare.

550 1187 668 1241 Iluc
691 1190 833 1241 enim
861 1187 1197 1240 videturlieri
1230 1187 1434 1239 tntncin
1467 1185 1658 1238 finibus
1673 1182 2121 1243 Christianorum,

555 1279 699 1346 quod
750 1278 946 1331 factum
988 1279 1178 1348 legitur
1213 1294 1264 1330 tn
1320 1276 1594 1345 segetibus
1647 1272 2115 1326 Philisthiuorum.

551 1368 690 1421 Nam
721 1369 860 1422 sicut
897 1377 1046 1420 vetus
1077 1377 1262 1420 narrat
1314 1365 1544 1420 Historia
1581 1383 1594 1418 :
1627 1383 1643 1414 ι
1689 1363 1844 1432 Cepit
1893 1362 2120 1415 Samson

557 1466 830 1510 trecentas
870 1455 1073 1524 vulpes,
1118 1457 1426 1524 caudasque
1461 1469 1646 1507 carum
1690 1450 1870 1519 iunxit
1899 1452 1964 1503 ad
1993 1465 2123 1503 cau-

557 1547 752 1610 das,et
782 1548 926 1600 faces
972 1547 1159 1616 ligavit
1206 1548 1257 1599 in
1308 1546 1526 1600 medio:
1563 1559 1699 1614 quas
1730 1543 1852 1613 igne
1898 1555 2123 1596 succen-

557 1637 700 1690 dens
720 1637 943 1700 dimisit,
969 1647 1028 1688 ut
1053 1637 1155 1690 hnc
1185 1636 1414 1704 illucque
1436 1635 1826 1694 discurrerent;
1857 1647 1976 1700 quae
2011 1639 2120 1685 sta~

559 1726 654 1778 tim
689 1736 1040 1794 perrexerunt
1066 1725 1120 1778 in
1173 1733 1380 1794 segetes
1416 1722 1886 1776 Philisthinorum.
1914 1718 2120 1784 Quibus

2222 542 2549 598 liberalitate
2579 545 2853 599 collatum.
2886 547 3056 611 Felix,
3083 549 3323 617 inquam,
3355 549 3504 604 dives
3537 551 3638 606 hoc
3665 560 3796 606 tem-

2220 647 2372 702 pore,
2415 635 2499 688 cui
2553 649 2811 703 suppares
2870 636 3182 690 convicanet
3239 638 3339 692 hoc
3385 639 3556 692 solum
3615 641 3796 696 valent

2221 725 2427 779 crimen
2476 725 2694 779 inferre.
2733 727 2788 778 In
2822 724 3224 781 Fructuariensi
3254 739 3400 783 certe
3439 733 3791 796 monasterio,

2220 813 2312 866 ubi
2344 829 2438 882 per
2466 815 2650 868 decem
2683 813 2797 868 fere
2825 815 2939 868 dies
2987 816 3276 884 hospitium
3310 819 3474 880 tenui,
3508 836 3667 889 quam
3699 823 3797 875 hu-

2223 917 2415 957 manus
2465 919 2734 972 quamque
2777 904 2959 958 suavis
2999 914 3120 960 tuus
3148 907 3477 976 principatus
3503 921 3646 964 esset
3695 911 3795 967 Ec-

2223 994 2425 1058 clesiis,
2477 996 2754 1050 evidenter
2791 995 3021 1065 agnovi:
3059 997 3146 1050 ubi
3194 997 3444 1052 nimirum
3501 1001 3572 1052 ita
3619 1002 3795 1058 securi

2222 1085 2321 1138 sub
2352 1094 2456 1138 tua:
2476 1085 2822 1154 protectionis
2853 1086 3183 1152 umbraculo,
3216 1088 3324 1142 Deo
3354 1090 3661 1153 deserviunt
3683 1090 3794 1145 fra-

2223 1179 2352 1235 tres,
2368 1187 2436 1226 ac
2465 1173 2509 1226 si
2535 1173 2635 1227 sub
2673 1175 2932 1229 maternis
2963 1175 3063 1229 alis
3112 1176 3238 1245 pulli
3283 1175 3670 1233 confoveantur
3697 1181 3796 1233 im-

2222 1262 2454 1333 plumes.
2480 1263 2548 1317 Et
2580 1279 2740 1332 quam
2772 1265 3162 1320 convenienter
3205 1264 3279 1319 illi
3319 1266 3435 1320 loco
3463 1265 3794 1322 Fructuarizc

2221 1358 2305 1406 est
2354 1367 2548 1406 nomen
2598 1353 2926 1422 impositum,
2981 1355 3124 1424 quod
3166 1369 3272 1408 non
3333 1354 3553 1408 humani
3606 1369 3792 1410 sensus

2221 1440 2522 1508 industria,
2580 1443 2676 1497 sed
2721 1443 2901 1498 divina
2937 1444 3214 1498 credimus
3261 1444 3610 1514 dispositione
3661 1460 3790 1516 pro-

2221 1531 2418 1586 visum.
2994 1584 2996 1586 ,

2291 1620 2424 1676 Nam
2456 1623 2581 1692 quia
2625 1623 2882 1694 Ephraim
2924 1633 3314 1696 interpretatur
3358 1626 3681 1696 fecunditas;
3706 1627 3794 1682 ille

2221 1710 2406 1778 procul
2455 1712 2616 1767 dubio
2647 1728 2800 1767 mons
2828 1724 2910 1769 est
2953 1714 3232 1783 Ephraim,
3263 1715 3353 1771 ubi
3383 1718 3639 1771 nimirum
3679 1718 3792 1771 veri

555 1817 848 1879 succensis,
894 1815 1212 1870 confortatae
1245 1815 1358 1882 jam
1406 1813 1588 1882 fruges
1614 1821 1668 1865 et
1707 1812 1885 1865 adhuc
1909 1819 2113 1864 stantes
2146 1799 2191 1860 Β
2220 1801 2471 1856 Israeliue
2501 1804 2821 1858 consistunt.
2847 1805 2945 1871 Qui
2968 1807 3092 1861 dum
3123 1822 3248 1861 arva
3273 1808 3531 1862 mentium
3561 1807 3794 1862 assiduis

557 1909 611 1961 in
657 1908 875 1976 stipula,
924 1918 1278 1961 concremata'
1320 1913 1443 1960 sunt
1489 1906 1542 1958 iu
1573 1912 1798 1966 tantum,
1848 1909 1907 1955 ut
1941 1902 2122 1954 vincas

554 2013 769 2067 quoque
803 2008 857 2053 et
884 1999 1077 2054 oliveta
1128 1998 1340 2052 ﬂanuna
1368 2002 1709 2051 consumeret
1737 1992 2068 2061 Uudic.xv.)
2099 2010 2116 2042 ι

557 2154 686 2209 CAP.
726 2151 812 2207 IIl.
848 2181 916 2191 —-—
954 2150 1106 2218 Quod
1144 2149 1391 2212 lttrretict',
1423 2165 1482 2201 ac
1506 2147 1631 2200 ntali
1680 2145 1974 2201 sacerdotes
2023 2141 2122 2197 vul-

1078 2221 1228 2289 pibus
1253 2221 1352 2272 sint
1380 2218 1594 2272 similes.

625 2332 752 2387 Hmc
801 2331 964 2402 plane
1009 2331 1255 2394 historia,
1305 2329 1435 2383 licet
1468 2327 1844 2399 principaliter
1883 2325 2128 2395 designat

557 2422 859 2486 haereticos,
883 2422 972 2490 qui
1004 2421 1158 2490 quasi
1189 2419 1585 2479 trcccnteuario
1605 2432 1828 2472 numero
1848 2415 2126 2471 contiuexr—

560 2522 668 2578 tttr,
697 2514 820 2581 quia
852 2522 1050 2567 sancte
1093 2511 1375 2564 Trinitatis
1417 2510 1575 2564 fidem
1607 2510 1929 2564 vcrbotenus
1959 2507 2128 2561 conli-

557 2611 780 2667 tentur;
810 2602 902 2656 sed
945 2602 1070 2655 dum
1118 2601 1216 2654 sub
1239 2599 1538 2653 velamento
1577 2597 1889 2652 orthodoxae
1912 2595 2032 2649 fidei
2073 2595 2124 2647 in

557 2692 731 2761 prima
755 2689 1020 2744 sermonis
1047 2689 1124 2742 sui
1168 2688 1344 2742 fronte
1367 2701 1423 2740 se
1453 2686 1695 2756 palliant,
1731 2686 1907 2755 ignem
1949 2699 2125 2752 pravae

559 2779 816 2832 doctrina:
848 2779 899 2830 in
923 2776 1334 2846 posterioribus,
1363 2790 1467 2844 quo
1497 2773 1674 2844 fruges
1696 2774 1933 2826 omnium
1962 2773 2127 2826 bono-

560 2882 674 2920 rum
701 2881 922 2935 operum
940 2873 1256 2928 exurantur,
1280 2862 1567 2918 occultant.
1593 2861 1866 2927 Quamvis,
1887 2860 2127 2929 inquam,

565 2974 660 3028 per
688 2959 783 3012 bas
818 2957 1004 3026 vulpes
1033 2957 1380 3026 designentur
1412 2954 1670 3016 haeretici,
1699 2953 1782 3007 his
1812 2962 1990 3005 tamen
2042 2954 2125 3006 in-

483 3090 503 3106 .
559 3049 898 3102 continentes
922 3048 1101 3102 clerici
1143 3063 1262 3102 cum
1293 3047 1405 3102 suis
1454 3045 1734 3116 pellicibus
1763 3052 1988 3114 possunt
2022 3058 2126 3096 non

1325 3137 1417 3207 qui
1463 3136 1616 3205 quasi
1667 3135 1856 3190 solutis
1900 3134 2124 3204 pedibus

2229 3145 2433 3215 (ludio.
2464 3147 2620 3213 vtn);
2658 3146 2764 3201 illic
2797 3147 2849 3200 in
2897 3147 3134 3211 Goliath,
3187 3129 3475 3218 superbite
3503 3160 3663 3221 caput
3699 3152 3795 3206 ab-

559 3140 998 3194 inconvenieuter
1044 3139 1214 3208 aptari
1261 3152 1274 3191 :

559 3231 899 3301 gradiuntur,
938 3230 1061 3282 dum
1099 3228 1396 3282 honestatis
1443 3225 1732 3295 aliquando
1790 3223 2024 3292 speciem
2055 3221 2128 3276 si—

562 3323 762 3376 mulate
793 3324 1147 3390 praetendunt.
1200 3322 1304 3376 Sed
1333 3337 1453 3376 cum
1482 3320 1724 3374 accensis
1757 3316 1959 3371 facibus
1984 3332 2128 3371 com-

559 3413 821 3466 binautur
866 3411 916 3466 in
950 3412 1172 3466 caudis:
1207 3412 1330 3481 quia
1369 3410 1521 3480 quasi
1574 3407 1893 3478 postposito,
1945 3415 2016 3465 et,
2071 3404 2126 3458 in

561 3513 819 3573 quantum
850 3501 1052 3566 valent,
1077 3503 1290 3556 occulto
1319 3504 1438 3572 igne
1471 3499 1725 3570 impudici
1756 3494 2131 3566 conglutiuan-

562 3602 651 3648 tur
679 3593 897 3647 amoris.
925 3591 1014 3646 Ila:
1045 3594 1222 3663 itaque
1251 3592 1559 3662 vulpeculae,
1578 3593 1693 3660 igne
1718 3586 2125 3650 interveniente,

561 3681 878 3750 conjunctae,
929 3692 981 3736 ct
1035 3682 1268 3736 libidinis
1306 3681 1512 3736 lacibus
1560 3681 1898 3740 combinatre,
1949 3676 2126 3729 omnia

560 3771 1004 3826 Philisthinorum
1037 3781 1151 3827 sata
1176 3782 1532 3836 consumunt;
1561 3772 1687 3842 quia
1716 3766 1987 3840 spiritales
2017 3763 2129 3818 fru-

563 3872 686 3916 ctus
718 3862 973 3918 Ecclesia:
1025 3863 1326 3926 destruunt,
1368 3872 1424 3918 et
1467 3873 1727 3933 quantum
1781 3861 1846 3914 ad
1877 3875 1956 3924 se,
1988 3860 2127 3913 bona

562 3971 724 4025 opera
759 3953 931 4009 fidelis
958 3955 1160 4026 populi,
1187 3956 1381 4010 divinae
1413 3954 1794 4025 indignationis
1847 3954 1967 4024 igne
2006 3971 2128 4010 suc-

563 4045 816 4106 cendunt,
847 4045 910 4099 de
935 4061 1038 4113 quo
1075 4046 1194 4114 igne
1219 4044 1443 4114 mystice
1490 4059 1586 4113 per
1627 4043 1965 4096 I‘salmistatn
1998 4044 2132 4098 dici-

539 4124 652 4187 tur
682 4149 696 4188 :
735 4153 752 4185 ι
787 4135 1029 4188 Tradidit
1057 4135 1303 4203 grandini
1348 4133 1589 4206 jumenta
1613 4149 1818 4199 eorum,
1843 4145 1897 4188 et
1917 4149 2127 4204 possesa-

563 4225 742 4279 siones
763 4239 946 4280 eorum
984 4224 1090 4295 igni
1132 4221 1306 4294 (Psul.
1356 4227 1582 4295 Lxxvu).
1618 4242 1637 4276 ι
1671 4223 1932 4290 Quoniam
1987 4225 2129 4280 sicut

562 4319 687 4373 boni
721 4317 1028 4372 sacerdotes
1078 4317 1186 4370 Deo
1223 4317 1584 4387 quorumlibet
1626 4317 1860 4371 tidclium
1899 4317 2128 4372 oblatio-

563 4402 660 4484 ne!
687 4417 740 4460 et
788 4418 912 4461 vota
935 4408 1351 4471 commendant;
1390 4407 1461 4459 ita
1492 4407 1800 4476 plerumque
1828 4410 1919 4479 qui
1957 4413 2126 4465 sacris

2223 1907 2393 1948 same
2423 1893 2716 1964 Scriptura:
2739 1896 3043 1959 sententiis,
3074 1898 3231 1965 quasi
3253 1899 3572 1967 quibusdam
3603 1900 3794 1971 ligoni-

2224 1983 2326 2036 bus
2344 1983 2618 2049 excolunt,
2644 1986 2837 2040 uberes
2867 1986 2976 2040 illic
3004 1987 3362 2055 spiritualium
3393 1999 3634 2058 segetum
3674 2005 3797 2058 pro-

2224 2082 2418 2130 ventus
2464 2085 2774 2144 erumpunt,
2809 2076 2902 2144 qui
2929 2077 3241 2132 caelestibus
3294 2079 3502 2132 horreis
3532 2079 3796 2150 angelitus

2218 2164 2544 2221 inferantur.
2575 2167 2684 2224 Ille.
2740 2169 2978 2236 inquam.
3008 2183 3134 2222 vere
3183 2183 3341 2224 mons
3367 2178 3453 2224 est
3502 2169 3792 2239 Ephraim,

2225 2255 2314 2308 ubi
2344 2256 2508 2310 robur
2532 2256 2826 2321 exercitus,
2845 2256 2933 2310 ubi
2965 2255 3182 2311 fortium
3220 2272 3422 2312 cuneus
3454 2257 3794 2312 bellatorum.

2225 2343 2299 2397 Ibi
2331 2353 2518 2398 contra
2576 2345 2844 2400 diabolum
2909 2348 3125 2402 assidue
3174 2348 3379 2418 geritur
3425 2346 3796 2402 infmderabile

2217 2431 2444 2498 bellum,
2469 2442 2524 2486 et
2545 2434 2787 2488 cominus
2817 2435 2870 2489 in
2895 2449 3044 2488 arma
3074 2437 3438 2505 congreditur,
3464 2437 3589 2490 hinc
3603 2449 3792 2507 agmen

2223 2522 2614 2587 Israelitarum,
2683 2523 2828 2578 illinc
2881 2524 3153 2580 exercitus
3229 2524 3622 2580 Chaldaeorum.
3681 2525 3793 2580 Illic

2225 2611 2374 2680 Agag
2403 2611 2788 2680 pinguissimus
2831 2626 2929 2680 per
2949 2628 3167 2666 manum
3198 2613 3507 2668 sobrietatis
3537 2614 3589 2668 in
3621 2614 3791 2668 frusta

2226 2699 2532 2754 conciditur
2567 2699 2617 2767 (Ι
2657 2699 2785 2768 Reg.
2809 2700 2932 2768 xv);
2986 2710 3041 2755 et
3075 2702 3244 2770 Eglon
3281 2717 3376 2756 rex
3419 2703 3574 2758 Moab
3621 2715 3796 2760 trans-

2225 2790 2334 2845 fixo
2355 2788 2585 2854 femore,
2617 2791 2882 2846 castitatis
2923 2791 3104 2859 gladio
3130 2793 3433 2848 trucidatur
3461 2794 3659 2863 (Judie.
3683 2796 3791 2865 tu).

2226 2879 2327 2946 Qui
2389 2879 2558 2948 Eglon
2609 2879 2992 2948 interpretatur
3034 2881 3222 2938 vitulus
3262 2885 3514 2947 mtrrort's,
3543 2892 3600 2936 ut
3643 2884 3798 2938 victi-

2228 2983 2367 3021 mam
2396 2967 2661 3037 significet
2693 2968 3023 3036 perditionis.
3049 2969 3162 3023 Illic
3180 2970 3590 3025 Madtanitarutu
3619 2988 3790 3043 reges,

2227 3054 2401 3110 Zebee
2429 3065 2484 3110 et
2513 3054 2784 3118 Salmana,
2816 3058 2928 3110 veri
2960 3057 3223 3113 chconis
3246 3060 3422 3128 gladio
3461 3063 3796 3130 perimuntur

2229 3237 2563 3306 sciuditur(l
2600 3236 2914 3307 Regem-tt);
2945 3238 2998 3292 in
3030 3237 3155 3293 Sanl
3210 3240 3573 3296 innhedientia
3615 3258 3791 3311 repro-

2228 3325 2390 3379 batur
2411 3325 2464 3396 (Ι
2497 3324 2620 3392 Reg.
2643 3329 2766 3395 xv);
2800 3327 2854 3381 in
2899 3327 3170 3382 Achitofel
3221 3329 3370 3384 fraus
3392 3348 3512 3386 cum
3540 3334 3684 3387 omni
3709 3349 3795 3389 sa-

2228 3416 2427 3485 crilcga
2467 3416 2778 3485 duplicitale
2835 3419 3184 3487 suspenditur
3227 3420 3313 3490 (ΙΙ
3361 3421 3488 3492 Reg.
3524 3422 3685 3493 xvtt);
3740 3423 3796 3476 in

2226 3503 2412 3558 Acban
2446 3502 2556 3558 lilio
2580 3503 2820 3569 Charini,
2861 3521 3022 3574 super
3041 3509 3322 3562 avaritiam
3349 3510 3535 3580 ingens
3559 3513 3796 3582 lapidum

2228 3596 2505 3664 congeries
2533 3595 3000 3666 cumulatuons.
3034 3604 3152 3667 vn).
3201 3599 3274 3652 lbi
3320 3598 3493 3664 Jesus,
3541 3617 3649 3656 non
3706 3603 3798 3659 ille

2229 3684 2436 3744 Benun.
2463 3687 2730 3740 veraciter
2754 3686 3184 3742 Amorrhazorum
3202 3699 3418 3761 superat
3435 3706 3613 3761 reges,
3639 3708 3791 3748 suos-

2227 3787 2332 3843 qne
2367 3775 2564 3830 milites
2609 3775 2746 3831 facit
2771 3792 2957 3832 eorum
2984 3778 3197 3836 calcare
3243 3781 3484 3836 cervices
3509 3782 3642 3848 (Jos.
3688 3784 3791 3852 xi).

2226 3864 2340 3920 Illic
2371 3866 2529 3934 plane
2558 3868 2796 3924 Beseleel
2843 3869 2910 3924 de
2937 3869 3092 3940 lignis
3137 3871 3317 3935 setim,
3366 3874 3455 3940 qui
3485 3883 3799 3941 putrescere

2228 3956 2497 4019 nesciunt,
2529 3955 2638 4010 Deo
2673 3956 2839 4012 Israel
2890 3973 3075 4012 arcam
3109 3959 3359 4022 fabricat,
3392 3962 3797 4018 tabernaculum

2229 4046 2518 4110 construit,
2572 4062 2796 4102 aureum
2839 4064 2960 4103 cum
2998 4059 3202 4118 septem
3257 4051 3494 4105 lucernis
3549 4052 3800 4105 candela-

2229 4133 2384 4188 brum
2409 4136 2605 4205 erigit;
2637 4138 2862 4209 mystica
2905 4153 3118 4208 quoque
3163 4155 3315 4206 auro,
3345 4141 3676 4209 gemmisque
3718 4140 3800 4193 ni-

2231 4226 2396 4279 tentia
2459 4228 2800 4280 saccrdotutn
2864 4239 3182 4283 ornamenta
3267 4230 3538 4296 componit
3601 4229 3796 4299 (Exod.

2229 4315 2444 4381 xxxiii).
2471 4315 2543 4370 Ibi
2577 4315 2828 4370 Salomon
2861 4317 3116 4387 templum
3167 4318 3393 4372 Domino
3433 4332 3499 4372 ex
3529 4319 3796 4388 lapidibus

2230 4405 2481 4473 pretiosis
2521 4405 2772 4469 aedificat,
2801 4414 3112 4474 tantmnque
3142 4405 3355 4461 latentis
3409 4417 3465 4461 et
3505 4419 3800 4463 ammenta-

564 4496 823 4550 altarihus
876 4497 1077 4565 indigni
1136 4505 1277 4559 sunt,
1330 4498 1654 4552 hovribiliter
1701 4510 1942 4568 gravant.
1975 4503 2124 4566 Quod

2232 4495 2328 4548 riis
2350 4494 2620 4550 silentium
2653 4496 2902 4565 imperat,
2940 4504 2998 4550 ιιι
3046 4511 3154 4550 non
3189 4496 3259 4549 ibi
3290 4497 3559 4562 malleum,
3590 4513 3693 4551 non
3721 4513 3800 4553 se-

565 4595 742 4639 autem
775 4585 898 4638 mali
947 4585 1256 4640 sacerdotes
1284 4586 1532 4653 vulpibus
1554 4598 1953 4655 comparentur,
1992 4591 2128 4645 Eze-

565 4678 702 4733 chiel
736 4692 950 4746 quoque
1013 4673 1270 4745 propheta
1322 4683 1568 4739 testatur,
1622 4679 1852 4732 dicens:
1889 4699 1907 4730 ι
1965 4679 2130 4744 Quasi

505 4829 525 4850 κ,
565 4771 752 4840 vulpes
782 4769 833 4822 in
857 4768 1086 4824 desertis
1115 4766 1390 4836 prophetae
1413 4769 1680 4831 tuierant,
1728 4768 1889 4823 Israel
1912 4769 2129 4841 (Ezec/t.

567 4859 706 4928 xui).
755 4878 772 4910 ι
817 4857 882 4912 Et
943 4857 1011 4912 de
1069 4856 1278 4911 clericis
1307 4856 1521 4926 quidem
1571 4857 1784 4912 interim
1842 4860 1942 4914 ista
1988 4859 2135 4916 sulti-

565 4947 729 5002 ciant.

635 5035 711 5089 De
733 5037 973 5092 ccclesiis
1001 5045 1199 5101 autem,
1223 5053 1341 5107 qua:
1358 5037 1451 5094 tibi
1474 5037 1738 5106 adjacent,
1758 5039 2125 5102 admonerem,

569 5140 636 5178 ne
664 5140 810 5179 more
838 5142 1124 5194 pravorum
1157 5130 1521 5198 quorumlibet
1550 5130 1792 5191 divitum,
1820 5146 2003 5183 earum
2026 5130 2126 5183 ιω.

569 5230 638 5268 na
670 5213 963 5272 minueres:
994 5219 1084 5272 sed
1110 5235 1231 5272 cum
1259 5229 1308 5272 te
1331 5229 1616 5272 nrresentc.
1651 5221 1827 5272 plures
1852 5221 2126 5272 nobiscum

2232 4586 2426 4650 curitn,
2467 4602 2568 4639 non
2613 4584 2994 4640 ferramentum
3045 4586 3258 4654 aliquod
3293 4588 3489 4640 tinnire
3521 4587 3800 4655 permittat

2234 4673 2350 4745 (Ill
2376 4674 2501 4746 Reg.
2533 4677 2628 4746 vi).
2662 4675 2736 4730 Ibi
2766 4676 3064 4730 Zorobabel
3095 4677 3236 4730 filius
3268 4676 3547 4741 Salathiel,
3573 4675 3802 4731 etJosue

2231 4765 2376 4821 ﬁlius
2401 4766 2689 4833 Joscdeeh,
2742 4783 2862 4822 cum
2911 4778 3104 4822 caetera
3153 4768 3493 4822 tnultitudiue
3540 4769 3800 4822 virtutum
3852 4810 3854 4812 τ

2234 4857 2402 4910 armis
2428 4857 2677 4920 accincti,
2710 4857 2787 4911 sic
2819 4856 3147 4911 Ilierusalem
3184 4873 3365 4912 muros
3396 4858 3720 4921 instaurant,
3744 4865 3802 4910 ut

2233 4953 2410 4998 tamen
2447 4946 2707 5000 adversus
2732 4945 2967 5000 hostium
2997 4962 3197 5001 cuneos
3240 4962 3376 5017 opus
3432 4947 3690 5015 impedire
3716 4961 3802 5000 vo-

2231 5037 2477 5099 lentium,
2511 5051 2750 5105 pugnare
2804 5051 2908 5091 non
2960 5037 3227 5092 desinant.
3277 5038 3574 5106 Utrobique
3638 5038 3801 5107 igitur

2232 5125 2470 5179 solerter
2495 5125 2719 5185 intenti,
2759 5127 3046 5194 utrobique
3085 5127 3281 5195 parati,
3313 5127 3437 5181 dum
3477 5143 3580 5180 una
3610 5142 3802 5180 manus

2230 5222 2512 5267 exercetur
2549 5214 2614 5267 ad
2651 5229 2883 5272 murum.
2917 5216 3082 5269 altera
3110 5215 3375 5270 vibratum
3404 5225 3548 5270 tenet
3587 5215 3790 5272 iugiter
