4132 6324
369 322 465 378 ul

1080 313 1321 373 OPUSC.
1363 313 1548 371 XVIII.
1580 343 1649 355 -—
1686 312 1957 371 CONTRA
1992 311 2564 375 INTEMPERANTES
2603 310 2961 368 CLERICOS.

3514 311 3621 367 122

370 431 631 491 drachma
680 428 920 500 quotidie
956 427 1167 482 malleis
1194 426 1490 496 disciplinae
1538 426 1799 497 regularis
1841 441 1939 480 ex-
1967 431 2011 486 Λ
2044 423 2388 493 responditzt
2415 423 2470 477 In
2495 425 3074 492 resurrectioneneque
3099 429 3624 494 unbent,nequenu-

371 521 634 585 tunditur,
663 528 715 573 et
732 518 812 572 sic
836 517 900 572 ad
932 517 1012 572 sui
1047 517 1349 572 Conditoris
1379 516 1660 586 imaginem
1691 514 1842 584 (Gen.
1876 515 1937 583 ι),

375 612 440 667 ad
497 625 661 679 quam
727 609 993 679 principio
1051 609 1264 662 condita
1336 607 1534 672 fuerat,
1596 606 1938 661 reformatur.

374 702 442 756 Et
490 715 677 754 revera
729 699 836 752 illic
879 699 1162 752 mundana:
1240 697 1504 751 machinae
1578 695 1773 760 faber,
1855 695 1942 749 cui

374 791 535 865 41⁵1
563 789 828 854 videlicet,
852 788 1177 858 evangelista
1200 787 1380 841 Marco
1407 795 1654 850 testante,
1686 786 1898 840 dicebat
1927 803 1940 839 :

381 900 403 933 ι
446 880 599 934 Unde
626 880 750 932 huic
785 880 900 932 haec
935 878 1136 938 omnia,
1172 886 1224 930 et
1247 891 1366 945 quae
1400 885 1483 929 est
1527 876 1790 942 sapientia
1825 891 1944 944 quae

381 971 503 1024 data
534 978 617 1022 est
644 967 740 1031 illi,
763 975 818 1020 et
847 967 1072 1018 virtutes
1125 963 1278 1026 tales,
1324 979 1443 1032 qua:
1473 979 1570 1033 per
1597 979 1784 1015 manus
1831 962 1946 1029 ejus

382 1057 720 1114 efﬁciuntur?
747 1049 930 1110 Nonne
953 1056 1055 1109 iste
1078 1065 1161 1108 est
1182 1053 1317 1107 fabri
1339 1054 1478 1107 titius
1500 1052 1766 1117 etMarim,
1785 1053 1948 1106 frater

380 1150 656 1213 Jacobi,et
684 1146 902 1218 Joscplt,
921 1157 975 1200 et
999 1145 1170 1210 Judte,
1201 1156 1253 1199 et
1283 1145 1558 1200 Simonis?
1583 1165 1600 1197 ι
1633 1144 1822 1214 (Μαι-ε.
1847 1146 1947 1214 Vt.)

382 1243 496 1305 ille,
533 1243 774 1311 inquam,
834 1239 969 1292 fabri
1033 1238 1196 1301 filius,
1219 1239 1310 1306 qui
1343 1247 1396 1290 et
1448 1238 1560 1306 ipse
1603 1237 1951 1290 nihilominus

385 1335 554 1398 faber,
612 1332 720 1387 illic
783 1330 1014 1401 propriis
1067 1331 1326 1383 manibus
1389 1329 1558 1399 agitat
1616 1326 1789 1390 folles,
1846 1341 1952 1380 ser-

384 1443 480 1482 vos
539 1425 746 1481 scilicet
801 1439 947 1487 suos,
984 1437 1161 1476 rerum
1221 1421 1591 1489 temporalium
1634 1419 1770 1474 mole
1798 1419 1952 1487 peni-

384 1524 472 1570 tus
492 1529 712 1577 vacuos,
737 1513 874 1566 etab
889 1511 1040 1564 omni
1065 1509 1270 1563 terreni
1302 1508 1501 1561 amoris
1534 1509 1755 1561 humore
1782 1509 1955 1561 sicca-

387 1613 488 1660 tos.
519 1603 594 1657 De
622 1618 729 1672 quo
767 1601 916 1655 fabro
946 1616 1041 1670 per
1070 1599 1258 1653 Isaiam
1278 1598 1456 1652 divina
1480 1612 1582 1651 vox
1611 1597 1686 1650 ait
1712 1613 1724 1649 :
1763 1615 1782 1646 ι
1816 1596 1955 1650 Ecce

385 1709 485 1764 ego
531 1692 708 1748 creavi
754 1690 966 1744 fabrum
997 1688 1295 1744 saluantem
1344 1689 1397 1741 in
1451 1687 1623 1754 ignem
1655 1701 1872 1754 prttn.;s,
1903 1693 1957 1738 et

2043 511 2256 576 bentur,
2278 513 2369 567 sed
2386 523 2544 566 erunt
2566 513 2706 567 sicut
2719 514 2891 583 angeli
2917 514 3006 567 Dei
3024 515 3076 566 in
3090 513 3227 566 emlo
3245 511 3456 582 (Matth.
3478 527 3621 575 xxn;

2043 603 2172 659 Luc.
2206 604 2321 672 xx).
2360 624 2377 656 ι
2408 604 2565 666 Nam,
2590 604 2635 657 si
2672 604 2954 657 multivirzc
2975 605 3040 657 ad
3067 619 3286 672 regnum
3322 603 3413 657 Dei
3446 601 3625 656 nulla-

2044 703 2202 748 tenus
2227 695 2578 764 pertinerent,
2608 709 2944 762 nequaquam
2976 692 3062 746 hic
3091 691 3301 747 Veritas
3327 691 3626 762 responde-

2044 794 2122 838 ret
2155 802 2166 836 :
2202 785 2369 837 Erunt
2396 785 2534 838 sicut
2561 785 2734 853 angeli
2767 785 2818 837 in
2846 785 2984 837 cmlo
3008 799 3022 848 ;
3048 783 3140 837 sed
3165 784 3338 852 potius
3370 783 3578 837 diceret
3612 800 3624 834 ;

2046 876 2180 942 Quia
2211 886 2371 930 erunt
2403 876 2541 930 sicut
2570 875 2786 945 n'taligni
2826 875 3048 944 spiritus
3079 875 3130 926 in
3155 923 3158 926 .
3181 874 3411 926 inferno.
3440 873 3496 925 In
3530 869 3628 924 hoc

2048 967 2230 1034 itaque
2261 965 2560 1020 Salvatot'is
2595 967 2757 1019 verbo
2793 963 3074 1018 manifeste
3106 961 3393 1029 colligitur,
3421 961 3542 1030 quia
3585 960 3628 1011 si

2048 1054 2295 1123 religiosa
2329 1056 2592 1106 duntaxat
2630 1057 2737 1108 vita
2769 1070 2871 1107 non
2905 1054 3064 1115 desit,
3093 1069 3118 1103 ιι
3163 1066 3323 1118 regno
3368 1050 3624 1104 ctrlorum

2048 1145 2374 1215 frequentati
2405 1144 2637 1212 conjugii
2691 1145 2971 1212 pluralitas
3020 1158 3123 1196 non
3177 1141 3434 1195 excludit.
3470 1139 3628 1195 Iesus

2049 1237 2192 1290 enint
2241 1235 2360 1288 talis
2393 1245 2472 1289 est
2515 1250 2764 1303 sponsus,
2795 1244 2857 1287 ut
2897 1248 3272 1303 quamcunque
3323 1230 3489 1302 418
3516 1246 3628 1284 sua:

2049 1325 2334 1380 cluat-italis
2367 1325 2506 1378 ulnis
2540 1325 2901 1394 amplectitur,
2933 1324 3180 1392 protinus
3223 1325 3274 1375 in
3318 1338 3379 1374 ea
3430 1321 3630 1375 floridae

2054 1418 2319 1472 castitatis
2349 1416 2610 1470 munditia
2639 1426 2940 1486 rcparetur.
2973 1415 3039 1468 Et
3070 1416 3180 1467 luce
3203 1413 3416 1481 loquor,
3442 1427 3546 1465 non
3573 1420 3632 1465 ut

2055 1511 2337 1564 adhibeam
2370 1509 2684 1563 multinubis
2719 1509 2892 1562 adhuc
2938 1507 3132 1560 futuris
3171 1507 3486 1570 audaciam;
3511 1505 3632 1566 sed,

2055 1611 2114 1656 ut
2135 1601 2246 1667 jam
2293 1602 2480 1665 factis,
2513 1603 2662 1670 spei,
2697 1600 2776 1655 vel
2805 1600 3134 1670 poenitentiae
3164 1613 3268 1652 non
3317 1600 3636 1675 subtraham

2059 1692 2404 1746 medicinam.

385 1782 742 1855 prolerentem
770 1796 866 1835 vas
898 1781 950 1834 in
982 1795 1116 1850 opus
1143 1794 1298 1833 suum
1333 1777 1468 1848 (Isui
1492 1778 1621 1844 LIV).
1666 1795 1683 1826 ι
1723 1774 1872 1828 Unde
1902 1786 1956 1827 et
1987 1775 2030 1833 Β
2058 1780 2184 1834 Car.
2207 1779 2298 1832 IV.
2329 1809 2400 1819 —
2420 1783 2570 1844 Quae
2615 1789 2755 1830 zelus
2784 1795 2845 1855 τις
2875 1780 3052 1855 pietas
3082 1779 3135 1831 in
3159 1777 3340 1848 judice
3369 1777 3638 1830 moderate

379 1872 682 1927 'Jeremias:
721 1889 738 1922 ι
771 1869 992 1934 Omnes,
1018 1870 1210 1939 inquit,
1246 1868 1332 1922 isti
1370 1868 1639 1936 principes
1661 1865 1956 1929 declinant,

385 1962 720 2015 ambulantes
769 1959 1134 2013 fraudulenter
1165 1974 1180 2010 :
1211 1971 1284 2011 tes
1327 1966 1381 2011 et
1423 1954 1659 2020 ferr-um,
1718 1952 1957 2008 universi

366 2052 621 2120 corrupti
667 2060 824 2114 sunt;
878 2047 1076 2102 defecit
1121 2044 1512 2109 sumatoriutn;
1553 2044 1619 2096 in
1645 2044 1779 2112 igne
1830 2056 1962 2096 con-

385 2149 656 2211 sumptum
682 2150 764 2196 est
793 2139 1098 2210 plumbum,
1149 2137 1346 2191 frustra
1389 2133 1637 2190 conflavit
1677 2126 1968 2200 caullator,

383 2233 600 2296 malitia:
629 2233 774 2287 enim
819 2245 1005 2285 eorum
1038 2246 1142 2283 non
1192 2239 1317 2283 sunt
1369 2235 1736 2295 consun'tptzez
1765 2240 1958 2294 argen-

385 2334 497 2378 tum
551 2323 834 2393 reprobum
871 2329 1058 2375 vocate
1108 2334 1222 2386 eos,
1271 2318 1394 2387 quia
1431 2317 1692 2372 Dominus
1733 2316 1962 2385 projecit

393 2412 512 2466 illos
543 2411 678 2482 (Jer.
707 2410 805 2479 γι).
837 2429 856 2461 ι

450 2511 554 2564 Per
583 2511 684 2565 hos
728 2510 908 2578 itaque
927 2509 1042 2562 vim
1091 2507 1324 2578 Spintus
1360 2507 1532 2560 sancti
1564 2505 1738 2568 etilat,
1774 2513 1834 2558 ut
1865 2520 1959 2559 eo-

383 2618 504 2658 rum
551 2601 752 2665 verbis,
788 2601 870 2654 vel
920 2599 1181 2669 exemplis
1210 2601 1262 2654 in
1311 2615 1496 2653 amore
1529 2599 1834 2653 Conditoris
1879 2600 1962 2652 sui

377 2693 582 2764 frigida
616 2692 791 2747 corda
841 2690 1168 2745 fervescant.
1208 2689 1321 2744 Illic
1365 2691 1523 2758 plane
1551 2688 1709 2743 Jesus
1730 2704 1870 2757 saepe
1897 2688 1964 2741 ad

384 2785 676 2856 discipulos
709 2799 835 2838 suos
854 2782 1252 2851 januisvclausis
1289 2782 1590 2852 ingreditur
1613 2780 1764 2852 (Luc.
1797 2796 1960 2844 XX’IV‘;

386 2877 547 2931 Joan.
580 2875 674 2946 xx)
699 2893 712 2928 :
742 2874 937 2944 quibus
969 2888 1073 2927 non
1100 2875 1260 2926 modo
1289 2888 1384 2942 per
1412 2872 1792 2926 salutationem
1816 2872 1966 2940 pacis

385 2964 922 3036 przebetalloquium,
954 2964 1047 3017 sed
1076 2963 1238 3016 etiam
1269 2979 1362 3032 per
1395 2961 1803 3016 insufllationem
1837 2977 1964 3015 san-

383 3059 457 3113 cti
510 3056 744 3126 Spiritus
789 3052 959 3108 inlluit
1002 3063 1416 3108 sacramentum.
1459 3054 1514 3107 ln
1548 3054 1638 3106 illo
1685 3052 1963 3106 cmnaculo

373 3147 590 3204 'Pascha
631 3146 871 3216 quotidie
905 3159 1026 3198 cum
1057 3145 1258 3198 eisdem
1292 3143 1565 3212 discipulis
1594 3143 1872 3197 celebrat:
1907 3153 1962 3196 et

385 3240 512 3294 dum
558 3239 812 3292 virtutem
859 3235 1068 3306 mystici
1100 3234 1366 3288 sermonis
1389 3243 1618 3297 eructat,
1651 3249 1742 3287 eos
1765 3235 1832 3286 ad
1868 3250 1960 3287 ar-

387 3329 571 3384 dorem
598 3341 710 3381 sua:
739 3325 1042 3380 dilectionis
1064 3323 1377 3378 inﬂammat.
1409 3323 1598 3393 Opera:
1622 3325 1854 3394 pretium
1879 3332 1962 3379 est

385 3431 626 3482 cernere,
654 3417 926 3486 quomodo
964 3430 1189 3469 examen
1225 3429 1382 3482 apum
1417 3414 1626 3468 Domini
1658 3429 1754 3483 per
1779 3414 1961 3468 alvca-

385 3509 525 3562 rium
572 3522 729 3561 suum
759 3506 963 3576 jugiter
1002 3505 1105 3558 huc
1145 3503 1376 3572 illucque
1428 3504 1758 3568 discurrant,
1793 3519 1854 3557 ac
1883 3503 1966 3556 di-

385 3595 563 3650 versis
581 3594 770 3650 oﬂiciis
793 3603 1089 3662 occupatae,
1108 3593 1250 3661 quod
1272 3593 1378 3646 illis
1403 3591 1699 3661 injunetum
1725 3603 1828 3658 est,
1847 3608 1965 3648 cer-

389 3685 540 3738 latim
582 3683 805 3753 implere
847 3681 1406 3736 contendant.0nera
1447 3684 1712 3752 siquidem
1753 3685 1963 3738 diversa

385 3785 751 3846 comportant,
782 3775 937 3830 mella
961 3777 1287 3842 eonstipant,
1319 3773 1554 3842 illudque
1588 3783 1775 3828 nectar
1797 3775 1966 3828 inclu-

385 3865 541 3928 dunt,
567 3865 708 3918 unde
740 3863 840 3916 lavi
873 3864 994 3917 miri
1021 3863 1285 3926 duleoris,
1318 3872 1374 3916 et
1402 3866 1589 3932 gratiae
1631 3867 1825 3919 summi
1862 3865 1966 3920 Re-

377 3957 472 4027 gis
494 3956 716 4010 ferculis
741 3965 1094 4024 apponantur.
1125 3954 1236 4009 Illic
1267 3957 1319 4009 in
1353 3971 1643 4026 conspeetu
1679 3958 1844 4011 David
1877 3973 1964 4012 rc-

385 4049 470 4119 gis
505 4047 678 4102 'lsrael
715 4048 1043 4108 sacerdotes,
1079 4056 1132 4100 et
1165 4047 1356 4111 lcvitae,
1385 4048 1543 4102 simul
1585 4057 1639 4101 et
1677 4047 1964 4114 Nathinmi,

387 4137 579 4201 nablis,
628 4136 788 4201 tubis,
844 4137 1043 4190 cinaris
1088 4135 1354 4208 [cyniris],
1414 4144 1467 4189 et
1522 4137 1774 4201 citharis,
1832 4153 1965 4191 cnn-

387 4230 597 4297 ctisque
647 4228 973 4281 musicorum
1028 4227 1316 4295 generibus
1374 4235 1697 4296 concrepant
1747 4225 1799 4296 (l
1837 4225 1964 4280 Par.

389 4329 506 4388 xv),
540 4333 604 4373 ac
638 4317 846 4388 mystici
889 4316 1143 4370 carminis
1181 4330 1381 4385 organa
1417 4317 1772 4380 modulantes,
1805 4332 1970 4370 exeu-

387 4413 598 4467 biarum
646 4424 862 4463 suarum
895 4408 1039 4461 vices
1078 4407 1370 4471 alternant,
1400 4409 1639 4463 dicentes
1673 4426 1686 4462 :
1733 4427 1750 4460 ι
1785 4408 1967 4463 Conli-

389 4502 576 4558 temini
629 4501 872 4565 Domino,
918 4499 1172 4568 quon-iam
1206 4500 1397 4562 bonus,
1425 4501 1676 4568 quoniam
1721 4501 1772 4554 in
1812 4511 1971 4554 reter-

390 4609 518 4648 num
567 4590 932 4645 misericordia
980 4590 1097 4658 ejus
1131 4587 1301 4657 (Psal.
1335 4591 1441 4658 cv).
1483 4608 1500 4640 ι
1534 4587 1966 4657 Ountipotcnt'em

390 4681 560 4736 Deum
609 4694 822 4748 precor,
853 4692 885 4730 ο
921 4677 1260 4739 Fruetnaria,
1293 4686 1348 4730 ut
1385 4686 1510 4730 ante
1544 4693 1628 4731 me
1664 4679 1728 4732 de
1757 4679 1970 4731 vinculo

393 4771 572 4826 carnis
616 4770 774 4838 hujus
828 4767 1099 4831 absolvat,
1141 4782 1300 4835 quam
1357 4776 1407 4820 te
1448 4770 1514 4821 ab
1561 4783 1624 4821 eo
1664 4769 1715 4822 in
1762 4785 1870 4837 quo
1919 4781 1970 4823 te

393 4859 538 4922 vidi,
586 4857 861 4929 religionis
919 4865 1062 4911 statu
1122 4856 1415 4925 dejectam,
1460 4859 1724 4912 veraciter
1783 4859 1970 4914 audire

373 4950 688 5020 permittat.

468 5041 544 5095 De
573 5050 792 5106 caetero,
823 5041 1143 5096 venerabilis
1167 5055 1340 5106 soror,
1363 5041 1626 5096 contende
1662 5055 1873 5110 semper
1902 5042 1967 5096 de

396 5131 553 5186 bonis
578 5132 646 5185 ad
671 5132 894 5185 meliora
919 5131 1280 5186 conscendere
1310 5149 1322 5183 :
1358 5139 1411 5184 et
1442 5132 1580 5185 sicut
1617 5145 1712 5199 per
1735 5132 1964 5198 Aposto-

397 5221 510 5277 lum
559 5221 863 5290 prohiberis
910 5221 963 5274 in
1014 5222 1219 5275 incerto
1262 5222 1568 5275 divitiarum
1626 5237 1874 5290 sperare;
1915 5221 1964 5294 (Ι

401 5308 539 5364 Tim.
567 5309 658 5376 Vt)
689 5310 760 5364 ita
795 5309 956 5364 etiam
988 5310 1092 5363 noli
1124 5327 1189 5365 ex
1220 5312 1415 5365 divinzc
1443 5312 1742 5367 clementia:
1772 5315 1970 5383 pietate

399 5397 658 5454 dilﬁdere.
700 5398 763 5452 Et
794 5401 920 5467 quia
958 5408 1008 5454 te
1047 5403 1166 5455 novi
1211 5402 1277 5456 de
1307 5402 1497 5456 iterata
1541 5402 1769 5474 conjugii
1805 5406 1970 5474 gemi-

397 5489 618 5543 natione
641 5500 978 5558 suspectam;
1011 5499 1245 5546 tentatus
1289 5509 1318 5546 a
1368 5492 1674 5547 δςιάάιιρευίε
1716 5495 1972 5551 Dominus

397 5580 467 5632 de
498 5580 743 5644 muliere,
775 5595 894 5648 qua:
929 5591 1132 5650 septem
1175 5581 1352 5637 fuerat
1378 5583 1638 5637 fratribus
1679 5595 1859 5654 nupta.
1889 5587 1971 5639 cui

400 5667 541 5722 foret
555 5670 767 5724 illorum
783 5671 833 5723 in
852 5672 1244 5726 resurrectione
1261 5688 1369 5742 prtc
1384 5673 1886 5743 celerisjtulicanda,
1899 5675 1974 5727 sic

2653 1865 2762 1902 esse
2801 1849 3038 1902 debeant.

2126 1961 2255 2015 Esto
2301 1961 2443 2015 circa
2475 1960 2850 2030 delinquentes
2881 1961 3112 2029 quadam
3149 1959 3326 2014 librati
3369 1959 3638 2014 examinis

2059 2061 2174 2107 arte
2205 2053 2471 2117 discreta;
2501 2063 2560 2106 ut
2590 2069 2688 2107 nec
2718 2053 2781 2105 ad
2814 2053 3106 2114 vindictam
3143 2051 3538 2121 prmcipitantcr
3559 2050 3638 2104 in-

2059 2141 2296 2204 ferveas,
2324 2157 2422 2197 nec
2444 2143 2508 2195 ad
2535 2143 2861 2212 parcendum
2886 2144 2959 2198 sis
2979 2143 3198 2196 omnino
3222 2141 3479 2204 remissa;
3503 2155 3640 2210 qua-

2061 2242 2216 2286 tenus
2246 2248 2344 2286 nee
2375 2233 2441 2285 ad
2482 2234 2844 2287 ulciscendum
2881 2233 3268 2286 immoderatus
3297 2244 3347 2286 te
3380 2232 3526 2286 zelus
3552 2246 3642 2285 ac-

2059 2328 2276 2390 cendat,
2309 2341 2407 2379 nec
2439 2327 2602 2379 nimia
2653 2327 2826 2395 pietas
2858 2326 2926 2379 ab
2960 2326 3276 2379 exercenda:
3307 2334 3359 2377 te
3410 2322 3643 2392 discipli-

2062 2432 2144 2469 na:
2176 2416 2360 2483 vigore
2398 2416 2672 2467 cohibeat.
2701 2413 2846 2467 Sane
2873 2415 2996 2482 quia
3030 2430 3178 2478 utox,
3211 2423 3267 2466 ιιι
3302 2412 3530 2465 infertur
3551 2412 3643 2465 in-

2054 2502 2218 2570 jmia,
2265 2503 2609 2571 perturbatur
2658 2503 2890 2566 auinnts,
2935 2504 3021 2556 vix
3076 2512 3280 2557 rectum
3312 2503 3455 2556 illico
3502 2502 3644 2556 valet

2065 2598 2409 2665 promulgare
2456 2595 2736 2664 judicium.
2793 2597 2946 2652 Sicut
2997 2599 3140 2654 enim
3175 2599 3433 2652 intuentis
3471 2599 3644 2652 visum

2063 2708 2222 2760 aqua,
2247 2695 2370 2745 dmn
2398 2693 2651 2761 quiescit,
2692 2693 2957 2756 admittit;
2987 2693 3030 2746 si
3079 2694 3343 2755 turbatur,
3365 2691 3644 2758 obtundit;

2064 2785 2141 2838 sic
2170 2782 2436 2836 humanus
2463 2785 2676 2837 animus
2719 2783 2770 2836 iu
2803 2785 2914 2851 ipso
2957 2782 3379 2853 perturbationis
3418 2782 3646 2836 articulo

2066 2875 2378 2930 inoll'er.3am
2429 2879 2558 2930 recti
2581 2876 2770 2943 jndicii
2801 2879 3061 2946 regulam,
3111 2887 3164 2932 et
3202 2879 3398 2931 lineam
3431 2891 3535 2930 non
3567 2886 3648 2931 at-

2067 2969 2254 3020 tendit.
2293 2965 2443 3020 Unde
2477 2981 2695 3020 necesse
2734 2977 2836 3030 est,
2875 2976 2932 3020 ut
2974 2968 3024 3020 in
3064 2978 3339 3036 posterum
3377 2966 3645 3020 sententia

2066 3060 2360 3121 differatur,
2387 3070 2671 3130 quatenus,
2693 3071 2900 3130 aiquata
2919 3063 3142 3130 justitia:
3165 3063 3336 3122 lance.
3361 3062 3644 3131 judicium,

2066 3162 2205 3219 quo:
2235 3150 2544 3218 perturbata
2577 3152 2914 3218 nequiverat,
2943 3166 3094 3205 mens
3123 3152 3302 3220 quieta
3331 3153 3645 3221 suspendat.

2065 3235 2119 3290 lu
2139 3254 2243 3306 quo
2265 3237 2422 3306 plane
2451 3253 2551 3309 non
2587 3239 2866 3291 minitnntn
2897 3239 2961 3291 ad
2983 3240 3390 3294 aediﬁcationem
3416 3241 3650 3308 pertinet

2065 3326 2287 3388 intueri.
2327 3343 2421 3381 rex
2477 3327 2643 3381 David
2679 3343 2840 3396 quam
2893 3329 3129 3396 quietus,
3159 3343 3322 3396 quam
3367 3329 3548 3398 gravis
3593 3331 3647 3382 in

2063 3418 2698 3488 promalgationejudi-eii
2732 3419 2915 3483 fuerit,
2947 3427 3000 3474 et
3038 3420 3323 3474 discretus.
3354 3419 3454 3486 Qui
3490 3421 3646 3473 nimi-

2066 3523 2188 3562 rum
2213 3507 2348 3561 Joab
2405 3520 2458 3561 et
2495 3509 2673 3562 Semei
2719 3523 2776 3562 se
2815 3510 3054 3578 graviter
3091 3509 3445 3573 olfendent~-s,
3479 3510 3651 3565 donec

2070 3597 2225 3661 vixit,
2259 3607 2310 3651 et
2354 3597 2405 3651 in
2458 3611 2523 3652 eo
2553 3599 2656 3661 ira,
2688 3599 2772 3652 vel
2802 3599 2954 3653 furor
2991 3600 3166 3654 locum
3214 3599 3413 3654 habere
3451 3600 3647 3669 potuit,

2066 3687 2442 3755 aquanimiter
2489 3689 2775 3752 toleravit;
2821 3705 2940 3744 cum
2973 3705 3103 3744 vero
3125 3691 3234 3760 jam
3268 3691 3654 3760 pr0pinquaret

2067 3777 2132 3829 ad
2163 3776 2393 3841 obitum,
2423 3787 2478 3832 et
2509 3779 2668 3832 nullis
2699 3779 2824 3833 olim
2859 3781 3046 3850 sopita:
3081 3781 3372 3846 iracundiae
3420 3776 3652 3834 stimulis

2067 3876 2367 3934 urgeretur,
2399 3869 2652 3938 prmcepit
2701 3869 2829 3931 lilio,
2864 3880 2921 3923 ut
2971 3879 3089 3939 post
3134 3881 3361 3924 mortem
3410 3885 3561 3923 snatn
3595 3866 3651 3922 in

2067 3958 2183 4012 illos
2206 3960 2539 4014 vindicaret:
2567 3972 2692 4016 tunc
2718 3963 2965 4018 videlicet
2987 3979 3108 4019 cmn
3126 3977 3246 4016 eum
3273 3961 3651 4031 lmmanisjam

2065 4047 2227 4102 rebus
2254 4059 2588 4117 exetnptum,
2618 4051 2998 4106 olfendcntium
3040 4067 3197 4122 pmua
3229 4053 3498 4106 delectare
3538 4067 3646 4110 non

2066 4147 2268 4206 posset.
2309 4157 2326 4187 ι
2362 4138 2462 4202 Tu,
2511 4139 2703 4208 inquit,
2743 4142 2905 4203 nosti,
2949 4156 3067 4210 quae
3117 4141 3302 4195 fecerit
3353 4142 3482 4194 mibi
3514 4141 3648 4194 Joab

2069 4225 2208 4280 (llius
2229 4225 2434 4281 Sarvite
2462 4244 2475 4280 :
2509 4245 2627 4296 qua:
2651 4229 2838 4282 fecerit
2880 4229 3086 4284 duobus
3132 4231 3464 4298 principibus
3495 4247 3650 4284 exer-

2069 4316 2208 4370 citus
2243 4315 2428 4380 Israel,
2461 4317 2644 4370 Abner
2687 4317 2794 4370 lilio
2822 4317 2950 4381 Ner,
2986 4328 3037 4371 et
3065 4319 3277 4371 Amasre
3307 4319 3415 4372 lilio
3444 4319 3649 4383 Jctlter,

2070 4421 2205 4477 quos
2257 4406 2498 4472 occidit,
2540 4415 2590 4460 et
2639 4406 2827 4461 clIudit
2869 4409 3184 4478 sanguinem
3233 4408 3355 4462 belli
3415 4410 3466 4462 in
3521 4424 3652 4478 pace

2075 4495 2192 4566 (III
2226 4494 2351 4564 Reg.
2383 4495 2464 4564 ιι).
2508 4515 2526 4546 ›
2561 4495 2626 4548 Ει
2668 4497 2827 4565 paulo
2871 4506 3027 4565 post:
3066 4515 3084 4547 ι
3126 4496 3316 4552 Facies
3342 4513 3470 4568 ergo
3494 4496 3649 4564 juxta

2075 4589 2394 4656 sapientiam
2427 4598 2593 4651 tuam,
2619 4597 2674 4640 et
2705 4603 2810 4643 non
2843 4589 3076 4644 deduces
3098 4590 3350 4643 canitiem
3375 4587 3490 4656 ejus
3509 4588 3652 4658 paci-

2075 4676 2174 4730 flce
2201 4677 2266 4729 ad
2302 4677 2524 4731 inferos.
2564 4695 2583 4730 ι
2618 4677 2690 4730 De
2721 4678 2899 4733 Semei
2933 4693 3058 4733 vero
3095 4679 3208 4732 ait:
3253 4696 3271 4730 ι
3309 4678 3484 4732 llabes
3518 4692 3652 4745 quo-

2075 4781 2179 4836 que
2222 4767 2360 4834 apud
2393 4775 2443 4819 te
2471 4767 2649 4820 Semei
2679 4766 2842 4819 lilium
2884 4767 3046 4832 Cera,
3090 4768 3181 4820 filii
3223 4767 3418 4836 gemini
3452 4767 3515 4820 de
3546 4765 3646 4819 Ba-

2075 4856 2391 4925 hurim,qui
2433 4857 2708 4910 maledixit
2764 4857 2894 4910 mihi
2954 4857 3331 4910 maledictione
3393 4856 3646 4923 pessima,

2073 4947 2288 5014 quando
2314 4945 2454 5000 ibam
2485 4946 2547 4999 ad
2576 4956 2772 5000 castra.
2806 4965 2823 4997 ›
2859 4947 2922 5000 Ει
2953 4947 3137 5014 paucis
3172 4945 3521 5015 interpositis,
3557 4946 3646 5000 ad-

2073 5036 2208 5090 didit
2235 5044 2252 5088 ξ
2288 5054 2304 5085 ι
2336 5035 2575 5090 Deduccs
2600 5052 2764 5090 canos
2793 5037 2908 5105 ejus
2941 5051 3060 5090 cum
3091 5036 3353 5105 sanguine
3387 5037 3451 5089 ad
3481 5035 3647 5091 infer-

2075 5141 2202 5180 num
2228 5126 2437 5196 (lbid.).
2466 5147 2483 5180 ι
2519 5128 2615 5182 Ubi
2647 5128 2961 5191 notandum,
2989 5143 3150 5194 quam
3183 5126 3466 5181 laudabilis
3491 5126 3648 5196 hujus

2076 5220 2175 5273 viri
2225 5217 2408 5279 fuerit.
2456 5227 2511 5272 et
2552 5218 2863 5273 admiranda
2916 5217 3202 5282 discretio;
3250 5218 3374 5286 quia
3414 5217 3648 5287 quandiu

2077 5313 2248 5381 potuit
2289 5313 2471 5379 irasci,
2505 5312 2673 5366 noluit
2704 5312 3011 5376 vindicare,
3043 5312 3328 5367 deficiente
3372 5329 3498 5368 vero
3536 5311 3648 5382 jam

2077 5402 2222 5456 omni
2256 5401 2453 5456 furoris
2518 5413 2568 5456 et
2602 5402 2693 5454 ira:
2723 5401 2968 5464 materia,
3001 5417 3068 5455 ne
3105 5402 3406 5470 prieteriret
3431 5403 3648 5457 omnino

2075 5493 2359 5563 justitiam,
2403 5492 2621 5545 ultionis
2655 5494 2862 5545 exeruit
2907 5493 3268 5561 disciplinam.
3319 5492 3452 5546 Cum
3501 5493 3644 5546 enim

2081 5585 2222 5638 ultor
2250 5600 2353 5637 nou
2386 5584 2547 5637 habet
2574 5583 2772 5651 aliquid
2815 5583 2880 5638 de
2918 5600 3032 5647 suo,
3060 5594 3184 5637 tunc
3212 5595 3357 5638 recto
3388 5585 3648 5652 depromi-

2088 5686 2171 5730 tur
2208 5675 2440 5730 vindicta
2489 5673 2710 5741 judicio.
2775 5673 2924 5728 lTnde
2982 5673 3144 5728 David
3195 5692 3297 5728 non
3334 5675 3647 5744 pascebatur
