4148 5358
489 302 601 356 (25

937 296 996 350 S.
1038 289 1243 348 PETRI
1282 286 1569 346 DAMlANl
1599 285 1752 345 OPP.
1786 282 2024 342 TOMUS
2055 280 2190 340 SEU
2226 280 2409 339 PARS
2444 280 2532 339 ιιι.
2572 307 2645 324 --
2679 278 3045 338 OPUSCULA
3086 275 3298 332 VAlllA

3643 267 3747 329 tu

493 414 759 477 vindicta,
789 410 914 481 quia
938 422 1039 463 nec
1066 404 1412 461 cruciabatur
1434 400 1630 471 injuria
1659 414 1676 454 :
1707 413 1817 453 non
1846 411 1970 452 cum
1992 410 2079 450 ze-
2104 402 2155 458 Α
2184 394 2567 450 Monasterium
2596 400 2857 463 praeterea
2884 388 3319 451 Fructuariense,
3342 394 3602 454 tanquam
3630 399 3759 440 vere

500 507 587 560 lus
615 506 736 560 fecit
761 500 1149 557 immoderatus
1177 505 1620 559 accensutu,.nec
1648 490 1822 560 pietas
1848 486 2081 542 reddidit

506 595 807 650 inordinata
841 589 1147 644 remissum.
1180 586 1273 640 Sic
1298 586 1378 639 sic
1405 582 1609 638 illatam
1635 582 1904 634 discretus
1941 577 2083 630 ultor

507 682 782 751 injuriam,
806 690 859 733 et
895 693 1000 732 non
1031 675 1289 730 remissus
1334 670 1579 734 indulsit,
1610 678 1663 723 et
1701 684 1808 723 non
1860 666 2085 721 saeviens

506 773 820 829 vindicavit.
845 769 925 825 Tu
950 782 1185 837 quoque,
1206 763 1530 819 venerabilis
1554 776 1730 824 soror,
1759 767 1812 813 et
1847 756 2085 820 domina,

509 862 669 931 ltujus
696 862 909 917 imitare
942 857 1116 913 sancti
1157 855 1297 924 regis
1325 851 1652 921 exetnplum,
1686 858 1743 903 ut
1771 847 1987 931 pictatis
2015 846 2086 899 si-

514 926 625 1011 mul
659 963 820 1024 atque
842 950 1066 1022 justitia:
1114 961 1387 1015 nunquam
1415 944 1634 998 deseras
1661 926 1985 995 institutum.
2009 936 2087 990 ιω

515 1057 723 1109 tamen,
751 1056 809 1098 ut
829 1041 981 1110 juxta
1014 1036 1365 1109 apostolicum
1395 1042 1744 1104 praeceptum,
1776 1025 2089 1098 superexal-

517 1146 596 1197 tet
625 1132 989 1191 misericordia
1011 1128 1175 1201 419
1194 1126 1456 1195 judicium
1486 1122 1628 1194 (Jac.
1656 1120 1749 1192 tt);
1786 1129 1841 1174 et
1865 1118 1943 1173 sic
1972 1130 2094 1171 om-

515 1230 607 1285 nis
629 1226 817 1295 judicii
848 1225 922 1278 tui
952 1221 1190 1277 calculus
1234 1218 1299 1272 ad
1329 1213 1715 1286 omnipotentis
1749 1211 1843 1265 Dei
1870 1208 2095 1281 gloriam

524 1318 747 1380 tendat;
781 1323 1045 1384 quatenus
1064 1309 1275 1379 expleto
1306 1305 1580 1361 commissi
1600 1304 1866 1358 villicatus
1896 1299 2091 1366 ofﬁcio,

520 1406 572 1462 is
598 1406 687 1475 qui
716 1414 862 1459 tuutu
894 1412 1039 1457 tenet
1069 1416 1210 1456 nunc
1235 1399 1288 1453 in
1319 1399 1431 1453 suis
1461 1396 1710 1451 manibus
1731 1394 2002 1465 spiritum,
2030 1391 2098 1446 de

522 1509 744 1556 terreno
782 1506 832 1553 te
861 1496 929 1552 ad
961 1493 1196 1550 caelestis
1218 1490 1410 1564 gloria:
1438 1489 1702 1561 provehat
1720 1486 2101 1559 principatum.

2181 483 2475 537 thalamum
2517 480 2644 536 Jesu
2670 520 2685 545 ,
2723 490 2827 534 tute
2876 478 3046 547 magis
3108 492 3173 531 ac
3216 476 3387 545 magis
3443 472 3760 528 commendo

2184 574 2477 630 custodite:
2508 573 2598 626 cui
2626 586 2827 640 (1011350,
2856 570 2928 623 ita
2959 567 3243 637 [erviglles
3262 566 3508 620 tuitiouis
3537 574 3639 619 tua:
3670 563 3763 618 de-

2185 665 2360 735 pentlc
2386 677 2600 733 semper
2639 661 2915 722 excubias,
2938 658 3102 731 420
3129 668 3186 710 ιιι
3209 673 3307 727 per
3340 666 3391 711 te
3411 655 3649 711 cmlestis
3673 651 3763 707 ille

2188 768 2417 822 sponsus
2440 760 2566 806 tuus
2592 750 2646 805 in
2691 764 2756 804 eo
2787 749 3026 802 suaviter
3058 748 3377 816 requiescat.
3411 743 3766 812 OtuuipOtenl

2192 843 2333 897 Deus
2361 853 2411 898 te
2433 858 2497 897 ac
2520 851 2638 896 tuos
2665 839 2823 910 regia:
2844 839 3048 894 scilicet
3070 838 3284 903 indolis,
3301 838 3437 891 ﬁlios
3459 835 3762 901 benedicat,

2195 948 2394 1003 eosque
2422 950 2526 987 nou
2556 932 2711 986 modo
2739 932 2803 985 ad
2823 930 3014 990 aetatis.
3042 929 3133 983 sed
3160 928 3324 982 etiam
3356 925 3661 981 sanctitatis
3686 924 3761 979 in-

2194 1034 2472 1080 crementa
2523 1023 2799 1092 perducat.
2848 1021 3105 1076 Dominus
3146 1029 3323 1074 autem
3353 1017 3619 1072 Adraldus
3641 1015 3759 1070 [ire

2199 1113 2459 1169 metensis
2489 1121 2667 1165 rector
2692 1110 2944 1176 coenobii,
2976 1110 3058 1164 vir
3099 1108 3347 1164 videlicet
3389 1106 3671 1177 religiosus
3714 1111 3762 1158 et

2202 1207 2459 1277 prudens,
2485 1218 2549 1260 ex
2584 1218 2668 1258 me
2710 1219 2804 1273 per
2839 1211 2891 1257 te
2929 1201 3317 1256 oilieiosissime
3356 1198 3635 1253 salutetur.
3668 1192 3765 1263 Qui

2196 1299 2242 1354 si
2273 1296 2406 1360 vult,
2457 1304 2516 1351 ut
2544 1295 2645 1350 sibi
2676 1307 2890 1366 quoque
2934 1290 3137 1364 aliquid
3164 1284 3769 1362 -scc'b'msﬁribsmlo

2193 1388 2493 1462 praecipiat.

2518 1476 2602 1533 Sit
2642 1492 2827 1531 nomen
2866 1474 3074 1530 Domitii
3111 1472 3452 1529 benedictum.

1277 1653 3772 1706 Μ--ιη

817 1829 1174 1903 “2””
1231 1842 1672 1958 OPUSC
1698 1838 2077 1955 ULUM

2215 1832 2425 1946 )EC
2447 1830 2815 1945 lMUM
2902 1825 3450 1939 NONUM.

903 2086 1005 2148 DE
1048 2079 1596 2147 ABDlCATlONE
1638 2072 2191 2138 EPISCOPATUS.
2238 2070 2345 2131 AD
2388 2065 2804 2129 NICOLAUM
2836 2064 2891 2127 II
2940 2061 3135 2125 ROM.
3180 2061 3406 2122 PONT.

1919 2262 2299 2283 "——

536 2414 1168 2481 Δῖιθυιιεκτωιμέ-Οτθι
1196 2413 1511 2489 pontiﬁcem
1543 2425 1837 2489 summum,
1868 2408 2117 2489 supplicii

2215 2408 2604 2489 [ueooltsccraL‘
2617 2414 2681 2457 ut
2705 2403 2805 2484 sibi
2831 2402 3169 2489 episc0piatlus
3195 2416 3333 2489 onus
3354 2400 3630 2489 deponere
3659 2416 3781 2489 per:

614 2472 793 2546 mittat
823 2506 835 2541 :
862 2476 1057 2541 caussas
1086 2472 1385 2554 praecipuas
1408 2481 1586 2542 allcrt,
1617 2480 1759 2549 quod
1792 2472 1985 2554 senior"
2002 2479 2095 2542 sit,
2126 2489 2178 2531 et
2207 2472 2411 2554 idcirco
2442 2476 2606 2554 quieti
2640 2474 2808 2554 magis
2838 2490 2998 2554 quam
3043 2472 3313 2526 laboribus
3354 2472 3605 2533 idoneus;
3640 2473 3784 2541 quod

615 2543 744 2615 illud
773 2543 1099 2610 laboriosum
1130 2543 1325 2607 mnu-us
1347 2569 1449 2605 non
1487 2543 1698 2619 sponte,
1730 2548 1824 2601 sed
1852 2559 2071 2602 coactus
2103 2547 2420 2619 susceperit,
2442 2544 2762 2619 _ct_tlettique
2784 2543 2924 2619 quod
2954 2552 3170 2619 prppter
3192 2556 3289 2595 sua
3321 2553 3567 2619 pecvala,
3589 2553 3643 2594 lll
3674 2544 3785 2611 ipse

617 2612 810 2697 inquit,
841 2626 983 2692 indig
1010 2640 1087 2678 .us
1134 2623 1319 2697 sit_qni
1352 2623 1411 2697 in
1441 2612 1550 2673 tam
1584 2612 1808 2697 excelso.
1844 2619 2065 2697 iunioris
2103 2612 2486 2697 _et_dignitatis
2516 2613 2961 2694 fastigioscdeat.
3014 2612 3203 2665 Licere
3251 2621 3453 2697 autem,
3482 2613 3524 2665 si
3557 2612 3627 2664 ita
3650 2624 3787 2693 tent-

654 2680 716 2753 tt;
756 2680 856 2750 aut
879 2680 1016 2749 ratio
1043 2680 1299 2762 postulet,
1330 2693 1645 2761 episcopatu
1673 2705 1731 2743 se
1762 2689 2035 2751 abdicare,
2068 2680 2312 2762 plurimis
2346 2680 2663 2762 sanctorum
2707 2683 2951 2762 virorum
2998 2692 3052 2734 et
3093 2680 3352 2762 exemplis
3379 2690 3432 2761 et
3458 2680 3789 2736 auctoritati-

654 2717 716 2753 tis
762 2717 856 2750 am.
879 2717 1016 2749 ritu"
1043 2717 1299 2762 pustumt,
1330 2717 1645 2761 εμιδυυμῑιιιι
1673 2717 1731 2743 οη
1762 2717 2035 2751 unum.an
2068 2717 2312 2755 lituum-3
2346 2717 2663 2739 δαιιιιυιιιιιι
2713 2717 2947 2735 vnn-uu-
2998 2717 3052 2734 ιι
3093 2717 3352 2748 cumulum
3379 2717 3432 2733 ιι
3458 2717 3496 2733 ..ι

610 2717 715 2826 {ius
738 2767 1072 2836 comprobat.
1101 2763 1157 2817 ltt
1187 2764 1292 2817 line
1323 2763 1489 2816 Deum
1521 2770 1793 2830 precatur,
1823 2768 1880 2811 ut
1905 2774 2024 2813 eam
2055 2756 2296 2827 pontilici
2322 2765 2556 2810 mentem
2589 2754 2704 2818 det,
2730 2769 2834 2823 qua
2874 2752 2985 2806 suis
3016 2752 3155 2805 votis
3177 2752 3496 2805 satisfaciat.

616 2923 843 2977 Domino
866 2935 962 2975 suo
988 2918 1222 2973 NICOLAO
1244 2915 1534 2970 universali
1555 2928 1725 2984 papm,
1748 2912 1964 2967 Psrnus
1988 2927 2114 2982 pee-
2153 2891 2198 2951 Β

547 3023 700 3069 eator
728 3011 1027 3067 monachus
1055 3010 1393 3063 servitutem.

622 3102 935 3158 Sacrarium
956 3100 1192 3170 Spiritus
1207 3097 1381 3152 sancti
1398 3104 1634 3151 vestrum
1653 3104 1838 3165 pectus
1853 3093 2118 3162 agnoscit,

554 3194 679 3263 quia
710 3192 812 3247 nisi
843 3207 927 3245 nte
954 3200 1079 3244 tunc
1110 3188 1405 3243 necessitas
1429 3186 1734 3257 apostolicae
1760 3188 1905 3242 sedis
1933 3186 2121 3257 impel-

558 3283 713 3345 leret,
736 3291 787 3335 et
825 3281 1067 3348 antiqua,
1099 3294 1257 3347 quam
1277 3275 1594 3344 jamdudum
1627 3277 1768 3332 circa
1799 3293 1891 3332 vos
1916 3278 2121 3351 habue-

559 3386 696 3433 rant,
713 3367 1237 3432 cltaritasiuvitaret,
1256 3376 1375 3435 post
1400 3375 1601 3419 sancite
1624 3367 1898 3421 memoriae
1920 3366 2121 3421 domini

557 3459 839 3529 Stephani,
870 3458 1032 3511 vestri
1064 3458 1279 3526 quidem
1306 3456 1631 3521 decessoris,
1666 3458 1769 3511 mei
1803 3466 1979 3512 autem
2003 3474 2126 3528 per-

557 3551 841 3618 secutoris,
871 3551 1098 3615 obitum,
1129 3564 1229 3619 ego
1257 3565 1285 3603 a
1320 3564 1406 3603 me
1462 3549 1707 3618 protinus
1759 3550 2122 3619 episcopatum

557 3654 666 3695 non
700 3640 958 3695 canonice
985 3640 1262 3702 traditum,
1292 3640 1385 3693 sed
1415 3638 1679 3693 violenter
1720 3637 1974 3706 injectum
2003 3638 2123 3693 fun-

556 3735 704 3788 ditus
745 3732 1115 3786 altscidissem.
1166 3732 1488 3786 Meministis
1544 3733 1709 3797 enim,
1767 3733 1982 3788 domine
2030 3730 2122 3796 mi,

558 3835 694 3895 quot
723 3824 969 3892 querelas
994 3838 1176 3878 coram
1201 3824 1353 3876 voltis
1382 3838 1523 3892 saepe
1550 3823 1793 3889 deltosui,
1812 3833 1943 3894 quot
1964 3825 2130 3894 gemi-

558 3926 667 3977 tus,
698 3924 825 3983 qttot
856 3915 1083 3984 denique
1112 3914 1374 3983 profunda
1425 3914 1657 3984 suspiria
1703 3932 1767 3969 ex
1804 3916 1926 3971 imis
1957 3918 2125 3971 visce-

564 4009 714 4061 ribus
747 4006 907 4074 traxi,
941 4006 1151 4075 quoties
1181 4007 1343 4059 etiam
1387 4006 1645 4060 uberibus
1675 4005 1927 4078 lacrymis
1956 4008 2128 4061 tristia

561 4112 655 4151 ora
687 4097 871 4167 rigavi.
901 4094 1278 4150 Verumtamen
1313 4097 1452 4164 apud
1484 4110 1582 4149 vos
1616 4106 1741 4152 tunc
1786 4111 1891 4151 non
1918 4096 2129 4151 obtinui

560 4190 894 4255 missionem,
942 4188 1066 4258 quia
1113 4187 1367 4242 Romana:
1422 4187 1696 4252 Erelesim,
1749 4204 1867 4258 quae
1919 4190 2128 4243 ruinam

563 4280 754 4333 minari
783 4279 1082 4345 videbatur,
1108 4277 1160 4332 id
1187 4278 1392 4331 utilitas
1418 4295 1524 4333 non
1553 4279 1826 4349 poscebat.
1855 4279 2005 4334 Nunc
2032 4295 2129 4332 au—

565 4379 672 4422 tem
722 4378 772 4422 te
822 4369 873 4422 itt
932 4383 1128 4438 sagcna
1174 4366 1559 4424 Petriclavuut
1588 4380 1827 4439 regente,
1861 4370 1961 4424 sub
1988 4380 2132 4424 trun-

564 4459 727 4528 quilla
774 4474 908 4527 pace
932 4469 1039 4511 tota
1071 4457 1266 4512 Cbristi
1297 4458 1603 4529 gratulatur
1642 4459 1904 4515 Ecclesia.
1933 4460 2130 4515 Vento—

563 4561 685 4600 rum
742 4546 938 4614 quippe
984 4562 1042 4599 se
1095 4547 1337 4600 turbines
1395 4548 1717 4616 reprimunt,
1772 4548 2132 4619 procellarum

563 4636 930 4706 Spumantiutn
995 4635 1267 4689 volumina
1337 4636 1768 4707 conquiescunt,
1846 4640 2139 4695 mitescunt

569 4727 763 4787 maria,
792 4733 1008 4793 totaque
1027 4724 1240 4778 videtur
1261 4725 1380 4780 cmli
1414 4728 1681 4781 serenitas
1703 4728 1977 4784 iunovata.
2003 4728 2135 4784 Cum

567 4817 732 4887 igitur
784 4815 883 4869 sub
930 4825 1114 4868 saurto
1153 4815 1465 4882 pontiﬁcatu
1506 4829 1686 4873 vestro
1727 4817 1965 4888 jucunda
2004 4835 2138 4889 pace

568 4904 892 4960 universalis
947 4902 1187 4958 Ecclesia
1226 4906 1483 4975 potiatur,
1514 4909 1666 4962 canis
1716 4909 1871 4974 meis,
1898 4919 1951 4962 et
1981 4925 2137 4979 grau-

569 4998 733 5049 dzevae
751 4992 974 5061 jamjant
994 4996 1278 5054 senectuti.
1293 5010 1497 5064 qumso,
1530 4998 1744 5065 requies
1762 5014 1871 5052 non
1887 5010 2134 5068 urgetur.

570 5084 909 5153 Quapropter
958 5087 1027 5140 ob
1081 5087 1452 5140 remissionem
1502 5088 1743 5140 omnium
1796 5099 2139 5156 peccatorum

2724 2900 2809 2957 CA
2819 2900 2952 2956 PUT
2982 2897 3251 2955 PRIMUM
3264 2940 3275 2952 .

2328 3016 2595 3072 Probatur
2626 3014 2869 3085 exetnplis
2906 3029 3055 3083 posse
3095 3013 3285 3066 dimitti
3306 3012 3677 3082 episcopatum.

2289 3112 2394 3172 llic
2455 3110 2589 3166 ιιιὶὴί
2654 3108 2901 3162 fortassis
2953 3107 3231 3177 oltjieitur,
3290 3105 3451 3160 semel
3507 3115 3789 3175 acceptum

2222 3203 2420 3257 dimitti
2472 3201 2713 3270 regimen
2756 3215 2862 3255 non
2916 3199 3097 3253 licere.
3128 3199 3208 3253 Ad
3240 3199 3380 3267 quod
3406 3198 3641 3254 breviter
3669 3200 3791 3255 dico

2222 3293 2364 3363 quod
2413 3293 2616 3356 sentio;
2656 3292 2780 3360 quia
2837 3290 3079 3360 plerique
3126 3290 3470 3359 pontiﬁcatus
3515 3288 3641 3357 jura
3685 3305 3790 3345 non

2224 3386 2501 3446 deserunt,
2526 3383 2667 3435 etde
2693 3382 2928 3436 sinistris
2954 3390 3114 3444 sunt;
3143 3391 3404 3449 quotquot
3436 3391 3613 3436 autern
3658 3381 3791 3451 legi-

2226 3488 2347 3528 mus
2374 3482 2515 3527 recta
2543 3472 2839 3526 intentione
2864 3471 3154 3535 dimisisse,
3179 3479 3325 3524 certa
3357 3486 3481 3537 spes
3509 3480 3590 3526 est
3616 3485 3709 3524 cos
3729 3471 3795 3525 de

2225 3575 2423 3617 :cterna
2452 3576 2575 3615 cum
2596 3557 2817 3615 Cltristo
2846 3558 3103 3612 societate
3126 3558 3378 3625 gaudere.
3405 3557 3588 3626 Neque
3614 3569 3792 3613 tamen

2227 3654 2330 3708 lue
2359 3654 2612 3714 dicimus.
2665 3660 2721 3705 ttt
2770 3650 2967 3720 passim
3021 3648 3196 3702 deseri
3228 3648 3590 3717 episcopatum
3618 3650 3793 3711 liceat,

2226 3744 2330 3797 nisi
2363 3743 2612 3798 vilelicet
2636 3741 2687 3796 id
2717 3741 2831 3795 fieri
2862 3739 3177 3801 necessitas,
3200 3738 3319 3793 sive
3350 3738 3631 3794 rationalis
3654 3756 3799 3811 quaa-

2227 3832 2359 3887 libet
2384 3849 2546 3887 eausa
2572 3833 2848 3900 deposcat.

2300 3921 2595 3975 Enimvero
2624 3921 2682 3973 ll.
2714 3917 2961 3972 Valerius
2977 3917 3261 3987 episcopus
3282 3915 3409 3971 dum
3431 3916 3530 3971 sibi
3560 3917 3801 3985 provitl.t

2230 4030 2621 4078 successorem,
2654 4030 2905 4085 magnum
2938 4011 3301 4082 Augustinum
3348 4010 3675 4081 llipponensi
3702 4011 3801 4065 Ec.

2231 4104 2409 4159 clesiae
2437 4105 2764 4158 ltlllil‘Ollllal
2790 4103 3109 4156 antistitem.

2301 4193 2539 4247 Lucidus
2587 4192 2916 4247 Fieoelensis
2953 4192 3238 4260 cpiscopus
3290 4191 3415 4244 dum
3444 4189 3801 4259 propinquum

2236 4282 2451 4336 sibimet
2492 4282 2694 4335 obitum
2728 4279 3008 4333 immittere
3038 4280 3336 4347 cognoscit,
3385 4280 3450 4332 ad
3480 4277 3804 4332 cmuoltialis

2237 4383 2449 4443 portum
2497 4371 2747 4427 convolat
2794 4369 3020 4432 ordinis,
3088 4386 3153 4424 ac
3202 4370 3557 4426 sacerdotalis
3610 4369 3807 4423 infulas

2240 4464 2517 4536 dignitatis
2548 4461 2885 4515 mouaclticis
2910 4468 3080 4514 mutat
3110 4461 3364 4515 induviis.
3400 4461 3486 4523 Et,
3511 4470 3567 4514 ut
3597 4460 3809 4514 noveris

2240 4556 2369 4626 quid
2401 4555 2502 4608 sibi
2531 4552 2815 4607 conversio
2861 4551 2964 4605 ista
2990 4550 3296 4608 contulerit.
3330 4552 3473 4604 sicut
3497 4548 3811 4603 autbentica

2237 4646 2453 4716 registri
2497 4654 2725 4699 testatur
2763 4642 3009 4709 historia,
3059 4643 3160 4696 sub
3202 4643 3315 4711 ipso
3347 4641 3628 4709 migrantis
3656 4640 3807 4695 obitu

2239 4737 2472 4807 Spiritus
2497 4735 2673 4791 sancti
2707 4735 2882 4805 gratia
2931 4732 3207 4787 lLBllSSlIIIO
3236 4730 3509 4785 relucebat
3540 4731 3591 4784 itt
3632 4730 3805 4783 vultu.

2238 4826 2336 4880 Cui
2368 4825 2645 4889 nimirum,
2680 4833 2733 4877 et
2762 4831 3050 4889 antequam
3099 4828 3422 4883 moreretur,
3464 4820 3654 4873 beatus
3682 4833 3787 4887 apo

2243 4917 2415 4971 stolas
2460 4917 2703 4970 Andreas
2732 4914 3000 4981 apparuit,
3052 4921 3107 4966 et
3159 4926 3267 4980 qua
3314 4913 3445 4965 liora
3475 4911 3806 4979 migraturus

2244 5013 2384 5059 esset
2411 5017 2475 5056 ex
2509 5018 2734 5072 corpore
2763 5001 3052 5055 nuntiavit.

2318 5092 2453 5158 Quid
2480 5093 2536 5146 Β.
2567 5094 2917 5147 Adclbertum
2941 5100 3235 5161 martyrem
3260 5090 3471 5146 dicant?
3517 5090 3619 5158 Qui
3654 5094 3812 5147 nimi-

572 5186 842 5232 tneorum,
871 5187 987 5232 quae
1010 5176 1257 5232 ncuuiter
1285 5176 1611 5234 ttct'oetravi.
1630 5178 1763 5231 cedo
1788 5178 1904 5234 iure
1931 5180 2140 5234 eniseo-
2170 5185 2218 5236 Β
2247 5197 2362 5233 runt
2388 5183 2639 5236 auoniam
2682 5181 3057 5236 Baltetuiensis
3104 5182 3358 5236 Ecclesia:
3388 5185 3686 5236 nostoosnit
3720 5200 3812 5236 c.1-
