4132 6324
320 344 422 402 425

1109 338 1355 406 OPUSC.
1398 348 1538 403 XIX.
1582 378 1651 388 -—-
1685 347 1772 401 DF.
1814 342 2278 400 ABDICATIONE
2319 337 2808 397 EPISCOPA'IUS.

3487 337 3592 392 ιιξδ

323 466 638 537 episcopatu
669 463 911 530 dimisso,
944 469 1157 520 tandem
1189 463 1382 534 angelo
1407 462 1682 524 ,visitante
1718 460 1907 530 prm‘ci-
1936 464 1981 521 Α
2014 457 2290 512 videretur
2328 457 2571 527 exigere,
2627 453 2933 508 nullatenus
2961 450 3282 522 prohibebat
3309 453 3595 524 episcopos

320 557 491 626 pitur,
528 568 586 612 ut
615 557 684 612 ad
708 557 1077 627 episcopatum
1106 557 1322 619 redeat;
1354 551 1446 608 sed
1478 543 1712 617 recusat,
1740 552 1911 606 deuec

323 646 654 705 admonente
684 647 874 701 eodem
913 645 1125 717 angelo,
1176 645 1370 700 beatus
1396 643 1616 699 advenit
1647 644 1744 698 sub
1767 642 1911 697 cele-

328 743 491 797 ritate
521 731 824 810 Remigius.
878 737 970 792 Sic
1026 737 1208 806 itaque
1257 752 1324 791 nc
1373 736 1619 804 deceptio
1647 735 1912 804 potuisset

327 833 471 888 forte
493 832 798 900 subripere,
823 829 986 884 etiam
1013 836 1127 882 tuta
1156 827 1476 891 formidans,
1492 827 1729 880 humano
1749 825 1914 879 cessit

331 923 582 993 imperio,
613 921 707 991 qui
737 919 807 976 ad
855 918 1163 989 angelicum
1208 918 1359 989 prius
1386 916 1668 973 oraculum
1709 916 1912 988 rigidus

328 1013 501 1069 stetit.

402 1101 698 1171 Episcopus
723 1098 886 1153 etiam
918 1097 1007 1154 ille
1037 1097 1376 1162 Sabinensis,
1411 1096 1502 1166 qui
1557 1095 1752 1150 selium
1783 1110 1912 1166 pon-

332 1191 530 1264 tificale
574 1191 831 1255 deseruit,
889 1198 946 1244 et
1002 1185 1266 1244 Farfense
1318 1188 1732 1251 monasterium,
1784 1203 1915 1241 con-

335 1292 538 1353 tempta
593 1273 917 1336 sacerdotali
972 1279 1275 1352 dignitate,
1341 1280 1686 1346 censtruxit;
1750 1295 1912 1349 quam

334 1377 532 1432 nobilis
561 1376 614 1430 in
661 1375 879 1430 Christo
904 1375 986 1428 vir
1017 1375 1198 1440 fuerit,
1231 1373 1388 1428 testis
1417 1385 1500 1426 est
1551 1371 1773 1442 antiqua
1806 1380 1916 1425 tra-

331 1468 487 1534 ditio,
517 1483 637 1537 qua:
662 1466 970 1522 sanctitatis
1012 1464 1130 1535 ejus
1174 1465 1406 1536 insignia
1441 1464 1711 1529 celebrat;
1758 1464 1914 1520 testis

333 1560 596 1615 moderna
622 1558 858 1624 devotio,
883 1572 1002 1628 qua:
1026 1558 1168 1628 piam
1192 1557 1308 1626 ejus
1331 1558 1650 1612 memoriam
1676 1557 1726 1611 in
1751 1555 1913 1613 bene-

333 1650 572 1706 dictione
628 1649 961 1720 frequentat.
1016 1648 1216 1716 Quanti
1275 1649 1485 1704 scilicet
1525 1660 1580 1703 et
1631 1649 1805 1718 prius,
1857 1659 1916 1704 et

333 1741 677 1810 postmodum
709 1740 762 1794 iu
785 1740 975 1795 eadem
999 1740 1128 1794 sede
1171 1754 1341 1808 usque
1367 1740 1435 1794 ad
1465 1739 1588 1793 vitae
1620 1739 1912 1793 terminum

2012 553 2080 606 ab
2137 549 2377 622 injuncta
2421 550 2522 605 sibi
2577 545 2842 619 dignitate
2899 561 3133 602 cessare.
3184 546 3351 616 Cujus
3371 544 3592 619 rcgistri

2015 641 2388 699 tantummodo
2443 639 2654 695 titulum
2714 638 2871 693 nobis
2921 630 3150 692 sulliciat
3196 640 3478 706 adnotare,
3526 656 3594 695 ne

2005 735 2312 804 judieemur
2324 731 2609 802 epistolam
2639 730 2899 784 laciniosa
2919 729 3232 800 prolixitate
3256 731 3585 785 distendere.

2012 822 2102 880 Ait
2129 823 2274 878 enim
2303 823 2351 878 is
2383 825 2473 892 qui
2504 821 2719 893 registri
2763 819 3015 876 volumen
3065 820 3326 890 explicuit
3371 821 3482 893 (lib.
3510 839 3588 884 ix,

2011 933 2093 986 ep.
2128 913 2243 985 41).
2278 912 2659 978 Pontificibus,
2691 912 2888 982 inquit,
2912 911 3221 967 voluntarie
3255 912 3367 967 suis
3396 927 3596 968 renun-

2015 1007 2274 1062 tiantibus
2300 1006 2518 1061 sedibus
2559 1012 2905 1059 sucCcssorcs
2935 993 3232 1074 Gregorids
3263 1003 3408 1058 nullo
3434 1004 3594 1058 modo

2015 1099 2339 1169 denegabat,
2373 1113 2576 1168 eosque
2600 1097 2946 1167 postmodum
2971 1095 3039 1151 de
3064 1090 3361 1151 redditibns
3391 1097 3596 1152 relictzn

2014 1187 2270 1243 Ecclesiae
2316 1186 2646 1242 sufﬁcienter
2673 1184 2992 1240 nutriendos
3043 1194 3165 1240 esse
3214 1183 3504 1249 censebat;
3542 1194 3600 1238 et

2017 1278 2247 1348 reliqua,
2263 1293 2382 1347 quae
2404 1277 2514 1332 illic
2536 1277 2696 1331 latius
2722 1277 3140 1331 subnectuutur.
3164 1273 3304 1331 Hine
3324 1280 3408 1332 est
3425 1278 3594 1340 enim,

2017 1370 2161 1439 quod
2196 1369 2338 1424 idem
2369 1368 2568 1439 praesul
2593 1369 2818 1438 insignis
2850 1369 2916 1423 de
2945 1368 3200 1438 episc0pu
3221 1371 3410 1440 prima:
3429 1369 3599 1425 Justi-

2016 1461 2213 1526 nianae,
2266 1459 2357 1529 qui
2401 1460 2595 1530 capitis
2643 1453 3022 1530 aegritudinem
3080 1460 3408 1530 patiebatur,
3456 1461 3600 1517 hanc

2014 1551 2322 1622 promulgat
2346 1549 2550 1620 prolata
2576 1551 2967 1620 disceptatione
2982 1551 3304 1606 sententiam
3326 1571 3338 1604 :
3358 1551 3415 1607 Si
3440 1569 3593 1618 vero,

2017 1644 2212 1713 inquit,
2264 1644 2742 1699 reverentissimus
2797 1642 3036 1700 Joannes
3085 1645 3318 1700 fortasse
3348 1654 3449 1716 pro
3480 1663 3596 1700 Ιιιυ-

2017 1734 2173 1790 lcstia
2205 1750 2300 1790 sua
2346 1735 2584 1804 petierit,
2644 1743 2702 1788 ut
2745 1735 2812 1790 ab
2854 1736 3196 1805 episcopatus
3249 1734 3460 1791 honore
3507 1736 3601 1792 dc-

340 1833 727 1901 perduraruut,
757 1841 814 1885 et
859 1839 969 1886 tam
993 1845 1281 1901 operosum
1310 1829 1547 1886 fructum
1594 1829 1705 1885 Deo
1747 1828 1919 1884 nulla-
1949 1815 1992 1874 Β
2021 1827 2144 1881 beat
2169 1843 2388 1892 vacare,
2411 1843 2476 1882 eo
2506 1827 2821 1898 petitionem
2842 1828 3045 1898 scripto
3072 1827 3258 1894 dante,
3293 1828 3600 1884 conceden-

338 1921 495 1976 tenus
519 1919 843 1975 attulerunt.

409 2005 611 2080 Necte,
641 2012 763 2067 felix
793 2011 1002 2079 Bonite,
1026 2020 1373 2082 prmteream,
1403 2010 1496 2082 qui
1523 2010 1623 2067 hac
1651 2010 1916 2066 duntaxat

332 2108 620 2164 occasione
662 2114 939 2176 percepta,
997 2105 1253 2175 quoniam
1285 2103 1352 2158 de
1401 2118 1562 2158 manu
1593 2103 1755 2172 regis,
1789 2101 1913 2157 laici

332 2198 586 2255 videlicet
606 2196 863 2257 hominis,
886 2195 1232 2250 traditionem
1252 2193 1506 2248 Ecclesia:
1526 2197 1583 2248 ‘te
1609 2193 1916 2262 suscepisse

331 2290 660 2358 contigerat,
692 2283 1007 2341 cathedram
1029 2285 1425 2354 contempsisti,
1457 2293 1621 2353 atque
1645 2283 1712 2337 ad
1741 2298 1917 2338 remo-

339 2383 499 2438 tioris
524 2381 651 2436 vitae
682 2379 983 2434 custodiam
1019 2387 1069 2433 te
1091 2378 1341 2448 protinus
1370 2367 1671 2432 contulisti.

410 2463 748 2527 Venerabilis
763 2483 976 2539 quoque
996 2458 1332 2524 Gaudentius
1358 2466 1682 2536 Apsarensis
1711 2465 1920 2535 episco-

334 2581 462 2637 pus,
493 2562 648 2632 cujus
673 2577 772 2632 ego
802 2560 1189 2616 familiaritatis
1220 2559 1559 2614 dulcedinem
1590 2547 1784 2624 merui,
1823 2574 1920 2628 per

335 2669 499 2724 quem
552 2654 694 2707 Deus
737 2652 850 2723 jam
882 2665 988 2706 non
1039 2649 1272 2721 ignobile
1327 2649 1652 2704 miraculum
1693 2648 1916 2714 fecerat,

333 2746 709 2816 episcopatum
737 2743 966 2805 dimisit,
998 2751 1052 2797 et
1080 2742 1147 2796 de
1195 2741 1514 2796 Sclavonico
1563 2757 1732 2811 regno
1770 2741 1922 2795 navi-

335 2853 494 2908 gans,
543 2825 816 2890 littoribus
865 2829 1220 2888 Anconitanae
1258 2835 1410 2900 urbis
1444 2832 1723 2903 applicuit,
1755 2848 1785 2886 a
1815 2847 1920 2902 qua

335 2944 449 2982 non
476 2925 633 2994 longe
661 2933 782 2994 post
812 2924 1088 2979 biennium
1123 2923 1352 2978 feliciter
1376 2923 1528 2978 obiit.

409 3018 545 3073 Nam
574 3025 630 3072 et
654 3015 908 3070 Paulinus
930 3013 1144 3069 Nolana:
1160 3015 1355 3084 przesul
1383 3014 1658 3080 Ecclesize,
1686 3024 1746 3068 ut
1771 3030 1919 3085 quat-

336 3111 480 3165 rcuti
514 3109 683 3164 filium
721 3107 895 3162 vidua:
939 3107 1271 3171 subveniret,
1303 3106 1664 3161 ministerium
1696 3106 1919 3175 pontiti-

339 3201 456 3259 cale
486 3199 756 3268 deposuit,
788 3211 1016 3266 seseque
1052 3205 1281 3268 tyranno
1298 3195 1514 3251 cuidam
1537 3204 1794 3266 tanquam
1817 3195 1922 3251 vile

338 3289 672 3358 mancipium
695 3276 1018 3358 subiugavit.

410 3379 469 3435 ln
508 3380 880 3436 ecclesiastica
933 3394 1116 3450 porro,
1161 3395 1325 3448 quam
1375 3381 1655 3435 Romanus
1700 3379 1920 3450 quidam

343 3471 668 3526 scriniarius
699 3469 909 3536 scribit,
927 3469 1173 3536 historia,
1194 3459 1385 3540 legisse
1409 3486 1494 3524 me
1522 3470 1761 3533 memini,
1783 3469 1924 3522 Mar-

351 3561 549 3631 tyrium
573 3560 970 3616 Antiocbeuum
1009 3561 1320 3630 episcOpum
1362 3567 1584 3630 propter
1607 3559 1923 3614 dissidentis

344 3649 764 3704 iuobedieutiam
809 3649 1016 3718 populi,
1055 3647 1371 3703 cathedram
1401 3639 1694 3712 dimisisse,
1725 3649 1814 3703 ubi
1847 3647 1924 3702 sic

344 3740 547 3793 dicitur
580 3756 592 3792 :
619 3727 875 3812 Rediens,
911 3739 1107 3805 inquit,
1144 3731 1438 3810 Martyrius
1471 3738 1838 3803 Antiochiam,
1871 3749 1926 3793 et

343 3831 625 3885 inveniens
685 3829 910 3900 populos
974 3831 1334 3896 dissidentes,
1395 3820 1779 3901 Zenonemque
1840 3823 1925 3884 his

341 3921 636 3986 faventem,
661 3935 845 3975 coram
870 3920 1110 3976 Ecclesia
1133 3921 1540 3978 abrenuntiavit
1561 3921 1923 3991 episcopatui,

343 4011 533 4066 dicens
561 4029 575 4065 :
608 4010 765 4066 Clcro
797 4025 902 4066 non
950 4011 1191 4077 subdito,
1221 4022 1276 4066 et
1316 4010 1512 4082 populo
1539 4011 1839 4076 dissidenti,
1872 4021 1927 4064 et

340 4102 598 4158 Ecclesia:
623 4103 890 4172 squalenti
918 4105 1266 4172 abrenuntio,
1306 4121 1531 4161 servans
1562 4106 1809 4160 mihimet
1838 4121 1926 4160 sa-

341 4192 572 4247 cerdotii
601 4193 941 4262 dignitatem.
971 4193 1074 4248 Ubi
1100 4194 1262 4248 etiam
1295 4193 1422 4248 illud
1455 4194 1727 4250 invenitur
1754 4195 1928 4249 inser-

342 4291 482 4347 tum,
512 4283 656 4352 quod
686 4281 858 4352 Appio
898 4283 1118 4354 quidam
1153 4285 1436 4354 patricius,
1484 4285 1577 4354 qui
1626 4285 1926 4355 imperante

344 4366 512 4444 impio
529 4373 841 4441 Anastasio,
870 4375 922 4429 in
946 4375 1162 4432 Nicrena
1193 4377 1414 4433 civitate
1439 4376 1722 4449 presbyter
1744 4377 1926 4434 fuerat

2018 1921 2142 1976 dum
2180 1931 2284 1976 est.

2088 2011 2258 2068 Porro
2285 2021 2340 2068 et
2360 2012 2417 2066 Β.
2452 2010 2837 2082 Hieronymus,
2883 2011 3008 2065 dum
3042 2010 3108 2064 de
3136 2009 3312 2065 eti‘oso
3344 2009 3601 2065 Ecclesiae

2021 2114 2231 2161 rectore
2251 2112 2534 2169 tractaret,
2565 2102 2763 2171 adjecit
2795 2117 2809 2156 :
2841 2101 3008 2165 Illico,
3037 2104 3233 2172 inquit,
3264 2094 3604 2174 indignantis

2019 2197 2232 2252 Domini
2287 2197 2642 2267 responsione
2698 2195 2922 2250 ferietur
2979 2210 2993 2248 :
3049 2214 3066 2246 ι
3122 2194 3291 2250 Serve
3346 2211 3601 2266 nequam,

2020 2303 2189 2358 quare
2220 2303 2327 2342 non
2359 2287 2559 2342 dedisti
2598 2285 2885 2356 pecuniam
2917 2303 3093 2341 meam
3137 2287 3204 2341 ad
3247 2302 3518 2352 mensam,
3546 2296 3609 2340 ut

2021 2396 2122 2451 ego
2139 2380 2388 2445 veniens,
2404 2388 2527 2434 etim
2551 2372 2732 2434 usuris
2749 2380 3047 2449 exegissem
3064 2375 3206 2432 illam
3223 2377 3246 2432 ?
3263 2398 3276 2431 ι
3303 2373 3601 2450 (ιιιεδιιῐ.)

2022 2473 2177 2540 Quod
2207 2474 2399 2529 doctor
2428 2473 2680 2544 protinus
2735 2486 3036 2542 exponens,
3068 2475 3144 2528 ait
3177 2492 3189 2528 :
3225 2469 3284 2528 id
3311 2489 3416 2539 est,
3443 2474 3610 2544 depo-

2023 2564 2230 2618 suisses
2279 2565 2345 2618 ad
2399 2564 2588 2630 altare,
2627 2566 2769 2633 quod
2823 2564 2966 2619 ferre
3019 2580 3124 2619 non
3175 2575 3415 2635 poteras.
3467 2566 3605 2621 Dum

2021 2653 2166 2708 enim
2198 2663 2250 2707 tu
2301 2653 2528 2724 ignavus
2589 2654 2895 2724 negotiator
2931 2644 3212 2709 denarium
3251 2659 3428 2721 tenes,
3463 2656 3600 2711 alte-

2025 2745 2137 2800 rius
2174 2746 2372 2811 locum,
2424 2746 2514 2815 qni
2543 2735 2829 2816 pecuniam
2853 2746 3132 2818 duplicare
3176 2757 3412 2819 poterat,
3438 2763 3603 2804 occu-

2023 2835 2186 2904 pasti.

2095 2925 2237 2994 Quid
2290 2927 2525 2984 referam
2576 2927 2988 2998 Lugdunensem
3022 2929 3356 3001 episcopum,
3386 2933 3496 2984 vita
3548 2939 3607 2986 et

2028 3019 2292 3074 vocabulo
2318 3018 2555 3084 Iustum,
2586 3021 2675 3088 qui
2706 3009 3054 3075 commissum
3100 3022 3200 3075 sibi
3250 3020 3599 3091 pontificatus

2029 3098 2268 3164 cilicium
2316 3120 2368 3165 et
2400 3109 2738 3165 laudabiliter
2782 3114 2943 3173 rexit,
2974 3108 3030 3166 et
3054 3127 3157 3166 non
3189 3112 3306 3167 sine
3328 3111 3485 3165 laude
3511 3113 3607 3167 de-

2029 3198 2232 3253 seruit?
2263 3198 2424 3254 Plane
2454 3197 2772 3270 abreptitius
2795 3201 3012 3269 quidam
3054 3189 3106 3254 in
3143 3211 3347 3256 tantam
3381 3188 3602 3258 furiosae

2027 3290 2229 3343 mentis
2258 3290 2505 3359 prorupit
2553 3290 2837 3354 insaniam,
2889 3300 2947 3344 ut
2991 3291 3179 3346 obvios
3220 3306 3462 3361 quosque
3493 3292 3610 3346 vio-

2026 3366 2205 3435 lentus
2266 3376 2583 3450 impetere't,
2644 3371 2931 3434 verberum
2989 3376 3270 3437 collisione
3323 3391 3608 3448 mactaret,

2023 3464 2300 3541 plerisque
2348 3471 2590 3526 membra
2635 3471 2975 3540 prtecideret,
3037 3481 3272 3526 n‘tortem
3327 3483 3610 3542 postremo

2027 3563 2302 3619 nonnullis
2331 3562 2578 3618 inferret.
2610 3563 2708 3618 Hic
2738 3563 3032 3634 aliquando
3066 3565 3313 3632 plurimis
3339 3565 3611 3622 insectan-

2025 3652 2190 3720 tibus,
2217 3654 2474 3710 Ecclesia:
2505 3654 2650 3711 fores
2671 3644 3068 3727 irrupit,sequc
3095 3657 3232 3711 tueri
3264 3659 3448 3727 C(Bpil.
3471 3658 3606 3713 Nam

2029 3755 2155 3799 tunc
2195 3759 2320 3799 eum
2371 3747 2672 3801 necessitas
2712 3747 2978 3801 edocebat
3011 3747 3078 3800 ad
3129 3763 3225 3800 cor
3258 3748 3454 3813 redire,
3483 3764 3606 3803 cum

2020 3831 2132 3907 jam
2156 3835 2448 3908 cogebatur
2471 3853 2500 3890 a
2532 3837 2642 3891 vita
2677 3837 2987 3903 discedere;
3040 3852 3167 3892 ecce
3197 3840 3451 3894 sacerdos
3479 3855 3608 3894 san-

2027 3934 2149 3980 ctus
2173 3926 2422 3982 concitus
2442 3927 2509 3980 ad
2541 3926 2641 3981 ista
2667 3927 3272 3996 prosiliit,‘etEcclesi-.e
3298 3928 3610 3999 confugium

2027 4017 2229 4086 petenti
2258 4032 2318 4072 se
2339 4017 2592 4073 defensor
2622 4017 2837 4086 objecit.
2861 4015 2900 4071 li
2944 4033 3091 4082 vero,
3116 4033 3348 4088 quorum
3381 4020 3574 4089 propin

2027 4107 2119 4176 qui
2150 4107 2232 4160 vel
2257 4104 2511 4162 exstincti
2560 4104 2795 4172 fuerant,
2849 4107 2934 4162 vel
2968 4109 3226 4172 truncati,
3257 4111 3610 4164 vehementer

2029 4194 2328 4261 instabant,
2359 4205 2415 4250 et
2466 4211 2616 4250 reum
2648 4198 2713 4250 ad
2757 4197 3017 4266 supplicia
3069 4197 3374 4266 importuna
3403 4201 3606 4254 consti-

2027 4286 2246 4355 patione
2273 4285 2612 4355 quaerebant.
2663 4285 2802 4354 Quid
2862 4285 3050 4355 plura?
3099 4286 3340 4341 Tandem
3386 4290 3453 4342 ad
3503 4290 3607 4344 hoc

2025 4386 2346 4445 perventum
2365 4373 2469 4440 est,
2486 4384 2544 4430 ut
2564 4376 2684 4445 pius
2708 4375 2951 4446 pontifex
2974 4377 3329 4432 satisdatione
3355 4390 3609 4450 suscepta

343 4481 440 4535 per
465 4465 776 4520 violentiam
802 4471 1174 4534 consecratus,
1209 4469 1467 4538 quoniam
1521 4470 1757 4538 prudens
1781 4471 1920 4535 erat,
1955 4505 2000 4562 υ
2029 4479 2095 4519 ne
2127 4480 2251 4519 reus
2300 4465 2491 4519 mortis
2542 4466 2703 4520 inerti
2755 4467 3154 4534 succumberet,
3204 4471 3358 4538 quasi
3384 4486 3482 4540 pro
3519 4487 3606 4525 sa-

343 4573 410 4611 ex
441 4560 661 4613 decreto
687 4559 914 4627 piissimi
947 4559 1292 4630 imperatoris
1322 4553 1541 4626 Justini,
1572 4560 1662 4629 qui
1691 4561 1924 4615 Anasta-

342 4648 424 4702 sio
453 4647 506 4701 in
532 4656 740 4717 sceptra
767 4657 1133 4714 suecesserat,
1156 4647 1332 4704 factus
1360 4658 1443 4705 est
1471 4649 1758 4719 prtefe'ctus
1782 4665 1916 4718 pra:-

346 4739 491 4793 torii.
525 4737 616 4793 Sic
642 4739 920 4805 nimirum,
968 4741 1046 4795 sic
1087 4740 1352 4810 imperiali
1404 4734 1506 4794 fuit
1557 4741 1761 4810 pietate
1800 4756 1922 4795 cor-

347 4835 576 4893 rectum,
602 4829 746 4898 quod
774 4828 875 4883 sub
904 4830 1183 4899 tyrannica
1235 4828 1410 4883 fuerat
1444 4837 1766 4898 tempestate
1789 4845 1927 4899 pra:-

343 4928 640 4987 sumptum.
673 4915 826 4986 Quod
850 4919 1096 4988 profeCto
1135 4920 1339 4974 idcirco
1381 4919 1724 4975 referendum
1773 4921 1922 4986 duxi,

344 5016 402 5058 ut
430 5007 686 5076 quoniam
736 5019 792 5062 et
842 5008 958 5078 ipse
1003 5009 1268 5064 violenter
1315 5018 1582 5064 attractus
1621 5025 1762 5070 sum,
1797 5009 1926 5064 hinc

343 5097 526 5151 valeat
547 5097 746 5167 colligi,
777 5100 906 5168 quid
931 5101 1094 5153 etiam
1139 5115 1302 5169 super
1333 5115 1418 5154 me
1446 5099 1607 5170 digne
1637 5100 1830 5155 debeat
1855 5103 1923 5154 ex

343 5188 587 5257 antiquae
629 5191 971 5245 auctoritatis
1003 5192 1301 5247 lmitation'e
1335 5192 1572 5248 decerni.
1601 5191 1920 5263 Quanquam

341 5290 396 5333 et
429 5279 653 5334 alterius
684 5281 931 5335 videatur
952 5297 1072 5337 esse
1093 5283 1295 5353 negotii
1324 5281 1772 5347 delinire,utrum
1798 5281 1918 5350 hoc,

341 5371 489 5440 quod
535 5371 626 5424 ille
673 5372 741 5426 de
788 5374 1108 5444 presbytero
1135 5371 1424 5444 prtefectus
1465 5373 1701 5443 praetorii
1747 5375 1921 5430 factus

341 5471 450 5527 est,
481 5462 817 5530 auctoritati,
853 5479 921 5517 an
951 5464 1261 5534 praeiudicio
1284 5467 1477 5521 debeat
1500 5466 1775 5536 imputari.

867 5555 1032 5628 (.24
1067 5556 1293 5613 CAPUT
1328 5558 1394 5613 ιι.

382 5644 526 5708 Quid
541 5644 606 5698 de
624 5645 931 5700 dimittenda
955 5649 1254 5719 episcopatu
1283 5649 1341 5703 Β.
1363 5648 1647 5721 Gregorius
1673 5651 1882 5705 sentiat.

418 5735 587 5792 Porro
611 5747 791 5792 autem
820 5737 1012 5792 beatus
1042 5754 1176 5806 papa
1197 5741 1513 5811 Gregorius,
1547 5743 1591 5797 si
1628 5743 1922 5797 necessitas

667 5831 938 5892 ΡΑτιιοι..
996 5836 1040 5892 (ἐ
1055 5834 1214 5896 XLV

2028 4555 2334 4612 tisfactione
2358 4556 2623 4623 victoriae,
2652 4573 2838 4612 eorum
2887 4560 3032 4613 hunc
3077 4560 3329 4614 manibus
3354 4562 3605 4616 tradidis-

2028 4658 2110 4702 set
2139 4647 2206 4720 [ι’.
2239 4640 2554 4720 traderet,];
2587 4649 2680 4704 sed
2708 4665 2829 4705 mox
2874 4659 2933 4703 ut
2973 4652 3026 4705 in
3066 4667 3253 4707 eorum
3282 4662 3606 4722 potestatem

2029 4740 2268 4804 devenit,
2297 4741 2601 4795 exstinctus
2643 4741 2869 4796 interiit.
2911 4740 3167 4797 Protinus
3200 4743 3283 4796 vir
3331 4743 3424 4797 Dei
3482 4751 3604 4796 tan-

2029 4847 2192 4902 quam
2228 4831 2271 4886 si
2302 4831 2420 4902 ipse
2470 4831 2630 4900 hujus
2682 4833 2958 4888 homicidii
3008 4843 3198 4889 auctor
3253 4843 3417 4902 esset,
3447 4849 3608 4902 pave-

2030 4924 2205 4978 factus
2255 4922 2557 4988 intremuit,
2591 4923 2886 4978 Ecclesiam
2919 4924 3145 4988 dimisit,
3187 4933 3240 4978 et
3297 4926 3348 4976 in
3390 4924 3608 4995 Egypti

2030 5013 2276 5083 partibus
2315 5013 2654 5081 postmodum
2704 5011 3040 5066 ercmiticam
3093 5013 3259 5065 vitam
3288 5011 3462 5066 duxit.
3497 5012 3607 5066 lloc

2029 5102 2287 5156 nimirum
2330 5103 2403 5156 ita
2446 5102 2639 5156 litteris
2673 5103 2889 5167 tradidi,
2924 5112 2979 5156 ut
3009 5119 3200 5158 servus
3231 5103 3320 5157 Dei
3356 5104 3607 5158 dominus

2031 5189 2357 5260 Stephanus,
2416 5195 2508 5263 qui
2569 5193 2765 5246 vestris
2825 5194 3033 5249 assistit
3091 5197 3420 5264 aspectibus,
3483 5197 3608 5251 inti-

2029 5286 2215 5337 ntavit.

2101 5379 2296 5435 Petrus
2324 5380 2488 5435 etiam
2522 5380 2966 5451 archiepiscopus
3011 5380 3379 5438 Ravennatem
3404 5383 3609 5437 dimisit
3654 5371 3658 5378 ’

2030 5469 2348 5536 Ecclesiam,
2379 5471 2463 5525 cui
2489 5487 2611 5526 mox
2645 5472 2821 5527 adhuc
2868 5475 3144 5542 superstiti
3187 5475 3473 5539 l-louestus,
3500 5476 3608 5546 pri-

2031 5577 2120 5614 mo
2174 5562 2421 5617 videlicet
2458 5561 2656 5617 Ottoue
2708 5565 2946 5620 habenas
2995 5566 3203 5638 imperii
3254 5568 3606 5637 gubernante,

2031 5654 2309 5707 successit.

2099 5743 2261 5816 [1.25
2305 5745 2589 5803 Enimvero
2616 5759 2670 5804 ct
2695 5750 2918 5821 insignis
2945 5751 3032 5804 ille
3061 5752 3352 5823 Gregorius
3377 5749 3607 5804 Nazian-

3025 5844 3090 5906 tt
