4132 6324
557 395 665 450 427

1015 391 1074 450 S.
1113 393 1317 450 PETRI
1363 394 1646 451 DAMIANI
1681 395 1831 452 OPP.
1866 395 2106 455 TOMUS
2150 397 2283 459 SEU
2324 396 2505 453 PARS
2542 396 2630 453 ΙΙΙ.
2659 428 2730 439 -——
2766 397 3134 456 OPUSCULA
3174 398 3406 478 VARIA.

3729 406 3837 464 428

543 525 743 576 ιῑθιιιιε,
769 509 855 580 qui
904 521 973 566 an
998 509 1452 581 historiographis
1497 509 1788 581 Deiloquus
1818 513 2140 584 appellatur,
2171 519 2219 577 Α
2248 511 2394 566 illius
2414 510 2616 566 audivi.
2647 510 2753 567 Sed
2776 511 3034 582 quoniam
3077 527 3325 582 personae
3353 516 3494 582 istae,
3522 515 3836 578 Desiderius

470 606 504 613 ”
546 600 1205 671 Constantinopolitanam
1251 600 1553 656 Ecclesiam
1607 605 2019 672 contempsisse,
2043 604 2144 660 im-

536 700 776 762 sperante
799 691 1071 763 religioso,
1090 701 1253 763 atque
1269 693 1538 748 catholico
1557 693 1802 764 principe
1817 694 2141 763 Theodosio,

542 783 809 837 traditur.
843 784 998 852 Quod
1033 785 1079 840 si
1104 782 1259 839 nobis
1281 783 1418 839 forte
1442 800 1547 839 non
1572 785 1836 851 creditur,
1865 786 2033 858 ipsius
2054 787 2144 844 hic

540 875 796 930 historia:
842 877 1010 932 verba
1054 887 1358 946 ponantur:
1400 874 1629 945 Sancta,
1662 880 1855 949 inquit,
1903 880 2144 952 synodus

542 962 813 1034 Gregorio
868 964 1131 1035 Deiloquo
1181 966 1549 1037 episcopatum
1600 966 2143 1039 Constantinopoleos

552 1053 850 1119 roboravit,
878 1055 1095 1111 ethunc
1126 1055 1351 1110 invitum
1381 1055 1435 1110 in
1479 1062 1677 1110 throno
1707 1055 1925 1124 locavit,
1958 1068 2144 1129 utpote

552 1143 779 1201 muitum
827 1144 1185 1213 laborantem,
1234 1156 1290 1203 et
1334 1147 1522 1203 urbem
1550 1164 1581 1202 a
1621 1147 1838 1205 laesione
1865 1151 2139 1207 haereseon

552 1236 890 1292 liberantem.
920 1238 1163 1309 Cumque
1190 1238 1485 1303 didicisset,
1519 1240 1779 1309 quosdam
1807 1256 1875 1296 ex
1909 1241 2141 1314 Aigypto

553 1332 990 1402 sapientissimus
1037 1339 1090 1387 ei
1116 1331 1462 1387 beatissimus
1488 1332 1589 1387 iste
1612 1332 1736 1388 huic
1768 1333 1847 1388 rei
1878 1334 2139 1400 invidere,

549 1421 945 1492 compositorio
976 1436 1229 1477 sermone
1273 1431 1514 1487 ostenso,
1541 1431 1838 1493 spontanee
1874 1440 1904 1478 a
1945 1425 2140 1479 throno

542 1511 831 1580 regnantis
877 1511 1024 1565 urbis
1062 1511 1347 1565 abscessit.
1383 1510 1500 1579 Quo
1547 1512 1799 1568 thronum
1846 1511 2138 1578 refutante,

545 1600 863 1657 Nectarium
931 1601 1250 1671 imperator,
1303 1612 1360 1659 ct
1405 1603 1644 1674 synodus
1697 1604 1967 1675 provehit.
2013 1604 2139 1659 llaec

547 1705 712 1761 perm
739 1706 844 1747 non
869 1701 1074 1761 nostra,
1107 1693 1204 1748 sed
1238 1693 1412 1764 ipsius
1440 1694 1678 1749 historiae
1726 1695 1890 1751 verba
1917 1705 2064 1751 sunt.

1166 1807 1396 1865 CAPUT
1432 1808 1514 1866 Ill.

2243 602 2493 658 videlicet
2538 611 2594 659 et
2639 600 2992 672 Humbertus,
3038 612 3204 659 tanta:
3242 606 3588 664 auctoritatis
3631 611 3744 666 sint
3776 621 3838 668 ut

2242 696 2423 751 neutri
2455 712 2644 752 eorum
2681 697 2817 752 ﬁdes
2855 697 3051 753 debeat
3088 698 3385 768 denegari,
3438 714 3539 770 ego
3596 717 3836 774 quoque,

2242 789 2385 858 quod
2416 789 2632 859 scripsi,
2660 789 2965 860 procaciter
2994 805 3100 845 non
3130 789 3363 859 allirmo,
3412 795 3508 848 sed
3534 805 3719 851 utrum
3745 813 3836 853 ve-

2244 893 2364 932 rum
2389 878 2460 933 sit
2487 894 2677 946 necne,
2709 878 3002 951 legentium
3038 879 3377 952 inquisitioni
3418 882 3834 955 relinquendum

2242 983 2364 1024 esse
2387 959 2641 1024 decerno.

2317 1055 2384 1111 Ut
2413 1056 2579 1127 igitur
2602 1057 2733 1112 illud
2754 1056 3009 1125 inferam,
3037 1069 3260 1130 propter
3279 1062 3425 1132 quod
3444 1062 3546 1117 ista
3571 1063 3830 1134 przemisi,

2241 1147 2550 1218 episcopus,
2603 1146 2697 1218 qui
2754 1157 2971 1217 tamen,
3017 1150 3063 1206 si
3130 1159 3281 1207 recte
3340 1161 3521 1219 teneo,
3595 1153 3834 1225 Capmis

2241 1245 2492 1308 praeerat,
2520 1238 2655 1292 vidit
2681 1238 2942 1307 majorem
2976 1239 3329 1298 Benedictum
3358 1259 3575 1314 papam,
3602 1246 3692 1316 qui
3716 1245 3830 1316 jam

2239 1328 2470 1391 obierat,
2511 1331 2668 1400 nigro
2728 1346 2869 1401 equo
2915 1333 3067 1402 quasi
3099 1334 3460 1405 corporaliter
3485 1336 3829 1392 insidentem.

2240 1420 2482 1489 Cumque
2509 1419 2660 1475 illum
2693 1432 2930 1492 emptum
2960 1424 3067 1478 iter
3097 1440 3324 1494 carpere
3362 1436 3632 1491 cerneret,
3660 1427 3831 1492 lleus,

2241 1509 2439 1581 inquit,
2468 1526 2646 1566 nonne
2671 1521 2726 1566 tu
2741 1528 2800 1567 es
2814 1528 2949 1583 papa
2965 1514 3307 1578 Benedictus,
3332 1532 3491 1585 quem
3517 1516 3833 1573 defunctum

2240 1599 2445 1670 liquido
2474 1603 2762 1658 novimus?
2790 1603 2930 1675 Ipse,
2977 1605 3176 1675 inquit,
3224 1605 3410 1661 infelix
3443 1623 3544 1677 ego
3590 1624 3730 1663 sum.
3762 1609 3832 1665 Et

2240 1690 2654 1758 illezQuomodo
2683 1693 2781 1749 tibi
2810 1703 2912 1759 est,
2934 1693 3133 1750 Pater?
3159 1694 3558 1762 Gravibns,an,
3589 1707 3831 1754 tormen-

2242 1781 2311 1836 tis
2338 1780 2569 1850 allicior,
2609 1797 2706 1854 spe
2739 1791 2942 1848 tamen,
2971 1784 3017 1839 si
3049 1784 3376 1855 adjutorium
3408 1787 3732 1856 praebeatur,
3762 1787 3832 1843 de

548 1894 702 1959 Quod
739 1896 932 1951 auium:
967 1898 1223 1969 Age/lenne
1264 1900 1533 1968 suppliciis
1566 1901 1798 1969 tradita,
1841 1900 2135 1957 Dominicis
2166 1868 2213 1928 Β
2240 1886 2359 1969 "Ic?
2390 1872 2804 1941 recuperatione
2832 1888 2939 1969 '10"
2982 1873 3169 1943 prim"
3191 1889 3207 1939 ί
3228 1873 3350 1969 ,δθά
3381 1889 3566 1945 pel-68’
3617 1890 3823 1969 qqgso’

941 1955 1124 2022 diebus
1151 1955 1422 2039 relrigério
1446 1971 1740 2039 potiuntur.

616 2053 749 2109 Illud
769 2055 958 2122 etiam,
984 2058 1129 2126 quod
1159 2056 1441 2115 Humberti
1465 2060 1881 2133 archiepiscopi,
1912 2078 2136 2118 sunnnre

544 2142 798 2200 videlicet
822 2147 1162 2203 auctoritatis
1187 2148 1309 2215 viri,
1339 2151 1653 2207 narratione
1691 2155 1942 2225 cognovi.
1972 2155 2139 2210 silen-

546 2236 623 2293 tio
651 2238 970 2293 tradendum
993 2255 1114 2295 esse
1144 2255 1249 2295 non
1281 2242 1539 2298 arbitror.
1571 2241 1709 2298 Nam
1732 2260 1854 2300 eum
1876 2261 1906 2300 a
1939 2246 2136 2304 finibus

546 2337 916 2383 reverteretur
958 2328 1184 2398 Apuliae,
1227 2331 1503 2386 asserebat
1550 2333 1604 2388 in
1650 2334 1962 2404 regionibus
2016 2352 2137 2406 mue

548 2417 788 2475 Puteolis
817 2419 1084 2488 adjacent,
1115 2422 1257 2476 inter
1278 2438 1449 2493 aquas
1475 2424 1659 2496 nigras
1683 2434 1738 2481 et
1760 2426 1976 2493 fetidas,
2005 2445 2134 2499 pro-

551 2509 879 2564 montorium
910 2512 1151 2567 eminere
1193 2527 1446 2567 saxosum
1473 2522 1528 2567 et
1566 2530 1876 2586 scrupeum.
1906 2518 1983 2571 Ex
2009 2519 2128 2587 qui-

548 2598 650 2653 bus
710 2599 958 2655 videlicet
1028 2603 1410 2658 exhalantibus
1462 2605 1618 2674 aquis
1673 2615 1935 2662 consueto
1984 2622 2136 2664 more

549 2692 839 2747 teterrima:
883 2693 1134 2748 videntur
1163 2694 1388 2750 avicula:
1434 2705 1657 2765 repente
1707 2712 2054 2768 consurgere,
2082 2708 2136 2755 et

546 2796 575 2832 a
609 2782 918 2851 veSpct-tina
952 2782 1176 2839 Sabbati
1206 2785 1338 2838 hora
1367 2800 1535 2855 usque
1574 2786 1644 2841 od
1672 2798 1853 2842 ortum
1882 2790 2135 2845 secunda:

547 2871 723 2937 l'crize,
750 2872 920 2927 solitae
942 2882 1067 2928 sunt
1092 2874 1344 2929 humanis
1371 2876 1678 2946 aspectibus
1711 2892 1993 2947 apparere.
2017 2878 2135 2947 Quo

546 2963 737 3018 indulti
766 2966 1021 3035 temporis
1042 2966 1216 3035 spatio
1260 2966 1511 3021 videntur
1532 2969 1661 3024 hinc
1688 2969 1813 3025 inde
1841 2985 1941 3041 per
1982 2987 2133 3027 mon-

546 3063 655 3109 tem
684 3056 823 3111 -.elnt
850 3057 1036 3113 soluta:
1064 3057 1292 3113 vinculis
1322 3058 1490 3114 libere
1515 3060 1760 3130 spatiari.
1792 3061 1924 3118 Alas
1944 3071 2136 3118 exten-

548 3148 706 3214 dunt,
747 3148 959 3218 plumas
1014 3162 1194 3205 roStro
1231 3161 1592 3227 prosequente
1633 3151 1940 3221 depectant,
1984 3160 2038 3207 et
2078 3153 2132 3207 in

2240 1964 2309 2017 ad
2336 1962 2559 2019 fratrem
2600 1978 2780 2019 meum
2831 1961 3114 2030 Joannem,
3147 1965 3241 2034 qui
3285 1981 3430 2021 nunc
3478 1967 3828 2037 apostolicam

2238 2060 2471 2122 occupat
2498 2052 2704 2117 sedem,
2733 2053 2892 2123 eique
2931 2068 3049 2109 mea
3077 2053 3298 2110 functus
3322 2055 3594 2125 legatione
3618 2057 3828 2113 denuno

2241 2143 2336 2209 tia,
2368 2151 2427 2197 ut
2456 2141 2601 2197 illam
2625 2143 2969 2212 potissimum
2994 2158 3287 2211 summam,
3315 2161 3435 2215 qua:
3458 2147 3513 2201 in
3556 2147 3651 2201 tali
3673 2147 3827 2203 theca

2240 2236 2574 2302 reconditur,
2602 2236 2655 2290 in
2676 2251 2946 2306 pauperes
2983 2251 3086 2308 pro
3114 2252 3234 2293 mea
3278 2237 3454 2294 salute
3497 2238 3823 2306 distribuat;

2238 2327 2427 2397 sicque
2467 2341 2554 2381 me
2602 2328 2975 2382 redimendum
3011 2342 3151 2393 esse,
3181 2328 3615 2399 quandocunque
3647 2339 3826 2385 tamen

2238 2417 2342 2472 hoc
2369 2417 2612 2472 decrevit
2643 2418 2923 2473 miseratio
2946 2417 3148 2484 divina,
3176 2429 3486 2487 cognoscat.
3513 2420 3646 2476 Nam
3667 2432 3830 2478 ωειδ-

2239 2521 2323 2571 ra,
2371 2522 2493 2578 quae
2543 2522 2644 2577 pro
2698 2523 2784 2563 me
2835 2517 2961 2563 sunt
3010 2508 3380 2580 indigentibus
3424 2511 3642 2577 tradita,
3691 2512 3826 2569 mihi

2237 2595 2371 2651 nihil
2398 2596 2614 2667 penitus
2661 2598 3008 2668 profuerunt,
3057 2600 3185 2667 quia
3230 2599 3298 2653 dc
3341 2599 3549 2669 rapinis
3595 2610 3721 2654 sunt
3769 2608 3827 2655 et

2239 2688 2518 2759 injustitiis
2560 2687 2850 2759 acquisita.
2910 2688 3006 2744 llis
3052 2690 3218 2759 igitur
3267 2690 3481 2753 auditis,
3539 2691 3829 2760 episcopus

2237 2776 2464 2832 Romam
2499 2776 2730 2849 impiger
2766 2779 2919 2844 adiit,
2965 2777 3159 2836 Joanui
3201 2795 3352 2850 papa:
3378 2779 3613 2835 defuncti
3635 2778 3828 2838 fratris

2237 2870 2401 2924 verba
2441 2877 2707 2934 narrant,
2776 2870 3098 2941 episcopalis
3155 2886 3284 2926 mox
3337 2872 3562 2925 sareime
3614 2872 3825 2940 pondus

2238 2957 2457 3026 abjecit,
2481 2962 2809 3015 monachum
2844 2961 3040 3027 induit,
3068 2975 3242 3032 eoque
3273 2964 3433 3017 modo
3458 2962 3691 3018 salutem
3719 2962 3825 3019 sibi

2236 3067 2303 3105 ex
2335 3051 2509 3105 aliena
2538 3051 2850 3106 calamitate
2874 3052 3140 3121 providit.

2307 3142 2383 3197 De
2412 3143 2690 3213 aequivoco
2726 3156 2940 3212 quoque
2970 3143 3209 3213 ejusdem
3234 3143 3508 3199 Benedicti
3536 3158 3685 3214 papa:
3709 3143 3824 3215 (ll)

548 3252 813 3311 quantum
838 3243 998 3297 datur
1042 3241 1292 3314 intelligi,
1332 3257 1593 3298 concessa
1621 3244 1690 3298 ad
1733 3254 1944 3314 tempus
1972 3243 2135 3300 refri-

2240 3240 2401 3302 atque
2432 3242 2653 3302 nepote.
2687 3233 2782 3302 qui
2821 3243 2946 3302 poSt
2977 3247 3114 3304 .eum
3146 3234 3362 3298 tertius,
3403 3232 3598 3288 Joanni
3621 3249 3825 3303 ,secun-

547 3331 682 3403 gerii
712 3348 770 3388 se
819 3333 1209 3403 tranquillitate
1256 3334 1553 3389 resolvunt.
1607 3334 1738 3402 Quae
1773 3334 2019 3404 profecto
2040 3349 2135 3389 voc

547 3420 728 3476 lucres
755 3436 855 3477 nec
877 3437 1116 3492 unquam
1165 3422 1418 3478 videntur
1453 3422 1612 3491 vesci,
1650 3438 1754 3479 nec
1781 3422 2024 3493 quolibet
2041 3437 2135 3478 au-

548 3510 704 3580 cupis
732 3510 911 3565 Valent
937 3512 1151 3583 ingenio
1177 3512 1318 3582 capi.

622 3601 995 3659 Dilueescentc
1020 3602 1187 3674 igitur
1212 3603 1476 3658 matutina
1505 3603 1758 3659 secunda:
1779 3601 1929 3660 feriae
1972 3603 2132 3669 hora,

548 3706 680 3748 ecce
706 3708 932 3763 magnus
955 3693 1022 3747 ad
1048 3692 1221 3747 instar
1245 3691 1472 3749 vulturis
1518 3708 1713 3749 corvus
1740 3701 1862 3764 post
1884 3693 2135 3764 praafatas

544 3783 790 3841 aviculas
820 3784 1009 3855 incipit
1035 3799 1272 3839 concava
1316 3794 1536 3855 gutture
1587 3786 1823 3855 graviter
1847 3787 2133 3842 crocitare.

540 3874 654 3930 Illa:
687 3875 934 3945 protinus
991 3888 1111 3928 sese
1155 3874 1314 3944 aquis
1370 3874 1751 3945 immergentes
1776 3875 2133 3941 abscondunt,

544 3982 647 4023 nec
672 3966 810 4021 ultra
838 3964 1099 4021 videmlas
1122 3980 1181 4020 se
1204 3964 1458 4020 humanis
1486 3964 1659 4020 oculis
1686 3963 1939 4032 oII'erunt,
1965 3966 2138 4021 donec

538 4056 1038 4125 .advesperaseente
1060 4052 1175 4124 jam
1210 4054 1436 4111 Sabbati
1468 4056 1577 4121 die,
1616 4056 1683 4111 de
1712 4055 1989 4126 sulphurei
2020 4066 2133 4111 sta-

545 4148 636 4216 gni
665 4148 922 4220 voragine
952 4162 1141 4202 rursus
1159 4156 1465 4219 emergunt.
1503 4148 1653 4221 Unde
1680 4148 1922 4204 nonnulli
1947 4148 2132 4219 perhi-

542 4237 674 4293 bent
702 4253 797 4293 eas
821 4237 1102 4293 hominum
1131 4252 1253 4293 esse
1292 4236 1501 4294 animas
1549 4238 1832 4294 ultricibus
1878 4238 2140 4309 gehennae

545 4330 826 4399 suppliciis
873 4330 1176 4400 deputatas.
1221 4328 1353 4396 Quae
1402 4331 1660 4385 nimirum
1711 4329 1921 4400 reliquo
1972 4329 2137 4384 totius

544 4420 899 4475 hebdomada’.
972 4428 1215 4490 tempore
1255 4419 1591 4486 cruciantur,
1633 4420 1913 4475 Dominico
1956 4430 2135 4474 autem

547 4512 635 4565 die
663 4526 785 4564 eum
842 4510 1212 4578 adjacentihus
1255 4510 1401 4564 ultro
1437 4510 1687 4580 citroque
1730 4510 2006 4574 noctibus,
2037 4525 2137 4580 pro

546 4600 842 4657 Dominica:
872 4599 1281 4654 resurrectionis
1306 4600 1501 4671 gloria,
1532 4598 1814 4670 refrigerio
1831 4599 2143 4671 potiuntur.
2162 4582 2214 4641 Ῐ)

544 4689 646 4745 Cui
671 4690 877 4746 scilicet
909 4688 1195 4744 assertioni
1231 4690 1393 4745 etiam
1424 4688 1748 4744 Prudentius
1789 4688 1988 4744 nobilis
2014 4663 2201 4825 νειμ)

548 4781 789 4825 ςιὶίῖριιιηιι
821 4781 873 4825 in
907 4781 1229 4825 lwmnnrnm
1274 4796 1497 4825 etiamm
1524 4780 1798 4825 nnngenlig
1826 4788 2132 4825 attestatur-

546 4781 789 4838 silicator
821 4781 874 4836 in
907 4781 1231 4853 hymnorum
1274 4796 1497 4837 suormn
1524 4780 1798 4850 opusculis
1826 4788 2133 4835 attestatur.

550 4874 657 4929 Sed
686 4890 809 4930 cum
843 4875 958 4929 haec
982 4874 1049 4929 de
1079 4874 1323 4937 aviculis,
1374 4884 1429 4930 et
1458 4890 1624 4930 corvo
1664 4873 1806 4929 inter
1848 4887 2018 4943 aquas
2053 4872 2136 4926 ni-

548 4980 677 5034 gras
716 4966 1008 5035 aliquando
1050 4966 1452 5037 apparentibus,
1496 4965 1788 5035 aliquando
1813 4981 1872 5021 se
1904 4965 2136 5019 abscon-

550 5056 827 5119 dentibus,
862 5059 917 5112 in
952 5059 1147 5129 pagina
1174 5058 1543 5130 digessissem,
1573 5057 1858 5128 religiosus
1878 5056 2139 5111 Casinen-

551 5148 629 5201 sis
673 5150 986 5203 monasterii
1037 5149 1204 5205 abbas
1253 5150 1562 5206 Desiderius
1614 5149 1858 5214 advenit,
1910 5162 2139 5217 seseque

504 5260 512 5276 υ
552 5254 670 5293 rem
696 5240 777 5294 sic
820 5240 1023 5298 habere
1053 5242 1293 5299 funditus
1335 5244 1644 5314 abnegavit.
1690 5242 1933 5313 Cumque
1962 5241 2135 5307 illum,

512 5327 515 5330 ’
553 5342 606 5388 et
632 5331 1011 5399 llumbertnm,
1039 5351 1216 5390 meum
1246 5336 1497 5392 videlicet
1534 5336 1845 5398 relalnrcm,
1879 5335 1930 5388 in
1953 5344 2138 5388 mutua

554 5421 822 5491 colloquia
859 5422 1227 5489 deduxissem,
1268 5423 1595 5482 llumbcrtns
1628 5425 1703 5478 ait
1728 5444 1741 5478 :
1768 5423 1882 5494 Ego
1918 5421 2137 5493 quidem

555 5510 716 5581 hujus
745 5511 1083 5581 altegationis
1115 5513 1482 5569 testimonium
1513 5530 1618 5570 non
1642 5514 1891 5582 defendo,
1916 5529 2134 5568 verum—

556 5612 741 5658 tamen
768 5605 872 5659 hoc
896 5602 1215 5674 simpliciter
1260 5604 1437 5668 retuli,
1462 5604 1629 5678 426
1652 5607 1795 5677 quod
1839 5603 1908 5663 ab
1937 5602 2135 5661 accolis

634 5786 677 5858 (Ι
696 5785 742 5856 ι)
780 5785 906 5857 Egits
931 5784 1163 5841 nominis
1199 5782 1494 5839 undecimi.

2237 3323 2339 3378 dus
2364 3323 2423 3380 in
2449 3321 2709 3378 Romana:
2736 3322 2882 3378 sedis
2905 3323 3185 3377 invasione
3212 3324 3497 3388 successit,
3520 3324 3662 3378 idem
3693 3323 3826 3378 mihi

2236 3413 2481 3468 narravit
2513 3412 2884 3479 Ilumbertus;
2924 3414 3052 3483 quia
3089 3428 3281 3469 vassus
3315 3414 3530 3484 quidam
3562 3413 3691 3468 dum
3722 3414 3827 3469 iter

2236 3513 2442 3575 ageret,
2472 3504 2673 3559 accidit
2721 3512 2783 3557 ut
2813 3502 2969 3573 juxta
2998 3503 3368 3560 molendinum
3417 3518 3555 3574 equo
3585 3504 3830 3561 insidens

2237 3596 2643 3665 pet-transiret;
2711 3609 2840 3653 ecce
2915 3604 3138 3665 repente
3219 3604 3521 3651 monstrum
3590 3595 3829 3651 immane

2236 3687 2537 3756 conspexit,
2586 3700 2696 3757 quo
2728 3672 2859 3742 viso
2897 3687 3107 3746 subitus
3143 3703 3269 3742 eum
3300 3696 3476 3742 terror
3523 3687 3741 3751 invasit,
3773 3695 3829 3742 et

2237 3777 2572 3849 stupefactus
2634 3778 2933 3837 intremuit.
2973 3775 3265 3833 Videbatur
3290 3789 3477 3834 autem
3518 3786 3824 3832 monstrum

2238 3871 2369 3925 illud
2407 3870 2460 3925 in
2494 3886 2656 3927 aures
2702 3872 2966 3925 duntaxat
2994 3867 3148 3924 aselli
3192 3858 3529 3939 caudan'ique
3553 3868 3827 3935 desinere,

2238 3974 2437 4019 caetera
2465 3978 2625 4020 ursus
2647 3972 2783 4021 erat.
2809 3963 3053 4033 Curaque
3079 3963 3253 4016 viator
3278 3962 3347 4017 ad
3376 3962 3480 4016 hoc
3517 3970 3830 4030 portentum

2242 4062 2463 4118 territus
2489 4060 2875 4130 obrigesceret,
2901 4058 3192 4130 fngamque
3213 4056 3542 4127 praecipitem
3572 4057 3830 4110 formido-

2239 4151 2386 4208 losus
2415 4152 2594 4216 iniret,
2623 4149 2856 4206 informe
2885 4149 3188 4220 prodigium
3212 4148 3465 4202 humanae
3490 4147 3637 4201 vocis
3664 4147 3827 4201 verba

2240 4242 2527 4299 formavit:
2562 4240 2706 4307 Noli,
2748 4241 2946 4310 inquit,
3002 4254 3036 4295 ο
3073 4239 3175 4306 vir,
3216 4252 3609 4308 expavescere;
3654 4238 3830 4292 homi-

2241 4351 2364 4390 nem
2399 4350 2486 4389 me
2519 4334 2648 4390 olim
2691 4333 2881 4398 fuisse,
2914 4332 3055 4386 sicut
3106 4340 3163 4386 et
3211 4332 3326 4400 ipse
3360 4346 3505 4385 nunc
3531 4345 3611 4395 es,
3639 4328 3831 4399 procul

2241 4425 2403 4479 dubio
2443 4425 2639 4490 crede;
2685 4425 2782 4479 sed
2834 4423 2961 4492 quia
3014 4421 3317 4477 bestialiter
3373 4417 3502 4484 v'ixi,
3551 4430 3675 4491 post
3706 4420 3830 4476 vitae

2244 4513 2407 4569 linem
2440 4514 2632 4570 bestiae
2681 4512 2923 4583 perferre
2967 4513 3202 4581 speciem
3252 4511 3447 4566 merui.
3496 4509 3671 4565 Porro
3702 4525 3828 4565 cum

2241 4604 2329 4660 ille
2381 4606 2741 4675 perquireret,
2786 4605 2908 4675 quis
2954 4604 3178 4659 fuisset:
3233 4602 3364 4673 Ego,
3418 4602 3514 4668 ait,
3570 4601 3660 4657 ille
3712 4601 3833 4658 solo

2242 4697 2462 4751 nomine
2498 4695 2823 4751 Benedictus
2868 4695 2967 4760 fui,
3000 4695 3091 4764 qui
3124 4710 3297 4763 nuper
3349 4692 3658 4764 apostolicae
3682 4693 3830 4749 sedis

2242 4785 2451 4855 apicem
2476 4786 2727 4856 indignus
2751 4785 2981 4840 obtinui.
3010 4784 3304 4854 Inquisitus
3332 4794 3535 4849 autem,
3564 4784 3692 4853 quid
3713 4783 3829 4853 jam

2243 4877 2614 4933 retributionis
2647 4878 2898 4931 haberet:
2933 4875 3085 4931 Nunc
3115 4877 3356 4946 quidem,
3411 4875 3606 4945 inquit,
3658 4890 3828 4945 uSque

2244 4966 2309 5020 ad
2336 4966 2526 5036 judicii
2575 4966 2717 5020 diem
2746 4982 2842 5036 per
2883 4967 3133 5032 dumosa,
3166 4976 3330 5037 atque
3364 4965 3688 5035 squalentia,
3731 4979 3831 5033 per

2244 5056 2532 5125 sulphurea
2565 5057 2700 5119 loca,
2749 5068 2803 5111 et
2831 5055 3036 5112 fetores
3065 5056 3397 5120 exhalantia,
3455 5062 3617 5125 atque
3642 5055 3831 5110 incen-

2242 5146 2349 5200 diis
2401 5144 2751 5216 conIlagrata,
2807 5146 2989 5216 rapior
3017 5156 3072 5201 et
3133 5147 3450 5217 pertrahor;
3487 5152 3607 5215 post
3639 5154 3827 5199 extre-

2245 5255 2390 5294 mum
2422 5254 2551 5294 vero
2570 5239 2855 5308 judicium,
2885 5256 3084 5311 corpus
3119 5256 3296 5295 meum
3322 5238 3480 5294 simul
3504 5248 3557 5293 et
3586 5237 3829 5292 animam

2247 5328 2663 5384 it'remediabilis
2696 5330 2991 5395 cruciatus,
3039 5338 3094 5383 et
3124 5327 3443 5399 gehennalis
3468 5325 3711 5380 barathri
3740 5340 3832 5380 me

2246 5420 2620 5476 irrevocabilis
2647 5420 2752 5475 olla
2782 5420 3057 5492 deglntiet,
3087 5421 3161 5475 ita
3193 5430 3252 5475 ut
3279 5420 3424 5474 nulla
3448 5418 3578 5473 mihi
3599 5431 3800 5487 recupe
3819 5445 3832 5453 ~

2244 5513 2474 5568 nationis
2508 5529 2632 5584 spes
2685 5514 2740 5567 in
2790 5521 3068 5584 posterum
3110 5521 3298 5568 restet.
3356 5511 3486 5566 Post
3516 5511 3632 5564 haec
3678 5523 3828 5573 vero,

2242 5602 2625 5673 ethnjusmodi
2651 5604 2818 5660 verba
2848 5602 3136 5673 disparuit.
3170 5601 3279 5658 Sed
3304 5616 3428 5658 cum
3454 5614 3578 5670 ego,
3613 5613 3712 5655 cur
3742 5595 3834 5652 ille
