4132 6324
333 386 435 442 ΕΘ

1118 383 1368 442 OPUSC.
1411 381 1555 438 XIX.
1595 413 1662 424 -—
1692 381 1782 437 DE
1816 379 2281 435 ABIllCA'l‘lONE
2330 380 2694 434 EPISCOI’A'I
2712 382 2816 434 L‘b.

3497 386 3603 433 lbi!

336 507 389 558 in
425 505 526 558 hac
554 498 739 572 specie
767 506 1092 569 conspectus
1130 499 1222 564 sit,
1247 499 1554 569 indaginem
1579 511 1785 566 quaero,
1813 510 1922 549 non
1953 504 1999 561 Α
2029 501 2192 558 atque
2238 500 2296 545 ut
2324 491 2532 546 occulta
2558 507 2654 546 sua
2679 492 2731 545 in
2754 491 2987 546 medium
3013 491 3302 562 proferret,
3327 495 3603 551 unanimi-

337 599 528 650 deesse
580 593 903 664 mysterium
954 592 1022 644 ab
1070 605 1137 646 eo
1192 589 1336 659 quod
1373 589 1545 642 visum
1584 595 1688 650 est,
1729 586 1922 654 depre-

339 687 536 744 hendo.
583 685 715 738 Nam
755 684 880 753 quia
934 681 1259 736 miserabilis
1315 681 1402 736 ille
1446 678 1514 732 ab
1557 679 1673 748 ipso
1724 677 1923 730 funesti

341 777 682 848 pontificatus
731 775 813 828 sui
865 771 1162 842 primordio
1221 769 1385 841 527
1437 784 1607 838 usque
1651 768 1716 820 ad
1763 766 1924 819 finem

339 870 463 922 vitae
490 868 543 920 in
574 865 801 919 luxnria:
827 878 986 918 coeno
1033 871 1280 916 versatus
1322 869 1427 922 est,
1477 875 1582 912 non
1629 858 1928 926 incongrue

339 958 490 1011 visus
513 963 618 1017 est,
657 963 711 1008 et
739 954 807 1007 ab
829 953 1052 1006 auribus
1084 953 1341 1020 incipere,
1370 961 1424 1003 et
1453 950 1506 1003 in
1536 950 1763 1004 caudam
1791 947 1927 1001 asini

343 1048 654 1102 terminare.
707 1045 905 1099 Asinus
953 1045 1149 1113 quippe
1198 1043 1530 1098 luxuriosum
1579 1051 1664 1095 est
1705 1040 1926 1106 animal,

340 1140 476 1193 sicut
510 1136 771 1206 prephcta
801 1135 1050 1204 designat
1075 1149 1196 1186 cum
1251 1133 1316 1187 de
1344 1131 1522 1186 carnis
1577 1129 1930 1184 immunditia:

339 1228 562 1288 deditis,
595 1227 708 1279 ait;
748 1244 765 1275 ι
811 1223 878 1280 Ut
926 1239 1121 1278 carnes
1159 1223 1458 1284 asinorum,
1508 1235 1703 1276 carnes
1741 1236 1928 1274 eorum

337 1319 561 1388 (Euris.
603 1317 782 1385 unt).
831 1337 848 1367 ι
887 1316 1041 1383 Quod
1088 1325 1268 1368 autem
1315 1329 1416 1384 per
1439 1322 1640 1367 cetera
1689 1313 1930 1367 membra

341 1411 454 1464 ursi
482 1411 697 1464 tenebat
729 1408 986 1477 speciem,
1021 1407 1184 1459 vitam
1215 1405 1268 1458 in
1293 1405 1548 1457 omnibus
1571 1403 1800 1456 docetur
1835 1401 1932 1454 du-

347 1501 489 1554 xisse
522 1498 812 1552 carnalem.
849 1495 1002 1560 Nam,
1030 1496 1172 1549 sicut
1198 1511 1226 1548 a
1251 1494 1491 1565 physicis
1531 1492 1780 1556 traditur,
1807 1505 1929 1544 ursa

337 1607 468 1644 cum
500 1591 660 1660 parit,
718 1605 826 1642 non
873 1588 1136 1652 catulum,
1164 1588 1318 1656 juxta
1351 1585 1796 1639 consuetudinem
1835 1584 1930 1638 be-

344 1685 606 1746 Stiarum,
648 1682 743 1736 sed
799 1681 1030 1734 frustum
1080 1679 1262 1733 carnis
1299 1675 1570 1732 effundit:
1609 1693 1731 1730 mox
1792 1675 1933 1744 quod

343 1774 701 1837 eifusumcst,
743 1773 985 1827 crebrius
1035 1771 1286 1840 lingendo
1325 1780 1380 1825 et
1409 1771 1692 1824 lambendo
1713 1786 1930 1838 compo-

2023 593 2108 636 ter
2134 583 2502 650 hortarentur,
2535 582 2622 637 ille
2660 581 3155 638 anathematizabat
3183 593 3237 638 et
3267 584 3609 654 blasphema-

2024 673 2118 726 bat
2161 689 2174 725 :
2227 681 2279 725 et
2325 688 2429 726 non
2472 672 2642 726 solum
2683 672 3013 741 poenitentia:
3057 674 3376 738 remedium,
3417 676 3510 730 sed
3553 684 3611 730 et

2024 763 2206 816 omnia
2260 763 2646 832 redemptionis
2699 771 2899 817 nostrae
2964 765 3221 834 mysteria
3279 781 3374 821 ore
3418 767 3608 822 rabido

2028 865 2191 924 atque
2229 855 2396 926 428
2422 854 2686 925 sacrilego
2732 853 3148 910 condemnabat.
3195 855 3438 912 Monachi
3478 874 3610 914 vero

2027 952 2094 1004 ad
2117 965 2329 1018 semper
2360 949 2598 1004 victricia
2626 949 2890 1004 orationis
2922 965 3070 1003 arma
3103 950 3191 1018 pio
3219 951 3397 1005 studio
3423 966 3612 1004 recur-

2031 1052 2232 1104 rentes,
2257 1053 2559 1112 roeperunt,
2597 1041 2824 1110 abjectis
2861 1042 3211 1106 indumentis,
3262 1059 3488 1112 corpora
3515 1058 3613 1099 sua

2029 1133 2206 1202 scapis
2247 1133 2490 1186 alliderc.
2534 1134 2726 1201 pugnis
2760 1142 2979 1202 pectora
3015 1134 3260 1197 tundere,
3302 1133 3615 1204 psalmodia

2029 1233 2191 1290 atque
2221 1226 2486 1286 omnium,
2531 1223 2727 1292 quibus
2763 1222 3031 1287 valebant,
3077 1238 3298 1293 precum
3329 1223 3617 1292 generibus

2031 1313 2303 1366 insudare.
2347 1313 2570 1367 Cunctis
2595 1314 2775 1382 itaque
2801 1313 3064 1368 fratribus
3115 1313 3167 1366 in
3199 1313 3459 1367 luctuosis
3490 1329 3616 1367 ora-

2034 1405 2270 1458 tionibus
2301 1404 2576 1474 Cljt'jllllio
2607 1405 2930 1465 constitutis,
2970 1419 3034 1458 ac
3058 1405 3158 1458 sub
3185 1405 3378 1458 divina:
3402 1404 3620 1473 pietatis

2032 1497 2438 1564 exspectatione
2501 1497 2800 1564 suspensis,
2853 1497 3068 1550 tandem
3112 1510 3358 1564 superna:
3404 1496 3622 1550 virtutis

2032 1585 2289 1654 splendor
2329 1586 2571 1640 emicuit.
2606 1587 2743 1641 Ecce
2783 1587 2926 1640 enim
2954 1585 3271 1654 desperatus
3300 1585 3410 1649 ille,
3439 1593 3495 1638 et
3528 1601 3624 1638 vo-

2033 1676 2224 1744 ragine
2260 1677 2425 1730 maris
2454 1676 2653 1730 hiantis
2692 1676 2997 1744 absorptus,
3044 1675 3110 1727 ad
3149 1673 3488 1743 superﬁciem
3537 1688 3623 1727 re~

2035 1765 2172 1818 diit:
2213 1765 2305 1819 Dei
2331 1766 2530 1834 quippe
2572 1765 2869 1819 Salvatoris
2917 1763 3365 1832 omnipotetttiam
3411 1763 3619 1828 laudat,

343 1863 446 1924 nit,
490 1862 674 1930 sicque
718 1861 785 1914 ad
827 1861 908 1914 sui
969 1861 1373 1914 similitudinem
1417 1859 1598 1928 lingua
1642 1858 1929 1923 fortnante,
1963 1847 2008 1906 Β
2037 1857 2381 1924 nequissimis
2463 1856 2675 1910 Satanae
2743 1852 3204 1909 ludiﬁcationibus
3247 1852 3617 1919 abrenuntiat,
3701 1853 3709 1868 ‘

341 1953 597 2024 producit
659 1953 829 2023 (Pun.
866 1953 958 2007 lib.
1008 1969 1127 2015 vni,
1181 1969 1296 2021 cap.
1331 1951 1443 2020 56).
1471 1951 1601 2005 Jure
1647 1951 1810 2020 igitur
1838 1951 1931 2020 qui

347 2043 645 2106 luxuriose,
678 2051 734 2095 et
778 2041 1070 2096 carnaliter
1098 2042 1248 2104 vixit,
1291 2041 1342 2094 in
1390 2041 1527 2094 asini
1557 2039 1714 2095 simul
1741 2049 1794 2094 et
1822 2040 1934 2094 ursi

351 2136 521 2204 ﬁgura
582 2134 905 2203 comparuit.
973 2133 1070 2188 Cui
1122 2133 1376 2187 nimirum
1430 2132 1552 2202 quis
1601 2147 1710 2185 non
1759 2129 1937 2184 videat

343 2234 553 2294 quanto
604 2223 794 2278 melius
843 2223 1040 2287 fuerat,
1104 2232 1162 2276 ut
1223 2223 1593 2293 episcopatum
1657 2222 1934 2286 deserens,

347 2314 725 2384 ptenitentiam
755 2322 958 2382 ageret,
991 2329 1152 2383 quant
1199 2313 1251 2366 in
1282 2327 1346 2367 eo
1380 2328 1550 2381 usque
1579 2310 1644 2364 ad
1677 2311 1797 2365 vitae
1831 2319 1938 2366 ter-

351 2407 559 2461 minum
614 2421 983 2475 perseverans,
1031 2420 1210 2459 veram
1255 2405 1419 2458 vitam
1462 2403 1706 2460 funditus
1757 2404 1939 2474 perdi-

350 2498 538 2552 disse?

971 2606 1198 2662 CAPUT
1236 2601 1323 2661 IV.

351 2697 432 2752 De
465 2697 742 2764 monacho,
781 2698 872 2768 qui
901 2697 1183 2751 damnatus
1231 2698 1284 2752 in
1320 2697 1552 2767 inferno,
1599 2707 1776 2766 postea
1806 2697 1942 2751 iibe-

1017 2779 1161 2820 ratus
1181 2778 1276 2820 εει.

424 2859 533 2915 Sed
561 2859 686 2929 quia
711 2859 812 2913 hoc
835 2859 990 2913 triste
1017 2859 1370 2928 praetuliutus,
1395 2859 1536 2912 aliud
1558 2860 1776 2928 pietatis
1807 2859 1943 2912 divi-

347 2967 440 3004 nte
489 2949 828 3013 miraculum,
861 2950 1001 3018 quod
1032 2949 1286 3002 nimirum
1337 2949 1491 3003 laatos
1540 2951 1729 3004 habuit
1767 2951 1944 3004 exitus

346 3056 426 3094 ex
479 3038 718 3108 ejusdem
771 3037 1052 3093 Humbcrti
1095 3039 1496 3092 narrationibus
1542 3040 1941 3093 subnectamus.

428 3132 484 3184 In
525 3129 876 3194 monasterio,
910 3129 1104 3197 inquit,
1136 3127 1194 3181 Β.
1221 3128 1491 3192 Silvestri,
1523 3131 1664 3199 quod
1698 3131 1748 3183 in
1790 3128 1946 3183 Urbi-

356 3230 486 3274 nate
521 3221 871 3275 constitutum
914 3229 999 3273 est
1037 3220 1330 3282 territorio,
1384 3197 1602 3288 quidam
1650 3221 1944 3274 monachus
1974 3197 2017 3257 Ο

351 3309 518 3374 obiit,
543 3309 690 3362 etab
721 3308 1012 3377 incipiente
1047 3307 1299 3377 gallicinii
1325 3307 1660 3361 nocturnalis
1690 3308 1942 3374 articulo,

357 3415 530 3468 usque
571 3399 636 3450 ad
689 3401 982 3453 secundam
1033 3399 1136 3453 diei
1185 3399 1374 3452 lteram
1419 3399 1647 3453 cadaver
1677 3402 1945 3463 exanime,

357 3489 530 3543 lotum
563 3489 718 3560 juxta
763 3506 990 3553 merent,
1055 3501 1219 3560 atque
1257 3491 1632 3557 constrictum,
1687 3491 1949 3547 fratribus

353 3580 782 3650 circumquaque
805 3581 1177 3650 psallentibus,
1201 3582 1252 3636 in
1273 3582 1474 3638 feretro
1491 3583 1681 3652 jaeuit.
1706 3585 1948 3655 Cumque

361 3673 651 3726 transactis
671 3671 785 3740 jam
810 3673 1099 3726 missarum
1123 3689 1190 3727 ex
1234 3672 1422 3741 majori
1455 3684 1608 3742 parte
1643 3676 1946 3741 solemniis,

359 3765 541 3832 Agnus
571 3762 688 3828 Dei,
732 3763 886 3833 juxta
933 3765 1170 3832 regulam
1217 3765 1510 3826 diceretur,
1540 3781 1668 3821 ecce
1704 3777 1946 3836 repente,

358 3853 454 3921 qui
506 3863 754 3907 mortuus
804 3853 1022 3922 jacebat
1084 3855 1136 3907 in
1190 3855 1388 3920 medio,
1427 3859 1606 3910 anitna
1664 3859 1946 3921 redeunte,

362 3948 618 4001 surrexit.
688 3948 984 4018 Stupefacti
1035 3958 1162 4003 sunt
1217 3949 1440 4016 fratres,
1494 3959 1547 4006 et
1592 3968 1730 4006 nova
1787 3952 1950 4005 nimis

353 4039 723 4094 admiratione
762 4042 1064 4111 perterriti:
1103 4043 1356 4096 nimirum
1397 4056 1556 4111 quem
1599 4042 1803 4097 funeris
1833 4043 1948 4096 olli-

356 4130 508 4184 cittm
541 4129 911 4198 persolventes
935 4131 1263 4196 extulerant,
1295 4147 1437 4185 nunc
1461 4131 1674 4186 vitalem
1703 4133 1948 4200 spiritum

367 4219 636 4286 recepisse
685 4219 960 4273 videbant.
1012 4221 1082 4272 At
1129 4235 1252 4273 cum
1309 4219 1528 4289 propius
1570 4220 1946 4285 accessissent,

365 4310 637 4380 verbaque
665 4327 729 4364 ex
757 4327 848 4366 ore
895 4312 1035 4365 illius
1063 4313 1250 4367 audire
1277 4313 1495 4367 avidius
1527 4312 1833 4367 iuhiarent:
1865 4312 1950 4369 Ah

362 4402 588 4457 scelus!
640 4403 729 4458 ille
778 4404 1086 4470 maledicta,
1135 4413 1189 4458 et
1252 4404 1611 4459 contumelias
1669 4404 1720 4457 in
1783 4405 1949 4458 Deum

364 4497 532 4565 cmpit
559 4495 859 4560 ellundere,
919 4496 1259 4550 benedictum
1303 4495 1598 4550 Salvatoris
1628 4512 1818 4550 nomen
1846 4496 1948 4548 int-

359 4588 454 4657 pie
485 4587 875 4656 blasphemare,
908 4587 1134 4641 vivilica:
1171 4589 1350 4642 crucis
1379 4589 1613 4657 signum,
1660 4596 1716 4640 ut
1743 4587 1951 4642 oscula-

369 4689 543 4743 retur,
584 4678 842 4744 oblatum,
877 4678 1138 4750 sacrilego
1166 4694 1260 4732 ore
1298 4694 1628 4747 conspuere;
1670 4679 1956 4733 intemera-

371 4782 480 4825 tant
510 4787 724 4842 quoque
766 4756 860 4826 illei
896 4771 1225 4826 Geuitricem
1268 4771 1636 4842 ignominiosis
1662 4785 1766 4824 non
1798 4769 1955 4823 time-

370 4865 791 4934 batOpprobriis
846 4866 1104 4919 lacerare.
1147 4864 1216 4918 Ut
1253 4864 1403 4934 quid,
1448 4864 1716 4932 inquiens,
1743 4877 1843 4930 pro
1874 4875 1958 4914 me

369 4956 622 5025 psallitis,
654 4956 739 5010 vel
786 4958 1176 5012 sacriﬁciorum
1224 4957 1432 5012 hostias
1479 4954 1675 5011 oilerre
1705 4955 1958 5009 tentalis?

371 5049 487 5118 Ego
535 5048 680 5101 enim
726 5047 778 5100 in
812 5049 926 5116 ipsa
954 5046 1280 5102 ﬂammantis
1320 5047 1506 5101 tartari
1555 5045 1820 5114 profunda
1857 5048 1953 5100 de-

369 5140 580 5203 scendi,
605 5140 785 5208 ibique
808 5155 892 5194 me
915 5155 1066 5194 meus
1093 5141 1444 5210 magister.et
1463 5139 1713 5194 dominus
1742 5136 1957 5192 Lucifer

373 5230 804 5285 irrevocabiliter
870 5231 1184 5300 deputavit;
1253 5246 1509 5284 coronam
1581 5230 1740 5298 plane
1801 5243 1952 5282 suam

369 5338 572 5376 :cream
623 5321 1046 5392 incxstinguiblli
1112 5335 1327 5390 semper
1365 5321 1558 5373 ardore
1611 5319 1952 5378 candentem,

373 5413 510 5468 mihi
545 5412 596 5466 itt
624 5412 800 5481 capite
824 5414 1039 5482 posuit:
1068 5411 1308 5482 ejusdem
1335 5426 1554 5482 quoque
1582 5411 1782 5465 metalli
1808 5411 1958 5466 chla-

375 5503 536 5573 myde
571 5518 677 5568 me,
702 5519 807 5572 qua
845 5504 1164 5558 induebatur
1199 5504 1330 5574 ipse,
1364 5503 1594 5557 vestivit.
1627 5501 1758 5554 Erat
1779 5509 1958 5555 autem

373 5593 624 5663 chlamys
672 5603 780 5646 tam
811 5592 987 5663 longa,
1034 5603 1092 5648 ut
1125 5593 1230 5647 talo
1260 5603 1413 5646 tenus
1461 5589 1686 5654 ﬂueret;
1726 5598 1830 5643 tam
1857 5587 1959 5644 fer-

377 5695 570 5740 venter
599 5686 794 5756 ignita,
826 5694 884 5738 ut
925 5685 1213 5756 liquefacta
1257 5694 1442 5755 guttas
1480 5684 1729 5738 emittere
1754 5682 1962 5736 videre-

374 5785 487 5830 tur.
539 5775 784 5832 Cumque
828 5777 1021 5831 fratres
1063 5791 1210 5842 eum,
1247 5783 1302 5829 ut
1335 5775 1710 5845 ptenitentiam
1755 5782 1962 5844 ageret,

1981 4536 2033 4594 Ι)

2035 1963 2252 2001 crucem
2279 1949 2491 2012 adorat,
2534 1947 2906 2017 ptnnitcntiam
2951 1947 3175 2017 ﬂagitat.
3205 1944 3496 2000 Confessus
3537 1953 3626 2000 est

2035 2050 2234 2102 autem,
2265 2041 2387 2108 quia
2438 2050 2556 2108 post
2598 2039 3048 2094 renuntiationem
3077 2038 3276 2098 saeculi,
3305 2038 3362 2090 in
3385 2037 3624 2091 fornica-

2037 2131 2238 2184 tionem
2268 2131 2484 2193 cecidit,
2535 2146 2696 2201 quam
2737 2139 2914 2184 tamen
2963 2139 3190 2184 eotenus
3232 2129 3365 2182 nulli
3412 2127 3625 2197 peni-tus

2037 2237 2135 2292 per
2164 2222 2524 2280 confessionis
2571 2223 2828 2277 indicium
2853 2220 3124 2290 patefecit.
3161 2219 3410 2274 Laudans
3435 2219 3623 2288 igitur,

2035 2327 2093 2369 et
2126 2316 2453 2371 benedicens
2495 2317 2659 2370 Deum
2701 2330 2872 2384 usque
2907 2315 2961 2368 in
3009 2315 3148 2368 diem
3207 2315 3438 2367 alterum
3470 2311 3624 2373 vixit,

2038 2406 2224 2477 sicque
2245 2406 2496 2462 Creatori
2535 2421 2633 2461 suo
2661 2407 2984 2462 mirabiliter
3020 2408 3322 2469 restitutus,
3362 2405 3412 2458 in
3438 2413 3627 2459 sancta

2039 2499 2106 2552 de
2131 2498 2233 2553 hoc
2255 2499 2454 2553 satculo
2477 2497 2823 2553 confessione
2850 2498 3119 2568 migravit.
3151 2496 3241 2552 Sic
3266 2497 3344 2551 sic
3371 2496 3624 2549 nimirum

2039 2597 2210 2644 terna:
2230 2591 2495 2644 orationis
2519 2589 2726 2644 fructus
2749 2589 3001 2654 etlloruit,
3033 2605 3153 2658 qua:
3184 2588 3431 2642 videlicet
3452 2587 3629 2640 oratio

2040 2696 2108 2734 ex
2140 2681 2270 2750 ipsis
2314 2682 2574 2749 gehennae
2614 2680 2912 2735 visceribus
2943 2681 3177 2749 praedam
3218 2679 3420 2746 rapuit,
3472 2686 3527 2731 et
3563 2677 3630 2730 de

2041 2767 2380 2821 ﬂammarum
2409 2768 2601 2838 stipula
2632 2771 2683 2822 in
2715 2778 2984 2823 structura
3009 2783 3258 2838 supernae
3285 2764 3623 2821 Hierusalem

2041 2857 2275 2925 lapidem
2301 2858 2478 2910 vivum
2507 2859 2704 2927 posuit.
2756 2857 2881 2912 Haec
2920 2858 3050 2912 mihi
3078 2857 3408 2912 ilutnbertus
3451 2856 3631 2910 archi-

2043 2949 2330 3016 episcopus
2371 2947 2579 3009 retulit,
2625 2947 2778 3017 cujus
2820 2947 3074 3000 nimirum
3114 2947 3276 3000 verba
3323 2944 3468 2999 velut
3497 2959 3629 3013 apo-

2045 3037 2236 3092 stolica
2268 3038 2518 3091 videntur
2549 3038 2772 3092 veritate
2796 3037 3037 3091 fundata.

2679 3127 2906 3182 CAPUT
2945 3128 3007 3181 γ.

2290 3223 2442 3289 Quod
2466 3224 2797 3292 episcopatus
2823 3223 2894 3276 sit
2927 3219 3155 3275 arduum
3183 3237 3388 3274 munus.

2121 3313 2178 3368 Si
2209 3328 2338 3384 ergo
2369 3313 2476 3377 ille,
2510 3313 2603 3383 qui
2648 3314 2702 3367 in
2745 3312 3069 3366 monachatu
3109 3311 3399 3373 ceciderat,
3433 3311 3635 3379 quique

2050 3403 2116 3458 de
2146 3403 2259 3456 sola
2301 3418 2398 3456 sua
2441 3403 2621 3457 anima
2663 3402 2924 3457 rationem
2967 3401 3216 3465 debebat,
3265 3409 3371 3454 tam
3407 3400 3633 3454 terribili

2052 3493 2248 3546 meruit
2291 3495 2557 3548 sententia
2607 3493 2990 3558 condemnari;
3039 3508 3147 3563 qua
3188 3503 3365 3546 mente
3412 3507 3635 3546 securus

2050 3592 2135 3638 est
2159 3583 2382 3653 quilibet
2407 3588 2510 3639 mei
2533 3585 2723 3640 similis
2754 3585 3003 3654 indignus
3028 3585 3333 3655 episcopus,
3364 3585 3454 3654 qui
3480 3584 3637 3638 nitui-

2053 3688 2171 3727 ru::t
2202 3682 2278 3727 tot
2303 3682 2387 3728 est
2423 3674 2726 3728 animarum
2760 3689 2908 3739 reus,
2936 3683 3067 3743 quot
3099 3690 3194 3743 per
3219 3673 3334 3742 ejus
3365 3673 3636 3743 negligen-

2053 3767 2206 3830 tiam,
2255 3783 2346 3821 seu
2390 3783 2554 3837 prava
2597 3767 2843 3838 exempla
2879 3766 3216 3838 depereunt?
3254 3767 3389 3820 Cum
3423 3775 3639 3821 constet

2053 3856 2220 3914 fuisse
2246 3858 2548 3922 nonnullos,
2567 3875 2663 3928 pro
2689 3859 2790 3913 levi
2817 3859 2983 3913 etiam
3013 3860 3252 3928 quolibet
3281 3859 3638 3927 impedimen-

2053 3957 2128 4013 to,
2170 3949 2458 4018 episcopali
2506 3950 2763 4020 regimine
2811 3961 3000 4020 sponte
3052 3951 3304 4014 nudatos,
3347 3965 3410 4004 ex
3443 3948 3641 4018 quibus

2054 4041 2143 4094 hic
2171 4056 2335 4094 unum
2362 4038 2591 4093 sufﬁciat
2627 4041 2812 4104 inseri,
2839 4057 3000 4110 quem
3022 4040 3262 4110 profecto
3289 4041 3342 4094 in
3366 4057 3451 4107 ea,
3473 4055 3637 4109 quant

2053 4131 2411 4185 Cassiodorus
2441 4133 2506 4183 de
2525 4129 2717 4185 Grtcco
2750 4131 2800 4184 in
2823 4131 3072 4184 Latinum
3105 4130 3383 4195 transfert,
3414 4130 3641 4185 historia

2053 4234 2362 4294 promptum
2413 4233 2496 4277 est
2547 4225 2803 4294 reperire,
2856 4224 3009 4290 cujus
3068 4224 3157 4278 hic
3207 4223 3450 4278 historiae
3497 4223 3642 4276 nuda

2054 4316 2318 4370 duntaxat
2349 4314 2508 4369 verba
2555 4315 2968 4378 conscribimus,
3010 4323 3068 4369 ιιι
3095 4315 3386 4370 dubietatis
3416 4328 3642 4384 scrupu-

2050 4404 2165 4458 lum
2198 4405 2598 4474 ambigentibtts
2625 4405 2955 4460 auferamus.

2131 4494 2402 4559 Silvanus,
2427 4495 2622 4564 inquit,
2653 4497 2839 4550 rhetor
2880 4496 2981 4550 fuit
3006 4495 3158 4566 prius
3188 4495 3354 4552 Troili
3384 4495 3641 4567 sophistae

2060 4585 2376 4655 discipulus,
2429 4597 2487 4640 et
2523 4587 2589 4641 ad
2625 4585 2926 4657 perfectum
2957 4586 3324 4651 Christianus,
3371 4586 3645 4653 vitamque

2060 4675 2434 4730 monachicam
2493 4676 2739 4744 diligens.
2797 4677 2845 4732 ls
2891 4678 3034 4732 enim
3070 4678 3307 4732 doctoris
3345 4677 3509 4746 pallio
3567 4679 3645 4729 uti

2060 4768 2324 4837 despexit.
2357 4768 2526 4834 Quem
2552 4780 2672 4838 post
2703 4771 2817 4824 luce
2852 4771 3065 4826 Atticus
3092 4772 3374 4840 episcopus
3399 4785 3645 4838 compre-

2061 4857 2322 4924 hendens,
2389 4860 2698 4930 episcopum
2758 4859 3186 4930 Philippopoleos
3246 4863 3530 4916 ordinavit.
3573 4866 3646 4917 At

2062 4947 2150 5002 ille
2180 4948 2350 5002 tribus
2377 4951 2532 5003 annis
2559 4949 2613 5003 in
2642 4949 2874 5004 Thracia
2904 4950 3124 5019 degens,
3149 4966 3249 5004 nec
3276 4949 3473 5021 frigora
3499 4952 3644 5009 ferre

2061 5039 2266 5104 valens,
2311 5055 2433 5095 cum
2487 5041 2707 5096 haberet
2771 5056 2966 5110 corpus
3019 5041 3174 5094 valde
3229 5042 3405 5097 debile
3482 5054 3648 5116 atque

2062 5132 2282 5196 subtile,
2309 5135 2516 5204 rogavit
2540 5135 2774 5188 Atticum
2803 5143 2860 5187 ut
2893 5149 3014 5187 eum
3044 5135 3096 5188 in
3121 5135 3296 5190 locum
3324 5136 3488 5191 alium
3514 5155 3644 5194 con-

2063 5222 2332 5287 stitueret,
2365 5224 2570 5289 dicens,
2598 5238 2702 5275 non
2729 5223 2797 5275 ob
2819 5222 2976 5275 aliam
3002 5237 3243 5286 causam,
3294 5224 3394 5280 nisi
3427 5237 3648 5296 propter

2065 5309 2234 5381 frigus
2254 5328 2314 5365 ea
2337 5328 2396 5366 se
2429 5313 2542 5366 loca
2566 5313 2756 5364 vitare.
2795 5312 3038 5380 Cumque
3082 5312 3218 5367 alter
3245 5330 3341 5382 pro
3366 5331 3429 5369 eo
3455 5319 3647 5370 luisset

2060 5403 2362 5468 ordinatus,
2408 5404 2606 5458 mansit
2645 5403 2900 5457 Silvanus
2934 5402 3424 5476 Constantinopoli,
3479 5409 3643 5461 vitam

2067 5493 2435 5547 monachicam
2480 5493 2716 5563 perfecte
2791 5494 3134 5558 custodiens;
3169 5505 3483 5565 tantumque
3530 5512 3647 5551 sum

2067 5588 2174 5642 ulla
2213 5588 2314 5643 fuit
2359 5590 2695 5659 arrogantia,
2744 5599 2801 5644 ut
2833 5589 3149 5660 plerumque
3187 5592 3239 5646 in
3279 5601 3425 5646 tanta
3459 5593 3644 5646 multi-

2069 5683 2252 5739 tudine
2301 5683 2538 5738 civitatis
2582 5699 2704 5738 cum
2742 5683 2903 5738 soleis
2954 5683 3240 5752 despectus
3305 5683 3638 5752 procederet.

2067 5775 2310 5843 Quodam
2341 5791 2470 5831 vero
2504 5785 2742 5847 tempore
2771 5784 3150 5846 praetereunte,
3176 5775 3421 5846 Trojantn
3450 5772 3642 5842 praesul
