4148 5358
526 192 642 250 ~£3!

987 190 1064 249 -S.
1105 191 1309 248 PETRI
1347 191 1633 248 DAMIANI
1669 193 1821 250 OPP.
1864 189 2102 248 TOMUS
2142 190 2273 247 SEU
2309 189 2487 246 PARS
2521 188 3079 248 lll.—OPUSCULA
3120 192 3352 247 VARIA.

3710 195 3820 248 4ὗί

550 308 810 365 Ecclesia:
864 304 1112 368 moritur,
1176 303 1506 376 Troianique
1559 315 1826 361 venerunt
1889 313 2134 376 petentes
2163 308 2206 367 Α
2239 302 2443 358 malitia
2474 303 2710 358 animam
2744 303 2878 373 (Jer.
2911 305 3006 374 vi).
3043 324 3061 356 ›
3101 303 3316 360 Memini
3348 304 3492 360 enim
3539 320 3681 377 saepe
3729 323 3822 364 me

544 400 879 470 episcoqum.
957 395 1199 466 Cumque
1290 397 1554 466 cogitaret
1626 396 1880 462 Atticus,
1971 410 2131 465 quem

544 489 800 548 ordinare
849 487 1091 553 deberet,
1143 485 1322 543 subito
1347 486 1573 557 contigit
1608 487 1672 540 ad
1716 501 1838 540 eum
1894 484 2132 541 salutan-

542 581 671 636 dum
714 579 880 652 429
911 577 1101 632 venire
1157 576 1457 632 Silvanum.
1505 577 1574 630 At
1611 577 1698 632 ille
1748 577 1938 632 videns
1981 589 2129 642 eum,

543 685 670 725 mox
720 670 961 740 cogitare
1007 668 1260 723 cessavit.
1319 667 1472 724 Tunc
1517 669 1585 722 ad
1644 667 1964 722 Silvanum:
2015 665 2131 719 Non

542 762 733 828 habes,
765 761 965 830 inquit,
996 759 1220 814 ulterius
1251 760 1596 814 occasionem
1623 799 1637 823 ,
1669 774 1768 830 pro
1810 774 1915 828 qua
1957 758 2132 814 eccle-

541 853 795 908 siasticas
832 866 992 906 curas
1018 850 1194 920 possis
1244 848 1498 921 effugere.
1544 849 1703 920 Troja
1747 864 1980 918 namque
2023 863 2130 903 non

546 944 710 998 habet
739 941 930 1012 frigus,
955 941 1049 995 sed
1083 955 1210 996 ecce
1235 949 1527 1010 apparatus
1553 948 1637 994 est
1665 947 1758 994 tuo
1795 940 2011 1010 corpori
2039 954 2132 1009 op-

539 1043 807 1104 portunus
832 1049 862 1086 a
909 1031 1018 1088 Deo
1064 1031 1253 1098 locus;
1285 1046 1534 1102 prmpara
1571 1045 1701 1102 ergo
1752 1031 2129 1102 temetipsum,

543 1133 598 1179 et
628 1126 695 1179 ad
751 1122 970 1192 Trojam
1017 1123 1280 1179 continuo
1335 1121 1702 1194 proficiscere.
1757 1122 1952 1192 Migrat
2002 1137 2132 1195 ergo

545 1216 823 1270 Silvanus.
841 1236 849 1244 -

615 1309 813 1364 Verum
840 1309 887 1364 si
927 1309 1050 1378 quis
1088 1309 1232 1363 hunc
1262 1307 1497 1363 fortasse
1527 1306 1854 1363 temeritatis
1883 1315 2127 1371 accuset,

515 1412 775 1467 'eumque
798 1412 899 1467 pro
922 1398 1035 1453 solo
1064 1396 1264 1467 frigore
1311 1397 1661 1452 commissum
1712 1397 1950 1468 regimen
2003 1412 2132 1452 con-

517 1491 846 1559 "tempsisse,
879 1500 1040 1559 atque
1067 1505 1168 1560 pro
1188 1489 1433 1560 corporis
1461 1489 1845 1544 commoditate
1888 1491 1953 1543 ad
1985 1488 2130 1543 aliud

541 1581 874 1653 demigrasse
924 1580 1289 1644 condemnet,
1346 1579 1531 1634 audiat
1583 1589 1704 1650 post
1755 1581 1871 1635 haec
1923 1581 2131 1650 insigne

2237 399 2310 451 ita
2340 395 2507 450 divini
2535 395 2734 450 amoris
2763 398 2887 467 igne
2916 411 3261 462 succensum,
3290 406 3350 452 ut
3397 407 3644 469 optarem
3683 416 3812 471 pro-

2237 490 2381 544 tinus
2409 487 2645 543 claustra
2675 489 2859 544 carnis
2905 487 3196 560 effringere
3218 529 3232 555 ,
3261 499 3316 544 et
3357 491 3510 560 quasi
3553 491 3620 546 de
3659 505 3819 549 coeno

2233 582 2474 649 solutus,
2524 591 2579 638 et
2613 583 2974 639 carceralibus
3031 584 3312 648 tenebris,
3363 584 3434 638 ad
3489 584 3817 642 atternitatis

2236 677 2418 733 lumen
2465 676 2778 732 medullitus
2809 677 3086 732 anhelare.
3139 677 3271 731 Erat
3298 675 3440 730 enim
3486 675 3618 731 mihi
3648 684 3774 733 tunc
3798 715 3816 745 ,

2235 768 2375 822 sicut
2397 783 2493 838 per
2515 767 2832 839 prophetam
2881 767 3142 822 Dominus
3188 767 3474 838 pollicetur
3500 807 3515 831 ,
3552 783 3648 822 eor
3690 783 3816 823 caro

2233 872 2420 924 neum,
2459 859 2572 913 sive
2598 867 2658 912 ut
2679 859 2811 914 mihi
2841 858 3129 913 videbatur
3151 897 3166 922 ,
3217 872 3432 912 cereum
3460 857 3679 927 (Ezech.
3712 862 3818 927 xu).

2235 949 2388 1016 Quod
2445 950 2699 1004 nimirum
2754 949 3009 1005 desiderii
3070 948 3311 1004 cmlestis
3367 947 3604 1002 afﬂatum
3655 947 3820 1020 530

2235 1038 2450 1094 flamma
2499 1040 2862 1112 liquesceret,
2909 1049 2966 1094 et
3010 1039 3270 1095 uberibus
3316 1038 3571 1110 lacrymis
3617 1035 3816 1093 ﬂebilia

2235 1130 2547 1200 frequenter
2589 1147 2684 1186 ora
2733 1132 2956 1201 rigaret.
2999 1129 3296 1186 Horrebam
3341 1129 3571 1195 audire,
3615 1139 3818 1198 quanto

2236 1221 2407 1293 magis
2455 1237 2550 1277 ore
2596 1220 2875 1291 proferre,
2931 1222 3190 1292 quidquid
3228 1237 3337 1276 non
3388 1221 3717 1291 provocabat
3748 1221 3817 1276 ad

2234 1313 2530 1378 Christum,
2570 1329 2872 1384 omnesque
2905 1329 3078 1386 nugas
3111 1313 3226 1369 sive
3273 1314 3480 1368 menias
3525 1313 3815 1368 verborum

2234 1407 2578 1462 saecularium
2599 1407 2748 1462 velut
2781 1407 2950 1462 rictus
2974 1421 3192 1472 canum,
3220 1405 3334 1460 sive
3361 1420 3573 1460 morsus
3601 1419 3818 1474 serpeno

2236 1499 2368 1552 tium
2425 1497 2769 1567 deputabam.
2831 1495 2985 1566 Saape
3043 1497 3333 1551 cernebam
3386 1495 3816 1566 pra-semissium

2236 1592 2432 1646 mentis
2467 1589 2664 1645 intuitu
2709 1589 2986 1646 Christum
3028 1588 3198 1644 clavis
3248 1586 3503 1653 allixum,
3552 1587 3606 1642 in
3653 1602 3817 1643 cruce

537 1687 637 1742 ρετ
665 1687 787 1726 eum
819 1671 1081 1727 Clamisse
1131 1671 1477 1736 miraculum.
1517 1680 1571 1726 θῐ
1615 1673 1694 1727 δίο
1730 1671 1924 1727 Sillle
1966 1672 2129 1728 liVidO
2160 1679 2204 1738 Β
2233 1683 2580 1756 pendentem,
2619 1684 2919 1754 avidusque
2948 1683 3314 1755 suspiciebam
3363 1685 3655 1738 stillantem
3691 1697 3818 1754 sup.

538 1763 982 1832 reprehensionis
1007 1777 1190 1818 morsu
1233 1761 1481 1817 lacerare
1519 1762 1734 1816 desinat
1776 1761 2005 1832 justum.
2037 1763 2131 1818 Sic

539 1855 689 1908 enim
755 1854 1028 1925 subjungit
1101 1852 1514 1920 historiazQuo
1563 1853 1750 1919 facto,
1807 1853 2131 1909 miraculum

538 1945 686 2015 quod
718 1944 860 1999 inter
889 1958 1083 1999 manus
1125 1943 1245 2012 ejus
1287 1943 1582 1998 accesserit
1629 1943 1917 1998 enarrabo.
1967 1941 2130 1996 Navis

537 2036 801 2100 maxima,
831 2051 950 2105 quae
981 2034 1214 2107 grandes
1243 2035 1525 2091 columnas
1566 2035 1824 2101 devexit,
1864 2050 2037 2104 nuper
2075 2035 2130 2089 in

535 2129 727 2184 littore
760 2126 997 2196 Trojano
1021 2126 1426 2192 fabricabatur;
1456 2141 1688 2197 cumque
1731 2141 1852 2181 eam
1884 2125 1951 2180 ad
1983 2141 2130 2180 mare

541 2218 739 2274 ducere
784 2217 1124 2282 voluissent,
1179 2216 1366 2271 multis
1411 2213 1670 2279 funibus,
1719 2225 1882 2286 atque
1933 2216 2132 2286 populo

527 2309 814 2375 irahente,
840 2307 1147 2363 nullatenus
1179 2307 1518 2362 movebatur.
1551 2307 1704 2373 Quod
1731 2308 1856 2362 dum
1885 2309 2132 2378 plurimis

529 2403 730 2459 'diebus
756 2414 1040 2474 ageretur,
1096 2404 1353 2475 suspicati
1386 2413 1512 2460 sunt
1563 2420 1757 2460 navem
1787 2421 1818 2458 a
1865 2403 2132 2459 daemonio

528 2496 790 2552 'retineri.
828 2497 981 2551 Tunc
1010 2497 1078 2551 ad
1128 2495 1410 2551 Silvanum
1461 2497 1739 2552 venientes
1793 2497 2128 2567 episcopum,

535 2599 881 2660 'rogaverunt
905 2604 1028 2645 eum
1055 2630 1070 2656 ,
1109 2598 1168 2643 ut
1217 2589 1271 2643 in
1319 2604 1385 2644 eo
1434 2589 1552 2645 loco
1599 2590 1756 2644 daret
1803 2589 2130 2652 orationem,

520 2684 836 2740 credentes
885 2684 987 2739 hoc
1039 2683 1204 2738 modo
1258 2681 1420 2754 [deest
1469 2683 1542 2735 ibi
1578 2697 1733 2752 posse
1761 2722 1775 2746 ,
1824 2680 1900 2734 vel
1930 2680 2132 2750 aliquid

551 2778 838 2850 ejusmodi]
871 2778 1012 2832 trahi
1049 2792 1265 2832 navem.
1292 2777 1362 2830 At
1409 2774 1498 2830 ille
1541 2773 1732 2828 humili
1762 2785 2014 2827 sermone
2048 2771 2131 2825 di-

531 2870 702 2926 cebat
730 2884 788 2924 se
817 2883 936 2924 esse
962 2875 1328 2939 peccatorem,
1362 2879 1613 2920 asserens
1647 2864 1750 2919 hoc
1778 2877 1916 2932 opus
1960 2860 2130 2916 alicu-

538 2961 626 3030 ius
650 2976 772 3016 esse
815 2959 946 3029 justi
975 3001 990 3027 ,
1021 2975 1128 3015 non
1181 2973 1358 3014 suum.
1415 2955 1584 3024 Quem
1625 2955 1755 3010 dum
1808 2961 2130 3024 rogassent,

2235 1777 2410 1849 posito
2443 1793 2539 1833 ore
2571 1791 2844 1832 cruorem.
2873 1777 3043 1831 Porro
3063 1776 3106 1830 si
3133 1776 3278 1828 nitar
3304 1773 3546 1844 apicibus
3599 1773 3817 1830 tradere

2233 1869 2497 1939 quidquid
2521 1869 2650 1924 mihi
2681 1866 3042 1936 contemplari
3075 1865 3305 1920 dabatur
3337 1905 3350 1930 ,
3411 1861 3496 1918 vel
3537 1865 3602 1918 de
3637 1877 3819 1919 sacra-

2236 1961 2439 2014 tissima
2463 1961 2632 2014 nostri
2664 1957 3042 2028 Redemptoris
3069 1957 3430 2020 humanitate,
3475 1954 3558 2008 vel
3606 1955 3671 2009 dc
3711 1953 3804 2009 illa

2233 2053 2474 2109 cwlestis
2500 2053 2682 2122 gloria:
2713 2051 3062 2106 inenarrabili
3099 2051 3299 2120 specie,
3335 2058 3458 2103 ante
3493 2048 3610 2102 dies
3637 2045 3812 2101 elabi-

2235 2159 2322 2204 tur
2373 2163 2535 2217 quam
2567 2146 2642 2201 rei
2674 2147 2843 2201 series
2874 2145 3170 2216 digeratur.
3207 2143 3358 2198 Nunc
3411 2151 3591 2196 autem
3643 2142 3814 2196 durus

2232 2249 2288 2297 et
2314 2255 2530 2305 saxeus,
2571 2239 2696 2293 dum
2749 2239 2984 2308 negotiis
3013 2237 3215 2307 jugiter
3264 2233 3627 2291 exterioribus
3677 2241 3816 2287 atte-

2233 2347 2344 2397 ror,
2361 2331 2414 2384 in
2438 2329 2868 2399 compunctionis
2885 2329 3089 2382 intima;
3110 2326 3378 2396 lacrymas
3398 2340 3504 2380 non
3541 2323 3812 2380 resolvor.

2233 2421 2525 2476 Enimvero
2552 2435 2693 2488 srepe
2719 2433 2936 2473 manum
2969 2432 3088 2472 meo
3135 2415 3340 2486 pectori
3387 2429 3694 2484 superpono
3717 2455 3732 2479 ,
3761 2423 3819 2468 et

2233 2511 2537 2564 animarum
2569 2510 2779 2565 medico
2822 2508 2975 2577 quasi
3014 2507 3359 2577 purulentum
3401 2505 3598 2560 vulnus
3633 2513 3816 2559 osten-

2233 2599 2321 2666 do,
2349 2599 2655 2664 clamiians,
2685 2607 2741 2653 et
2780 2598 2966 2652 intima
3011 2597 3403 2667 supplicatione
3453 2595 3762 2651 vociferans
3794 2613 3808 2648 :

2233 2691 2335 2758 Qui
2358 2705 2639 2755 cavernas,
2670 2689 2915 2759 inquam,
2949 2698 3212 2742 tartareas
3271 2687 3572 2742 divinitatis
3599 2696 3700 2741 tuac
3729 2702 3817 2740 ra-

2235 2781 2338 2838 diis
2361 2779 2664 2844 illustrasti,
2709 2777 2894 2834 cordis
2939 2775 3098 2845 hujus
3147 2778 3401 2832 tenebras
3450 2777 3704 2841 dimove,
3751 2791 3816 2829 ac

2232 2873 2480 2928 veritatis
2534 2879 2638 2926 tua:
2681 2871 2799 2926 luce
2846 2885 3072 2925 serenus
3129 2868 3350 2940 infulge.
3409 2867 3518 2924 Sed
3563 2867 3815 2923 clamanti

2233 2978 2390 3017 secus
2416 2962 2559 3015 viam
2609 2975 2752 3014 caeco
2791 2959 2948 3014 Jcsus
2996 2957 3292 3028 aliquando
3334 2966 3445 3012 stat
3473 2957 3708 3029 (Matth.
3736 2973 3764 3010 κ
3797 2973 3814 3021 ;

537 3051 688 3106 venit
714 3051 782 3104 ad
813 3051 984 3115 littus,
1022 3049 1276 3118 factaque
1301 3048 1571 3109 oratione,
1605 3045 1782 3117 tetigit
1826 3060 1993 3098 unum
2040 3044 2127 3097 fu-
2157 3039 2202 3102 C
2235 3053 2364 3108 Luc.
2399 3053 2598 3123 xvut.),
2649 3051 2939 3120 lumenque
2985 3049 3248 3104 reformat
3278 3066 3293 3115 ;
3336 3047 3627 3118 aliquando
3683 3062 3812 3116 per—

541 3157 690 3206 nem,
712 3140 912 3212 iubens
961 3151 1020 3196 ut
1044 3141 1360 3196 insisterent
1385 3139 1537 3210 operi
1573 3154 1696 3194 cum
1737 3137 1938 3192 labore.
1974 3135 2128 3190 Tune

541 3231 654 3286 illis
699 3230 943 3285 breviter
968 3230 1390 3301 impellentibus,
1421 3228 1621 3284 cursim
1669 3226 1823 3281 navis
1867 3225 1936 3280 ad
1979 3239 2130 3279 mare

541 3323 828 3394 processit.
875 3322 990 3377 lloc
1046 3322 1366 3377 miraculum
1415 3317 1778 3376 reverentiam
1831 3316 1974 3371 illius
2025 3315 2126 3369 viri

541 3423 768 3470 cunctos
824 3413 956 3470 fecit
1012 3414 1215 3470 habere
1284 3410 1661 3484 provinciales.
1735 3409 2024 3464 Enimvero
2081 3408 2128 3462 si

535 3508 908 3576 episcopatum
961 3505 1280 3560 dimittendo
1307 3543 1322 3568 ,
1365 3511 1530 3572 atque
1576 3501 1646 3556 ad
1686 3501 1852 3554 alium
1902 3500 2128 3556 commi-

540 3595 748 3665 grando
785 3594 1036 3650 Silvanus
1062 3594 1162 3649 iste
1190 3601 1490 3664 peccasset,
1517 3606 1622 3646 non
1655 3591 1710 3644 in
1740 3599 1958 3645 ostensa
1988 3590 2128 3659 signi

527 3685 738 3740 virtute
778 3685 1059 3748 mirabilis,
1088 3685 1182 3740 sed
1217 3692 1369 3738 reatu
1415 3683 1593 3753 potius
1623 3680 1952 3736 miserabilis
1981 3682 2129 3735 vide-

517 3783 710 3830 "retur.
741 3774 925 3830 Virtus
952 3791 1082 3846 ergo
1130 3774 1375 3829 miraculi
1419 3773 1793 3828 testimonium
1845 3772 2127 3844 perhibuit

523 3867 836 3921 sanctitati.
857 3866 1032 3921 Porro
1049 3875 1256 3930 autem,
1285 3865 1329 3920 si
1369 3864 1738 3935 episcopatum
1765 3905 1779 3928 ,
1810 3871 1869 3917 ut
1907 3863 2126 3928 dicitur,

521 3956 691 4013 'nulla
733 3957 859 4013 licet
903 3959 1113 4013 ratione
1160 3957 1470 4022 dimittere,
1512 3955 1640 4025 quid
1687 3965 1810 4022 est,
1855 3954 2000 4024 quod
2053 3961 2130 4011 tot

548 4052 723 4109 sancti
775 4051 1059 4122 pontifices
1123 4067 1221 4121 per
1256 4050 1607 4106 historiarum
1655 4049 1857 4120 passim
1899 4063 2127 4118 quaeque

540 4143 813 4198 volumina
851 4143 1196 4214 reperiuntur
1224 4142 1290 4197 de
1328 4143 1441 4197 suis
1465 4157 1525 4198 se
1569 4141 1828 4196 Ecclesiis
1875 4139 1943 4194 ad
1993 4141 2128 4194 alias

541 4238 905 4302 transtulisse,
964 4253 1086 4292 cum
1134 4237 1377 4306 profecto
1419 4252 1546 4292 suas
1591 4247 1717 4290 ante
1762 4221 2129 4304 relinquerent

540 4344 703 4398 quam
734 4330 800 4382 ad
828 4329 1068 4398 reliquas
1097 4328 1593 4396 transmigrarent?
1621 4327 1859 4394 Quorum
1885 4326 2127 4396 plerique

545 4434 672 4474 cum
701 4419 1050 4473 commissum
1082 4419 1322 4488 regimen
1379 4426 1739 4487 spernerent,
1783 4417 1850 4471 ad
1897 4417 2042 4470 aliud
2071 4431 2128 4470 se

526 4514 864 4570 transituros
891 4515 1066 4569 adhuc
1093 4512 1334 4568 funditus
1360 4513 1697 4584 ignorabant.

613 4605 678 4658 Et
713 4613 862 4659 certe
919 4605 1033 4674 ipsa
1063 4606 1201 4659 ratio
1225 4603 1404 4668 docet,
1453 4605 1630 4658 minus
1677 4618 1798 4658 esse
1836 4620 1958 4659 cum
1995 4605 2127 4658 sim-

529 4698 752 4767 pliciter
782 4699 851 4752 ab
883 4701 1191 4767 episcopatu
1226 4695 1529 4761 desistitur,
1571 4711 1734 4764 quam
1764 4711 1887 4750 cum
1919 4711 1985 4750 ex
2016 4710 2124 4750 uno

540 4791 608 4843 ad
633 4789 799 4842 alium
826 4789 1262 4858 lransmigratur.
1303 4785 1419 4840 Non
1459 4787 1622 4858 igitur
1643 4787 1711 4840 ab
1740 4803 1805 4842 co
1843 4803 1926 4840 me
1972 4785 2124 4840 cohi-

542 4879 692 4934 bebit
717 4881 980 4935 moderna
1018 4880 1279 4942 versutia,
1325 4880 1391 4933 ad
1414 4879 1557 4948 quod
1600 4878 1986 4932 venerabilium
2033 4877 2128 4931 Pa-

543 4977 687 5023 trum
717 4973 1073 5025 cohortantur
1107 4972 1374 5042 exempla.
1402 4971 1713 5033 Enimvero,
1740 4969 1789 5023 si
1823 4969 2012 5023 beatus
2038 4967 2128 5022 ille

544 5060 798 5113 Silvanus
833 5071 1051 5130 propter
1078 5063 1251 5118 solum
1281 5061 1529 5131 corporis
1557 5060 1729 5129 frigus
1750 5059 2124 5128 episcopatum

545 5150 662 5204 sine
688 5153 1106 5220 reprehensione
1157 5155 1396 5208 deseruit
1422 5170 1436 5218 ;
1465 5168 1561 5208 cur
1583 5166 1706 5221 ego,
1739 5157 1921 5218 spreto
1949 5159 2127 5219 pasto-

547 5252 643 5270 ιη.Ιὴ
678 5255 938 5270 annum-nn
988 5252 999 5270 Ι

547 5240 644 5296 rali
678 5240 960 5311 regimine,
988 5246 1428 5313 transgressionis
1473 5259 1693 5312 arguar,
1738 5241 1832 5310 qui
1882 5239 2124 5311 quotidie

552 5347 802 5358 Aul-Annam
865 5331 1200 5358 ﬂmnIl'n-:-.-n\
1251 5336 1476 5358 -.Λ-ηιξξ..
1526 5336 1769 5358 ξ---ΑΙῙΙ-ιη
1873 5347 1898 5358 ιι
1959 5332 2120 5358 (II-.2“:

2229 3145 2445 3209 transit,
2469 3152 2727 3212 tanquam
2774 3141 3041 3197 desidiose
3063 3139 3384 3195 clamantem
3430 3152 3538 3192 non
3585 3136 3813 3202 audiat;

2230 3236 2416 3305 sicque
2449 3235 2615 3289 miser
2663 3248 2839 3288 caecus
2901 3232 2955 3287 in
3011 3245 3109 3286 sua
3165 3229 3518 3285 nihilominus
3570 3227 3816 3283 caecitate

2230 3327 2502 3397 perdurat.
2535 3325 2686 3395 Ego,
2737 3339 2878 3394 ego,
2937 3324 3074 3393 proh
3127 3321 3318 3377 dolor!
3371 3329 3625 3388 tanquam
3678 3319 3812 3375 alter

2231 3417 2461 3472 Samson
2511 3416 2711 3485 (Judic.
2773 3414 2900 3485 xvi)
2962 3413 3294 3484 septiformis
3347 3411 3583 3481 Spiritus
3637 3410 3815 3464 sancti

2229 3509 2392 3572 dona,
2421 3508 2575 3578 quasi
2605 3515 2810 3577 septem
2839 3506 3038 3572 crines,
3083 3505 3338 3560 amisisse
3382 3518 3468 3558 me
3511 3500 3724 3567 defleo;
3762 3511 3814 3556 et

2229 3601 2440 3656 effossis
2466 3600 2638 3656 oculis
2667 3615 2772 3656 non
2801 3597 3015 3662 frontis,
3044 3597 3136 3653 sed
3174 3597 3376 3660 cordis,
3409 3610 3662 3650 curarum
3690 3609 3795 3648 sa:-

2230 3695 2492 3750 cularium
2525 3693 2720 3749 molam
2749 3694 2926 3748 volvo.
2960 3693 3072 3762 Ego
3109 3691 3198 3746 ille
3229 3689 3524 3745 Sedechias
3545 3729 3557 3750 ,
3589 3688 3671 3742 cui
3703 3701 3799 3741 rex

2231 3786 2587 3858 Babylonicus
2617 3786 2764 3856 prius
2797 3785 2936 3839 filios
2972 3783 3324 3845 interﬁciens,
3370 3781 3637 3836 bonorum
3682 3793 3813 3848 ope-

2231 3895 2351 3933 rum
2381 3877 2588 3932 fructus
2646 3876 2870 3931 abstulit
2917 3874 3023 3946 (IV
3073 3873 3201 3944 Reg.
3256 3879 3384 3943 xxv)
3419 3889 3430 3924 :
3463 3869 3808 3940 postmodum

2230 3971 2412 4026 oculos
2437 3970 2597 4034 eruit,
2631 3968 2757 4024 dum
2787 3965 3260 4036 contemplationis
3307 3964 3512 4017 iulium
3562 3962 3682 4016 luce
3704 3960 3813 4031 pri-

2231 4062 2396 4116 vavit.
2429 4061 2486 4116 Si
2518 4061 2683 4132 igitur
2721 4070 2944 4114 sanctus
2975 4058 3063 4113 ille
3102 4057 3186 4110 vir
3208 4097 3222 4121 ,
3267 4053 3523 4108 Silvanus
3566 4052 3808 4116 scilicet,

2230 4164 2450 4226 propter
2473 4155 2642 4209 solam
2682 4154 2930 4223 corporis
2977 4147 3470 4207 incommoditatem
3520 4160 3630 4200 non
3664 4161 3808 4200 cun-

2232 4256 2407 4302 ctatus
2435 4255 2519 4301 est
2542 4247 2816 4301 dimittere
2837 4245 3119 4300 Thraciam
3149 4261 3161 4296 :
3189 4256 3287 4296 cur
3307 4255 3407 4309 ego
3431 4254 3538 4294 non
3564 4239 3814 4294 deseram

2231 4354 2329 4407 pro
2351 4336 2609 4392 cavendis
2639 4344 2714 4391 tot
2745 4337 2939 4390 animm
2969 4333 3278 4388 vulneribus
3310 4329 3541 4384 Romam
3561 4329 3587 4382 ?
3621 4328 3807 4395 Quan-

2236 4445 2396 4499 quam
2433 4437 2488 4483 et
2517 4430 2616 4498 ipsi
2648 4429 2858 4497 corpori
2904 4441 3024 4482 meo
3061 4441 3166 4480 non
3193 4423 3264 4479 sit
3307 4436 3532 4493 prorsus
3573 4419 3814 4483 innoxia,

2238 4527 2421 4588 utpote
2448 4518 2599 4574 ferax
2638 4517 2868 4572 febrium
2922 4531 3022 4571 nec
3049 4529 3331 4584 vagarum.
3369 4511 3523 4567 Unde
3566 4518 3622 4566 et
3653 4517 3810 4564 tetra-

2235 4607 2446 4663 stichon
2484 4608 2586 4663 hoc
2609 4607 2736 4662 olim
2770 4605 3058 4677 protulisse
3086 4619 3172 4658 me
3198 4601 3446 4656 memini:

2777 4732 2973 4771 VERSUS
3011 4729 3076 4769 DE
3114 4729 3278 4768 ROMA.

2233 4856 2405 4912 Roma
2425 4869 2592 4909 vorax
2627 4853 2930 4914 hominum,
2959 4849 3142 4903 domat
3166 4845 3331 4900 ardua
3361 4843 3498 4898 colla
3530 4843 3803 4898 virorum:

2232 4947 2403 5001 Roma
2435 4943 2584 4998 ferax
2611 4941 2864 5003 febrium,
2895 4936 3044 4992 necis
3071 4945 3155 4991 est
3181 4935 3456 4988 uberrima
3495 4932 3734 5005 frugum.

2232 5037 2490 5091 Romanae
2521 5035 2701 5089 febres
2730 5030 2910 5086 stabili
2942 5025 3204 5094 suntjure
3233 5023 3440 5078 fideles.

2231 5127 2400 5193 Quem
2429 5125 2595 5180 semel
2631 5124 2912 5184 invadunt,
2940 5117 3028 5170 vix
3061 5134 3088 5171 a
3112 5117 3326 5170 vivente
3351 5116 3638 5170 recedunt.

2230 5238 2438 5292 Anima:
2480 5236 2674 5305 igitur,
2731 5229 2889 5286 simul
2939 5238 2993 5280 et
3041 5227 3284 5296 corporis
3345 5226 3678 5281 adversitate
3721 5227 3812 5278 de-

2233 5336 2412 5358 Innlno
2509 5330 2810 5358 νονονΙσιΙηΙ·
2865 5318 3122 5358 fugitivum
3169 5321 3234 5358 ml
3291 5316 3571 5358 rlmninnm
3617 5332 3806 5358 mntm-
