  <div class='ocr_page' id='page_1' title='image "/cluster/home/n/w/nwhite01/storage/ocr_20150623/145/hvd.32044015471824/224.png"; bbox 0 0 4132 6324; ppageno 0'>
   <div class='ocr_carea' id='block_1_1' title="bbox 304 381 408 436">
    <p class='ocr_par' dir='ltr' id='par_1_1' title="bbox 304 381 408 436">
     <span class='ocr_line' id='line_1_1' title="bbox 304 381 408 436; baseline 0 0"><span class='ocrx_word' id='word_1_1' title='bbox 304 381 408 436; x_wconf 59' lang='grc' dir='ltr'><strong>ιῖδ</strong></span> 
     </span>
    </p>
   </div>
   <div class='ocr_carea' id='block_1_2' title="bbox 1106 376 2796 450">
    <p class='ocr_par' dir='ltr' id='par_1_2' title="bbox 1106 376 2796 450">
     <span class='ocr_line' id='line_1_2' title="bbox 1106 376 2796 450; baseline 0.008 -16"><span class='ocrx_word' id='word_1_2' title='bbox 1106 376 1351 436; x_wconf 78' lang='lat' dir='ltr'><strong>OPUSC.</strong></span> <span class='ocrx_word' id='word_1_3' title='bbox 1399 376 1540 433; x_wconf 74' lang='lat' dir='ltr'><strong>XIX.</strong></span> <span class='ocrx_word' id='word_1_4' title='bbox 1568 408 1636 420; x_wconf 91' lang='lat'>—</span> <span class='ocrx_word' id='word_1_5' title='bbox 1667 377 1755 433; x_wconf 89' lang='lat' dir='ltr'><strong>DE</strong></span> <span class='ocrx_word' id='word_1_6' title='bbox 1793 377 2253 438; x_wconf 74' lang='lat' dir='ltr'><strong>ABDICATIONE</strong></span> <span class='ocrx_word' id='word_1_7' title='bbox 2297 384 2796 450; x_wconf 73' lang='lat' dir='ltr'><strong>EPISCOPATUS.</strong></span> 
     </span>
    </p>
   </div>
   <div class='ocr_carea' id='block_1_3' title="bbox 3471 401 3574 456">
    <p class='ocr_par' dir='ltr' id='par_1_3' title="bbox 3471 401 3574 456">
     <span class='ocr_line' id='line_1_3' title="bbox 3471 401 3574 456; baseline 0 0"><span class='ocrx_word' id='word_1_8' title='bbox 3471 401 3574 456; x_wconf 69' lang='grc'><strong>431</strong></span> 
     </span>
    </p>
   </div>
   <div class='ocr_carea' id='block_1_4' title="bbox 296 488 3573 584">
    <p class='ocr_par' dir='ltr' id='par_1_4' title="bbox 296 488 3573 584">
     <span class='ocr_line' id='line_1_4' title="bbox 296 488 3573 584; baseline 0.007 -34"><span class='ocrx_word' id='word_1_9' title='bbox 296 503 458 552; x_wconf 78' lang='lat' dir='ltr'><strong>tenus</strong></span> <span class='ocrx_word' id='word_1_10' title='bbox 484 491 680 548; x_wconf 99' lang='lat' dir='ltr'><strong>stolam</strong></span> <span class='ocrx_word' id='word_1_11' title='bbox 703 489 941 562; x_wconf 81' lang='lat' dir='ltr'><strong>primam</strong></span> <span class='ocrx_word' id='word_1_12' title='bbox 961 529 976 555; x_wconf 90' lang='lat'><strong>,</strong></span> <span class='ocrx_word' id='word_1_13' title='bbox 1022 503 1188 573; x_wconf 85' lang='lat' dir='ltr'><strong>quam</strong></span> <span class='ocrx_word' id='word_1_14' title='bbox 1230 489 1526 556; x_wconf 89' lang='lat' dir='ltr'><strong>amiserat,</strong></span> <span class='ocrx_word' id='word_1_15' title='bbox 1571 488 1796 557; x_wconf 88' lang='lat' dir='ltr'><strong>induat,</strong></span> <span class='ocrx_word' id='word_1_16' title='bbox 1828 497 1884 546; x_wconf 88' lang='lat' dir='ltr'><strong>et</strong></span> <span class='ocrx_word' id='word_1_17' title='bbox 1913 492 1961 551; x_wconf 76' lang='grc' dir='ltr'>Α</span> <span class='ocrx_word' id='word_1_18' title='bbox 1987 502 2096 547; x_wconf 90' lang='lat' dir='ltr'><strong>tam</strong></span> <span class='ocrx_word' id='word_1_19' title='bbox 2119 495 2346 552; x_wconf 78' lang='lat' dir='ltr'><strong>honeste</strong></span> <span class='ocrx_word' id='word_1_20' title='bbox 2365 498 3252 581; x_wconf 82' lang='lat' dir='ltr'><strong>vixisset,audivit:Quiapropter</strong></span> <span class='ocrx_word' id='word_1_21' title='bbox 3281 519 3573 584; x_wconf 84' lang='lat' dir='ltr'><strong>quamdam</strong></span> 
     </span>
    </p>
   </div>
   <div class='ocr_carea' id='block_1_5' title="bbox 301 581 1499 654">
    <p class='ocr_par' dir='ltr' id='par_1_5' title="bbox 301 581 1499 654">
     <span class='ocr_line' id='line_1_5' title="bbox 301 581 1499 654; baseline -0.004 -14"><span class='ocrx_word' id='word_1_22' title='bbox 301 588 541 642; x_wconf 78' lang='lat' dir='ltr'><strong>victores</strong></span> <span class='ocrx_word' id='word_1_23' title='bbox 573 598 701 640; x_wconf 91' lang='lat' dir='ltr'><strong>suos</strong></span> <span class='ocrx_word' id='word_1_24' title='bbox 729 581 997 654; x_wconf 77' lang='lat' dir='ltr'><strong>reparatis</strong></span> <span class='ocrx_word' id='word_1_25' title='bbox 1023 581 1233 639; x_wconf 76' lang='lat' dir='ltr'><strong>viribus</strong></span> <span class='ocrx_word' id='word_1_26' title='bbox 1272 589 1499 638; x_wconf 86' lang='lat' dir='ltr'><strong>sternat.</strong></span> 
     </span>
    </p>
   </div>
   <div class='ocr_carea' id='block_1_6' title="bbox 903 695 1260 753">
    <p class='ocr_par' dir='ltr' id='par_1_6' title="bbox 903 695 1260 753">
     <span class='ocr_line' id='line_1_6' title="bbox 903 695 1260 753; baseline -0.006 0"><span class='ocrx_word' id='word_1_27' title='bbox 903 695 1133 753; x_wconf 86' lang='lat' dir='ltr'><strong>CAPUT</strong></span> <span class='ocrx_word' id='word_1_28' title='bbox 1171 696 1260 752; x_wconf 77' lang='lat' dir='ltr'><strong>Vl.</strong></span> 
     </span>
    </p>
   </div>
   <div class='ocr_carea' id='block_1_7' title="bbox 300 786 1895 859">
    <p class='ocr_par' dir='ltr' id='par_1_7' title="bbox 300 786 1895 859">
     <span class='ocr_line' id='line_1_7' title="bbox 300 786 1895 859; baseline -0.003 -13"><span class='ocrx_word' id='word_1_29' title='bbox 300 789 380 846; x_wconf 78' lang='lat' dir='ltr'><strong>De</strong></span> <span class='ocrx_word' id='word_1_30' title='bbox 421 788 708 846; x_wconf 76' lang='lat' dir='ltr'><strong>simoniaco</strong></span> <span class='ocrx_word' id='word_1_31' title='bbox 755 789 992 859; x_wconf 78' lang='lat' dir='ltr'><strong>episcOpo</strong></span> <span class='ocrx_word' id='word_1_32' title='bbox 1021 828 1036 853; x_wconf 94' lang='lat'><strong>,</strong></span> <span class='ocrx_word' id='word_1_33' title='bbox 1083 789 1174 858; x_wconf 86' lang='lat' dir='ltr'><strong>qui</strong></span> <span class='ocrx_word' id='word_1_34' title='bbox 1222 805 1326 842; x_wconf 85' lang='lat' dir='ltr'><strong>non</strong></span> <span class='ocrx_word' id='word_1_35' title='bbox 1364 795 1564 859; x_wconf 78' lang='lat' dir='ltr'><strong>poterat</strong></span> <span class='ocrx_word' id='word_1_36' title='bbox 1613 786 1895 842; x_wconf 64' lang='lat' dir='ltr'><strong>nominare</strong></span> 
     </span>
    </p>
   </div>
   <div class='ocr_carea' id='block_1_8' title="bbox 810 859 1360 930">
    <p class='ocr_par' dir='ltr' id='par_1_8' title="bbox 810 859 1360 930">
     <span class='ocr_line' id='line_1_8' title="bbox 810 859 1360 930; baseline -0.005 -16"><span class='ocrx_word' id='word_1_37' title='bbox 810 859 1067 930; x_wconf 78' lang='lat' dir='ltr'><strong>Spiritum</strong></span> <span class='ocrx_word' id='word_1_38' title='bbox 1097 867 1360 913; x_wconf 84' lang='lat' dir='ltr'><strong>sanctum.</strong></span> 
     </span>
    </p>
   </div>
   <div class='ocr_carea' id='block_1_9' title="bbox 367 949 1884 1020">
    <p class='ocr_par' dir='ltr' id='par_1_9' title="bbox 367 949 1884 1020">
     <span class='ocr_line' id='line_1_9' title="bbox 367 949 1884 1020; baseline -0.002 -13"><span class='ocrx_word' id='word_1_39' title='bbox 367 953 584 1008; x_wconf 87' lang='lat' dir='ltr'><strong>interea</strong></span> <span class='ocrx_word' id='word_1_40' title='bbox 616 951 746 1008; x_wconf 87' lang='lat' dir='ltr'><strong>illud</strong></span> <span class='ocrx_word' id='word_1_41' title='bbox 771 951 972 1016; x_wconf 88' lang='lat' dir='ltr'><strong>etiam,</strong></span> <span class='ocrx_word' id='word_1_42' title='bbox 1015 950 1162 1020; x_wconf 90' lang='lat' dir='ltr'><strong>quod</strong></span> <span class='ocrx_word' id='word_1_43' title='bbox 1209 949 1574 1004; x_wconf 86' lang='lat' dir='ltr'><strong>ilildebrando</strong></span> <span class='ocrx_word' id='word_1_44' title='bbox 1625 949 1884 1004; x_wconf 73' lang='lat' dir='ltr'><strong>Romanae</strong></span> 
     </span>
    </p>
   </div>
   <div class='ocr_carea' id='block_1_10' title="bbox 299 1040 1878 1112">
    <p class='ocr_par' dir='ltr' id='par_1_10' title="bbox 299 1040 1878 1112">
     <span class='ocr_line' id='line_1_10' title="bbox 299 1040 1878 1112; baseline -0.003 -13"><span class='ocrx_word' id='word_1_45' title='bbox 299 1044 557 1100; x_wconf 73' lang='lat' dir='ltr'><strong>Ecclesia:</strong></span> <span class='ocrx_word' id='word_1_46' title='bbox 589 1043 968 1099; x_wconf 81' lang='lat' dir='ltr'><strong>archidiacono</strong></span> <span class='ocrx_word' id='word_1_47' title='bbox 1015 1040 1320 1103; x_wconf 72' lang='lat' dir='ltr'><strong>referente,</strong></span> <span class='ocrx_word' id='word_1_48' title='bbox 1372 1040 1690 1104; x_wconf 82' lang='lat' dir='ltr'><strong>didicimus,</strong></span> <span class='ocrx_word' id='word_1_49' title='bbox 1719 1040 1878 1112; x_wconf 61' lang='lat'><strong>531</strong></span> 
     </span>
    </p>
   </div>
   <div class='ocr_carea' id='block_1_11' title="bbox 299 1131 1883 1203">
    <p class='ocr_par' dir='ltr' id='par_1_11' title="bbox 299 1131 1883 1203">
     <span class='ocr_line' id='line_1_11' title="bbox 299 1131 1883 1203; baseline -0.003 -14"><span class='ocrx_word' id='word_1_50' title='bbox 299 1136 385 1189; x_wconf 79' lang='lat' dir='ltr'><strong>his</strong></span> <span class='ocrx_word' id='word_1_51' title='bbox 422 1136 664 1190; x_wconf 85' lang='lat' dir='ltr'><strong>inserere</strong></span> <span class='ocrx_word' id='word_1_52' title='bbox 706 1148 886 1203; x_wconf 70' lang='lat' dir='ltr'><strong>operae</strong></span> <span class='ocrx_word' id='word_1_53' title='bbox 925 1132 1158 1203; x_wconf 86' lang='lat' dir='ltr'><strong>pretium</strong></span> <span class='ocrx_word' id='word_1_54' title='bbox 1195 1131 1523 1202; x_wconf 87' lang='lat' dir='ltr'><strong>j-udieamus.</strong></span> <span class='ocrx_word' id='word_1_55' title='bbox 1577 1131 1710 1185; x_wconf 86' lang='lat' dir='ltr'><strong>Nam</strong></span> <span class='ocrx_word' id='word_1_56' title='bbox 1759 1146 1883 1186; x_wconf 91' lang='lat' dir='ltr'><strong>eum</strong></span> 
     </span>
    </p>
   </div>
   <div class='ocr_carea' id='block_1_12' title="bbox 297 1220 1885 1292">
    <p class='ocr_par' dir='ltr' id='par_1_12' title="bbox 297 1220 1885 1292">
     <span class='ocr_line' id='line_1_12' title="bbox 297 1220 1885 1292; baseline -0.002 -13"><span class='ocrx_word' id='word_1_57' title='bbox 297 1227 478 1279; x_wconf 86' lang='lat' dir='ltr'><strong>adhuc</strong></span> <span class='ocrx_word' id='word_1_58' title='bbox 515 1224 936 1280; x_wconf 86' lang='lat' dir='ltr'><strong>subdiaconatus</strong></span> <span class='ocrx_word' id='word_1_59' title='bbox 979 1224 1244 1276; x_wconf 75' lang='lat' dir='ltr'><strong>duntaxat</strong></span> <span class='ocrx_word' id='word_1_60' title='bbox 1272 1221 1588 1292; x_wconf 88' lang='lat' dir='ltr'><strong>fungeretur</strong></span> <span class='ocrx_word' id='word_1_61' title='bbox 1619 1220 1822 1286; x_wconf 84' lang='lat' dir='ltr'><strong>officio,</strong></span> <span class='ocrx_word' id='word_1_62' title='bbox 1853 1237 1885 1276; x_wconf 86' lang='lat' dir='ltr'><strong>a</strong></span> 
     </span>
    </p>
   </div>
   <div class='ocr_carea' id='block_1_13' title="bbox 298 1311 1883 1386">
    <p class='ocr_par' dir='ltr' id='par_1_13' title="bbox 298 1311 1883 1386">
     <span class='ocr_line' id='line_1_13' title="bbox 298 1311 1883 1386; baseline -0.004 -14"><span class='ocrx_word' id='word_1_63' title='bbox 298 1317 519 1373; x_wconf 78' lang='lat' dir='ltr'><strong>Victore</strong></span> <span class='ocrx_word' id='word_1_64' title='bbox 566 1331 703 1386; x_wconf 89' lang='lat' dir='ltr'><strong>papa</strong></span> <span class='ocrx_word' id='word_1_65' title='bbox 751 1313 1141 1385; x_wconf 88' lang='lat' dir='ltr'><strong>apocrisiarius</strong></span> <span class='ocrx_word' id='word_1_66' title='bbox 1192 1313 1260 1367; x_wconf 91' lang='lat' dir='ltr'><strong>ad</strong></span> <span class='ocrx_word' id='word_1_67' title='bbox 1293 1312 1494 1367; x_wconf 85' lang='lat' dir='ltr'><strong>Gallias</strong></span> <span class='ocrx_word' id='word_1_68' title='bbox 1541 1311 1883 1373; x_wconf 90' lang='lat' dir='ltr'><strong>destinatus,</strong></span> 
     </span>
    </p>
   </div>
   <div class='ocr_carea' id='block_1_14' title="bbox 296 1403 1884 1483">
    <p class='ocr_par' dir='ltr' id='par_1_14' title="bbox 296 1403 1884 1483">
     <span class='ocr_line' id='line_1_14' title="bbox 296 1403 1884 1483; baseline -0.008 -15"><span class='ocrx_word' id='word_1_69' title='bbox 296 1412 564 1483; x_wconf 80' lang='lat' dir='ltr'><strong>synodum</strong></span> <span class='ocrx_word' id='word_1_70' title='bbox 592 1408 963 1480; x_wconf 86' lang='lat' dir='ltr'><strong>congregavit,</strong></span> <span class='ocrx_word' id='word_1_71' title='bbox 994 1406 1044 1459; x_wconf 93' lang='lat' dir='ltr'><strong>in</strong></span> <span class='ocrx_word' id='word_1_72' title='bbox 1073 1419 1180 1474; x_wconf 91' lang='lat' dir='ltr'><strong>qua</strong></span> <span class='ocrx_word' id='word_1_73' title='bbox 1205 1404 1457 1460; x_wconf 82' lang='lat' dir='ltr'><strong>videlicet</strong></span> <span class='ocrx_word' id='word_1_74' title='bbox 1485 1418 1580 1457; x_wconf 78' lang='lat' dir='ltr'><strong>sex</strong></span> <span class='ocrx_word' id='word_1_75' title='bbox 1601 1403 1884 1473; x_wconf 84' lang='lat' dir='ltr'><strong>episcopos</strong></span> 
     </span>
    </p>
   </div>
   <div class='ocr_carea' id='block_1_15' title="bbox 296 1494 1885 1565">
    <p class='ocr_par' dir='ltr' id='par_1_15' title="bbox 296 1494 1885 1565">
     <span class='ocr_line' id='line_1_15' title="bbox 296 1494 1885 1565; baseline -0.006 -6"><span class='ocrx_word' id='word_1_76' title='bbox 296 1503 530 1559; x_wconf 78' lang='lat' dir='ltr'><strong>diversis</strong></span> <span class='ocrx_word' id='word_1_77' title='bbox 557 1500 880 1556; x_wconf 85' lang='lat' dir='ltr'><strong>criminibus</strong></span> <span class='ocrx_word' id='word_1_78' title='bbox 925 1497 1217 1563; x_wconf 89' lang='lat' dir='ltr'><strong>involutos,</strong></span> <span class='ocrx_word' id='word_1_79' title='bbox 1262 1511 1328 1550; x_wconf 78' lang='lat' dir='ltr'><strong>ex</strong></span> <span class='ocrx_word' id='word_1_80' title='bbox 1369 1494 1683 1565; x_wconf 71' lang='lat' dir='ltr'><strong>apostolica:</strong></span> <span class='ocrx_word' id='word_1_81' title='bbox 1737 1494 1885 1550; x_wconf 88' lang='lat' dir='ltr'><strong>sedis</strong></span> 
     </span>
    </p>
   </div>
   <div class='ocr_carea' id='block_1_16' title="bbox 297 1585 1879 1660">
    <p class='ocr_par' dir='ltr' id='par_1_16' title="bbox 297 1585 1879 1660">
     <span class='ocr_line' id='line_1_16' title="bbox 297 1585 1879 1660; baseline -0.006 -12"><span class='ocrx_word' id='word_1_82' title='bbox 297 1593 625 1648; x_wconf 82' lang='lat' dir='ltr'><strong>auctoritate</strong></span> <span class='ocrx_word' id='word_1_83' title='bbox 646 1589 893 1660; x_wconf 87' lang='lat' dir='ltr'><strong>deposuit</strong></span> <span class='ocrx_word' id='word_1_84' title='bbox 916 1605 930 1654; x_wconf 90' lang='lat'><strong>;</strong></span> <span class='ocrx_word' id='word_1_85' title='bbox 965 1588 1106 1642; x_wconf 91' lang='lat' dir='ltr'><strong>inter</strong></span> <span class='ocrx_word' id='word_1_86' title='bbox 1121 1602 1259 1656; x_wconf 91' lang='lat' dir='ltr'><strong>quos</strong></span> <span class='ocrx_word' id='word_1_87' title='bbox 1279 1587 1499 1656; x_wconf 87' lang='lat' dir='ltr'><strong>quidam</strong></span> <span class='ocrx_word' id='word_1_88' title='bbox 1518 1596 1639 1640; x_wconf 88' lang='lat' dir='ltr'><strong>erat</strong></span> <span class='ocrx_word' id='word_1_89' title='bbox 1663 1585 1879 1654; x_wconf 84' lang='lat' dir='ltr'><strong>episeo-</strong></span> 
     </span>
    </p>
   </div>
   <div class='ocr_carea' id='block_1_17' title="bbox 299 1677 1880 1754">
    <p class='ocr_par' dir='ltr' id='par_1_17' title="bbox 299 1677 1880 1754">
     <span class='ocr_line' id='line_1_17' title="bbox 299 1677 1880 1754; baseline -0.007 -14"><span class='ocrx_word' id='word_1_90' title='bbox 299 1701 423 1754; x_wconf 90' lang='lat' dir='ltr'><strong>pus,</strong></span> <span class='ocrx_word' id='word_1_91' title='bbox 449 1683 542 1754; x_wconf 86' lang='lat' dir='ltr'><strong>qui</strong></span> <span class='ocrx_word' id='word_1_92' title='bbox 574 1683 832 1754; x_wconf 90' lang='lat' dir='ltr'><strong>quoniam</strong></span> <span class='ocrx_word' id='word_1_93' title='bbox 860 1695 956 1750; x_wconf 90' lang='lat' dir='ltr'><strong>per</strong></span> <span class='ocrx_word' id='word_1_94' title='bbox 987 1679 1340 1735; x_wconf 87' lang='lat' dir='ltr'><strong>simoniacam</strong></span> <span class='ocrx_word' id='word_1_95' title='bbox 1373 1678 1624 1732; x_wconf 70' lang='lat' dir='ltr'><strong>haeresim</strong></span> <span class='ocrx_word' id='word_1_96' title='bbox 1665 1677 1732 1731; x_wconf 90' lang='lat' dir='ltr'><strong>ad</strong></span> <span class='ocrx_word' id='word_1_97' title='bbox 1760 1677 1880 1746; x_wconf 84' lang='lat' dir='ltr'><strong>epi-</strong></span> 
     </span>
    </p>
   </div>
   <div class='ocr_carea' id='block_1_18' title="bbox 295 1767 1883 1846">
    <p class='ocr_par' dir='ltr' id='par_1_18' title="bbox 295 1767 1883 1846">
     <span class='ocr_line' id='line_1_18' title="bbox 295 1767 1883 1846; baseline -0.008 -14"><span class='ocrx_word' id='word_1_98' title='bbox 295 1785 551 1846; x_wconf 88' lang='lat' dir='ltr'><strong>sc0patus</strong></span> <span class='ocrx_word' id='word_1_99' title='bbox 567 1774 780 1829; x_wconf 88' lang='lat' dir='ltr'><strong>culmen</strong></span> <span class='ocrx_word' id='word_1_100' title='bbox 801 1771 1122 1841; x_wconf 87' lang='lat' dir='ltr'><strong>irrepserat,</strong></span> <span class='ocrx_word' id='word_1_101' title='bbox 1138 1768 1402 1838; x_wconf 90' lang='lat' dir='ltr'><strong>Spiritum</strong></span> <span class='ocrx_word' id='word_1_102' title='bbox 1425 1776 1676 1823; x_wconf 90' lang='lat' dir='ltr'><strong>sanctum</strong></span> <span class='ocrx_word' id='word_1_103' title='bbox 1700 1767 1883 1820; x_wconf 83' lang='lat' dir='ltr'><strong>verbis</strong></span> 
     </span>
    </p>
   </div>
   <div class='ocr_carea' id='block_1_19' title="bbox 1989 583 3570 672">
    <p class='ocr_par' dir='ltr' id='par_1_19' title="bbox 1989 583 3570 672">
     <span class='ocr_line' id='line_1_19' title="bbox 1989 583 3570 672; baseline 0.016 -37"><span class='ocrx_word' id='word_1_104' title='bbox 1989 583 2174 648; x_wconf 67' lang='lat' dir='ltr'><strong>praedii</strong></span> <span class='ocrx_word' id='word_1_105' title='bbox 2200 588 2593 654; x_wconf 86' lang='lat' dir='ltr'><strong>possessionem</strong></span> <span class='ocrx_word' id='word_1_106' title='bbox 2631 592 2884 650; x_wconf 80' lang='lat' dir='ltr'><strong>Metensis</strong></span> <span class='ocrx_word' id='word_1_107' title='bbox 2914 597 3191 664; x_wconf 82' lang='lat' dir='ltr'><strong>Ecclesiae,</strong></span> <span class='ocrx_word' id='word_1_108' title='bbox 3219 583 3570 672; x_wconf 81' lang='lat' dir='ltr'><strong>qnam&#39;beato</strong></span> 
     </span>
    </p>
   </div>
   <div class='ocr_carea' id='block_1_20' title="bbox 1988 671 3574 754">
    <p class='ocr_par' dir='ltr' id='par_1_20' title="bbox 1988 671 3574 754">
     <span class='ocr_line' id='line_1_20' title="bbox 1988 671 3574 754; baseline 0.018 -29"><span class='ocrx_word' id='word_1_109' title='bbox 1988 671 2270 743; x_wconf 87' lang='lat' dir='ltr'><strong>Stephano</strong></span> <span class='ocrx_word' id='word_1_110' title='bbox 2292 693 2529 747; x_wconf 88' lang='lat' dir='ltr'><strong>proavus</strong></span> <span class='ocrx_word' id='word_1_111' title='bbox 2555 681 2669 751; x_wconf 85' lang='lat' dir='ltr'><strong>ejus</strong></span> <span class='ocrx_word' id='word_1_112' title='bbox 2695 686 2993 742; x_wconf 83' lang='lat' dir='ltr'><strong>abstulerat</strong></span> <span class='ocrx_word' id='word_1_113' title='bbox 3017 730 3032 754; x_wconf 95' lang='lat'><strong>,</strong></span> <span class='ocrx_word' id='word_1_114' title='bbox 3069 693 3155 745; x_wconf 92' lang='lat' dir='ltr'><strong>cui</strong></span> <span class='ocrx_word' id='word_1_115' title='bbox 3188 693 3442 752; x_wconf 87' lang='lat' dir='ltr'><strong>videlicet</strong></span> <span class='ocrx_word' id='word_1_116' title='bbox 3471 698 3574 754; x_wconf 90' lang='lat' dir='ltr'><strong>istc</strong></span> 
     </span>
    </p>
   </div>
   <div class='ocr_carea' id='block_1_21' title="bbox 1979 761 3572 845">
    <p class='ocr_par' dir='ltr' id='par_1_21' title="bbox 1979 761 3572 845">
     <span class='ocr_line' id='line_1_21' title="bbox 1979 761 3572 845; baseline 0.018 -30"><span class='ocrx_word' id='word_1_117' title='bbox 1979 761 2095 831; x_wconf 89' lang='lat' dir='ltr'><strong>jam</strong></span> <span class='ocrx_word' id='word_1_118' title='bbox 2119 764 2360 822; x_wconf 89' lang='lat' dir='ltr'><strong>decimus</strong></span> <span class='ocrx_word' id='word_1_119' title='bbox 2389 768 2442 823; x_wconf 93' lang='lat' dir='ltr'><strong>in</strong></span> <span class='ocrx_word' id='word_1_120' title='bbox 2469 765 2788 829; x_wconf 76' lang='lat' dir='ltr'><strong>hzereditate</strong></span> <span class='ocrx_word' id='word_1_121' title='bbox 2811 779 3092 845; x_wconf 87' lang='lat' dir='ltr'><strong>successit,</strong></span> <span class='ocrx_word' id='word_1_122' title='bbox 3120 796 3312 839; x_wconf 91' lang='lat' dir='ltr'><strong>omnes</strong></span> <span class='ocrx_word' id='word_1_123' title='bbox 3343 785 3433 840; x_wconf 91' lang='lat' dir='ltr'><strong>isti</strong></span> <span class='ocrx_word' id='word_1_124' title='bbox 3462 803 3572 843; x_wconf 89' lang='lat' dir='ltr'><strong>non</strong></span> 
     </span>
    </p>
   </div>
   <div class='ocr_carea' id='block_1_22' title="bbox 1985 853 3570 935">
    <p class='ocr_par' dir='ltr' id='par_1_22' title="bbox 1985 853 3570 935">
     <span class='ocr_line' id='line_1_22' title="bbox 1985 853 3570 935; baseline 0.017 -27"><span class='ocrx_word' id='word_1_125' title='bbox 1985 853 2201 911; x_wconf 87' lang='lat' dir='ltr'><strong>diverso</strong></span> <span class='ocrx_word' id='word_1_126' title='bbox 2246 858 2506 929; x_wconf 90' lang='lat' dir='ltr'><strong>supplicio</strong></span> <span class='ocrx_word' id='word_1_127' title='bbox 2545 862 2788 933; x_wconf 88' lang='lat' dir='ltr'><strong>deputati</strong></span> <span class='ocrx_word' id='word_1_128' title='bbox 2826 877 2997 934; x_wconf 90' lang='lat' dir='ltr'><strong>sunt;</strong></span> <span class='ocrx_word' id='word_1_129' title='bbox 3044 880 3100 925; x_wconf 92' lang='lat' dir='ltr'><strong>et</strong></span> <span class='ocrx_word' id='word_1_130' title='bbox 3167 873 3308 929; x_wconf 89' lang='lat' dir='ltr'><strong>sicut</strong></span> <span class='ocrx_word' id='word_1_131' title='bbox 3360 891 3457 933; x_wconf 87' lang='lat' dir='ltr'><strong>eos</strong></span> <span class='ocrx_word' id='word_1_132' title='bbox 3497 883 3570 935; x_wconf 88' lang='lat' dir='ltr'><strong>ad</strong></span> 
     </span>
    </p>
   </div>
   <div class='ocr_carea' id='block_1_23' title="bbox 1985 948 3579 1037">
    <p class='ocr_par' dir='ltr' id='par_1_23' title="bbox 1985 948 3579 1037">
     <span class='ocr_line' id='line_1_23' title="bbox 1985 948 3579 1037; baseline 0.019 -39"><span class='ocrx_word' id='word_1_133' title='bbox 1985 948 2316 1015; x_wconf 88' lang='lat' dir='ltr'><strong>peccandum</strong></span> <span class='ocrx_word' id='word_1_134' title='bbox 2342 966 2447 1007; x_wconf 91' lang='lat' dir='ltr'><strong>non</strong></span> <span class='ocrx_word' id='word_1_135' title='bbox 2471 953 2655 1022; x_wconf 87' lang='lat' dir='ltr'><strong>dispar</strong></span> <span class='ocrx_word' id='word_1_136' title='bbox 2681 959 2924 1014; x_wconf 68' lang='lat' dir='ltr'><strong>avaritia:</strong></span> <span class='ocrx_word' id='word_1_137' title='bbox 2951 961 3108 1032; x_wconf 88' lang='lat' dir='ltr'><strong>culpa</strong></span> <span class='ocrx_word' id='word_1_138' title='bbox 3157 967 3460 1037; x_wconf 85' lang='lat' dir='ltr'><strong>conjunxit,</strong></span> <span class='ocrx_word' id='word_1_139' title='bbox 3495 971 3579 1028; x_wconf 79' lang='lat' dir='ltr'><strong>ita</strong></span> 
     </span>
    </p>
   </div>
   <div class='ocr_carea' id='block_1_24' title="bbox 1985 1037 3579 1125">
    <p class='ocr_par' dir='ltr' id='par_1_24' title="bbox 1985 1037 3579 1125">
     <span class='ocr_line' id='line_1_24' title="bbox 1985 1037 3579 1125; baseline 0.019 -36"><span class='ocrx_word' id='word_1_140' title='bbox 1985 1037 2335 1096; x_wconf 87' lang='lat' dir='ltr'><strong>nihilominus</strong></span> <span class='ocrx_word' id='word_1_141' title='bbox 2382 1043 2450 1097; x_wconf 87' lang='lat' dir='ltr'><strong>ad</strong></span> <span class='ocrx_word' id='word_1_142' title='bbox 2493 1045 2843 1114; x_wconf 86' lang='lat' dir='ltr'><strong>perferendas</strong></span> <span class='ocrx_word' id='word_1_143' title='bbox 2881 1053 3086 1109; x_wconf 90' lang='lat' dir='ltr'><strong>atrocis</strong></span> <span class='ocrx_word' id='word_1_144' title='bbox 3115 1069 3304 1125; x_wconf 72' lang='lat' dir='ltr'><strong>poenas</strong></span> <span class='ocrx_word' id='word_1_145' title='bbox 3335 1058 3579 1118; x_wconf 83' lang='lat' dir='ltr'><strong>incendii</strong></span> 
     </span>
    </p>
   </div>
   <div class='ocr_carea' id='block_1_25' title="bbox 1986 1134 2934 1208">
    <p class='ocr_par' dir='ltr' id='par_1_25' title="bbox 1986 1134 2934 1208">
     <span class='ocr_line' id='line_1_25' title="bbox 1986 1134 2934 1208; baseline 0.015 -26"><span class='ocrx_word' id='word_1_146' title='bbox 1986 1141 2271 1185; x_wconf 89' lang='lat' dir='ltr'><strong>commune</strong></span> <span class='ocrx_word' id='word_1_147' title='bbox 2293 1134 2615 1203; x_wconf 90' lang='lat' dir='ltr'><strong>supplicium</strong></span> <span class='ocrx_word' id='word_1_148' title='bbox 2643 1139 2934 1208; x_wconf 86' lang='lat' dir='ltr'><strong>copulavit.</strong></span> 
     </span>
    </p>
   </div>
   <div class='ocr_carea' id='block_1_26' title="bbox 2061 1217 3578 1304">
    <p class='ocr_par' dir='ltr' id='par_1_26' title="bbox 2061 1217 3578 1304">
     <span class='ocr_line' id='line_1_26' title="bbox 2061 1217 3578 1304; baseline 0.016 -32"><span class='ocrx_word' id='word_1_149' title='bbox 2061 1217 2171 1274; x_wconf 89' lang='lat' dir='ltr'><strong>Hoc</strong></span> <span class='ocrx_word' id='word_1_150' title='bbox 2196 1221 2551 1279; x_wconf 87' lang='lat' dir='ltr'><strong>ecclesiastici</strong></span> <span class='ocrx_word' id='word_1_151' title='bbox 2589 1226 2729 1294; x_wconf 87' lang='lat' dir='ltr'><strong>juris</strong></span> <span class='ocrx_word' id='word_1_152' title='bbox 2770 1230 2954 1298; x_wconf 88' lang='lat' dir='ltr'><strong>injusti</strong></span> <span class='ocrx_word' id='word_1_153' title='bbox 2997 1250 3344 1304; x_wconf 89' lang='lat' dir='ltr'><strong>possessores</strong></span> <span class='ocrx_word' id='word_1_154' title='bbox 3384 1241 3578 1296; x_wconf 81' lang='lat' dir='ltr'><strong>adver-</strong></span> 
     </span>
    </p>
   </div>
   <div class='ocr_carea' id='block_1_27' title="bbox 1989 1311 3574 1391">
    <p class='ocr_par' dir='ltr' id='par_1_27' title="bbox 1989 1311 3574 1391">
     <span class='ocr_line' id='line_1_27' title="bbox 1989 1311 3574 1391; baseline 0.016 -28"><span class='ocrx_word' id='word_1_155' title='bbox 1989 1320 2104 1366; x_wconf 87' lang='lat' dir='ltr'><strong>tant</strong></span> <span class='ocrx_word' id='word_1_156' title='bbox 2131 1311 2294 1384; x_wconf 63' lang='grc'><strong>432</strong></span> <span class='ocrx_word' id='word_1_157' title='bbox 2332 1325 2387 1370; x_wconf 90' lang='lat' dir='ltr'><strong>et</strong></span> <span class='ocrx_word' id='word_1_158' title='bbox 2417 1319 2690 1376; x_wconf 82' lang='lat' dir='ltr'><strong>subtiliter</strong></span> <span class='ocrx_word' id='word_1_159' title='bbox 2719 1336 2968 1391; x_wconf 85' lang='lat' dir='ltr'><strong>caveant,</strong></span> <span class='ocrx_word' id='word_1_160' title='bbox 3000 1343 3069 1382; x_wconf 90' lang='lat' dir='ltr'><strong>ne</strong></span> <span class='ocrx_word' id='word_1_161' title='bbox 3096 1329 3223 1384; x_wconf 89' lang='lat' dir='ltr'><strong>dum</strong></span> <span class='ocrx_word' id='word_1_162' title='bbox 3251 1345 3312 1386; x_wconf 91' lang='lat' dir='ltr'><strong>se</strong></span> <span class='ocrx_word' id='word_1_163' title='bbox 3347 1332 3574 1388; x_wconf 88' lang='lat' dir='ltr'><strong>redditi-</strong></span> 
     </span>
    </p>
   </div>
   <div class='ocr_carea' id='block_1_28' title="bbox 1986 1403 3582 1486">
    <p class='ocr_par' dir='ltr' id='par_1_28' title="bbox 1986 1403 3582 1486">
     <span class='ocr_line' id='line_1_28' title="bbox 1986 1403 3582 1486; baseline 0.016 -30"><span class='ocrx_word' id='word_1_164' title='bbox 1986 1403 2087 1458; x_wconf 89' lang='lat' dir='ltr'><strong>bus</strong></span> <span class='ocrx_word' id='word_1_165' title='bbox 2114 1406 2316 1460; x_wconf 86' lang='lat' dir='ltr'><strong>satiant</strong></span> <span class='ocrx_word' id='word_1_166' title='bbox 2335 1408 2549 1478; x_wconf 89' lang='lat' dir='ltr'><strong>alienis,</strong></span> <span class='ocrx_word' id='word_1_167' title='bbox 2579 1413 2774 1469; x_wconf 87' lang='lat' dir='ltr'><strong>edaces</strong></span> <span class='ocrx_word' id='word_1_168' title='bbox 2819 1418 3160 1486; x_wconf 90' lang='lat' dir='ltr'><strong>postmodum</strong></span> <span class='ocrx_word' id='word_1_169' title='bbox 3209 1421 3457 1479; x_wconf 80' lang='lat' dir='ltr'><strong>ﬂammas</strong></span> <span class='ocrx_word' id='word_1_170' title='bbox 3485 1425 3582 1481; x_wconf 36' lang='lat' dir='ltr'><strong>des</strong></span> 
     </span>
    </p>
   </div>
   <div class='ocr_carea' id='block_1_29' title="bbox 1984 1498 3577 1578">
    <p class='ocr_par' dir='ltr' id='par_1_29' title="bbox 1984 1498 3577 1578">
     <span class='ocr_line' id='line_1_29' title="bbox 1984 1498 3577 1578; baseline 0.014 -32"><span class='ocrx_word' id='word_1_171' title='bbox 1984 1503 2215 1562; x_wconf 89' lang='lat' dir='ltr'><strong>pascant</strong></span> <span class='ocrx_word' id='word_1_172' title='bbox 2264 1498 2512 1556; x_wconf 89' lang='lat' dir='ltr'><strong>medullis</strong></span> <span class='ocrx_word' id='word_1_173' title='bbox 2567 1503 2702 1558; x_wconf 91' lang='lat' dir='ltr'><strong>suis.</strong></span> <span class='ocrx_word' id='word_1_174' title='bbox 2733 1503 2869 1571; x_wconf 88' lang='lat' dir='ltr'><strong>Quia</strong></span> <span class='ocrx_word' id='word_1_175' title='bbox 2921 1508 3087 1578; x_wconf 79' lang='lat' dir='ltr'><strong>igitur</strong></span> <span class='ocrx_word' id='word_1_176' title='bbox 3138 1526 3237 1566; x_wconf 89' lang='lat' dir='ltr'><strong>nos</strong></span> <span class='ocrx_word' id='word_1_177' title='bbox 3293 1529 3403 1568; x_wconf 89' lang='lat' dir='ltr'><strong>non</strong></span> <span class='ocrx_word' id='word_1_178' title='bbox 3459 1522 3577 1568; x_wconf 89' lang='lat' dir='ltr'><strong>tam</strong></span> 
     </span>
    </p>
   </div>
   <div class='ocr_carea' id='block_1_30' title="bbox 1985 1582 3577 1670">
    <p class='ocr_par' dir='ltr' id='par_1_30' title="bbox 1985 1582 3577 1670">
     <span class='ocr_line' id='line_1_30' title="bbox 1985 1582 3577 1670; baseline 0.016 -35"><span class='ocrx_word' id='word_1_179' title='bbox 1985 1582 2246 1646; x_wconf 70' lang='lat' dir='ltr'><strong>districta:</strong></span> <span class='ocrx_word' id='word_1_180' title='bbox 2301 1588 2655 1646; x_wconf 87' lang='lat' dir='ltr'><strong>scribentium</strong></span> <span class='ocrx_word' id='word_1_181' title='bbox 2736 1597 2936 1666; x_wconf 52' lang='lat' dir='ltr'><strong>regula),</strong></span> <span class='ocrx_word' id='word_1_182' title='bbox 3002 1616 3166 1670; x_wconf 89' lang='lat' dir='ltr'><strong>quam</strong></span> <span class='ocrx_word' id='word_1_183' title='bbox 3229 1603 3577 1661; x_wconf 65' lang='lat' dir='ltr'><strong>aedificationi</strong></span> 
     </span>
    </p>
   </div>
   <div class='ocr_carea' id='block_1_31' title="bbox 1984 1675 3575 1754">
    <p class='ocr_par' dir='ltr' id='par_1_31' title="bbox 1984 1675 3575 1754">
     <span class='ocr_line' id='line_1_31' title="bbox 1984 1675 3575 1754; baseline 0.016 -26"><span class='ocrx_word' id='word_1_184' title='bbox 1984 1675 2240 1732; x_wconf 68' lang='lat' dir='ltr'><strong>fraternae</strong></span> <span class='ocrx_word' id='word_1_185' title='bbox 2262 1681 2511 1750; x_wconf 89' lang='lat' dir='ltr'><strong>cupimus</strong></span> <span class='ocrx_word' id='word_1_186' title='bbox 2539 1683 2840 1754; x_wconf 90' lang='lat' dir='ltr'><strong>deservire,</strong></span> <span class='ocrx_word' id='word_1_187' title='bbox 2874 1704 2984 1744; x_wconf 90' lang='lat' dir='ltr'><strong>rem</strong></span> <span class='ocrx_word' id='word_1_188' title='bbox 3014 1692 3159 1747; x_wconf 90' lang='lat' dir='ltr'><strong>velut</strong></span> <span class='ocrx_word' id='word_1_189' title='bbox 3182 1695 3252 1749; x_wconf 86' lang='lat' dir='ltr'><strong>ab</strong></span> <span class='ocrx_word' id='word_1_190' title='bbox 3272 1695 3575 1753; x_wconf 90' lang='lat' dir='ltr'><strong>intentione</strong></span> 
     </span>
    </p>
   </div>
   <div class='ocr_carea' id='block_1_32' title="bbox 1985 1769 3579 1855">
    <p class='ocr_par' dir='ltr' id='par_1_32' title="bbox 1985 1769 3579 1855">
     <span class='ocr_line' id='line_1_32' title="bbox 1985 1769 3579 1855; baseline 0.013 -34"><span class='ocrx_word' id='word_1_191' title='bbox 1985 1769 2245 1837; x_wconf 87' lang='lat' dir='ltr'><strong>propositi</strong></span> <span class='ocrx_word' id='word_1_192' title='bbox 2292 1773 2473 1841; x_wconf 89' lang='lat' dir='ltr'><strong>operis</strong></span> <span class='ocrx_word' id='word_1_193' title='bbox 2517 1783 2835 1833; x_wconf 79' lang='lat' dir='ltr'><strong>extraneam</strong></span> <span class='ocrx_word' id='word_1_194' title='bbox 2885 1783 3277 1851; x_wconf 88' lang='lat' dir='ltr'><strong>apposuimus;</strong></span> <span class='ocrx_word' id='word_1_195' title='bbox 3323 1795 3384 1840; x_wconf 94' lang='lat' dir='ltr'><strong>ut</strong></span> <span class='ocrx_word' id='word_1_196' title='bbox 3438 1802 3579 1855; x_wconf 80' lang='lat' dir='ltr'><strong>quo-</strong></span> 
     </span>
    </p>
   </div>
   <div class='ocr_carea' id='block_1_33' title="bbox 294 1844 3578 1938">
    <p class='ocr_par' dir='ltr' id='par_1_33' title="bbox 294 1844 3578 1938">
     <span class='ocr_line' id='line_1_33' title="bbox 294 1844 3578 1938; baseline 0.002 -17"><span class='ocrx_word' id='word_1_197' title='bbox 294 1844 626 1938; x_wconf 77' lang='lat' dir='ltr'><strong>exprimere,</strong></span> <span class='ocrx_word' id='word_1_198' title='bbox 654 1865 1069 1935; x_wconf 90' lang='lat' dir='ltr'><strong>quibuscunque</strong></span> <span class='ocrx_word' id='word_1_199' title='bbox 1099 1868 1336 1916; x_wconf 86' lang='lat' dir='ltr'><strong>tentaret</strong></span> <span class='ocrx_word' id='word_1_200' title='bbox 1374 1860 1614 1922; x_wconf 88' lang='lat' dir='ltr'><strong>nisibus,</strong></span> <span class='ocrx_word' id='word_1_201' title='bbox 1642 1873 1749 1913; x_wconf 91' lang='lat' dir='ltr'><strong>non</strong></span> <span class='ocrx_word' id='word_1_202' title='bbox 1791 1873 1883 1910; x_wconf 92' lang='lat' dir='ltr'><strong>va-</strong></span> <span class='ocrx_word' id='word_1_203' title='bbox 1919 1844 1960 1902; x_wconf 75' lang='grc' dir='ltr'><strong>Β</strong></span> <span class='ocrx_word' id='word_1_204' title='bbox 1988 1861 2273 1916; x_wconf 89' lang='lat' dir='ltr'><strong>dammodo</strong></span> <span class='ocrx_word' id='word_1_205' title='bbox 2304 1861 2648 1937; x_wconf 81' lang='lat' dir='ltr'><strong>fluctivagum</strong></span> <span class='ocrx_word' id='word_1_206' title='bbox 2677 1869 2825 1938; x_wconf 90' lang='lat' dir='ltr'><strong>quid,</strong></span> <span class='ocrx_word' id='word_1_207' title='bbox 2871 1844 2938 1924; x_wconf 81' lang='lat' dir='ltr'><strong>ne</strong></span> <span class='ocrx_word' id='word_1_208' title='bbox 2956 1844 3163 1928; x_wconf 81' lang='lat' dir='ltr'><strong>oblivio</strong></span> <span class='ocrx_word' id='word_1_209' title='bbox 3210 1844 3578 1931; x_wconf 35' lang='lat' dir='ltr'><strong>funditus-ras</strong></span> 
     </span>
    </p>
   </div>
   <div class='ocr_carea' id='block_1_34' title="bbox 296 1951 1882 2030">
    <p class='ocr_par' dir='ltr' id='par_1_34' title="bbox 296 1951 1882 2030">
     <span class='ocr_line' id='line_1_34' title="bbox 296 1951 1882 2030; baseline -0.008 -14"><span class='ocrx_word' id='word_1_210' title='bbox 296 1962 464 2016; x_wconf 83' lang='lat' dir='ltr'><strong>lebat.</strong></span> <span class='ocrx_word' id='word_1_211' title='bbox 495 1961 562 2015; x_wconf 90' lang='lat' dir='ltr'><strong>Et</strong></span> <span class='ocrx_word' id='word_1_212' title='bbox 585 1959 802 2030; x_wconf 88' lang='lat' dir='ltr'><strong>quidem</strong></span> <span class='ocrx_word' id='word_1_213' title='bbox 832 1958 1049 2012; x_wconf 85' lang='lat' dir='ltr'><strong>Patrem</strong></span> <span class='ocrx_word' id='word_1_214' title='bbox 1103 1964 1158 2008; x_wconf 91' lang='lat' dir='ltr'><strong>et</strong></span> <span class='ocrx_word' id='word_1_215' title='bbox 1192 1954 1388 2008; x_wconf 89' lang='lat' dir='ltr'><strong>Filium</strong></span> <span class='ocrx_word' id='word_1_216' title='bbox 1429 1952 1682 2022; x_wconf 79' lang='lat' dir='ltr'><strong>expedite</strong></span> <span class='ocrx_word' id='word_1_217' title='bbox 1728 1951 1882 2016; x_wconf 82' lang='lat' dir='ltr'><strong>satis,</strong></span> 
     </span>
    </p>
   </div>
   <div class='ocr_carea' id='block_1_35' title="bbox 296 2045 1882 2120">
    <p class='ocr_par' dir='ltr' id='par_1_35' title="bbox 296 2045 1882 2120">
     <span class='ocr_line' id='line_1_35' title="bbox 296 2045 1882 2120; baseline -0.006 -14"><span class='ocrx_word' id='word_1_218' title='bbox 296 2068 363 2106; x_wconf 90' lang='lat' dir='ltr'><strong>ac</strong></span> <span class='ocrx_word' id='word_1_219' title='bbox 419 2051 574 2105; x_wconf 84' lang='lat' dir='ltr'><strong>facile</strong></span> <span class='ocrx_word' id='word_1_220' title='bbox 623 2048 969 2120; x_wconf 81' lang='lat' dir='ltr'><strong>proferebat;</strong></span> <span class='ocrx_word' id='word_1_221' title='bbox 1023 2046 1089 2100; x_wconf 93' lang='lat' dir='ltr'><strong>ad</strong></span> <span class='ocrx_word' id='word_1_222' title='bbox 1138 2045 1400 2114; x_wconf 87' lang='lat' dir='ltr'><strong>Spiritum</strong></span> <span class='ocrx_word' id='word_1_223' title='bbox 1451 2057 1579 2097; x_wconf 84' lang='lat' dir='ltr'><strong>vero</strong></span> <span class='ocrx_word' id='word_1_224' title='bbox 1636 2051 1882 2098; x_wconf 88' lang='lat' dir='ltr'><strong>sanctum</strong></span> 
     </span>
    </p>
   </div>
   <div class='ocr_carea' id='block_1_36' title="bbox 299 2134 1882 2212">
    <p class='ocr_par' dir='ltr' id='par_1_36' title="bbox 299 2134 1882 2212">
     <span class='ocr_line' id='line_1_36' title="bbox 299 2134 1882 2212; baseline -0.006 -16"><span class='ocrx_word' id='word_1_225' title='bbox 299 2159 425 2197; x_wconf 89' lang='lat' dir='ltr'><strong>eum</strong></span> <span class='ocrx_word' id='word_1_226' title='bbox 458 2141 838 2212; x_wconf 77' lang='lat' dir='ltr'><strong>pervenisset,</strong></span> <span class='ocrx_word' id='word_1_227' title='bbox 896 2153 1021 2192; x_wconf 77' lang='lat' dir='ltr'><strong>mox</strong></span> <span class='ocrx_word' id='word_1_228' title='bbox 1080 2136 1260 2207; x_wconf 80' lang='lat' dir='ltr'><strong>lingua</strong></span> <span class='ocrx_word' id='word_1_229' title='bbox 1313 2135 1619 2191; x_wconf 84' lang='lat' dir='ltr'><strong>balbutiens</strong></span> <span class='ocrx_word' id='word_1_230' title='bbox 1669 2134 1882 2188; x_wconf 86' lang='lat' dir='ltr'><strong>tandem</strong></span> 
     </span>
    </p>
   </div>
   <div class='ocr_carea' id='block_1_37' title="bbox 298 2224 1884 2304">
    <p class='ocr_par' dir='ltr' id='par_1_37' title="bbox 298 2224 1884 2304">
     <span class='ocr_line' id='line_1_37' title="bbox 298 2224 1884 2304; baseline -0.007 -16"><span class='ocrx_word' id='word_1_231' title='bbox 298 2234 472 2304; x_wconf 87' lang='lat' dir='ltr'><strong>rigida</strong></span> <span class='ocrx_word' id='word_1_232' title='bbox 522 2233 854 2287; x_wconf 87' lang='lat' dir='ltr'><strong>remanebat.</strong></span> <span class='ocrx_word' id='word_1_233' title='bbox 894 2228 1089 2283; x_wconf 80' lang='lat' dir='ltr'><strong>Merito</strong></span> <span class='ocrx_word' id='word_1_234' title='bbox 1138 2225 1404 2296; x_wconf 81' lang='lat' dir='ltr'><strong>siquidem</strong></span> <span class='ocrx_word' id='word_1_235' title='bbox 1449 2224 1710 2293; x_wconf 88' lang='lat' dir='ltr'><strong>Spiritum</strong></span> <span class='ocrx_word' id='word_1_236' title='bbox 1762 2239 1884 2278; x_wconf 87' lang='lat' dir='ltr'><strong>sau-</strong></span> 
     </span>
    </p>
   </div>
   <div class='ocr_carea' id='block_1_38' title="bbox 297 2313 1885 2386">
    <p class='ocr_par' dir='ltr' id='par_1_38' title="bbox 297 2313 1885 2386">
     <span class='ocr_line' id='line_1_38' title="bbox 297 2313 1885 2386; baseline -0.008 -6"><span class='ocrx_word' id='word_1_237' title='bbox 297 2336 448 2381; x_wconf 86' lang='lat' dir='ltr'><strong>ctum</strong></span> <span class='ocrx_word' id='word_1_238' title='bbox 478 2325 604 2379; x_wconf 85' lang='lat' dir='ltr'><strong>dum</strong></span> <span class='ocrx_word' id='word_1_239' title='bbox 636 2322 808 2385; x_wconf 88' lang='lat' dir='ltr'><strong>emit,</strong></span> <span class='ocrx_word' id='word_1_240' title='bbox 853 2320 1082 2383; x_wconf 83' lang='lat' dir='ltr'><strong>amisit;</strong></span> <span class='ocrx_word' id='word_1_241' title='bbox 1123 2316 1294 2386; x_wconf 87' lang='lat' dir='ltr'><strong>utqui</strong></span> <span class='ocrx_word' id='word_1_242' title='bbox 1343 2314 1599 2370; x_wconf 79' lang='lat' dir='ltr'><strong>exclusus</strong></span> <span class='ocrx_word' id='word_1_243' title='bbox 1650 2322 1770 2369; x_wconf 88' lang='lat' dir='ltr'><strong>erat</strong></span> <span class='ocrx_word' id='word_1_244' title='bbox 1819 2313 1885 2368; x_wconf 88' lang='lat' dir='ltr'><strong>ab</strong></span> 
     </span>
    </p>
   </div>
   <div class='ocr_carea' id='block_1_39' title="bbox 298 2406 1882 2488">
    <p class='ocr_par' dir='ltr' id='par_1_39' title="bbox 298 2406 1882 2488">
     <span class='ocr_line' id='line_1_39' title="bbox 298 2406 1882 2488; baseline -0.011 -13"><span class='ocrx_word' id='word_1_245' title='bbox 298 2419 505 2484; x_wconf 80' lang='lat' dir='ltr'><strong>anima,</strong></span> <span class='ocrx_word' id='word_1_246' title='bbox 539 2415 893 2488; x_wconf 87' lang='lat' dir='ltr'><strong>procul-esset</strong></span> <span class='ocrx_word' id='word_1_247' title='bbox 929 2412 1097 2468; x_wconf 86' lang='lat' dir='ltr'><strong>etiam</strong></span> <span class='ocrx_word' id='word_1_248' title='bbox 1152 2416 1550 2477; x_wconf 89' lang='lat' dir='ltr'><strong>consequenter</strong></span> <span class='ocrx_word' id='word_1_249' title='bbox 1595 2423 1626 2461; x_wconf 88' lang='lat' dir='ltr'><strong>a</strong></span> <span class='ocrx_word' id='word_1_250' title='bbox 1678 2406 1882 2476; x_wconf 77' lang='lat' dir='ltr'><strong>lingua.</strong></span> 
     </span>
    </p>
   </div>
   <div class='ocr_carea' id='block_1_40' title="bbox 300 2497 1887 2581">
    <p class='ocr_par' dir='ltr' id='par_1_40' title="bbox 300 2497 1887 2581">
     <span class='ocr_line' id='line_1_40' title="bbox 300 2497 1887 2581; baseline -0.01 -15"><span class='ocrx_word' id='word_1_251' title='bbox 300 2512 414 2566; x_wconf 77' lang='lat' dir='ltr'><strong>tiae</strong></span> <span class='ocrx_word' id='word_1_252' title='bbox 436 2511 599 2581; x_wconf 78' lang='lat' dir='ltr'><strong>igitur</strong></span> <span class='ocrx_word' id='word_1_253' title='bbox 628 2506 940 2563; x_wconf 81' lang='lat' dir='ltr'><strong>diliienltate</strong></span> <span class='ocrx_word' id='word_1_254' title='bbox 979 2502 1264 2559; x_wconf 89' lang='lat' dir='ltr'><strong>convictus</strong></span> <span class='ocrx_word' id='word_1_255' title='bbox 1286 2541 1301 2566; x_wconf 95' lang='lat'><strong>,</strong></span> <span class='ocrx_word' id='word_1_256' title='bbox 1356 2498 1663 2570; x_wconf 80' lang='lat' dir='ltr'><strong>episcopale</strong></span> <span class='ocrx_word' id='word_1_257' title='bbox 1698 2497 1887 2552; x_wconf 87' lang='lat' dir='ltr'><strong>decar-</strong></span> 
     </span>
    </p>
   </div>
   <div class='ocr_carea' id='block_1_41' title="bbox 297 2591 1888 2662">
    <p class='ocr_par' dir='ltr' id='par_1_41' title="bbox 297 2591 1888 2662">
     <span class='ocr_line' id='line_1_41' title="bbox 297 2591 1888 2662; baseline -0.01 -1"><span class='ocrx_word' id='word_1_258' title='bbox 297 2605 506 2662; x_wconf 87' lang='lat' dir='ltr'><strong>eeravit</strong></span> <span class='ocrx_word' id='word_1_259' title='bbox 532 2602 784 2660; x_wconf 78' lang='lat' dir='ltr'><strong>ofﬁcium.</strong></span> <span class='ocrx_word' id='word_1_260' title='bbox 820 2600 926 2654; x_wconf 90' lang='lat' dir='ltr'><strong>Sed</strong></span> <span class='ocrx_word' id='word_1_261' title='bbox 981 2597 1126 2653; x_wconf 86' lang='lat' dir='ltr'><strong>absit</strong></span> <span class='ocrx_word' id='word_1_262' title='bbox 1175 2605 1232 2650; x_wconf 91' lang='lat' dir='ltr'><strong>ut</strong></span> <span class='ocrx_word' id='word_1_263' title='bbox 1269 2596 1414 2650; x_wconf 90' lang='lat' dir='ltr'><strong>hunc</strong></span> <span class='ocrx_word' id='word_1_264' title='bbox 1465 2601 1781 2649; x_wconf 88' lang='lat' dir='ltr'><strong>sanctorum</strong></span> <span class='ocrx_word' id='word_1_265' title='bbox 1809 2591 1888 2646; x_wconf 88' lang='lat' dir='ltr'><strong>vi-</strong></span> 
     </span>
    </p>
   </div>
   <div class='ocr_carea' id='block_1_42' title="bbox 298 2683 1884 2764">
    <p class='ocr_par' dir='ltr' id='par_1_42' title="bbox 298 2683 1884 2764">
     <span class='ocr_line' id='line_1_42' title="bbox 298 2683 1884 2764; baseline -0.011 -12"><span class='ocrx_word' id='word_1_266' title='bbox 298 2712 486 2752; x_wconf 82' lang='lat' dir='ltr'><strong>rorum</strong></span> <span class='ocrx_word' id='word_1_267' title='bbox 515 2695 762 2764; x_wconf 87' lang='lat' dir='ltr'><strong>catalogo</strong></span> <span class='ocrx_word' id='word_1_268' title='bbox 812 2691 1037 2760; x_wconf 90' lang='lat' dir='ltr'><strong>dignum</strong></span> <span class='ocrx_word' id='word_1_269' title='bbox 1082 2687 1359 2755; x_wconf 87' lang='lat' dir='ltr'><strong>judicem,</strong></span> <span class='ocrx_word' id='word_1_270' title='bbox 1401 2687 1497 2755; x_wconf 91' lang='lat' dir='ltr'><strong>qui</strong></span> <span class='ocrx_word' id='word_1_271' title='bbox 1535 2699 1634 2756; x_wconf 88' lang='lat' dir='ltr'><strong>pro</strong></span> <span class='ocrx_word' id='word_1_272' title='bbox 1681 2683 1884 2740; x_wconf 84' lang='lat' dir='ltr'><strong>Christi</strong></span> 
     </span>
    </p>
   </div>
   <div class='ocr_carea' id='block_1_43' title="bbox 297 2780 1464 2857">
    <p class='ocr_par' dir='ltr' id='par_1_43' title="bbox 297 2780 1464 2857">
     <span class='ocr_line' id='line_1_43' title="bbox 297 2780 1464 2857; baseline -0.009 -13"><span class='ocrx_word' id='word_1_273' title='bbox 297 2803 485 2844; x_wconf 88' lang='lat' dir='ltr'><strong>amore</strong></span> <span class='ocrx_word' id='word_1_274' title='bbox 522 2784 858 2857; x_wconf 80' lang='lat' dir='ltr'><strong>pontificales</strong></span> <span class='ocrx_word' id='word_1_275' title='bbox 883 2781 1081 2837; x_wconf 89' lang='lat' dir='ltr'><strong>inlulas</strong></span> <span class='ocrx_word' id='word_1_276' title='bbox 1118 2780 1464 2835; x_wconf 88' lang='lat' dir='ltr'><strong>dimiserunt.</strong></span> 
     </span>
    </p>
   </div>
   <div class='ocr_carea' id='block_1_44' title="bbox 371 2869 1876 2947">
    <p class='ocr_par' dir='ltr' id='par_1_44' title="bbox 371 2869 1876 2947">
     <span class='ocr_line' id='line_1_44' title="bbox 371 2869 1876 2947; baseline -0.008 -11"><span class='ocrx_word' id='word_1_277' title='bbox 371 2880 539 2936; x_wconf 86' lang='lat' dir='ltr'><strong>Porro</strong></span> <span class='ocrx_word' id='word_1_278' title='bbox 565 2888 767 2941; x_wconf 88' lang='lat' dir='ltr'><strong>autem,</strong></span> <span class='ocrx_word' id='word_1_279' title='bbox 795 2875 920 2947; x_wconf 88' lang='lat' dir='ltr'><strong>quia</strong></span> <span class='ocrx_word' id='word_1_280' title='bbox 953 2873 1358 2946; x_wconf 88' lang='lat' dir='ltr'><strong>prudentissimi</strong></span> <span class='ocrx_word' id='word_1_281' title='bbox 1394 2872 1537 2927; x_wconf 84' lang='lat' dir='ltr'><strong>illius</strong></span> <span class='ocrx_word' id='word_1_282' title='bbox 1575 2871 1676 2926; x_wconf 89' lang='lat' dir='ltr'><strong>viri</strong></span> <span class='ocrx_word' id='word_1_283' title='bbox 1706 2869 1876 2926; x_wconf 86' lang='lat' dir='ltr'><strong>semel</strong></span> 
     </span>
    </p>
   </div>
   <div class='ocr_carea' id='block_1_45' title="bbox 296 2960 1884 3034">
    <p class='ocr_par' dir='ltr' id='par_1_45' title="bbox 296 2960 1884 3034">
     <span class='ocr_line' id='line_1_45' title="bbox 296 2960 1884 3034; baseline -0.01 -5"><span class='ocrx_word' id='word_1_284' title='bbox 296 2973 493 3030; x_wconf 87' lang='lat' dir='ltr'><strong>incidit</strong></span> <span class='ocrx_word' id='word_1_285' title='bbox 531 2970 752 3033; x_wconf 79' lang='lat' dir='ltr'><strong>mentio,</strong></span> <span class='ocrx_word' id='word_1_286' title='bbox 806 2966 951 3021; x_wconf 85' lang='lat' dir='ltr'><strong>aliud</strong></span> <span class='ocrx_word' id='word_1_287' title='bbox 998 2965 1165 3020; x_wconf 80' lang='lat' dir='ltr'><strong>etiam</strong></span> <span class='ocrx_word' id='word_1_288' title='bbox 1209 2964 1417 3034; x_wconf 77' lang='lat' dir='ltr'><strong>insigne</strong></span> <span class='ocrx_word' id='word_1_289' title='bbox 1469 2963 1613 3032; x_wconf 86' lang='lat' dir='ltr'><strong>quod</strong></span> <span class='ocrx_word' id='word_1_290' title='bbox 1663 2960 1884 3028; x_wconf 87' lang='lat' dir='ltr'><strong>retulit,</strong></span> 
     </span>
    </p>
   </div>
   <div class='ocr_carea' id='block_1_46' title="bbox 297 3055 1889 3128">
    <p class='ocr_par' dir='ltr' id='par_1_46' title="bbox 297 3055 1889 3128">
     <span class='ocr_line' id='line_1_46' title="bbox 297 3055 1889 3128; baseline -0.009 -9"><span class='ocrx_word' id='word_1_291' title='bbox 297 3065 465 3119; x_wconf 83' lang='lat' dir='ltr'><strong>etiam</strong></span> <span class='ocrx_word' id='word_1_292' title='bbox 494 3062 540 3117; x_wconf 92' lang='lat' dir='ltr'><strong>si</strong></span> <span class='ocrx_word' id='word_1_293' title='bbox 571 3076 682 3115; x_wconf 82' lang='lat' dir='ltr'><strong>non</strong></span> <span class='ocrx_word' id='word_1_294' title='bbox 709 3072 1034 3128; x_wconf 76' lang='lat' dir='ltr'><strong>magnopere</strong></span> <span class='ocrx_word' id='word_1_295' title='bbox 1063 3056 1130 3109; x_wconf 91' lang='lat' dir='ltr'><strong>ad</strong></span> <span class='ocrx_word' id='word_1_296' title='bbox 1167 3055 1501 3125; x_wconf 88' lang='lat' dir='ltr'><strong>propositum</strong></span> <span class='ocrx_word' id='word_1_297' title='bbox 1541 3055 1720 3107; x_wconf 88' lang='lat' dir='ltr'><strong>thema</strong></span> <span class='ocrx_word' id='word_1_298' title='bbox 1764 3068 1889 3123; x_wconf 90' lang='lat' dir='ltr'><strong>per-</strong></span> 
     </span>
    </p>
   </div>
   <div class='ocr_carea' id='block_1_47' title="bbox 295 3143 1885 3219">
    <p class='ocr_par' dir='ltr' id='par_1_47' title="bbox 295 3143 1885 3219">
     <span class='ocr_line' id='line_1_47' title="bbox 295 3143 1885 3219; baseline -0.008 -10"><span class='ocrx_word' id='word_1_299' title='bbox 295 3157 491 3219; x_wconf 81' lang='lat' dir='ltr'><strong>tineat,</strong></span> <span class='ocrx_word' id='word_1_300' title='bbox 524 3167 631 3207; x_wconf 89' lang='lat' dir='ltr'><strong>non</strong></span> <span class='ocrx_word' id='word_1_301' title='bbox 655 3150 850 3205; x_wconf 89' lang='lat' dir='ltr'><strong>silebo.</strong></span> <span class='ocrx_word' id='word_1_302' title='bbox 877 3148 1010 3202; x_wconf 83' lang='lat' dir='ltr'><strong>Nam</strong></span> <span class='ocrx_word' id='word_1_303' title='bbox 1033 3147 1162 3201; x_wconf 90' lang='lat' dir='ltr'><strong>dum</strong></span> <span class='ocrx_word' id='word_1_304' title='bbox 1193 3144 1259 3200; x_wconf 93' lang='lat' dir='ltr'><strong>de</strong></span> <span class='ocrx_word' id='word_1_305' title='bbox 1281 3145 1496 3216; x_wconf 54' lang='lat' dir='ltr'><strong>praediis</strong></span> <span class='ocrx_word' id='word_1_306' title='bbox 1521 3143 1885 3198; x_wconf 86' lang='lat' dir='ltr'><strong>Eeclesiarnm</strong></span> 
     </span>
    </p>
   </div>
   <div class='ocr_carea' id='block_1_48' title="bbox 1985 1952 3579 2036">
    <p class='ocr_par' dir='ltr' id='par_1_48' title="bbox 1985 1952 3579 2036">
     <span class='ocr_line' id='line_1_48' title="bbox 1985 1952 3579 2036; baseline 0.013 -33"><span class='ocrx_word' id='word_1_307' title='bbox 1985 1963 2158 2020; x_wconf 90' lang='lat' dir='ltr'><strong>pcret,</strong></span> <span class='ocrx_word' id='word_1_308' title='bbox 2191 1952 2314 2024; x_wconf 88' lang='lat' dir='ltr'><strong>styli</strong></span> <span class='ocrx_word' id='word_1_309' title='bbox 2365 1953 2604 2012; x_wconf 91' lang='lat' dir='ltr'><strong>funiculo</strong></span> <span class='ocrx_word' id='word_1_310' title='bbox 2648 1959 3059 2031; x_wconf 77' lang='lat' dir='ltr'><strong>stringeremus.</strong></span> <span class='ocrx_word' id='word_1_311' title='bbox 3100 1963 3235 2018; x_wconf 81' lang='lat' dir='ltr'><strong>Nam</strong></span> <span class='ocrx_word' id='word_1_312' title='bbox 3275 1981 3399 2020; x_wconf 92' lang='lat' dir='ltr'><strong>cum</strong></span> <span class='ocrx_word' id='word_1_313' title='bbox 3452 1968 3579 2036; x_wconf 79' lang='lat' dir='ltr'><strong>quis</strong></span> 
     </span>
    </p>
   </div>
   <div class='ocr_carea' id='block_1_49' title="bbox 1986 2041 3582 2115">
    <p class='ocr_par' dir='ltr' id='par_1_49' title="bbox 1986 2041 3582 2115">
     <span class='ocr_line' id='line_1_49' title="bbox 1986 2041 3582 2115; baseline 0.013 -21"><span class='ocrx_word' id='word_1_314' title='bbox 1986 2041 2297 2111; x_wconf 85' lang='lat' dir='ltr'><strong>piscaturus</strong></span> <span class='ocrx_word' id='word_1_315' title='bbox 2322 2046 2600 2115; x_wconf 78' lang='lat' dir='ltr'><strong>egreditur</strong></span> <span class='ocrx_word' id='word_1_316' title='bbox 2625 2089 2640 2114; x_wconf 92' lang='lat'><strong>,</strong></span> <span class='ocrx_word' id='word_1_317' title='bbox 2674 2050 2716 2104; x_wconf 91' lang='lat' dir='ltr'><strong>si</strong></span> <span class='ocrx_word' id='word_1_318' title='bbox 2763 2067 2925 2106; x_wconf 88' lang='lat' dir='ltr'><strong>casus</strong></span> <span class='ocrx_word' id='word_1_319' title='bbox 2966 2054 3209 2110; x_wconf 87' lang='lat' dir='ltr'><strong>attulerit</strong></span> <span class='ocrx_word' id='word_1_320' title='bbox 3259 2056 3433 2112; x_wconf 89' lang='lat' dir='ltr'><strong>feram</strong></span> <span class='ocrx_word' id='word_1_321' title='bbox 3479 2073 3582 2113; x_wconf 81' lang='lat' dir='ltr'><strong>re-</strong></span> 
     </span>
    </p>
   </div>
   <div class='ocr_carea' id='block_1_50' title="bbox 1985 2134 3579 2212">
    <p class='ocr_par' dir='ltr' id='par_1_50' title="bbox 1985 2134 3579 2212">
     <span class='ocr_line' id='line_1_50' title="bbox 1985 2134 3579 2212; baseline 0.012 -27"><span class='ocrx_word' id='word_1_322' title='bbox 1985 2141 2148 2200; x_wconf 88' lang='lat' dir='ltr'><strong>pente</strong></span> <span class='ocrx_word' id='word_1_323' title='bbox 2177 2134 2259 2188; x_wconf 91' lang='lat' dir='ltr'><strong>vel</strong></span> <span class='ocrx_word' id='word_1_324' title='bbox 2283 2135 2577 2202; x_wconf 80' lang='lat' dir='ltr'><strong>volucrem,</strong></span> <span class='ocrx_word' id='word_1_325' title='bbox 2605 2140 2770 2210; x_wconf 81' lang='lat' dir='ltr'><strong>capit,</strong></span> <span class='ocrx_word' id='word_1_326' title='bbox 2803 2143 3019 2198; x_wconf 90' lang='lat' dir='ltr'><strong>etiamsi</strong></span> <span class='ocrx_word' id='word_1_327' title='bbox 3049 2144 3124 2199; x_wconf 92' lang='lat' dir='ltr'><strong>nil</strong></span> <span class='ocrx_word' id='word_1_328' title='bbox 3168 2147 3234 2201; x_wconf 93' lang='lat' dir='ltr'><strong>de</strong></span> <span class='ocrx_word' id='word_1_329' title='bbox 3262 2148 3579 2212; x_wconf 65' lang='lat' dir='ltr'><strong>venatione,</strong></span> 
     </span>
    </p>
   </div>
   <div class='ocr_carea' id='block_1_51' title="bbox 1985 2223 3572 2301">
    <p class='ocr_par' dir='ltr' id='par_1_51' title="bbox 1985 2223 3572 2301">
     <span class='ocr_line' id='line_1_51' title="bbox 1985 2223 3572 2301; baseline 0.01 -25"><span class='ocrx_word' id='word_1_330' title='bbox 1985 2223 2072 2278; x_wconf 89' lang='lat' dir='ltr'><strong>vel</strong></span> <span class='ocrx_word' id='word_1_331' title='bbox 2102 2227 2336 2296; x_wconf 89' lang='lat' dir='ltr'><strong>aucupio</strong></span> <span class='ocrx_word' id='word_1_332' title='bbox 2364 2231 2732 2298; x_wconf 81' lang='lat' dir='ltr'><strong>proposuerit.</strong></span> <span class='ocrx_word' id='word_1_333' title='bbox 2756 2231 3052 2301; x_wconf 61' lang='lat' dir='ltr'><strong>Praeterea,</strong></span> <span class='ocrx_word' id='word_1_334' title='bbox 3086 2245 3146 2291; x_wconf 90' lang='lat' dir='ltr'><strong>ut</strong></span> <span class='ocrx_word' id='word_1_335' title='bbox 3170 2239 3374 2294; x_wconf 89' lang='lat' dir='ltr'><strong>nostris</strong></span> <span class='ocrx_word' id='word_1_336' title='bbox 3394 2254 3572 2294; x_wconf 86' lang='lat' dir='ltr'><strong>asser-</strong></span> 
     </span>
    </p>
   </div>
   <div class='ocr_carea' id='block_1_52' title="bbox 1988 2313 3574 2402">
    <p class='ocr_par' dir='ltr' id='par_1_52' title="bbox 1988 2313 3574 2402">
     <span class='ocr_line' id='line_1_52' title="bbox 1988 2313 3574 2402; baseline 0.013 -37"><span class='ocrx_word' id='word_1_337' title='bbox 1988 2313 2228 2370; x_wconf 90' lang='lat' dir='ltr'><strong>tionibus</strong></span> <span class='ocrx_word' id='word_1_338' title='bbox 2287 2318 2450 2372; x_wconf 88' lang='lat' dir='ltr'><strong>etiam</strong></span> <span class='ocrx_word' id='word_1_339' title='bbox 2504 2322 2817 2391; x_wconf 88' lang='lat' dir='ltr'><strong>evangelica</strong></span> <span class='ocrx_word' id='word_1_340' title='bbox 2879 2340 2987 2379; x_wconf 92' lang='lat' dir='ltr'><strong>non</strong></span> <span class='ocrx_word' id='word_1_341' title='bbox 3041 2325 3182 2381; x_wconf 85' lang='lat' dir='ltr'><strong>desit</strong></span> <span class='ocrx_word' id='word_1_342' title='bbox 3238 2329 3574 2402; x_wconf 87' lang='lat' dir='ltr'><strong>auctoritas,</strong></span> 
     </span>
    </p>
   </div>
   <div class='ocr_carea' id='block_1_53' title="bbox 1987 2402 3573 2490">
    <p class='ocr_par' dir='ltr' id='par_1_53' title="bbox 1987 2402 3573 2490">
     <span class='ocr_line' id='line_1_53' title="bbox 1987 2402 3573 2490; baseline 0.011 -31"><span class='ocrx_word' id='word_1_343' title='bbox 1987 2402 2242 2461; x_wconf 85' lang='lat' dir='ltr'><strong>Salvator</strong></span> <span class='ocrx_word' id='word_1_344' title='bbox 2287 2418 2475 2463; x_wconf 88' lang='lat' dir='ltr'><strong>noster</strong></span> <span class='ocrx_word' id='word_1_345' title='bbox 2521 2425 2642 2465; x_wconf 92' lang='lat' dir='ltr'><strong>enm</strong></span> <span class='ocrx_word' id='word_1_346' title='bbox 2692 2412 2908 2468; x_wconf 87' lang='lat' dir='ltr'><strong>domum</strong></span> <span class='ocrx_word' id='word_1_347' title='bbox 2948 2416 3210 2486; x_wconf 86' lang='lat' dir='ltr'><strong>principis</strong></span> <span class='ocrx_word' id='word_1_348' title='bbox 3249 2434 3573 2490; x_wconf 56' lang='lat' dir='ltr'><strong>synagoga;</strong></span> 
     </span>
    </p>
   </div>
   <div class='ocr_carea' id='block_1_54' title="bbox 1987 2493 3573 2576">
    <p class='ocr_par' dir='ltr' id='par_1_54' title="bbox 1987 2493 3573 2576">
     <span class='ocr_line' id='line_1_54' title="bbox 1987 2493 3573 2576; baseline 0.012 -27"><span class='ocrx_word' id='word_1_349' title='bbox 1987 2493 2154 2551; x_wconf 78' lang='lat' dir='ltr'><strong>filiam</strong></span> <span class='ocrx_word' id='word_1_350' title='bbox 2179 2497 2296 2567; x_wconf 88' lang='lat' dir='ltr'><strong>ejus</strong></span> <span class='ocrx_word' id='word_1_351' title='bbox 2317 2501 2741 2571; x_wconf 86' lang='lat' dir='ltr'><strong>resuscitaturus</strong></span> <span class='ocrx_word' id='word_1_352' title='bbox 2765 2507 3099 2576; x_wconf 88' lang='lat' dir='ltr'><strong>aggreditur,</strong></span> <span class='ocrx_word' id='word_1_353' title='bbox 3118 2511 3328 2566; x_wconf 86' lang='lat' dir='ltr'><strong>mulieri</strong></span> <span class='ocrx_word' id='word_1_354' title='bbox 3366 2511 3573 2568; x_wconf 78' lang='lat' dir='ltr'><strong>ﬂuxum</strong></span> 
     </span>
    </p>
   </div>
   <div class='ocr_carea' id='block_1_55' title="bbox 1987 2589 3575 2674">
    <p class='ocr_par' dir='ltr' id='par_1_55' title="bbox 1987 2589 3575 2674">
     <span class='ocr_line' id='line_1_55' title="bbox 1987 2589 3575 2674; baseline 0.01 -32"><span class='ocrx_word' id='word_1_355' title='bbox 1987 2589 2270 2658; x_wconf 82' lang='lat' dir='ltr'><strong>sanguinis</strong></span> <span class='ocrx_word' id='word_1_356' title='bbox 2317 2592 2549 2660; x_wconf 88' lang='lat' dir='ltr'><strong>patienti</strong></span> <span class='ocrx_word' id='word_1_357' title='bbox 2604 2594 2845 2665; x_wconf 77' lang='lat' dir='ltr'><strong>(Matth.</strong></span> <span class='ocrx_word' id='word_1_358' title='bbox 2886 2600 3016 2667; x_wconf 71' lang='grc' dir='ltr'><strong>ιχ),</strong></span> <span class='ocrx_word' id='word_1_359' title='bbox 3064 2600 3214 2654; x_wconf 86' lang='lat' dir='ltr'><strong>velut</strong></span> <span class='ocrx_word' id='word_1_360' title='bbox 3259 2601 3465 2674; x_wconf 89' lang='lat' dir='ltr'><strong>absque</strong></span> <span class='ocrx_word' id='word_1_361' title='bbox 3511 2621 3575 2659; x_wconf 87' lang='lat' dir='ltr'><strong>ea</strong></span> 
     </span>
    </p>
   </div>
   <div class='ocr_carea' id='block_1_56' title="bbox 1987 2685 3578 2767">
    <p class='ocr_par' dir='ltr' id='par_1_56' title="bbox 1987 2685 3578 2767">
     <span class='ocr_line' id='line_1_56' title="bbox 1987 2685 3578 2767; baseline 0.013 -34"><span class='ocrx_word' id='word_1_362' title='bbox 1987 2694 2150 2749; x_wconf 88' lang='lat' dir='ltr'><strong>quam</strong></span> <span class='ocrx_word' id='word_1_363' title='bbox 2179 2693 2438 2753; x_wconf 59' lang='lat' dir='ltr'><strong>coeperat,</strong></span> <span class='ocrx_word' id='word_1_364' title='bbox 2461 2685 2764 2744; x_wconf 86' lang='lat' dir='ltr'><strong>intentione</strong></span> <span class='ocrx_word' id='word_1_365' title='bbox 2792 2691 3058 2746; x_wconf 87' lang='lat' dir='ltr'><strong>medetur.</strong></span> <span class='ocrx_word' id='word_1_366' title='bbox 3093 2693 3233 2760; x_wconf 68' lang='lat' dir='ltr'><strong>Quid</strong></span> <span class='ocrx_word' id='word_1_367' title='bbox 3281 2696 3450 2767; x_wconf 82' lang='lat' dir='ltr'><strong>igitur</strong></span> <span class='ocrx_word' id='word_1_368' title='bbox 3472 2698 3578 2752; x_wconf 62' lang='lat' dir='ltr'><strong>mia</strong></span> 
     </span>
    </p>
   </div>
   <div class='ocr_carea' id='block_1_57' title="bbox 1990 2776 3570 2858">
    <p class='ocr_par' dir='ltr' id='par_1_57' title="bbox 1990 2776 3570 2858">
     <span class='ocr_line' id='line_1_57' title="bbox 1990 2776 3570 2858; baseline 0.014 -32"><span class='ocrx_word' id='word_1_369' title='bbox 1990 2789 2132 2840; x_wconf 90' lang='lat' dir='ltr'><strong>rum,</strong></span> <span class='ocrx_word' id='word_1_370' title='bbox 2162 2776 2208 2830; x_wconf 91' lang='lat' dir='ltr'><strong>si</strong></span> <span class='ocrx_word' id='word_1_371' title='bbox 2239 2777 2543 2835; x_wconf 85' lang='lat' dir='ltr'><strong>scribentes</strong></span> <span class='ocrx_word' id='word_1_372' title='bbox 2567 2781 2860 2852; x_wconf 89' lang='lat' dir='ltr'><strong>aliquando</strong></span> <span class='ocrx_word' id='word_1_373' title='bbox 2886 2785 3032 2854; x_wconf 89' lang='lat' dir='ltr'><strong>quod</strong></span> <span class='ocrx_word' id='word_1_374' title='bbox 3059 2798 3296 2858; x_wconf 73' lang='lat' dir='ltr'><strong>emptum</strong></span> <span class='ocrx_word' id='word_1_375' title='bbox 3351 2799 3438 2846; x_wconf 89' lang='lat' dir='ltr'><strong>est</strong></span> <span class='ocrx_word' id='word_1_376' title='bbox 3483 2791 3570 2847; x_wconf 87' lang='lat' dir='ltr'><strong>in-</strong></span> 
     </span>
    </p>
   </div>
   <div class='ocr_carea' id='block_1_58' title="bbox 1991 2865 3578 2940">
    <p class='ocr_par' dir='ltr' id='par_1_58' title="bbox 1991 2865 3578 2940">
     <span class='ocr_line' id='line_1_58' title="bbox 1991 2865 3578 2940; baseline 0.011 -22"><span class='ocrx_word' id='word_1_377' title='bbox 1991 2865 2394 2934; x_wconf 91' lang='lat' dir='ltr'><strong>tcrmittimus,.</strong></span> <span class='ocrx_word' id='word_1_378' title='bbox 2424 2885 2524 2924; x_wconf 89' lang='lat' dir='ltr'><strong>nec</strong></span> <span class='ocrx_word' id='word_1_379' title='bbox 2571 2873 2874 2927; x_wconf 84' lang='lat' dir='ltr'><strong>omittimus</strong></span> <span class='ocrx_word' id='word_1_380' title='bbox 2905 2891 2920 2940; x_wconf 89' lang='lat'><strong>;</strong></span> <span class='ocrx_word' id='word_1_381' title='bbox 2957 2874 3085 2930; x_wconf 91' lang='lat' dir='ltr'><strong>illud</strong></span> <span class='ocrx_word' id='word_1_382' title='bbox 3131 2877 3384 2933; x_wconf 88' lang='lat' dir='ltr'><strong>videlicet</strong></span> <span class='ocrx_word' id='word_1_383' title='bbox 3434 2880 3578 2936; x_wconf 60' lang='lat' dir='ltr'><strong>inse.</strong></span> 
     </span>
    </p>
   </div>
   <div class='ocr_carea' id='block_1_59' title="bbox 1989 2963 3574 3041">
    <p class='ocr_par' dir='ltr' id='par_1_59' title="bbox 1989 2963 3574 3041">
     <span class='ocr_line' id='line_1_59' title="bbox 1989 2963 3574 3041; baseline 0.009 -28"><span class='ocrx_word' id='word_1_384' title='bbox 1989 2969 2194 3026; x_wconf 90' lang='lat' dir='ltr'><strong>rentes,</strong></span> <span class='ocrx_word' id='word_1_385' title='bbox 2225 2963 2369 3031; x_wconf 91' lang='lat' dir='ltr'><strong>quod</strong></span> <span class='ocrx_word' id='word_1_386' title='bbox 2400 2963 2754 3022; x_wconf 86' lang='lat' dir='ltr'><strong>nihilominus</strong></span> <span class='ocrx_word' id='word_1_387' title='bbox 2768 2968 2835 3021; x_wconf 87' lang='lat' dir='ltr'><strong>ad</strong></span> <span class='ocrx_word' id='word_1_388' title='bbox 2855 2968 3267 3025; x_wconf 65' lang='lat' dir='ltr'><strong>aediﬁcationem</strong></span> <span class='ocrx_word' id='word_1_389' title='bbox 3297 2972 3574 3041; x_wconf 83' lang='lat' dir='ltr'><strong>pertinere</strong></span> 
     </span>
    </p>
   </div>
   <div class='ocr_carea' id='block_1_60' title="bbox 1989 3052 3568 3131">
    <p class='ocr_par' dir='ltr' id='par_1_60' title="bbox 1989 3052 3568 3131">
     <span class='ocr_line' id='line_1_60' title="bbox 1989 3052 3568 3131; baseline 0.007 -25"><span class='ocrx_word' id='word_1_390' title='bbox 1989 3052 2295 3108; x_wconf 87' lang='lat' dir='ltr'><strong>sentimus?</strong></span> <span class='ocrx_word' id='word_1_391' title='bbox 2326 3053 2645 3125; x_wconf 88' lang='lat' dir='ltr'><strong>Quanquam</strong></span> <span class='ocrx_word' id='word_1_392' title='bbox 2669 3067 2726 3112; x_wconf 89' lang='lat' dir='ltr'><strong>et</strong></span> <span class='ocrx_word' id='word_1_393' title='bbox 2755 3059 2859 3114; x_wconf 92' lang='lat' dir='ltr'><strong>hoc</strong></span> <span class='ocrx_word' id='word_1_394' title='bbox 2880 3074 2910 3113; x_wconf 89' lang='lat' dir='ltr'><strong>a</strong></span> <span class='ocrx_word' id='word_1_395' title='bbox 2941 3068 3128 3116; x_wconf 91' lang='lat' dir='ltr'><strong>nostro</strong></span> <span class='ocrx_word' id='word_1_396' title='bbox 3157 3062 3434 3131; x_wconf 83' lang='lat' dir='ltr'><strong>proposito</strong></span> <span class='ocrx_word' id='word_1_397' title='bbox 3461 3077 3568 3117; x_wconf 90' lang='lat' dir='ltr'><strong>non</strong></span> 
     </span>
    </p>
   </div>
   <div class='ocr_carea' id='block_1_61' title="bbox 1989 3141 3566 3221">
    <p class='ocr_par' dir='ltr' id='par_1_61' title="bbox 1989 3141 3566 3221">
     <span class='ocr_line' id='line_1_61' title="bbox 1989 3141 3566 3221; baseline 0.006 -26"><span class='ocrx_word' id='word_1_398' title='bbox 1989 3141 2302 3208; x_wconf 90' lang='lat' dir='ltr'><strong>abhorreat,</strong></span> <span class='ocrx_word' id='word_1_399' title='bbox 2335 3145 2462 3213; x_wconf 89' lang='lat' dir='ltr'><strong>quia</strong></span> <span class='ocrx_word' id='word_1_400' title='bbox 2494 3145 2540 3199; x_wconf 93' lang='lat' dir='ltr'><strong>si</strong></span> <span class='ocrx_word' id='word_1_401' title='bbox 2571 3145 2661 3200; x_wconf 93' lang='lat' dir='ltr'><strong>ille</strong></span> <span class='ocrx_word' id='word_1_402' title='bbox 2690 3156 2912 3217; x_wconf 85' lang='lat' dir='ltr'><strong>propter</strong></span> <span class='ocrx_word' id='word_1_403' title='bbox 2942 3164 3106 3203; x_wconf 86' lang='lat' dir='ltr'><strong>unam</strong></span> <span class='ocrx_word' id='word_1_404' title='bbox 3149 3149 3406 3205; x_wconf 63' lang='lat' dir='ltr'><strong>Ecclesia:</strong></span> <span class='ocrx_word' id='word_1_405' title='bbox 3433 3167 3566 3221; x_wconf 69' lang='grc' dir='ltr'><strong>ρος-η</strong></span> 
     </span>
    </p>
   </div>
   <div class='ocr_carea' id='block_1_62' title="bbox 297 3215 3566 3316">
    <p class='ocr_par' dir='ltr' id='par_1_62' title="bbox 297 3215 3566 3316">
     <span class='ocr_line' id='line_1_62' title="bbox 297 3215 3566 3316; baseline -0.001 -16"><span class='ocrx_word' id='word_1_406' title='bbox 297 3215 500 3316; x_wconf 84' lang='lat' dir='ltr'><strong>injuste</strong></span> <span class='ocrx_word' id='word_1_407' title='bbox 522 3241 806 3313; x_wconf 87' lang='lat' dir='ltr'><strong>possessis,</strong></span> <span class='ocrx_word' id='word_1_408' title='bbox 839 3239 938 3294; x_wconf 90' lang='lat' dir='ltr'><strong>sub</strong></span> <span class='ocrx_word' id='word_1_409' title='bbox 967 3215 1295 3306; x_wconf 53' lang='lat' dir='ltr'><strong>prasentin</strong></span> <span class='ocrx_word' id='word_1_410' title='bbox 1319 3244 1520 3290; x_wconf 70' lang='lat' dir='ltr'><strong>vestrae</strong></span> <span class='ocrx_word' id='word_1_411' title='bbox 1566 3243 1883 3304; x_wconf 78' lang='lat' dir='ltr'><strong>conspectu,</strong></span> <span class='ocrx_word' id='word_1_412' title='bbox 1915 3215 1963 3280; x_wconf 70' lang='grc' dir='ltr'><strong>(ἶ</strong></span> <span class='ocrx_word' id='word_1_413' title='bbox 1993 3233 2384 3288; x_wconf 89' lang='lat' dir='ltr'><strong>sessiunculam</strong></span> <span class='ocrx_word' id='word_1_414' title='bbox 2434 3236 2634 3305; x_wconf 91' lang='lat' dir='ltr'><strong>periit;</strong></span> <span class='ocrx_word' id='word_1_415' title='bbox 2661 3237 2793 3307; x_wconf 89' lang='lat' dir='ltr'><strong>quid</strong></span> <span class='ocrx_word' id='word_1_416' title='bbox 2837 3239 2904 3294; x_wconf 92' lang='lat' dir='ltr'><strong>de</strong></span> <span class='ocrx_word' id='word_1_417' title='bbox 2941 3238 3032 3294; x_wconf 90' lang='lat' dir='ltr'><strong>illo</strong></span> <span class='ocrx_word' id='word_1_418' title='bbox 3066 3239 3408 3296; x_wconf 89' lang='lat' dir='ltr'><strong>sentiendum</strong></span> <span class='ocrx_word' id='word_1_419' title='bbox 3461 3252 3566 3307; x_wconf 89' lang='lat' dir='ltr'><strong>est,</strong></span> 
     </span>
    </p>
   </div>
   <div class='ocr_carea' id='block_1_63' title="bbox 298 3322 1886 3401">
    <p class='ocr_par' dir='ltr' id='par_1_63' title="bbox 298 3322 1886 3401">
     <span class='ocr_line' id='line_1_63' title="bbox 298 3322 1886 3401; baseline -0.008 -12"><span class='ocrx_word' id='word_1_420' title='bbox 298 3333 610 3389; x_wconf 89' lang='lat' dir='ltr'><strong>venerande</strong></span> <span class='ocrx_word' id='word_1_421' title='bbox 638 3330 888 3401; x_wconf 51' lang='lat' dir='ltr'><strong>papagin</strong></span> <span class='ocrx_word' id='word_1_422' title='bbox 917 3327 1140 3382; x_wconf 80' lang='lat' dir='ltr'><strong>Aretina</strong></span> <span class='ocrx_word' id='word_1_423' title='bbox 1168 3325 1590 3381; x_wconf 87' lang='lat' dir='ltr'><strong>concionaretur</strong></span> <span class='ocrx_word' id='word_1_424' title='bbox 1616 3322 1886 3388; x_wconf 84' lang='lat' dir='ltr'><strong>Ecclesia,</strong></span> 
     </span>
    </p>
   </div>
   <div class='ocr_carea' id='block_1_64' title="bbox 297 3417 1888 3498">
    <p class='ocr_par' dir='ltr' id='par_1_64' title="bbox 297 3417 1888 3498">
     <span class='ocr_line' id='line_1_64' title="bbox 297 3417 1888 3498; baseline -0.009 -14"><span class='ocrx_word' id='word_1_425' title='bbox 297 3428 486 3484; x_wconf 87' lang='lat' dir='ltr'><strong>intulit</strong></span> <span class='ocrx_word' id='word_1_426' title='bbox 513 3432 873 3498; x_wconf 87' lang='lat' dir='ltr'><strong>congruenter</strong></span> <span class='ocrx_word' id='word_1_427' title='bbox 917 3419 1266 3490; x_wconf 79' lang='lat' dir='ltr'><strong>exemplum:</strong></span> <span class='ocrx_word' id='word_1_428' title='bbox 1307 3418 1367 3473; x_wconf 90' lang='lat' dir='ltr'><strong>In</strong></span> <span class='ocrx_word' id='word_1_429' title='bbox 1404 3417 1759 3478; x_wconf 88' lang='lat' dir='ltr'><strong>Teutonicis,</strong></span> <span class='ocrx_word' id='word_1_430' title='bbox 1806 3418 1888 3471; x_wconf 85' lang='lat' dir='ltr'><strong>in-</strong></span> 
     </span>
    </p>
   </div>
   <div class='ocr_carea' id='block_1_65' title="bbox 297 3509 1885 3589">
    <p class='ocr_par' dir='ltr' id='par_1_65' title="bbox 297 3509 1885 3589">
     <span class='ocr_line' id='line_1_65' title="bbox 297 3509 1885 3589; baseline -0.006 -17"><span class='ocrx_word' id='word_1_431' title='bbox 297 3521 441 3589; x_wconf 87' lang='lat' dir='ltr'><strong>quit,</strong></span> <span class='ocrx_word' id='word_1_432' title='bbox 473 3517 715 3588; x_wconf 89' lang='lat' dir='ltr'><strong>partibus</strong></span> <span class='ocrx_word' id='word_1_433' title='bbox 745 3526 929 3569; x_wconf 86' lang='lat' dir='ltr'><strong>comes</strong></span> <span class='ocrx_word' id='word_1_434' title='bbox 963 3510 1185 3582; x_wconf 89' lang='lat' dir='ltr'><strong>quidam</strong></span> <span class='ocrx_word' id='word_1_435' title='bbox 1237 3509 1390 3564; x_wconf 88' lang='lat' dir='ltr'><strong>dives</strong></span> <span class='ocrx_word' id='word_1_436' title='bbox 1440 3523 1506 3564; x_wconf 89' lang='lat' dir='ltr'><strong>ac</strong></span> <span class='ocrx_word' id='word_1_437' title='bbox 1552 3517 1885 3578; x_wconf 66' lang='lat' dir='ltr'><strong>praepotens,</strong></span> 
     </span>
    </p>
   </div>
   <div class='ocr_carea' id='block_1_66' title="bbox 297 3599 1887 3677">
    <p class='ocr_par' dir='ltr' id='par_1_66' title="bbox 297 3599 1887 3677">
     <span class='ocr_line' id='line_1_66' title="bbox 297 3599 1887 3677; baseline -0.007 -13"><span class='ocrx_word' id='word_1_438' title='bbox 297 3611 396 3664; x_wconf 87' lang='lat' dir='ltr'><strong>sed</strong></span> <span class='ocrx_word' id='word_1_439' title='bbox 427 3607 569 3677; x_wconf 90' lang='lat' dir='ltr'><strong>quod</strong></span> <span class='ocrx_word' id='word_1_440' title='bbox 599 3606 651 3660; x_wconf 90' lang='lat' dir='ltr'><strong>in</strong></span> <span class='ocrx_word' id='word_1_441' title='bbox 677 3604 769 3659; x_wconf 91' lang='lat' dir='ltr'><strong>illo</strong></span> <span class='ocrx_word' id='word_1_442' title='bbox 795 3603 1074 3658; x_wconf 91' lang='lat' dir='ltr'><strong>hominum</strong></span> <span class='ocrx_word' id='word_1_443' title='bbox 1101 3599 1294 3655; x_wconf 90' lang='lat' dir='ltr'><strong>ordine</strong></span> <span class='ocrx_word' id='word_1_444' title='bbox 1334 3599 1640 3668; x_wconf 80' lang='lat' dir='ltr'><strong>prodigium</strong></span> <span class='ocrx_word' id='word_1_445' title='bbox 1679 3607 1764 3654; x_wconf 89' lang='lat' dir='ltr'><strong>est</strong></span> <span class='ocrx_word' id='word_1_446' title='bbox 1805 3614 1887 3653; x_wconf 81' lang='lat' dir='ltr'><strong>re-</strong></span> 
     </span>
    </p>
   </div>
   <div class='ocr_carea' id='block_1_67' title="bbox 295 3690 1887 3773">
    <p class='ocr_par' dir='ltr' id='par_1_67' title="bbox 295 3690 1887 3773">
     <span class='ocr_line' id='line_1_67' title="bbox 295 3690 1887 3773; baseline -0.008 -17"><span class='ocrx_word' id='word_1_447' title='bbox 295 3700 490 3773; x_wconf 86' lang='lat' dir='ltr'><strong>periri,</strong></span> <span class='ocrx_word' id='word_1_448' title='bbox 518 3699 673 3753; x_wconf 68' lang='lat' dir='ltr'><strong>bona:</strong></span> <span class='ocrx_word' id='word_1_449' title='bbox 692 3695 962 3768; x_wconf 89' lang='lat' dir='ltr'><strong>opinionis</strong></span> <span class='ocrx_word' id='word_1_450' title='bbox 988 3734 1002 3758; x_wconf 95' lang='lat'><strong>,</strong></span> <span class='ocrx_word' id='word_1_451' title='bbox 1052 3701 1107 3747; x_wconf 90' lang='lat' dir='ltr'><strong>et</strong></span> <span class='ocrx_word' id='word_1_452' title='bbox 1147 3691 1458 3746; x_wconf 86' lang='lat' dir='ltr'><strong>innocentis</strong></span> <span class='ocrx_word' id='word_1_453' title='bbox 1504 3690 1630 3744; x_wconf 67' lang='lat' dir='ltr'><strong>vitae</strong></span> <span class='ocrx_word' id='word_1_454' title='bbox 1655 3731 1670 3757; x_wconf 93' lang='lat'><strong>,</strong></span> <span class='ocrx_word' id='word_1_455' title='bbox 1723 3697 1887 3760; x_wconf 81' lang='lat' dir='ltr'><strong>prout</strong></span> 
     </span>
    </p>
   </div>
   <div class='ocr_carea' id='block_1_68' title="bbox 299 3779 1886 3854">
    <p class='ocr_par' dir='ltr' id='par_1_68' title="bbox 299 3779 1886 3854">
     <span class='ocr_line' id='line_1_68' title="bbox 299 3779 1886 3854; baseline -0.009 -6"><span class='ocrx_word' id='word_1_456' title='bbox 299 3795 594 3848; x_wconf 88' lang='lat' dir='ltr'><strong>humanum</strong></span> <span class='ocrx_word' id='word_1_457' title='bbox 627 3797 746 3844; x_wconf 89' lang='lat' dir='ltr'><strong>erat</strong></span> <span class='ocrx_word' id='word_1_458' title='bbox 773 3788 839 3842; x_wconf 92' lang='lat' dir='ltr'><strong>de</strong></span> <span class='ocrx_word' id='word_1_459' title='bbox 867 3785 985 3854; x_wconf 90' lang='lat' dir='ltr'><strong>ejus</strong></span> <span class='ocrx_word' id='word_1_460' title='bbox 1012 3782 1373 3839; x_wconf 71' lang='lat' dir='ltr'><strong>mstimatione</strong></span> <span class='ocrx_word' id='word_1_461' title='bbox 1417 3779 1681 3850; x_wconf 89' lang='lat' dir='ltr'><strong>judicium</strong></span> <span class='ocrx_word' id='word_1_462' title='bbox 1711 3820 1726 3844; x_wconf 95' lang='lat'><strong>,</strong></span> <span class='ocrx_word' id='word_1_463' title='bbox 1759 3785 1886 3834; x_wconf 75' lang='lat' dir='ltr'><strong>ante</strong></span> 
     </span>
    </p>
   </div>
   <div class='ocr_carea' id='block_1_69' title="bbox 297 3869 1882 3950">
    <p class='ocr_par' dir='ltr' id='par_1_69' title="bbox 297 3869 1882 3950">
     <span class='ocr_line' id='line_1_69' title="bbox 297 3869 1882 3950; baseline -0.009 -12"><span class='ocrx_word' id='word_1_464' title='bbox 297 3883 622 3950; x_wconf 81' lang='lat' dir='ltr'><strong>decennium</strong></span> <span class='ocrx_word' id='word_1_465' title='bbox 660 3878 778 3935; x_wconf 83' lang='lat' dir='ltr'><strong>fere</strong></span> <span class='ocrx_word' id='word_1_466' title='bbox 827 3876 1114 3933; x_wconf 89' lang='lat' dir='ltr'><strong>defunctus</strong></span> <span class='ocrx_word' id='word_1_467' title='bbox 1157 3882 1261 3929; x_wconf 84' lang='lat' dir='ltr'><strong>est.</strong></span> <span class='ocrx_word' id='word_1_468' title='bbox 1313 3872 1442 3927; x_wconf 83' lang='lat' dir='ltr'><strong>Post</strong></span> <span class='ocrx_word' id='word_1_469' title='bbox 1479 3869 1634 3938; x_wconf 88' lang='lat' dir='ltr'><strong>cujus</strong></span> <span class='ocrx_word' id='word_1_470' title='bbox 1677 3869 1882 3924; x_wconf 90' lang='lat' dir='ltr'><strong>obitum</strong></span> 
     </span>
    </p>
   </div>
   <div class='ocr_carea' id='block_1_70' title="bbox 295 3957 1882 4044">
    <p class='ocr_par' dir='ltr' id='par_1_70' title="bbox 295 3957 1882 4044">
     <span class='ocr_line' id='line_1_70' title="bbox 295 3957 1882 4044; baseline -0.009 -18"><span class='ocrx_word' id='word_1_471' title='bbox 295 3973 520 4044; x_wconf 83' lang='lat' dir='ltr'><strong>quidam</strong></span> <span class='ocrx_word' id='word_1_472' title='bbox 577 3969 858 4039; x_wconf 85' lang='lat' dir='ltr'><strong>religiosus</strong></span> <span class='ocrx_word' id='word_1_473' title='bbox 916 3967 1000 4019; x_wconf 90' lang='lat' dir='ltr'><strong>vir</strong></span> <span class='ocrx_word' id='word_1_474' title='bbox 1060 3979 1158 4034; x_wconf 91' lang='lat' dir='ltr'><strong>per</strong></span> <span class='ocrx_word' id='word_1_475' title='bbox 1221 3961 1472 4032; x_wconf 90' lang='lat' dir='ltr'><strong>spiritum</strong></span> <span class='ocrx_word' id='word_1_476' title='bbox 1537 3959 1602 4013; x_wconf 89' lang='lat' dir='ltr'><strong>ad</strong></span> <span class='ocrx_word' id='word_1_477' title='bbox 1674 3957 1882 4012; x_wconf 87' lang='lat' dir='ltr'><strong>inferna</strong></span> 
     </span>
    </p>
   </div>
   <div class='ocr_carea' id='block_1_71' title="bbox 295 4050 1882 4129">
    <p class='ocr_par' dir='ltr' id='par_1_71' title="bbox 295 4050 1882 4129">
     <span class='ocr_line' id='line_1_71' title="bbox 295 4050 1882 4129; baseline -0.012 -9"><span class='ocrx_word' id='word_1_478' title='bbox 295 4062 580 4120; x_wconf 77' lang='lat' dir='ltr'><strong>descendit</strong></span> <span class='ocrx_word' id='word_1_479' title='bbox 607 4078 622 4126; x_wconf 89' lang='lat'><strong>;</strong></span> <span class='ocrx_word' id='word_1_480' title='bbox 653 4058 1044 4129; x_wconf 67' lang='lat' dir='ltr'><strong>praefatumque</strong></span> <span class='ocrx_word' id='word_1_481' title='bbox 1069 4053 1325 4108; x_wconf 91' lang='lat' dir='ltr'><strong>comitem</strong></span> <span class='ocrx_word' id='word_1_482' title='bbox 1343 4051 1399 4105; x_wconf 92' lang='lat' dir='ltr'><strong>in</strong></span> <span class='ocrx_word' id='word_1_483' title='bbox 1432 4064 1689 4118; x_wconf 89' lang='lat' dir='ltr'><strong>supremo</strong></span> <span class='ocrx_word' id='word_1_484' title='bbox 1713 4050 1882 4118; x_wconf 88' lang='lat' dir='ltr'><strong>gradu</strong></span> 
     </span>
    </p>
   </div>
   <div class='ocr_carea' id='block_1_72' title="bbox 295 4131 1880 4220">
    <p class='ocr_par' dir='ltr' id='par_1_72' title="bbox 295 4131 1880 4220">
     <span class='ocr_line' id='line_1_72' title="bbox 295 4131 1880 4220; baseline -0.011 -14"><span class='ocrx_word' id='word_1_485' title='bbox 295 4131 581 4220; x_wconf 74' lang='lat' dir='ltr'><strong>eitjusdam</strong></span> <span class='ocrx_word' id='word_1_486' title='bbox 613 4148 774 4204; x_wconf 68' lang='lat' dir='ltr'><strong>scalae</strong></span> <span class='ocrx_word' id='word_1_487' title='bbox 803 4146 1039 4217; x_wconf 92' lang='lat' dir='ltr'><strong>positum</strong></span> <span class='ocrx_word' id='word_1_488' title='bbox 1068 4143 1218 4199; x_wconf 89' lang='lat' dir='ltr'><strong>vidit.</strong></span> <span class='ocrx_word' id='word_1_489' title='bbox 1248 4141 1440 4195; x_wconf 82' lang='lat' dir='ltr'><strong>Aiebat</strong></span> <span class='ocrx_word' id='word_1_490' title='bbox 1467 4153 1725 4206; x_wconf 90' lang='lat' dir='ltr'><strong>namque,</strong></span> <span class='ocrx_word' id='word_1_491' title='bbox 1750 4138 1880 4206; x_wconf 91' lang='lat' dir='ltr'><strong>quia</strong></span> 
     </span>
    </p>
   </div>
   <div class='ocr_carea' id='block_1_73' title="bbox 295 4229 1883 4300">
    <p class='ocr_par' dir='ltr' id='par_1_73' title="bbox 295 4229 1883 4300">
     <span class='ocr_line' id='line_1_73' title="bbox 295 4229 1883 4300; baseline -0.011 0"><span class='ocrx_word' id='word_1_492' title='bbox 295 4243 446 4300; x_wconf 83' lang='lat' dir='ltr'><strong>scala</strong></span> <span class='ocrx_word' id='word_1_493' title='bbox 505 4241 595 4296; x_wconf 88' lang='lat' dir='ltr'><strong>illa</strong></span> <span class='ocrx_word' id='word_1_494' title='bbox 625 4241 768 4295; x_wconf 89' lang='lat' dir='ltr'><strong>inter</strong></span> <span class='ocrx_word' id='word_1_495' title='bbox 814 4237 1108 4293; x_wconf 87' lang='lat' dir='ltr'><strong>stridentes</strong></span> <span class='ocrx_word' id='word_1_496' title='bbox 1170 4244 1225 4290; x_wconf 89' lang='lat' dir='ltr'><strong>et</strong></span> <span class='ocrx_word' id='word_1_497' title='bbox 1283 4229 1600 4300; x_wconf 86' lang='lat' dir='ltr'><strong>crepitantis</strong></span> <span class='ocrx_word' id='word_1_498' title='bbox 1660 4229 1883 4284; x_wconf 90' lang='lat' dir='ltr'><strong>ultrices</strong></span> 
     </span>
    </p>
   </div>
   <div class='ocr_carea' id='block_1_74' title="bbox 295 4305 1881 4394">
    <p class='ocr_par' dir='ltr' id='par_1_74' title="bbox 295 4305 1881 4394">
     <span class='ocr_line' id='line_1_74' title="bbox 295 4305 1881 4394; baseline -0.013 -1"><span class='ocrx_word' id='word_1_499' title='bbox 295 4305 536 4394; x_wconf 65' lang='lat' dir='ltr'><strong>incendii</strong></span> <span class='ocrx_word' id='word_1_500' title='bbox 566 4335 812 4389; x_wconf 84' lang='lat' dir='ltr'><strong>ﬂammas</strong></span> <span class='ocrx_word' id='word_1_501' title='bbox 849 4330 1138 4384; x_wconf 86' lang='lat' dir='ltr'><strong>videbatur</strong></span> <span class='ocrx_word' id='word_1_502' title='bbox 1165 4332 1348 4381; x_wconf 90' lang='lat' dir='ltr'><strong>erecta</strong></span> <span class='ocrx_word' id='word_1_503' title='bbox 1368 4364 1384 4389; x_wconf 83' lang='lat'><strong>,</strong></span> <span class='ocrx_word' id='word_1_504' title='bbox 1408 4331 1572 4392; x_wconf 91' lang='lat' dir='ltr'><strong>atque</strong></span> <span class='ocrx_word' id='word_1_505' title='bbox 1619 4320 1687 4375; x_wconf 89' lang='lat' dir='ltr'><strong>ad</strong></span> <span class='ocrx_word' id='word_1_506' title='bbox 1712 4320 1881 4375; x_wconf 85' lang='lat' dir='ltr'><strong>susci-</strong></span> 
     </span>
    </p>
   </div>
   <div class='ocr_carea' id='block_1_75' title="bbox 292 4411 1881 4500">
    <p class='ocr_par' dir='ltr' id='par_1_75' title="bbox 292 4411 1881 4500">
     <span class='ocr_line' id='line_1_75' title="bbox 292 4411 1881 4500; baseline -0.013 -17"><span class='ocrx_word' id='word_1_507' title='bbox 292 4427 524 4500; x_wconf 75' lang='lat' dir='ltr'><strong>pierides</strong></span> <span class='ocrx_word' id='word_1_508' title='bbox 548 4438 758 4490; x_wconf 89' lang='lat' dir='ltr'><strong>omnes,</strong></span> <span class='ocrx_word' id='word_1_509' title='bbox 790 4421 882 4491; x_wconf 92' lang='lat' dir='ltr'><strong>qui</strong></span> <span class='ocrx_word' id='word_1_510' title='bbox 916 4435 982 4476; x_wconf 76' lang='lat' dir='ltr'><strong>ex</strong></span> <span class='ocrx_word' id='word_1_511' title='bbox 1023 4418 1215 4474; x_wconf 85' lang='lat' dir='ltr'><strong>eadem</strong></span> <span class='ocrx_word' id='word_1_512' title='bbox 1261 4415 1520 4470; x_wconf 90' lang='lat' dir='ltr'><strong>comitum</strong></span> <span class='ocrx_word' id='word_1_513' title='bbox 1569 4411 1881 4484; x_wconf 87' lang='lat' dir='ltr'><strong>genealogia</strong></span> 
     </span>
    </p>
   </div>
   <div class='ocr_carea' id='block_1_76' title="bbox 295 4504 1879 4580">
    <p class='ocr_par' dir='ltr' id='par_1_76' title="bbox 295 4504 1879 4580">
     <span class='ocr_line' id='line_1_76' title="bbox 295 4504 1879 4580; baseline -0.011 -7"><span class='ocrx_word' id='word_1_514' title='bbox 295 4518 708 4580; x_wconf 89' lang='lat' dir='ltr'><strong>descenderent,</strong></span> <span class='ocrx_word' id='word_1_515' title='bbox 745 4513 1061 4569; x_wconf 87' lang='lat' dir='ltr'><strong>constituta.</strong></span> <span class='ocrx_word' id='word_1_516' title='bbox 1088 4509 1218 4562; x_wconf 85' lang='lat' dir='ltr'><strong>Erat</strong></span> <span class='ocrx_word' id='word_1_517' title='bbox 1255 4516 1433 4562; x_wconf 90' lang='lat' dir='ltr'><strong>autem</strong></span> <span class='ocrx_word' id='word_1_518' title='bbox 1463 4514 1659 4559; x_wconf 89' lang='lat' dir='ltr'><strong>tetrum</strong></span> <span class='ocrx_word' id='word_1_519' title='bbox 1692 4504 1879 4568; x_wconf 88' lang='lat' dir='ltr'><strong>chaos,</strong></span> 
     </span>
    </p>
   </div>
   <div class='ocr_carea' id='block_1_77' title="bbox 295 4599 1878 4669">
    <p class='ocr_par' dir='ltr' id='par_1_77' title="bbox 295 4599 1878 4669">
     <span class='ocr_line' id='line_1_77' title="bbox 295 4599 1878 4669; baseline -0.011 -3"><span class='ocrx_word' id='word_1_520' title='bbox 295 4624 353 4667; x_wconf 87' lang='lat' dir='ltr'><strong>et</strong></span> <span class='ocrx_word' id='word_1_521' title='bbox 388 4614 625 4668; x_wconf 87' lang='lat' dir='ltr'><strong>immane</strong></span> <span class='ocrx_word' id='word_1_522' title='bbox 653 4608 972 4664; x_wconf 87' lang='lat' dir='ltr'><strong>barathrum</strong></span> <span class='ocrx_word' id='word_1_523' title='bbox 1003 4602 1214 4656; x_wconf 82' lang='lat' dir='ltr'><strong>inﬁnite</strong></span> <span class='ocrx_word' id='word_1_524' title='bbox 1239 4609 1456 4669; x_wconf 91' lang='lat' dir='ltr'><strong>patens,</strong></span> <span class='ocrx_word' id='word_1_525' title='bbox 1485 4607 1649 4668; x_wconf 90' lang='lat' dir='ltr'><strong>atque</strong></span> <span class='ocrx_word' id='word_1_526' title='bbox 1673 4599 1723 4651; x_wconf 92' lang='lat' dir='ltr'><strong>in</strong></span> <span class='ocrx_word' id='word_1_527' title='bbox 1754 4611 1878 4666; x_wconf 88' lang='lat' dir='ltr'><strong>pro-</strong></span> 
     </span>
    </p>
   </div>
   <div class='ocr_carea' id='block_1_78' title="bbox 297 4679 1876 4762">
    <p class='ocr_par' dir='ltr' id='par_1_78' title="bbox 297 4679 1876 4762">
     <span class='ocr_line' id='line_1_78' title="bbox 297 4679 1876 4762; baseline -0.01 -5"><span class='ocrx_word' id='word_1_528' title='bbox 297 4703 466 4759; x_wconf 86' lang='lat' dir='ltr'><strong>funda</strong></span> <span class='ocrx_word' id='word_1_529' title='bbox 519 4679 866 4762; x_wconf 86' lang='lat' dir='ltr'><strong>demersum,</strong></span> <span class='ocrx_word' id='word_1_530' title='bbox 922 4695 1062 4750; x_wconf 90' lang='lat' dir='ltr'><strong>unde</strong></span> <span class='ocrx_word' id='word_1_531' title='bbox 1111 4691 1258 4748; x_wconf 86' lang='lat' dir='ltr'><strong>scala</strong></span> <span class='ocrx_word' id='word_1_532' title='bbox 1298 4691 1558 4760; x_wconf 89' lang='lat' dir='ltr'><strong>producta</strong></span> <span class='ocrx_word' id='word_1_533' title='bbox 1602 4688 1876 4758; x_wconf 88' lang='lat' dir='ltr'><strong>surgebat.</strong></span> 
     </span>
    </p>
   </div>
   <div class='ocr_carea' id='block_1_79' title="bbox 296 4780 1879 4863">
    <p class='ocr_par' dir='ltr' id='par_1_79' title="bbox 296 4780 1879 4863">
     <span class='ocr_line' id='line_1_79' title="bbox 296 4780 1879 4863; baseline -0.009 -15"><span class='ocrx_word' id='word_1_534' title='bbox 296 4795 414 4848; x_wconf 88' lang='lat' dir='ltr'><strong>lloe</strong></span> <span class='ocrx_word' id='word_1_535' title='bbox 457 4793 620 4863; x_wconf 88' lang='lat' dir='ltr'><strong>igitur</strong></span> <span class='ocrx_word' id='word_1_536' title='bbox 679 4789 872 4846; x_wconf 90' lang='lat' dir='ltr'><strong>ordine</strong></span> <span class='ocrx_word' id='word_1_537' title='bbox 937 4783 1384 4842; x_wconf 89' lang='lat' dir='ltr'><strong>succendentinm</strong></span> <span class='ocrx_word' id='word_1_538' title='bbox 1437 4780 1657 4836; x_wconf 88' lang='lat' dir='ltr'><strong>sibimet</strong></span> <span class='ocrx_word' id='word_1_539' title='bbox 1706 4780 1879 4834; x_wconf 86' lang='lat' dir='ltr'><strong>series</strong></span> 
     </span>
    </p>
   </div>
   <div class='ocr_carea' id='block_1_80' title="bbox 297 4872 1879 4951">
    <p class='ocr_par' dir='ltr' id='par_1_80' title="bbox 297 4872 1879 4951">
     <span class='ocr_line' id='line_1_80' title="bbox 297 4872 1879 4951; baseline -0.01 -11"><span class='ocrx_word' id='word_1_540' title='bbox 297 4886 604 4949; x_wconf 80' lang='lat' dir='ltr'><strong>texebatur,</strong></span> <span class='ocrx_word' id='word_1_541' title='bbox 637 4890 696 4937; x_wconf 89' lang='lat' dir='ltr'><strong>ut</strong></span> <span class='ocrx_word' id='word_1_542' title='bbox 714 4897 837 4938; x_wconf 88' lang='lat' dir='ltr'><strong>cum</strong></span> <span class='ocrx_word' id='word_1_543' title='bbox 865 4880 988 4951; x_wconf 91' lang='lat' dir='ltr'><strong>quis</strong></span> <span class='ocrx_word' id='word_1_544' title='bbox 1013 4891 1203 4933; x_wconf 91' lang='lat' dir='ltr'><strong>eorum</strong></span> <span class='ocrx_word' id='word_1_545' title='bbox 1235 4889 1408 4930; x_wconf 91' lang='lat' dir='ltr'><strong>novus</strong></span> <span class='ocrx_word' id='word_1_546' title='bbox 1439 4873 1742 4939; x_wconf 86' lang='lat' dir='ltr'><strong>accederet,</strong></span> <span class='ocrx_word' id='word_1_547' title='bbox 1766 4872 1879 4941; x_wconf 84' lang='lat' dir='ltr'><strong>pri-</strong></span> 
     </span>
    </p>
   </div>
   <div class='ocr_carea' id='block_1_81' title="bbox 295 4965 1876 5041">
    <p class='ocr_par' dir='ltr' id='par_1_81' title="bbox 295 4965 1876 5041">
     <span class='ocr_line' id='line_1_81' title="bbox 295 4965 1876 5041; baseline -0.009 -8"><span class='ocrx_word' id='word_1_548' title='bbox 295 4994 447 5033; x_wconf 88' lang='lat' dir='ltr'><strong>mum</strong></span> <span class='ocrx_word' id='word_1_549' title='bbox 478 4976 693 5032; x_wconf 89' lang='lat' dir='ltr'><strong>interim</strong></span> <span class='ocrx_word' id='word_1_550' title='bbox 721 4972 881 5030; x_wconf 74' lang='lat' dir='ltr'><strong>scalae</strong></span> <span class='ocrx_word' id='word_1_551' title='bbox 911 4972 1134 5041; x_wconf 87' lang='lat' dir='ltr'><strong>gradum</strong></span> <span class='ocrx_word' id='word_1_552' title='bbox 1186 4976 1424 5033; x_wconf 58' lang='lat' dir='ltr'><strong>teneret;</strong></span> <span class='ocrx_word' id='word_1_553' title='bbox 1447 4967 1491 5021; x_wconf 87' lang='lat' dir='ltr'><strong>is</strong></span> <span class='ocrx_word' id='word_1_554' title='bbox 1543 4975 1724 5020; x_wconf 89' lang='lat' dir='ltr'><strong>autem</strong></span> <span class='ocrx_word' id='word_1_555' title='bbox 1784 4965 1876 5033; x_wconf 90' lang='lat' dir='ltr'><strong>qui</strong></span> 
     </span>
    </p>
   </div>
   <div class='ocr_carea' id='block_1_82' title="bbox 295 5056 1879 5138">
    <p class='ocr_par' dir='ltr' id='par_1_82' title="bbox 295 5056 1879 5138">
     <span class='ocr_line' id='line_1_82' title="bbox 295 5056 1879 5138; baseline -0.009 -15"><span class='ocrx_word' id='word_1_556' title='bbox 295 5069 413 5125; x_wconf 88' lang='lat' dir='ltr'><strong>illic</strong></span> <span class='ocrx_word' id='word_1_557' title='bbox 435 5075 682 5138; x_wconf 89' lang='lat' dir='ltr'><strong>repertus</strong></span> <span class='ocrx_word' id='word_1_558' title='bbox 716 5071 856 5129; x_wconf 88' lang='lat' dir='ltr'><strong>erat,</strong></span> <span class='ocrx_word' id='word_1_559' title='bbox 896 5062 1097 5132; x_wconf 89' lang='lat' dir='ltr'><strong>aliique</strong></span> <span class='ocrx_word' id='word_1_560' title='bbox 1141 5073 1333 5116; x_wconf 90' lang='lat' dir='ltr'><strong>omnes</strong></span> <span class='ocrx_word' id='word_1_561' title='bbox 1381 5059 1448 5112; x_wconf 92' lang='lat' dir='ltr'><strong>ad</strong></span> <span class='ocrx_word' id='word_1_562' title='bbox 1505 5056 1879 5127; x_wconf 82' lang='lat' dir='ltr'><strong>proximorum</strong></span> 
     </span>
    </p>
   </div>
   <div class='ocr_carea' id='block_1_83' title="bbox 296 5148 1884 5232">
    <p class='ocr_par' dir='ltr' id='par_1_83' title="bbox 296 5148 1884 5232">
     <span class='ocr_line' id='line_1_83' title="bbox 296 5148 1884 5232; baseline -0.012 -14"><span class='ocrx_word' id='word_1_563' title='bbox 296 5164 399 5219; x_wconf 90' lang='lat' dir='ltr'><strong>sibi</strong></span> <span class='ocrx_word' id='word_1_564' title='bbox 428 5161 694 5232; x_wconf 89' lang='lat' dir='ltr'><strong>graduum</strong></span> <span class='ocrx_word' id='word_1_565' title='bbox 724 5158 829 5212; x_wconf 89' lang='lat' dir='ltr'><strong>ima</strong></span> <span class='ocrx_word' id='word_1_566' title='bbox 869 5153 1281 5212; x_wconf 88' lang='lat' dir='ltr'><strong>descenderent.</strong></span> <span class='ocrx_word' id='word_1_567' title='bbox 1313 5149 1556 5218; x_wconf 89' lang='lat' dir='ltr'><strong>Cumque</strong></span> <span class='ocrx_word' id='word_1_568' title='bbox 1583 5148 1676 5203; x_wconf 89' lang='lat' dir='ltr'><strong>alii</strong></span> <span class='ocrx_word' id='word_1_569' title='bbox 1717 5155 1884 5216; x_wconf 87' lang='lat' dir='ltr'><strong>atque</strong></span> 
     </span>
    </p>
   </div>
   <div class='ocr_carea' id='block_1_84' title="bbox 294 5236 1882 5318">
    <p class='ocr_par' dir='ltr' id='par_1_84' title="bbox 294 5236 1882 5318">
     <span class='ocr_line' id='line_1_84' title="bbox 294 5236 1882 5318; baseline -0.011 -11"><span class='ocrx_word' id='word_1_570' title='bbox 294 5253 388 5307; x_wconf 88' lang='lat' dir='ltr'><strong>alii</strong></span> <span class='ocrx_word' id='word_1_571' title='bbox 417 5266 484 5306; x_wconf 81' lang='lat' dir='ltr'><strong>ex</strong></span> <span class='ocrx_word' id='word_1_572' title='bbox 511 5251 700 5304; x_wconf 90' lang='lat' dir='ltr'><strong>eodem</strong></span> <span class='ocrx_word' id='word_1_573' title='bbox 737 5260 938 5318; x_wconf 82' lang='lat' dir='ltr'><strong>genere</strong></span> <span class='ocrx_word' id='word_1_574' title='bbox 995 5242 1242 5298; x_wconf 91' lang='lat' dir='ltr'><strong>homines</strong></span> <span class='ocrx_word' id='word_1_575' title='bbox 1285 5247 1409 5310; x_wconf 90' lang='lat' dir='ltr'><strong>post</strong></span> <span class='ocrx_word' id='word_1_576' title='bbox 1445 5238 1628 5292; x_wconf 91' lang='lat' dir='ltr'><strong>carnis</strong></span> <span class='ocrx_word' id='word_1_577' title='bbox 1676 5236 1882 5291; x_wconf 91' lang='lat' dir='ltr'><strong>obitum</strong></span> 
     </span>
    </p>
   </div>
   <div class='ocr_carea' id='block_1_85' title="bbox 293 5329 1882 5414">
    <p class='ocr_par' dir='ltr' id='par_1_85' title="bbox 293 5329 1882 5414">
     <span class='ocr_line' id='line_1_85' title="bbox 293 5329 1882 5414; baseline -0.01 -16"><span class='ocrx_word' id='word_1_578' title='bbox 293 5347 364 5398; x_wconf 87' lang='lat' dir='ltr'><strong>ad</strong></span> <span class='ocrx_word' id='word_1_579' title='bbox 399 5341 682 5414; x_wconf 62' lang='lat' dir='ltr'><strong>praefatam</strong></span> <span class='ocrx_word' id='word_1_580' title='bbox 711 5337 914 5394; x_wconf 88' lang='lat' dir='ltr'><strong>scalam</strong></span> <span class='ocrx_word' id='word_1_581' title='bbox 947 5351 1043 5406; x_wconf 89' lang='lat' dir='ltr'><strong>per</strong></span> <span class='ocrx_word' id='word_1_582' title='bbox 1091 5344 1395 5402; x_wconf 86' lang='lat' dir='ltr'><strong>temporum</strong></span> <span class='ocrx_word' id='word_1_583' title='bbox 1440 5329 1720 5384; x_wconf 87' lang='lat' dir='ltr'><strong>intervalla</strong></span> <span class='ocrx_word' id='word_1_584' title='bbox 1756 5344 1882 5384; x_wconf 92' lang='lat' dir='ltr'><strong>con-</strong></span> 
     </span>
    </p>
   </div>
   <div class='ocr_carea' id='block_1_86' title="bbox 293 5421 1882 5501">
    <p class='ocr_par' dir='ltr' id='par_1_86' title="bbox 293 5421 1882 5501">
     <span class='ocr_line' id='line_1_86' title="bbox 293 5421 1882 5501; baseline -0.011 -10"><span class='ocrx_word' id='word_1_585' title='bbox 293 5437 546 5496; x_wconf 85' lang='lat' dir='ltr'><strong>fluerent,</strong></span> <span class='ocrx_word' id='word_1_586' title='bbox 579 5432 668 5486; x_wconf 87' lang='lat' dir='ltr'><strong>alii</strong></span> <span class='ocrx_word' id='word_1_587' title='bbox 700 5430 949 5501; x_wconf 87' lang='lat' dir='ltr'><strong>protinus</strong></span> <span class='ocrx_word' id='word_1_588' title='bbox 971 5428 1231 5482; x_wconf 87' lang='lat' dir='ltr'><strong>cedentes</strong></span> <span class='ocrx_word' id='word_1_589' title='bbox 1279 5421 1608 5478; x_wconf 86' lang='lat' dir='ltr'><strong>inevitabilis</strong></span> <span class='ocrx_word' id='word_1_590' title='bbox 1642 5421 1882 5475; x_wconf 88' lang='lat' dir='ltr'><strong>necessi-</strong></span> 
     </span>
    </p>
   </div>
   <div class='ocr_carea' id='block_1_87' title="bbox 296 5511 1882 5591">
    <p class='ocr_par' dir='ltr' id='par_1_87' title="bbox 296 5511 1882 5591">
     <span class='ocr_line' id='line_1_87' title="bbox 296 5511 1882 5591; baseline -0.011 -10"><span class='ocrx_word' id='word_1_591' title='bbox 296 5536 408 5581; x_wconf 88' lang='lat' dir='ltr'><strong>tate</strong></span> <span class='ocrx_word' id='word_1_592' title='bbox 439 5522 627 5591; x_wconf 86' lang='lat' dir='ltr'><strong>judicii</strong></span> <span class='ocrx_word' id='word_1_593' title='bbox 658 5521 724 5576; x_wconf 86' lang='lat' dir='ltr'><strong>ad</strong></span> <span class='ocrx_word' id='word_1_594' title='bbox 773 5519 1030 5574; x_wconf 89' lang='lat' dir='ltr'><strong>inferiora</strong></span> <span class='ocrx_word' id='word_1_595' title='bbox 1063 5515 1388 5585; x_wconf 88' lang='lat' dir='ltr'><strong>migrabant.</strong></span> <span class='ocrx_word' id='word_1_596' title='bbox 1423 5511 1589 5565; x_wconf 90' lang='lat' dir='ltr'><strong>Planc</strong></span> <span class='ocrx_word' id='word_1_597' title='bbox 1639 5512 1764 5566; x_wconf 92' lang='lat' dir='ltr'><strong>dum</strong></span> <span class='ocrx_word' id='word_1_598' title='bbox 1799 5511 1882 5564; x_wconf 87' lang='lat' dir='ltr'><strong>vir</strong></span> 
     </span>
    </p>
   </div>
   <div class='ocr_carea' id='block_1_88' title="bbox 293 5602 1882 5689">
    <p class='ocr_par' dir='ltr' id='par_1_88' title="bbox 293 5602 1882 5689">
     <span class='ocr_line' id='line_1_88' title="bbox 293 5602 1882 5689; baseline -0.007 -21"><span class='ocrx_word' id='word_1_599' title='bbox 293 5618 388 5689; x_wconf 84' lang='lat' dir='ltr'><strong>qui</strong></span> <span class='ocrx_word' id='word_1_600' title='bbox 421 5617 540 5671; x_wconf 57' lang='lat' dir='ltr'><strong>haec</strong></span> <span class='ocrx_word' id='word_1_601' title='bbox 567 5611 1044 5682; x_wconf 88' lang='lat' dir='ltr'><strong>contemplabatur</strong></span> <span class='ocrx_word' id='word_1_602' title='bbox 1069 5650 1082 5674; x_wconf 95' lang='lat'><strong>,</strong></span> <span class='ocrx_word' id='word_1_603' title='bbox 1130 5622 1350 5662; x_wconf 87' lang='lat' dir='ltr'><strong>causam</strong></span> <span class='ocrx_word' id='word_1_604' title='bbox 1399 5602 1561 5674; x_wconf 88' lang='lat' dir='ltr'><strong>hujus</strong></span> <span class='ocrx_word' id='word_1_605' title='bbox 1596 5604 1882 5659; x_wconf 72' lang='lat' dir='ltr'><strong>horrendte</strong></span> 
     </span>
    </p>
   </div>
   <div class='ocr_carea' id='block_1_89' title="bbox 294 5695 1882 5773">
    <p class='ocr_par' dir='ltr' id='par_1_89' title="bbox 294 5695 1882 5773">
     <span class='ocr_line' id='line_1_89' title="bbox 294 5695 1882 5773; baseline -0.01 -11"><span class='ocrx_word' id='word_1_606' title='bbox 294 5705 664 5762; x_wconf 84' lang='lat' dir='ltr'><strong>damnationis</strong></span> <span class='ocrx_word' id='word_1_607' title='bbox 694 5702 1013 5773; x_wconf 89' lang='lat' dir='ltr'><strong>inquireret,</strong></span> <span class='ocrx_word' id='word_1_608' title='bbox 1041 5705 1095 5753; x_wconf 89' lang='lat' dir='ltr'><strong>et</strong></span> <span class='ocrx_word' id='word_1_609' title='bbox 1124 5697 1426 5767; x_wconf 75' lang='lat' dir='ltr'><strong>prmsertim</strong></span> <span class='ocrx_word' id='word_1_610' title='bbox 1457 5711 1555 5750; x_wconf 90' lang='lat' dir='ltr'><strong>cur</strong></span> <span class='ocrx_word' id='word_1_611' title='bbox 1579 5695 1667 5749; x_wconf 93' lang='lat' dir='ltr'><strong>ille</strong></span> <span class='ocrx_word' id='word_1_612' title='bbox 1699 5708 1882 5748; x_wconf 88' lang='lat' dir='ltr'><strong>comes</strong></span> 
     </span>
    </p>
   </div>
   <div class='ocr_carea' id='block_1_90' title="bbox 296 5786 1882 5861">
    <p class='ocr_par' dir='ltr' id='par_1_90' title="bbox 296 5786 1882 5861">
     <span class='ocr_line' id='line_1_90' title="bbox 296 5786 1882 5861; baseline -0.011 -7"><span class='ocrx_word' id='word_1_613' title='bbox 296 5799 378 5854; x_wconf 88' lang='lat' dir='ltr'><strong>sui</strong></span> <span class='ocrx_word' id='word_1_614' title='bbox 407 5795 669 5861; x_wconf 85' lang='lat' dir='ltr'><strong>temporis</strong></span> <span class='ocrx_word' id='word_1_615' title='bbox 695 5793 998 5861; x_wconf 83' lang='lat' dir='ltr'><strong>puniretur,</strong></span> <span class='ocrx_word' id='word_1_616' title='bbox 1023 5791 1113 5859; x_wconf 87' lang='lat' dir='ltr'><strong>qui</strong></span> <span class='ocrx_word' id='word_1_617' title='bbox 1145 5797 1249 5842; x_wconf 87' lang='lat' dir='ltr'><strong>tam</strong></span> <span class='ocrx_word' id='word_1_618' title='bbox 1275 5787 1440 5855; x_wconf 76' lang='lat' dir='ltr'><strong>justo,</strong></span> <span class='ocrx_word' id='word_1_619' title='bbox 1478 5796 1583 5840; x_wconf 84' lang='lat' dir='ltr'><strong>tam</strong></span> <span class='ocrx_word' id='word_1_620' title='bbox 1609 5786 1882 5848; x_wconf 74' lang='lat' dir='ltr'><strong>decenter,</strong></span> 
     </span>
    </p>
   </div>
   <div class='ocr_carea' id='block_1_91' title="bbox 1991 3321 3572 3397">
    <p class='ocr_par' dir='ltr' id='par_1_91' title="bbox 1991 3321 3572 3397">
     <span class='ocr_line' id='line_1_91' title="bbox 1991 3321 3572 3397; baseline 0.009 -22"><span class='ocrx_word' id='word_1_621' title='bbox 1991 3321 2082 3390; x_wconf 90' lang='lat' dir='ltr'><strong>qui</strong></span> <span class='ocrx_word' id='word_1_622' title='bbox 2113 3324 2213 3377; x_wconf 90' lang='lat' dir='ltr'><strong>sub</strong></span> <span class='ocrx_word' id='word_1_623' title='bbox 2242 3324 2458 3379; x_wconf 92' lang='lat' dir='ltr'><strong>nomine</strong></span> <span class='ocrx_word' id='word_1_624' title='bbox 2484 3326 2724 3396; x_wconf 92' lang='lat' dir='ltr'><strong>episcopi</strong></span> <span class='ocrx_word' id='word_1_625' title='bbox 2754 3335 2924 3383; x_wconf 88' lang='lat' dir='ltr'><strong>totam</strong></span> <span class='ocrx_word' id='word_1_626' title='bbox 2950 3329 3248 3386; x_wconf 87' lang='lat' dir='ltr'><strong>Ecclesiam</strong></span> <span class='ocrx_word' id='word_1_627' title='bbox 3273 3372 3288 3397; x_wconf 91' lang='lat'><strong>,</strong></span> <span class='ocrx_word' id='word_1_628' title='bbox 3331 3347 3457 3388; x_wconf 91' lang='lat' dir='ltr'><strong>cum</strong></span> <span class='ocrx_word' id='word_1_629' title='bbox 3489 3333 3572 3388; x_wconf 92' lang='lat' dir='ltr'><strong>in-</strong></span> 
     </span>
    </p>
   </div>
   <div class='ocr_carea' id='block_1_92' title="bbox 1989 3409 3569 3492">
    <p class='ocr_par' dir='ltr' id='par_1_92' title="bbox 1989 3409 3569 3492">
     <span class='ocr_line' id='line_1_92' title="bbox 1989 3409 3569 3492; baseline 0.011 -30"><span class='ocrx_word' id='word_1_630' title='bbox 1989 3409 2152 3479; x_wconf 84' lang='lat' dir='ltr'><strong>digne</strong></span> <span class='ocrx_word' id='word_1_631' title='bbox 2176 3413 2484 3479; x_wconf 73' lang='lat' dir='ltr'><strong>praesideat,</strong></span> <span class='ocrx_word' id='word_1_632' title='bbox 2513 3431 2620 3470; x_wconf 92' lang='lat' dir='ltr'><strong>non</strong></span> <span class='ocrx_word' id='word_1_633' title='bbox 2652 3415 2879 3471; x_wconf 89' lang='lat' dir='ltr'><strong>dimittit</strong></span> <span class='ocrx_word' id='word_1_634' title='bbox 2907 3417 3072 3474; x_wconf 70' lang='lat' dir='ltr'><strong>Nam</strong></span> <span class='ocrx_word' id='word_1_635' title='bbox 3103 3420 3287 3490; x_wconf 88' lang='lat' dir='ltr'><strong>itaque</strong></span> <span class='ocrx_word' id='word_1_636' title='bbox 3330 3431 3454 3492; x_wconf 83' lang='lat' dir='ltr'><strong>post</strong></span> <span class='ocrx_word' id='word_1_637' title='bbox 3488 3423 3569 3479; x_wconf 85' lang='lat' dir='ltr'><strong>di-</strong></span> 
     </span>
    </p>
   </div>
   <div class='ocr_carea' id='block_1_93' title="bbox 1992 3503 3283 3577">
    <p class='ocr_par' dir='ltr' id='par_1_93' title="bbox 1992 3503 3283 3577">
     <span class='ocr_line' id='line_1_93' title="bbox 1992 3503 3283 3577; baseline 0.01 -21"><span class='ocrx_word' id='word_1_638' title='bbox 1992 3503 2337 3570; x_wconf 91' lang='lat' dir='ltr'><strong>verticulum,</strong></span> <span class='ocrx_word' id='word_1_639' title='bbox 2366 3506 2433 3560; x_wconf 90' lang='lat' dir='ltr'><strong>ad</strong></span> <span class='ocrx_word' id='word_1_640' title='bbox 2462 3507 2799 3577; x_wconf 90' lang='lat' dir='ltr'><strong>propositum</strong></span> <span class='ocrx_word' id='word_1_641' title='bbox 2830 3519 3194 3568; x_wconf 86' lang='lat' dir='ltr'><strong>revertamur.</strong></span> <span class='ocrx_word' id='word_1_642' title='bbox 3281 3536 3283 3538; x_wconf 89' lang='grc'>·</span> 
     </span>
    </p>
   </div>
   <div class='ocr_carea' id='block_1_94' title="bbox 2059 3592 3570 3675">
    <p class='ocr_par' dir='ltr' id='par_1_94' title="bbox 2059 3592 3570 3675">
     <span class='ocr_line' id='line_1_94' title="bbox 2059 3592 3570 3675; baseline 0.01 -27"><span class='ocrx_word' id='word_1_643' title='bbox 2059 3592 2198 3659; x_wconf 91' lang='lat' dir='ltr'><strong>Quid</strong></span> <span class='ocrx_word' id='word_1_644' title='bbox 2227 3596 2392 3650; x_wconf 89' lang='lat' dir='ltr'><strong>etiam</strong></span> <span class='ocrx_word' id='word_1_645' title='bbox 2424 3597 2491 3652; x_wconf 90' lang='lat' dir='ltr'><strong>de</strong></span> <span class='ocrx_word' id='word_1_646' title='bbox 2519 3597 2680 3653; x_wconf 87' lang='lat' dir='ltr'><strong>beato</strong></span> <span class='ocrx_word' id='word_1_647' title='bbox 2709 3599 2917 3656; x_wconf 82' lang='lat' dir='ltr'><strong>Milesio</strong></span> <span class='ocrx_word' id='word_1_648' title='bbox 2937 3612 3176 3674; x_wconf 87' lang='lat' dir='ltr'><strong>martyre</strong></span> <span class='ocrx_word' id='word_1_649' title='bbox 3196 3604 3251 3658; x_wconf 92' lang='lat' dir='ltr'><strong>in</strong></span> <span class='ocrx_word' id='word_1_650' title='bbox 3277 3603 3570 3675; x_wconf 85' lang='lat' dir='ltr'><strong>Tripartita</strong></span> 
     </span>
    </p>
   </div>
   <div class='ocr_carea' id='block_1_95' title="bbox 1987 3685 3571 3764">
    <p class='ocr_par' dir='ltr' id='par_1_95' title="bbox 1987 3685 3571 3764">
     <span class='ocr_line' id='line_1_95' title="bbox 1987 3685 3571 3764; baseline 0.009 -25"><span class='ocrx_word' id='word_1_651' title='bbox 1987 3685 2258 3741; x_wconf 77' lang='lat' dir='ltr'><strong>referatur</strong></span> <span class='ocrx_word' id='word_1_652' title='bbox 2313 3688 2538 3744; x_wconf 86' lang='lat' dir='ltr'><strong>historia</strong></span> <span class='ocrx_word' id='word_1_653' title='bbox 2586 3707 2692 3746; x_wconf 93' lang='lat' dir='ltr'><strong>non</strong></span> <span class='ocrx_word' id='word_1_654' title='bbox 2715 3691 2924 3760; x_wconf 87' lang='lat' dir='ltr'><strong>silebo;</strong></span> <span class='ocrx_word' id='word_1_655' title='bbox 2979 3695 3123 3764; x_wconf 90' lang='lat' dir='ltr'><strong>quod</strong></span> <span class='ocrx_word' id='word_1_656' title='bbox 3175 3696 3432 3752; x_wconf 89' lang='lat' dir='ltr'><strong>nimirum</strong></span> <span class='ocrx_word' id='word_1_657' title='bbox 3460 3739 3476 3763; x_wconf 93' lang='lat'><strong>,</strong></span> <span class='ocrx_word' id='word_1_658' title='bbox 3510 3708 3571 3754; x_wconf 88' lang='lat' dir='ltr'><strong>ut</strong></span> 
     </span>
    </p>
   </div>
   <div class='ocr_carea' id='block_1_96' title="bbox 1987 3776 3572 3856">
    <p class='ocr_par' dir='ltr' id='par_1_96' title="bbox 1987 3776 3572 3856">
     <span class='ocr_line' id='line_1_96' title="bbox 1987 3776 3572 3856; baseline 0.008 -27"><span class='ocrx_word' id='word_1_659' title='bbox 1987 3776 2293 3832; x_wconf 91' lang='lat' dir='ltr'><strong>uberiorem</strong></span> <span class='ocrx_word' id='word_1_660' title='bbox 2323 3778 2628 3848; x_wconf 90' lang='lat' dir='ltr'><strong>legentibus</strong></span> <span class='ocrx_word' id='word_1_661' title='bbox 2651 3782 2890 3850; x_wconf 81' lang='lat' dir='ltr'><strong>praebeat</strong></span> <span class='ocrx_word' id='word_1_662' title='bbox 2915 3783 3336 3846; x_wconf 79' lang='lat' dir='ltr'><strong>fidem,eosdem</strong></span> <span class='ocrx_word' id='word_1_663' title='bbox 3387 3786 3572 3856; x_wconf 88' lang='lat' dir='ltr'><strong>apices</strong></span> 
     </span>
    </p>
   </div>
   <div class='ocr_carea' id='block_1_97' title="bbox 1986 3867 3557 3948">
    <p class='ocr_par' dir='ltr' id='par_1_97' title="bbox 1986 3867 3557 3948">
     <span class='ocr_line' id='line_1_97' title="bbox 1986 3867 3557 3948; baseline 0.008 -26"><span class='ocrx_word' id='word_1_664' title='bbox 1986 3867 2108 3938; x_wconf 85' lang='lat' dir='ltr'><strong>styli</strong></span> <span class='ocrx_word' id='word_1_665' title='bbox 2135 3870 2408 3924; x_wconf 88' lang='lat' dir='ltr'><strong>currentis</strong></span> <span class='ocrx_word' id='word_1_666' title='bbox 2431 3886 2716 3941; x_wconf 89' lang='lat' dir='ltr'><strong>apponam.</strong></span> <span class='ocrx_word' id='word_1_667' title='bbox 2745 3873 2896 3928; x_wconf 89' lang='lat' dir='ltr'><strong>Tunc</strong></span> <span class='ocrx_word' id='word_1_668' title='bbox 2914 3877 3099 3941; x_wconf 87' lang='lat' dir='ltr'><strong>etiam,</strong></span> <span class='ocrx_word' id='word_1_669' title='bbox 3119 3877 3215 3941; x_wconf 85' lang='lat' dir='ltr'><strong>ait,</strong></span> <span class='ocrx_word' id='word_1_670' title='bbox 3247 3879 3557 3948; x_wconf 88' lang='lat' dir='ltr'><strong>episcopus,</strong></span> 
     </span>
    </p>
   </div>
   <div class='ocr_carea' id='block_1_98' title="bbox 1985 3957 3570 4037">
    <p class='ocr_par' dir='ltr' id='par_1_98' title="bbox 1985 3957 3570 4037">
     <span class='ocr_line' id='line_1_98' title="bbox 1985 3957 3570 4037; baseline 0.008 -27"><span class='ocrx_word' id='word_1_671' title='bbox 1985 3957 2225 4014; x_wconf 87' lang='lat' dir='ltr'><strong>Milesius</strong></span> <span class='ocrx_word' id='word_1_672' title='bbox 2251 3960 2490 4025; x_wconf 87' lang='lat' dir='ltr'><strong>nomine,</strong></span> <span class='ocrx_word' id='word_1_673' title='bbox 2540 3964 2802 4032; x_wconf 87' lang='lat' dir='ltr'><strong>martyrio</strong></span> <span class='ocrx_word' id='word_1_674' title='bbox 2845 3973 3140 4021; x_wconf 90' lang='lat' dir='ltr'><strong>coronatus</strong></span> <span class='ocrx_word' id='word_1_675' title='bbox 3166 3974 3268 4022; x_wconf 91' lang='lat' dir='ltr'><strong>est.</strong></span> <span class='ocrx_word' id='word_1_676' title='bbox 3316 3966 3416 4034; x_wconf 86' lang='lat' dir='ltr'><strong>Qui</strong></span> <span class='ocrx_word' id='word_1_677' title='bbox 3455 3969 3570 4037; x_wconf 85' lang='lat' dir='ltr'><strong>pri-</strong></span> 
     </span>
    </p>
   </div>
   <div class='ocr_carea' id='block_1_99' title="bbox 1986 4049 3602 4125">
    <p class='ocr_par' dir='ltr' id='par_1_99' title="bbox 1986 4049 3602 4125">
     <span class='ocr_line' id='line_1_99' title="bbox 1986 4049 3602 4125; baseline 0.004 -24"><span class='ocrx_word' id='word_1_678' title='bbox 1986 4064 2132 4102; x_wconf 89' lang='lat' dir='ltr'><strong>mum</strong></span> <span class='ocrx_word' id='word_1_679' title='bbox 2163 4049 2379 4117; x_wconf 86' lang='lat' dir='ltr'><strong>quidem</strong></span> <span class='ocrx_word' id='word_1_680' title='bbox 2413 4050 2680 4106; x_wconf 86' lang='lat' dir='ltr'><strong>militabat</strong></span> <span class='ocrx_word' id='word_1_681' title='bbox 2728 4053 2868 4121; x_wconf 85' lang='lat' dir='ltr'><strong>apud</strong></span> <span class='ocrx_word' id='word_1_682' title='bbox 2921 4053 3117 4109; x_wconf 84' lang='lat' dir='ltr'><strong>Persas</strong></span> <span class='ocrx_word' id='word_1_683' title='bbox 3145 4095 3161 4119; x_wconf 94' lang='lat'><strong>,</strong></span> <span class='ocrx_word' id='word_1_684' title='bbox 3208 4065 3398 4125; x_wconf 86' lang='lat' dir='ltr'><strong>postea</strong></span> <span class='ocrx_word' id='word_1_685' title='bbox 3442 4071 3602 4112; x_wconf 66' lang='lat' dir='ltr'><strong>vero,</strong></span> 
     </span>
    </p>
   </div>
   <div class='ocr_carea' id='block_1_100' title="bbox 1984 4140 3568 4216">
    <p class='ocr_par' dir='ltr' id='par_1_100' title="bbox 1984 4140 3568 4216">
     <span class='ocr_line' id='line_1_100' title="bbox 1984 4140 3568 4216; baseline 0.006 -21"><span class='ocrx_word' id='word_1_686' title='bbox 1984 4140 2175 4195; x_wconf 89' lang='lat' dir='ltr'><strong>relicta</strong></span> <span class='ocrx_word' id='word_1_687' title='bbox 2207 4142 2419 4206; x_wconf 90' lang='lat' dir='ltr'><strong>militia,</strong></span> <span class='ocrx_word' id='word_1_688' title='bbox 2452 4144 2925 4198; x_wconf 89' lang='lat' dir='ltr'><strong>conversationem</strong></span> <span class='ocrx_word' id='word_1_689' title='bbox 2976 4145 3183 4200; x_wconf 83' lang='lat' dir='ltr'><strong>zelatus</strong></span> <span class='ocrx_word' id='word_1_690' title='bbox 3209 4157 3293 4200; x_wconf 81' lang='lat' dir='ltr'><strong>est</strong></span> <span class='ocrx_word' id='word_1_691' title='bbox 3348 4156 3568 4216; x_wconf 48' lang='lat' dir='ltr'><strong>apostol-</strong></span> 
     </span>
    </p>
   </div>
   <div class='ocr_carea' id='block_1_101' title="bbox 1985 4227 3562 4300">
    <p class='ocr_par' dir='ltr' id='par_1_101' title="bbox 1985 4227 3562 4300">
     <span class='ocr_line' id='line_1_101' title="bbox 1985 4227 3562 4300; baseline 0.007 -19"><span class='ocrx_word' id='word_1_692' title='bbox 1985 4227 2167 4284; x_wconf 90' lang='lat' dir='ltr'><strong>licam.</strong></span> <span class='ocrx_word' id='word_1_693' title='bbox 2197 4229 2408 4284; x_wconf 89' lang='lat' dir='ltr'><strong>Dicitur</strong></span> <span class='ocrx_word' id='word_1_694' title='bbox 2432 4231 2599 4295; x_wconf 90' lang='lat' dir='ltr'><strong>enim,</strong></span> <span class='ocrx_word' id='word_1_695' title='bbox 2632 4231 2759 4300; x_wconf 91' lang='lat' dir='ltr'><strong>quia</strong></span> <span class='ocrx_word' id='word_1_696' title='bbox 2802 4232 2928 4286; x_wconf 91' lang='lat' dir='ltr'><strong>dum</strong></span> <span class='ocrx_word' id='word_1_697' title='bbox 2974 4234 3027 4287; x_wconf 93' lang='lat' dir='ltr'><strong>in</strong></span> <span class='ocrx_word' id='word_1_698' title='bbox 3075 4235 3297 4290; x_wconf 87' lang='lat' dir='ltr'><strong>civitate</strong></span> <span class='ocrx_word' id='word_1_699' title='bbox 3341 4235 3562 4292; x_wconf 90' lang='lat' dir='ltr'><strong>Persica</strong></span> 
     </span>
    </p>
   </div>
   <div class='ocr_carea' id='block_1_102' title="bbox 1983 4319 3571 4396">
    <p class='ocr_par' dir='ltr' id='par_1_102' title="bbox 1983 4319 3571 4396">
     <span class='ocr_line' id='line_1_102' title="bbox 1983 4319 3571 4396; baseline 0.004 -22"><span class='ocrx_word' id='word_1_700' title='bbox 1983 4320 2272 4389; x_wconf 80' lang='lat' dir='ltr'><strong>episcOpus</strong></span> <span class='ocrx_word' id='word_1_701' title='bbox 2295 4319 2460 4374; x_wconf 85' lang='lat' dir='ltr'><strong>fuerit</strong></span> <span class='ocrx_word' id='word_1_702' title='bbox 2488 4322 2793 4388; x_wconf 89' lang='lat' dir='ltr'><strong>ordinatus,</strong></span> <span class='ocrx_word' id='word_1_703' title='bbox 2843 4323 3013 4377; x_wconf 89' lang='lat' dir='ltr'><strong>multa</strong></span> <span class='ocrx_word' id='word_1_704' title='bbox 3059 4339 3202 4395; x_wconf 67' lang='lat' dir='ltr'><strong>saepe</strong></span> <span class='ocrx_word' id='word_1_705' title='bbox 3251 4326 3324 4379; x_wconf 91' lang='lat' dir='ltr'><strong>sit</strong></span> <span class='ocrx_word' id='word_1_706' title='bbox 3353 4341 3571 4396; x_wconf 86' lang='lat' dir='ltr'><strong>passus,</strong></span> 
     </span>
    </p>
   </div>
   <div class='ocr_carea' id='block_1_103' title="bbox 1983 4410 3571 4481">
    <p class='ocr_par' dir='ltr' id='par_1_103' title="bbox 1983 4410 3571 4481">
     <span class='ocr_line' id='line_1_103' title="bbox 1983 4410 3571 4481; baseline 0.004 -15"><span class='ocrx_word' id='word_1_707' title='bbox 1983 4410 2512 4481; x_wconf 88' lang='lat' dir='ltr'><strong>etplagatus,atque</strong></span> <span class='ocrx_word' id='word_1_708' title='bbox 2545 4421 2770 4476; x_wconf 84' lang='lat' dir='ltr'><strong>tractus,</strong></span> <span class='ocrx_word' id='word_1_709' title='bbox 2818 4413 2912 4468; x_wconf 90' lang='lat' dir='ltr'><strong>sed</strong></span> <span class='ocrx_word' id='word_1_710' title='bbox 2958 4415 3101 4468; x_wconf 87' lang='lat' dir='ltr'><strong>virili</strong></span> <span class='ocrx_word' id='word_1_711' title='bbox 3147 4425 3327 4471; x_wconf 90' lang='lat' dir='ltr'><strong>mente</strong></span> <span class='ocrx_word' id='word_1_712' title='bbox 3373 4425 3571 4474; x_wconf 82' lang='lat' dir='ltr'><strong>cuncta</strong></span> 
     </span>
    </p>
   </div>
   <div class='ocr_carea' id='block_1_104' title="bbox 1987 4501 3572 4574">
    <p class='ocr_par' dir='ltr' id='par_1_104' title="bbox 1987 4501 3572 4574">
     <span class='ocr_line' id='line_1_104' title="bbox 1987 4501 3572 4574; baseline 0.004 -18"><span class='ocrx_word' id='word_1_713' title='bbox 1987 4502 2263 4556; x_wconf 87' lang='lat' dir='ltr'><strong>sustinuit.</strong></span> <span class='ocrx_word' id='word_1_714' title='bbox 2301 4501 2544 4571; x_wconf 86' lang='lat' dir='ltr'><strong>Cumque</strong></span> <span class='ocrx_word' id='word_1_715' title='bbox 2579 4503 2706 4556; x_wconf 90' lang='lat' dir='ltr'><strong>nulli</strong></span> <span class='ocrx_word' id='word_1_716' title='bbox 2741 4504 3005 4574; x_wconf 87' lang='lat' dir='ltr'><strong>potuisset</strong></span> <span class='ocrx_word' id='word_1_717' title='bbox 3059 4505 3168 4560; x_wconf 92' lang='lat' dir='ltr'><strong>illic</strong></span> <span class='ocrx_word' id='word_1_718' title='bbox 3213 4507 3444 4563; x_wconf 89' lang='lat' dir='ltr'><strong>suadere</strong></span> <span class='ocrx_word' id='word_1_719' title='bbox 3510 4517 3572 4564; x_wconf 89' lang='lat' dir='ltr'><strong>ut</strong></span> 
     </span>
    </p>
   </div>
   <div class='ocr_carea' id='block_1_105' title="bbox 1986 4594 3575 4664">
    <p class='ocr_par' dir='ltr' id='par_1_105' title="bbox 1986 4594 3575 4664">
     <span class='ocr_line' id='line_1_105' title="bbox 1986 4594 3575 4664; baseline 0.004 -14"><span class='ocrx_word' id='word_1_720' title='bbox 1986 4595 2329 4650; x_wconf 76' lang='lat' dir='ltr'><strong>Christianus</strong></span> <span class='ocrx_word' id='word_1_721' title='bbox 2357 4594 2534 4659; x_wconf 87' lang='lat' dir='ltr'><strong>lieret,</strong></span> <span class='ocrx_word' id='word_1_722' title='bbox 2571 4596 2810 4664; x_wconf 85' lang='lat' dir='ltr'><strong>graviter</strong></span> <span class='ocrx_word' id='word_1_723' title='bbox 2838 4597 3018 4652; x_wconf 88' lang='lat' dir='ltr'><strong>ferens</strong></span> <span class='ocrx_word' id='word_1_724' title='bbox 3043 4638 3058 4663; x_wconf 93' lang='lat'><strong>,</strong></span> <span class='ocrx_word' id='word_1_725' title='bbox 3111 4597 3393 4655; x_wconf 76' lang='lat' dir='ltr'><strong>maledixit</strong></span> <span class='ocrx_word' id='word_1_726' title='bbox 3441 4599 3575 4657; x_wconf 68' lang='lat' dir='ltr'><strong>civi-</strong></span> 
     </span>
    </p>
   </div>
   <div class='ocr_carea' id='block_1_106' title="bbox 1988 4683 3568 4758">
    <p class='ocr_par' dir='ltr' id='par_1_106' title="bbox 1988 4683 3568 4758">
     <span class='ocr_line' id='line_1_106' title="bbox 1988 4683 3568 4758; baseline 0.002 -19"><span class='ocrx_word' id='word_1_727' title='bbox 1988 4684 2116 4749; x_wconf 77' lang='lat' dir='ltr'><strong>tati,</strong></span> <span class='ocrx_word' id='word_1_728' title='bbox 2141 4692 2196 4737; x_wconf 93' lang='lat' dir='ltr'><strong>et</strong></span> <span class='ocrx_word' id='word_1_729' title='bbox 2219 4683 2418 4739; x_wconf 79' lang='lat' dir='ltr'><strong>exinde</strong></span> <span class='ocrx_word' id='word_1_730' title='bbox 2446 4685 2713 4738; x_wconf 89' lang='lat' dir='ltr'><strong>discessit.</strong></span> <span class='ocrx_word' id='word_1_731' title='bbox 2743 4684 2872 4740; x_wconf 86' lang='lat' dir='ltr'><strong>Post</strong></span> <span class='ocrx_word' id='word_1_732' title='bbox 2900 4702 3129 4757; x_wconf 89' lang='lat' dir='ltr'><strong>paucum</strong></span> <span class='ocrx_word' id='word_1_733' title='bbox 3180 4703 3310 4744; x_wconf 88' lang='lat' dir='ltr'><strong>vero</strong></span> <span class='ocrx_word' id='word_1_734' title='bbox 3359 4698 3568 4758; x_wconf 88' lang='lat' dir='ltr'><strong>tempus</strong></span> 
     </span>
    </p>
   </div>
   <div class='ocr_carea' id='block_1_107' title="bbox 1986 4773 3566 4848">
    <p class='ocr_par' dir='ltr' id='par_1_107' title="bbox 1986 4773 3566 4848">
     <span class='ocr_line' id='line_1_107' title="bbox 1986 4773 3566 4848; baseline 0.004 -22"><span class='ocrx_word' id='word_1_735' title='bbox 1986 4774 2309 4843; x_wconf 83' lang='lat' dir='ltr'><strong>primatibus</strong></span> <span class='ocrx_word' id='word_1_736' title='bbox 2335 4773 2579 4845; x_wconf 89' lang='lat' dir='ltr'><strong>ejusdem</strong></span> <span class='ocrx_word' id='word_1_737' title='bbox 2614 4775 2716 4831; x_wconf 90' lang='lat' dir='ltr'><strong>loci</strong></span> <span class='ocrx_word' id='word_1_738' title='bbox 2751 4779 2804 4830; x_wconf 89' lang='lat' dir='ltr'><strong>in</strong></span> <span class='ocrx_word' id='word_1_739' title='bbox 2839 4794 3020 4848; x_wconf 85' lang='lat' dir='ltr'><strong>regem</strong></span> <span class='ocrx_word' id='word_1_740' title='bbox 3065 4780 3439 4848; x_wconf 83' lang='lat' dir='ltr'><strong>peccantibus,</strong></span> <span class='ocrx_word' id='word_1_741' title='bbox 3471 4793 3566 4833; x_wconf 57' lang='lat' dir='ltr'><strong>su.</strong></span> 
     </span>
    </p>
   </div>
   <div class='ocr_carea' id='block_1_108' title="bbox 1985 4865 3566 4938">
    <p class='ocr_par' dir='ltr' id='par_1_108' title="bbox 1985 4865 3566 4938">
     <span class='ocr_line' id='line_1_108' title="bbox 1985 4865 3566 4938; baseline 0.003 -20"><span class='ocrx_word' id='word_1_742' title='bbox 1985 4865 2308 4934; x_wconf 90' lang='lat' dir='ltr'><strong>perveniens</strong></span> <span class='ocrx_word' id='word_1_743' title='bbox 2333 4867 2604 4921; x_wconf 75' lang='lat' dir='ltr'><strong>exercitus</strong></span> <span class='ocrx_word' id='word_1_744' title='bbox 2643 4883 2768 4922; x_wconf 91' lang='lat' dir='ltr'><strong>cum</strong></span> <span class='ocrx_word' id='word_1_745' title='bbox 2812 4869 3068 4923; x_wconf 87' lang='lat' dir='ltr'><strong>trecentis</strong></span> <span class='ocrx_word' id='word_1_746' title='bbox 3105 4869 3406 4938; x_wconf 88' lang='lat' dir='ltr'><strong>elephantis</strong></span> <span class='ocrx_word' id='word_1_747' title='bbox 3433 4869 3566 4923; x_wconf 85' lang='lat' dir='ltr'><strong>civi-</strong></span> 
     </span>
    </p>
   </div>
   <div class='ocr_carea' id='block_1_109' title="bbox 1986 4954 3563 5028">
    <p class='ocr_par' dir='ltr' id='par_1_109' title="bbox 1986 4954 3563 5028">
     <span class='ocr_line' id='line_1_109' title="bbox 1986 4954 3563 5028; baseline 0.004 -19"><span class='ocrx_word' id='word_1_748' title='bbox 1986 4963 2151 5009; x_wconf 89' lang='lat' dir='ltr'><strong>tatem</strong></span> <span class='ocrx_word' id='word_1_749' title='bbox 2177 4954 2463 5021; x_wconf 86' lang='lat' dir='ltr'><strong>subvertit,</strong></span> <span class='ocrx_word' id='word_1_750' title='bbox 2495 4966 2549 5011; x_wconf 90' lang='lat' dir='ltr'><strong>et</strong></span> <span class='ocrx_word' id='word_1_751' title='bbox 2586 4958 2733 5012; x_wconf 89' lang='lat' dir='ltr'><strong>velut</strong></span> <span class='ocrx_word' id='word_1_752' title='bbox 2754 4957 3054 5012; x_wconf 82' lang='lat' dir='ltr'><strong>desolatam</strong></span> <span class='ocrx_word' id='word_1_753' title='bbox 3105 4961 3376 5028; x_wconf 89' lang='lat' dir='ltr'><strong>regionem</strong></span> <span class='ocrx_word' id='word_1_754' title='bbox 3405 4976 3563 5027; x_wconf 14' lang='lat' dir='ltr'><strong>arani-</strong></span> 
     </span>
    </p>
   </div>
   <div class='ocr_carea' id='block_1_110' title="bbox 1986 5047 3561 5122">
    <p class='ocr_par' dir='ltr' id='par_1_110' title="bbox 1986 5047 3561 5122">
     <span class='ocr_line' id='line_1_110' title="bbox 1986 5047 3561 5122; baseline 0.005 -23"><span class='ocrx_word' id='word_1_755' title='bbox 1986 5053 2068 5102; x_wconf 90' lang='lat' dir='ltr'><strong>tes</strong></span> <span class='ocrx_word' id='word_1_756' title='bbox 2094 5047 2396 5103; x_wconf 87' lang='lat' dir='ltr'><strong>seminibus</strong></span> <span class='ocrx_word' id='word_1_757' title='bbox 2425 5049 2782 5103; x_wconf 86' lang='lat' dir='ltr'><strong>tradiderunt.</strong></span> <span class='ocrx_word' id='word_1_758' title='bbox 2815 5047 3054 5103; x_wconf 82' lang='lat' dir='ltr'><strong>Milesius</strong></span> <span class='ocrx_word' id='word_1_759' title='bbox 3074 5058 3258 5106; x_wconf 82' lang='lat' dir='ltr'><strong>autem</strong></span> <span class='ocrx_word' id='word_1_760' title='bbox 3278 5051 3561 5122; x_wconf 80' lang='lat' dir='ltr'><strong>episcopus</strong></span> 
     </span>
    </p>
   </div>
   <div class='ocr_carea' id='block_1_111' title="bbox 1986 5139 3558 5210">
    <p class='ocr_par' dir='ltr' id='par_1_111' title="bbox 1986 5139 3558 5210">
     <span class='ocr_line' id='line_1_111' title="bbox 1986 5139 3558 5210; baseline 0.003 -15"><span class='ocrx_word' id='word_1_761' title='bbox 1986 5139 2323 5196; x_wconf 91' lang='lat' dir='ltr'><strong>solummodo</strong></span> <span class='ocrx_word' id='word_1_762' title='bbox 2353 5156 2538 5210; x_wconf 91' lang='lat' dir='ltr'><strong>peram</strong></span> <span class='ocrx_word' id='word_1_763' title='bbox 2568 5139 2968 5195; x_wconf 87' lang='lat' dir='ltr'><strong>circumferens</strong></span> <span class='ocrx_word' id='word_1_764' title='bbox 3015 5155 3376 5209; x_wconf 79' lang='lat' dir='ltr'><strong>quae-sacrum</strong></span> <span class='ocrx_word' id='word_1_765' title='bbox 3418 5144 3558 5207; x_wconf 61' lang='lat' dir='ltr'><strong>cedi:</strong></span> 
     </span>
    </p>
   </div>
   <div class='ocr_carea' id='block_1_112' title="bbox 1987 5230 3568 5301">
    <p class='ocr_par' dir='ltr' id='par_1_112' title="bbox 1987 5230 3568 5301">
     <span class='ocr_line' id='line_1_112' title="bbox 1987 5230 3568 5301; baseline 0.004 -15"><span class='ocrx_word' id='word_1_766' title='bbox 1987 5246 2104 5286; x_wconf 90' lang='lat' dir='ltr'><strong>cem</strong></span> <span class='ocrx_word' id='word_1_767' title='bbox 2133 5231 2538 5301; x_wconf 87' lang='lat' dir='ltr'><strong>evangeliorum</strong></span> <span class='ocrx_word' id='word_1_768' title='bbox 2571 5230 2823 5296; x_wconf 87' lang='lat' dir='ltr'><strong>habebat,</strong></span> <span class='ocrx_word' id='word_1_769' title='bbox 2869 5233 3108 5301; x_wconf 79' lang='lat' dir='ltr'><strong>perrexit</strong></span> <span class='ocrx_word' id='word_1_770' title='bbox 3154 5233 3457 5290; x_wconf 90' lang='lat' dir='ltr'><strong>orationem</strong></span> <span class='ocrx_word' id='word_1_771' title='bbox 3488 5235 3568 5293; x_wconf 81' lang='lat' dir='ltr'><strong>fa-</strong></span> 
     </span>
    </p>
   </div>
   <div class='ocr_carea' id='block_1_113' title="bbox 1987 5320 3568 5394">
    <p class='ocr_par' dir='ltr' id='par_1_113' title="bbox 1987 5320 3568 5394">
     <span class='ocr_line' id='line_1_113' title="bbox 1987 5320 3568 5394; baseline 0.004 -18"><span class='ocrx_word' id='word_1_772' title='bbox 1987 5331 2173 5378; x_wconf 84' lang='lat' dir='ltr'><strong>cturus</strong></span> <span class='ocrx_word' id='word_1_773' title='bbox 2203 5321 2274 5377; x_wconf 90' lang='lat' dir='ltr'><strong>ad</strong></span> <span class='ocrx_word' id='word_1_774' title='bbox 2306 5321 2757 5391; x_wconf 82' lang='lat' dir='ltr'><strong>Hierosolymam,</strong></span> <span class='ocrx_word' id='word_1_775' title='bbox 2787 5329 2845 5374; x_wconf 90' lang='lat' dir='ltr'><strong>et</strong></span> <span class='ocrx_word' id='word_1_776' title='bbox 2872 5321 2995 5375; x_wconf 88' lang='lat' dir='ltr'><strong>inde</strong></span> <span class='ocrx_word' id='word_1_777' title='bbox 3022 5320 3079 5378; x_wconf 91' lang='lat' dir='ltr'><strong>in</strong></span> <span class='ocrx_word' id='word_1_778' title='bbox 3127 5321 3415 5394; x_wconf 63' lang='lat' dir='ltr'><strong>Egyptum</strong></span> <span class='ocrx_word' id='word_1_779' title='bbox 3440 5364 3457 5392; x_wconf 91' lang='lat'><strong>,</strong></span> <span class='ocrx_word' id='word_1_780' title='bbox 3508 5336 3568 5382; x_wconf 92' lang='lat' dir='ltr'><strong>ut</strong></span> 
     </span>
    </p>
   </div>
   <div class='ocr_carea' id='block_1_114' title="bbox 1986 5409 3566 5486">
    <p class='ocr_par' dir='ltr' id='par_1_114' title="bbox 1986 5409 3566 5486">
     <span class='ocr_line' id='line_1_114' title="bbox 1986 5409 3566 5486; baseline 0.003 -19"><span class='ocrx_word' id='word_1_781' title='bbox 1986 5413 2194 5469; x_wconf 88' lang='lat' dir='ltr'><strong>videret</strong></span> <span class='ocrx_word' id='word_1_782' title='bbox 2223 5413 2517 5466; x_wconf 91' lang='lat' dir='ltr'><strong>monachos</strong></span> <span class='ocrx_word' id='word_1_783' title='bbox 2545 5409 2742 5465; x_wconf 90' lang='lat' dir='ltr'><strong>ibidem</strong></span> <span class='ocrx_word' id='word_1_784' title='bbox 2764 5420 3167 5465; x_wconf 84' lang='lat' dir='ltr'><strong>conversantes.</strong></span> <span class='ocrx_word' id='word_1_785' title='bbox 3195 5411 3380 5480; x_wconf 89' lang='lat' dir='ltr'><strong>Qualis</strong></span> <span class='ocrx_word' id='word_1_786' title='bbox 3400 5415 3566 5486; x_wconf 90' lang='lat' dir='ltr'><strong>igitur</strong></span> 
     </span>
    </p>
   </div>
   <div class='ocr_carea' id='block_1_115' title="bbox 1989 5505 3564 5583">
    <p class='ocr_par' dir='ltr' id='par_1_115' title="bbox 1989 5505 3564 5583">
     <span class='ocr_line' id='line_1_115' title="bbox 1989 5505 3564 5583; baseline 0.004 -25"><span class='ocrx_word' id='word_1_787' title='bbox 1989 5505 2092 5559; x_wconf 88' lang='lat' dir='ltr'><strong>istc</strong></span> <span class='ocrx_word' id='word_1_788' title='bbox 2126 5514 2368 5570; x_wconf 89' lang='lat' dir='ltr'><strong>sanctus,</strong></span> <span class='ocrx_word' id='word_1_789' title='bbox 2396 5514 2452 5558; x_wconf 88' lang='lat' dir='ltr'><strong>et</strong></span> <span class='ocrx_word' id='word_1_790' title='bbox 2484 5505 2866 5562; x_wconf 89' lang='lat' dir='ltr'><strong>miraculorum</strong></span> <span class='ocrx_word' id='word_1_791' title='bbox 2910 5506 3074 5562; x_wconf 87' lang='lat' dir='ltr'><strong>fuerit</strong></span> <span class='ocrx_word' id='word_1_792' title='bbox 3113 5521 3387 5579; x_wconf 86' lang='lat' dir='ltr'><strong>operator.</strong></span> <span class='ocrx_word' id='word_1_793' title='bbox 3441 5511 3564 5583; x_wconf 83' lang='lat' dir='ltr'><strong>Syri</strong></span> 
     </span>
    </p>
   </div>
   <div class='ocr_carea' id='block_1_116' title="bbox 1986 5595 3562 5671">
    <p class='ocr_par' dir='ltr' id='par_1_116' title="bbox 1986 5595 3562 5671">
     <span class='ocr_line' id='line_1_116' title="bbox 1986 5595 3562 5671; baseline 0.003 -19"><span class='ocrx_word' id='word_1_794' title='bbox 1986 5605 2112 5652; x_wconf 89' lang='lat' dir='ltr'><strong>sunt</strong></span> <span class='ocrx_word' id='word_1_795' title='bbox 2172 5606 2336 5652; x_wconf 90' lang='lat' dir='ltr'><strong>testes</strong></span> <span class='ocrx_word' id='word_1_796' title='bbox 2393 5598 2483 5666; x_wconf 91' lang='lat' dir='ltr'><strong>qui</strong></span> <span class='ocrx_word' id='word_1_797' title='bbox 2531 5595 2649 5665; x_wconf 88' lang='lat' dir='ltr'><strong>ejus</strong></span> <span class='ocrx_word' id='word_1_798' title='bbox 2698 5607 2852 5653; x_wconf 90' lang='lat' dir='ltr'><strong>actus</strong></span> <span class='ocrx_word' id='word_1_799' title='bbox 2892 5599 3164 5669; x_wconf 89' lang='lat' dir='ltr'><strong>vitamque</strong></span> <span class='ocrx_word' id='word_1_800' title='bbox 3207 5602 3562 5671; x_wconf 89' lang='lat' dir='ltr'><strong>scripserunt.</strong></span> 
     </span>
    </p>
   </div>
   <div class='ocr_carea' id='block_1_117' title="bbox 1988 5687 3558 5760">
    <p class='ocr_par' dir='ltr' id='par_1_117' title="bbox 1988 5687 3558 5760">
     <span class='ocr_line' id='line_1_117' title="bbox 1988 5687 3558 5760; baseline 0.001 -19"><span class='ocrx_word' id='word_1_801' title='bbox 1988 5687 2125 5742; x_wconf 83' lang='lat' dir='ltr'><strong>Ecce</strong></span> <span class='ocrx_word' id='word_1_802' title='bbox 2155 5687 2266 5750; x_wconf 87' lang='lat' dir='ltr'><strong>hic,</strong></span> <span class='ocrx_word' id='word_1_803' title='bbox 2293 5689 2383 5757; x_wconf 88' lang='lat' dir='ltr'><strong>qui</strong></span> <span class='ocrx_word' id='word_1_804' title='bbox 2432 5688 2709 5743; x_wconf 83' lang='lat' dir='ltr'><strong>commissi</strong></span> <span class='ocrx_word' id='word_1_805' title='bbox 2758 5689 3036 5759; x_wconf 87' lang='lat' dir='ltr'><strong>regiminis</strong></span> <span class='ocrx_word' id='word_1_806' title='bbox 3078 5691 3202 5760; x_wconf 89' lang='lat' dir='ltr'><strong>jura</strong></span> <span class='ocrx_word' id='word_1_807' title='bbox 3235 5692 3558 5760; x_wconf 67' lang='lat' dir='ltr'><strong>postposnit.</strong></span> 
     </span>
    </p>
   </div>
   <div class='ocr_carea' id='block_1_118' title="bbox 1990 5778 3562 5846">
    <p class='ocr_par' dir='ltr' id='par_1_118' title="bbox 1990 5778 3562 5846">
     <span class='ocr_line' id='line_1_118' title="bbox 1990 5778 3562 5846; baseline 0.002 -15"><span class='ocrx_word' id='word_1_808' title='bbox 1990 5795 2095 5832; x_wconf 87' lang='lat' dir='ltr'><strong>non</strong></span> <span class='ocrx_word' id='word_1_809' title='bbox 2150 5779 2308 5836; x_wconf 86' lang='lat' dir='ltr'><strong>modo</strong></span> <span class='ocrx_word' id='word_1_810' title='bbox 2353 5778 2553 5834; x_wconf 89' lang='lat' dir='ltr'><strong>nullum</strong></span> <span class='ocrx_word' id='word_1_811' title='bbox 2610 5789 2791 5836; x_wconf 87' lang='lat' dir='ltr'><strong>reatus</strong></span> <span class='ocrx_word' id='word_1_812' title='bbox 2840 5781 3040 5835; x_wconf 82' lang='lat' dir='ltr'><strong>crimen</strong></span> <span class='ocrx_word' id='word_1_813' title='bbox 3099 5780 3362 5846; x_wconf 87' lang='lat' dir='ltr'><strong>incurrit,</strong></span> <span class='ocrx_word' id='word_1_814' title='bbox 3422 5780 3562 5838; x_wconf 79' lang='lat' dir='ltr'><strong>ultro</strong></span> 
     </span>
    </p>
   </div>
  </div>
