4148 5358
621 358 728 412 433

1104 360 1161 417 5.
1203 358 1407 417 PETRI
1444 358 1731 417 DAMIANI
1767 355 1920 416 OPP.
1952 350 2189 412 TOHUS
2228 351 2359 410 SEU
2400 353 2580 412 PARS
2619 353 2704 411 III.
2740 386 2810 398 —-
2846 354 3211 413 OPUSCULA
3243 354 3473 413 VARIA.

3777 351 3898 409 ισδσ

621 477 781 533 etiam
812 487 876 534 ut
903 479 1285 535 miraculorum
1306 480 1548 535 virtutes
1579 483 1905 551 operaretur
1945 471 2203 529 obtinuit.
2235 472 2284 531 Α
2312 470 2659 541 episcopatus
2704 487 2810 527 non
2850 487 2938 527 me
2998 474 3178 531 minus
3234 473 3555 530 exhortatus
3594 482 3680 527 est
3722 473 3904 527 verbo.

1206 614 1447 674 CAPUT
1492 613 1604 668 Vh.

957 722 1033 781 De
1061 725 1332 795 Arnulplio
1360 726 1581 783 Mefensi
1608 727 1873 795 episcopo.

699 838 846 894 Sane
919 838 1046 892 dum
1121 838 1469 892 historiarum
1540 835 1882 892 latitudinem
1950 843 2207 903 tanquam

623 929 747 985 εωῐί
800 928 997 983 faciem
1045 929 1263 986 curioso
1305 928 1700 997 pcrlustramus
1738 926 1972 989 intuitu,
2017 926 2211 980 beatus

621 1021 939 1092 Arnulpbus
971 1060 986 1087 ,
1053 1019 1309 1077 Ecclesia:
1376 1021 1632 1077 videlicet
1696 1017 1954 1074 Metensis
1999 1016 2215 1087 episco-

622 1127 769 1181 pus,
821 1112 970 1166 velut
1026 1126 1251 1166 aureum
1329 1110 1485 1166 nobis
1547 1110 1700 1166 sidus
1764 1109 2057 1172 occurrit;
2116 1105 2209 1176 qui

623 1210 680 1257 et
744 1202 1069 1274 ignorantia:
1128 1211 1328 1258 nostrae
1386 1203 1637 1258 tenebras
1698 1216 1796 1271 per
1849 1197 2081 1268 exempli
2127 1195 2212 1251 sui

624 1293 810 1348 radios
864 1294 1078 1363 abigit.
1130 1302 1186 1349 et
1237 1294 1442 1349 nostris
1501 1293 1922 1363 allegationibus
1981 1291 2210 1360 inexpu-

624 1382 916 1454 gnabiliter
942 1382 1105 1455 ‘33
1137 1384 1303 1438 robur
1329 1383 1599 1448 attribuit,
1648 1392 1811 1453 atque
1863 1394 2078 1436 omnem
2124 1394 2215 1434 su-

621 1488 725 1542 per
754 1477 855 1528 hoc
881 1475 1119 1545 capitulo
1145 1475 1343 1529 nodum
1370 1473 1660 1528 dubietatis
1684 1471 1934 1528 absolvit.
1965 1471 2065 1526 Hic
2089 1484 2217 1541 pro-

623 1564 804 1630 fecto,
843 1564 986 1619 sicut
1028 1564 1285 1634 veridica
1309 1562 1539 1618 fratrum
1580 1562 1844 1621 relatione
1885 1559 2171 1616 didicimus
2196 1599 2212 1626 ,

623 1657 715 1724 qui
744 1654 1070 1725 descriptam
1096 1653 1212 1723 ejus
1233 1669 1293 1710 se
1318 1654 1592 1709 lectitasse
1617 1660 1883 1707 testantur
1908 1650 2212 1715 historiam,

621 1745 677 1800 in
710 1746 1001 1802 Lotharico
1032 1760 1199 1817 regno
1235 1761 1339 1800 non
1382 1744 1567 1815 procul
1606 1759 1636 1798 a
1667 1742 1915 1798 Flandria
1938 1782 1953 1808 ,
1987 1739 2215 1796 ducatus

2312 574 2474 629 quam
2505 562 2835 630 provocabat
2877 562 3144 634 exemplo.

2383 649 2555 706 Porro
2581 660 2762 707 autem
2792 651 3112 723 Hildulphus
3135 653 3488 709 Treverensis
3511 654 3892 724 archiepisco-

2310 756 2430 812 pus,
2477 752 2694 812 quanta:
2719 745 3049 810 sanctitatis,
3075 760 3346 816 quamque
3376 745 3617 801 mirifica:
3645 747 3770 800 vitae
3805 746 3891 801 vir

2312 832 2494 899 fuerit,
2519 835 2791 903 spatiosus
2818 835 3082 891 Occidens
3097 851 3203 891 non
3231 837 3461 907 ignorat.
3488 838 3587 904 Qui
3612 837 3893 903 nimirum,

2310 932 2370 977 ut
2396 931 2669 993 gestorum
2701 924 2842 979 illius
2887 935 3118 980 testatur
3164 926 3414 989 historia,
3441 925 3609 981 Jacob
3653 925 3891 981 Leucbm

2314 1015 2483 1074 urbis,
2513 1029 2634 1083 qua:
2664 1031 2806 1069 nunc
2838 1015 3025 1070 Tullus
3055 1024 3300 1075 vocatur.
3345 1015 3651 1071 obsecravit
3676 1017 3894 1085 episco-

2314 1119 2458 1173 pum,
2491 1114 2551 1158 ut
2580 1104 2680 1159 sibi
2726 1121 3024 1176 congruum
3072 1106 3139 1160 ad
3185 1106 3535 1161 habitandum
3583 1105 3893 1175 provideret

2313 1195 2621 1252 solitudinis
2668 1196 2869 1251 locum.
2923 1197 3082 1253 Prius
3136 1197 3321 1267 itaque
3365 1197 3469 1252 sibi
3519 1212 3903 1252 successorem

2314 1287 2495 1358 elegit,
2520 1287 2714 1343 deinde
2749 1290 3140 1344 monasterium
3168 1299 3505 1354 construens,
3566 1304 3662 1360 per
3694 1304 3888 1344 mona-

2315 1379 2464 1433 sticae
2495 1379 2790 1447 disciplina:
2811 1380 3009 1435 linum
3035 1381 3313 1438 districtus
3336 1381 3578 1436 incessit.
3610 1380 3899 1437 Ubinimi-.

2314 1482 2433 1521 nun
2467 1474 2545 1521 tot
2574 1482 2670 1537 per
2714 1482 2837 1522 eum
2867 1468 3005 1524 facta
3050 1468 3307 1524 miracula
3338 1468 3456 1524 luce
3494 1468 3696 1523 clarius
3722 1464 3901 1539 m

2315 1557 2623 1628 perhibent,
2665 1559 2789 1628 quia
2845 1559 2930 1614 vir
2978 1559 3180 1615 domini
3205 1560 3897 1631 episcopatumdimitteus,

2317 1662 2424 1701 non
2473 1647 2634 1702 modo
2699 1656 2880 1704 reatus
2920 1649 3188 1704 maculam
3227 1664 3333 1704 non
3388 1650 3655 1715 incurrit,
3709 1664 3903 1703 verum

2318 1739 2481 1792 etiam
2511 1738 2620 1792 Deo
2648 1739 2934 1794 suavitatis
2964 1738 3296 1794 sacriﬁcium
3324 1741 3539 1795 obtulit.

622 1836 847 1907 gerebat
874 1815 1131 1892 olllcium.
1164 1835 1264 1891 Hic
1291 1845 1551 1907 prroterca
1584 1833 1791 1905 Pippini
1822 1840 1997 1901 pater,
2029 1839 2080 1884 et
2109 1829 2213 1885 Ca-
2239 1815 2288 1876 Β
2384 1830 2523 1897 Quid
2570 1829 2803 1885 referam
2847 1830 3141 1885 Deodatum
3186 1845 3435 1901 supernae
3471 1830 3776 1885 sanctitatis
3815 1830 3899 1884 vi-

619 1929 727 1984 roli
754 1929 933 2000 magni
971 1942 1157 1998 regum
1186 1942 1320 1981 avus
1348 1925 1468 1981 fuit.
1500 1925 1745 1994 Cumque
1780 1920 1947 1977 divini
1981 1918 2215 1990 Spiritus

621 2020 818 2074 ardore
839 2034 1163 2082 succensus,
1196 2019 1385 2073 uxoris
1418 2017 1643 2073 affectus
1698 2016 2038 2083 filiorumque
2066 2021 2216 2083 post-

619 2120 866 2182 poneret,
894 2126 958 2166 ac
986 2112 1270 2166 mundana:
1293 2110 1478 2180 gloriae
1498 2122 1721 2180 pompas
1743 2104 1985 2179 glorillca
2012 2103 2215 2160 Christi

620 2214 940 2275 paupertate
968 2211 1227 2268 mutaret,
1259 2203 1324 2257 ad
1363 2217 1605 2255 eremum
1639 2213 1957 2275 preperans,
1989 2196 2216 2267 contigit

621 2305 683 2348 ut
709 2310 805 2365 per
824 2293 1070 2359 ﬂuvium,
1098 2294 1188 2362 qui
1217 2293 1434 2348 Mosella
1467 2292 1684 2354 dicitur,
1722 2268 2012 2344 transitum
2040 2286 2217 2340 viator

623 2387 867 2441 haberet.
893 2385 999 2441 Sed
1025 2400 1147 2439 cum
1174 2382 1286 2453 jam
1312 2383 1549 2438 medium
1579 2381 1691 2436 fere
1718 2377 2006 2450 superjccti
2033 2377 2215 2447 pontis

621 2479 939 2548 attingeret,
971 2476 1061 2532 ubi
1101 2475 1357 2530 torrentis
1390 2474 1573 2528 alveus
1610 2471 1928 2541 profundior
1959 2469 2217 2524 decurre-

621 2572 735 2633 bat,
771 2569 879 2627 illie
909 2567 1168 2623 annulum
1207 2581 1364 2621 suum
1395 2565 1495 2620 sub
1521 2564 1623 2619 hac
1650 2561 1875 2616 foederis
1905 2559 2214 2615 conditione

618 2660 869 2732 projecit.
908 2660 1041 2717 Cum
1079 2673 1207 2730 ego,
1240 2657 1447 2727 inquit,
1489 2654 1746 2710 annulum
1777 2651 1921 2708 hunc
1959 2664 2214 2721 recepero

621 2756 689 2808 de
718 2752 985 2823 spumosis
1014 2751 1266 2807 fluctibus
1291 2757 1528 2809 erutum,
1557 2756 1686 2802 tunc
1712 2761 1799 2801 me
1832 2743 2020 2815 procul
2051 2741 2213 2798 dubio

621 2845 897 2901 conﬁdam
920 2845 1160 2899 omnium
1202 2850 1552 2912 peccatorum
1581 2855 1826 2895 meorum
1861 2835 2090 2892 nexibus
2118 2835 2212 2889 ab-

621 2937 853 2992 solutum
882 2953 908 3002 ;;Δ
945 2950 1177 3006 moxque
1222 2948 1464 2989 eremum
1511 2932 1706 3001 petiit,
1748 2929 1839 2984 ubi
1889 2943 1993 2983 non
2044 2940 2212 2997 parvo

620 3040 868 3099 tempore
897 3026 997 3083 sibi
1047 3041 1113 3080 ac
1137 3025 1340 3080 mundo
1374 3030 1617 3077 mortuus
1644 3020 1799 3077 vixit.
1840 3018 2051 3074 Interea
2071 3058 2085 3082 ,
2113 3018 2208 3073 de-

620 3118 828 3184 (uincto,
859 3117 950 3189 qui
985 3127 1112 3171 tunc
1142 3114 1345 3177 fuerat,
1376 3112 1635 3168 Ecclesiae
1664 3110 1919 3167 Metensis
1947 3108 2208 3172 antistite,

2316 1937 2464 1987 rum,
2485 1921 2725 1990 ejusdem
2753 1920 2963 1977 scilicet
2989 1920 3249 1977 Ecclesia:
3294 1920 3648 1976 Trevereusis
3678 1920 3899 1991 episco-

2314 2014 2484 2083 pum?
2512 2011 2670 2080 Quia,
2695 2012 2833 2067 sicut
2861 2011 3167 2067 autbcutica
3202 2012 3366 2067 tradit
3411 2012 3661 2076 historia,
3707 2028 3747 2067 a
3769 2010 3900 2068 ριν.

2313 2106 2474 2162 baldo
2500 2104 2740 2174 ejusdem
2769 2104 3000 2160 Leucbte
3033 2104 3382 2159 sanctissimo
3414 2103 3645 2173 praesule
3671 2103 3724 2158 in
3752 2102 3900 2158 saltu

2314 2199 2508 2269 Vosagi
2551 2197 2726 2252 locum
2756 2197 3014 2262 obtinuit,
3061 2198 3114 2251 iu
3164 2192 3271 2266 quo
3313 2198 3630 2254 reuuutians
3671 2197 3906 2267 sasculo,

2314 2288 2659 2344 laudabiliter
2696 2298 3072 2350 conversatus,
3125 2288 3448 2343 tuottasteria
3499 2289 3689 2345 statuit
3730 2299 3911 2359 atque

2314 2390 2436 2450 post
2469 2381 2734 2435 diutinam
2779 2381 2833 2434 in
2860 2378 3061 2435 Christi
3088 2394 3258 2451 agone
3299 2380 3548 2435 militiam
3577 2381 3701 2437 vita:
3732 2396 3907 2436 senas

2315 2478 2427 2525 tum
2463 2470 2739 2525 laureatus
2769 2471 3011 2525 intravit.

2385 2559 2524 2627 Quid
2548 2559 2977 2625 Gondebertum,
3006 2558 3483 2629 praeclarissimum
3519 2559 3775 2615 videlicet
3806 2574 3900 2616 ar-

2314 2651 2718 2723 chiepiscopum
2744 2650 3019 2706 Senonum
3042 2651 3066 2704 ?
3092 2650 3194 2706 Hie
3212 2650 3369 2720 plane
3392 2650 3599 2707 caelesti
3624 2651 3909 2709 desiderio.

2314 2753 2575 2808 aestuans,
2617 2744 2965 2798 commissam
2994 2742 3202 2799 dimisit
3226 2742 3546 2808 Ecclesiam,
3581 2751 3638 2796 et
3685 2743 3738 2798 in
3774 2742 3900 2800 loco

2313 2836 2408 2907 qui
2462 2835 2850 2891 Grandiavium
2914 2834 3113 2889 dicitur
3188 2832 3494 2887 ctenobium
3580 2831 3898 2888 Seuonensc

2314 2929 2640 2995 construxit,
2671 2928 2813 2998 quod
2851 2926 3057 2983 scilicet
3083 2942 3145 2980 cx
3193 2925 3395 2981 relictae
3428 2924 3687 2979 Ecclesiae
3717 2938 3887 2985 voca-

2313 3023 2441 3079 bulo
2471 3022 2861 3077 denominavit.
2890 3021 3248 3076 Decreveram
3296 3019 3514 3090 quidem
3562 3018 3906 3072 vicenariunr.

2315 3131 2423 3170 non
2461 3114 2727 3170 excedere
2774 3127 3084 3176 munerum,
3121 3110 3215 3165 sed
3246 3110 3389 3180 quod
3430 3124 3541 3179 prae
3585 3109 3760 3164 oculis
3787 3118 3895 3174 est,

621 3180 839 3267 beatum
868 3180 1203 3278 Arunlphum
1241 3205 1309 3260 ad
1337 3201 1761 3276 pastoralisjura
1790 3201 2069 3271 regiminis
2095 3200 2208 3254 dis-
2239 3180 2284 3244 (ἶ
2315 3206 2484 3261 latere
2505 3219 2610 3260 non
2640 3204 2837 3275 patior.

622 3298 866 3368 peusatio
916 3297 1096 3354 divina
1145 3296 1431 3366 provex't;
1484 3293 1720 3361 dumque
1767 3305 1863 3346 esu
1920 3290 2163 3344 carnium
2191 3329 2206 3353 ,

620 3398 782 3460 prout
814 3388 867 3441 in
898 3403 1083 3444 eremo
1108 3388 1426 3441 desueverat
1451 3425 1466 3447 ,
1498 3385 1553 3439 in
1580 3383 1818 3439 Ecclesia
1861 3381 2213 3436 nihilominus

622 3484 956 3546 abstineret,
997 3482 1164 3551 piscis
1202 3478 1493 3550 aliquando
1533 3475 1638 3532 sibi
1684 3475 1861 3529 elatus
1893 3482 1976 3529 est
2023 3474 2076 3527 in
2115 3487 2210 3527 xe-

622 3578 797 3637 uium,
822 3590 982 3643 quem
1014 3588 1221 3642 coquus
1249 3579 1593 3633 exenterans,
1626 3568 1678 3621 in
1711 3567 1874 3621 ilibus
1897 3566 2015 3636 ejus
2041 3581 2215 3620 annu-

622 3666 736 3720 lum
758 3665 992 3734 reperit,
1014 3679 1246 3733 clumque
1268 3678 1388 3718 mox
1414 3662 1634 3717 domino
1657 3674 1757 3715 suo
1778 3659 2111 3714 laetabundus
2131 3657 2213 3711 of-

622 3755 771 3811 ferre
784 3755 1012 3810 curavit.
1035 3754 1205 3820 Quem
1226 3754 1416 3807 beatus
1436 3753 1721 3821 episcopus
1741 3757 1799 3803 ut
1817 3749 2047 3818 aspexit,
2069 3748 2213 3802 illico

622 3843 945 3915 recognovit
970 3861 981 3897 :
1009 3852 1063 3897 et
1090 3858 1194 3897 non
1222 3851 1332 3895 tam
1358 3842 1621 3895 vibrantis
1649 3839 1845 3894 metalli
1877 3838 2105 3893 miratus
2128 3846 2217 3892 est

622 3952 854 4002 venam,
895 3951 1056 4007 quam
1099 3935 1224 4005 quia
1269 3934 1650 4003 propitiatione
1681 3933 1861 3987 divina
1907 3942 2091 3987 reatus
2129 3933 2210 3987 sui

623 4033 948 4080 corisecutus
992 4033 1073 4079 est
1117 4022 1365 4086 veniam;
1405 4022 1655 4092 quodque
1688 4023 1795 4079 vim
1840 4022 2214 4077 admirationis

622 4125 948 4187 exaggerat,
976 4115 1135 4171 bidui
1157 4114 1262 4170 iter
1295 4123 1379 4169 est
1403 4128 1433 4167 a
1471 4122 1632 4182 ponte
1663 4113 1803 4167 unde
1829 4110 2101 4183 proiectus
2129 4122 2209 4165 est

624 4209 858 4263 annulus
889 4222 1062 4278 usque
1091 4206 1159 4261 ad
1190 4206 1367 4261 locum
1428 4204 1519 4260 ubi
1571 4206 1734 4275 piscis
1786 4204 2077 4260 venerabili
2111 4203 2211 4259 fuit

621 4301 877 4371 episcopo
917 4306 1296 4371 praesentatus.
1343 4297 1495 4352 'I'unc
1522 4297 1605 4351 vir
1648 4297 1737 4351 Dei
1784 4312 1943 4366 quoa
1974 4296 2220 4365 peccatis.

618 4404 703 4449 est
727 4394 1023 4455 absolutus,
1051 4393 1178 4447 hinc
1205 4392 1379 4462 magis
1403 4400 1485 4448 est
1510 4393 1609 4447 sub
1635 4391 1820 4445 divino
1846 4400 2052 4445 terrore
2075 4405 2206 4444 con-

2387 3296 2667 3352 Postremo
2703 3294 2885 3363 igitur,
2930 3299 2989 3348 ut
3027 3291 3244 3346 omissis
3273 3290 3509 3356 caeteris,
3536 3290 3604 3344 ad
3635 3289 3898 3344 domesti-

2313 3402 2437 3441 cum
2462 3398 2809 3440 recurramus
2848 3380 3174 3451 exetnplum.
3208 3378 3528 3435 Lambertus
3571 3378 3905 3433 veneranda:

2314 3478 2611 3543 memoria},
2655 3476 2747 3546 qui
2777 3485 2905 3531 ante
2935 3490 3031 3529 vos
3050 3473 3374 3528 Florentium
3414 3470 3609 3541 praesul
3637 3469 3906 3526 Ecclesiae

2316 3566 2510 3622 tertius
2554 3565 2803 3635 praefuit,
2834 3574 3018 3634 spreto
3053 3562 3397 3633 pontificatus
3423 3559 3628 3625 officio,
3697 3575 3893 3614 mona-

2312 3662 2465 3715 sticae
2489 3659 2790 3728 disciplinae
2813 3655 3062 3727 subjecit.
3077 3653 3241 3722 Cujus
3262 3652 3513 3706 nimirum
3534 3667 3698 3722 quam
3715 3651 3899 3722 splen-

2315 3751 2437 3805 dida
2465 3750 2608 3805 fama
2631 3765 2725 3804 ora
2751 3749 3029 3803 hominum
3053 3744 3338 3814 compleat,
3360 3757 3521 3813 quam
3545 3743 3734 3797 suavis
3759 3743 3897 3797 odor

2312 3841 2584 3911 opinionis
2630 3841 2892 3894 tuentium
2934 3853 3095 3893 nares
3138 3843 3409 3906 aspergat,
3458 3844 3655 3891 vestra:
3680 3848 3899 3906 quoque

2314 3932 2662 3988 beatitudinis
2676 3931 2979 3987 sublimitas
3003 3946 3108 3984 non
3127 3930 3334 3997 ignorat
3349 3970 3361 3981 .

2385 4022 2582 4079 Beatus
2606 4038 2821 4092 quoque
2844 4021 3070 4076 Nonnus
3095 4028 3322 4089 martyr,
3346 4018 3438 4091 qui
3465 4024 3521 4072 et
3548 4015 3894 4088 Hippolytus,

2313 4116 2595 4170 memoria:
2641 4124 2839 4169 nostrae
2886 4129 2993 4167 non
3030 4108 3435 4181 praetereundus
3475 4108 3735 4161 occurrit.
3790 4105 3903 4172 Qdi

2316 4207 2570 4261 nimirum
2606 4215 2888 4274 postquam
2925 4202 3143 4272 triginta
3192 4199 3357 4254 millia
3402 4197 3800 4252 Saracenorum
3828 4197 3894 4251 ad

2313 4296 2519 4351 Christi
2551 4296 2711 4350 fidem
2745 4292 3125 4349 efﬁcacissima
3174 4287 3551 4360 praedicatione
3597 4286 3894 4351 convertit,

2315 4398 2604 4459 postquam
2640 4386 2858 4440 beatam
2885 4397 3102 4454 quoque
3142 4381 3412 4451 Pelagiam
3448 4379 3513 4433 de
3536 4377 3897 4449 lupanaribus

622 4485 845 4538 strictus
872 4501 885 4537 :
916 4492 971 4537 ct
1000 4497 1067 4537 eo
1095 4499 1153 4537 se
1179 4484 1475 4539 arbitratur
1501 4482 1732 4552 amplius
1760 4481 2076 4542 debitorem,
2102 4497 2211 4551 quo
2242 4523 2290 4582 υ
2316 4479 2382 4533 ad
2410 4478 2662 4534 Ecclesia:
2705 4477 3018 4547 pudicitiam
3043 4473 3381 4544 provocavit,
3419 4478 3703 4540 postquam
3745 4469 3899 4524 deni-

660 4576 672 4582 -
936 4575 985 4582 .-
1164 4575 1177 4582 .
1682 4575 1695 4582 -
1886 4574 1898 4582 .
1991 4573 2005 4582 .
2101 4573 2113 4582 .
2644 4569 2676 4582 ..
2902 4575 2912 4582 ,
3060 4581 3065 4582 ί
3188 4562 3499 4582 Aluum“
3548 4560 3714 4582 ,ει-υ,
3748 4559 3869 4582 ,ηω

622 4576 769 4630 circa
800 4591 859 4630 sc
899 4575 1044 4629 videt
1073 4575 1329 4643 majorem
1369 4591 1615 4645 supernae
1648 4574 1949 4630 clementiae
1991 4573 2204 4628 bonita-

626 4677 758 4725 wm.
812 4666 1028 4738 Eligens
1084 4666 1249 4737 igitur
1295 4666 1513 4721 sibimet
1558 4679 1967 4729 successorem,
2020 4679 2209 4718 rursus

623 4776 868 4815 cremum
894 4760 1078 4831 petiit,
1107 4758 1288 4829 ibique
1314 4756 1565 4827 pastorali
1589 4771 1716 4811 cura
1744 4755 2007 4826 deposita,
2037 4770 2210 4824 usque

624 4855 693 4909 ad
734 4853 942 4909 felicem
988 4850 1196 4905 obitum
1240 4850 1393 4904 vixit.
1438 4848 1668 4919 Insignis
1708 4849 1896 4918 itaque
1936 4849 2020 4901 vir
2066 4846 2209 4916 quod

622 4946 774 5009 fecit,
807 4959 906 4999 nos
932 4943 1119 5014 utique
1147 4954 1205 4997 ut
1228 4943 1529 4997 fact-remus
1556 4942 1789 4996 edocuit.
2096 4940 2099 4943 ’

696 5036 963 5091 Praeterea
1001 5036 1086 5090 vix
1117 5036 1293 5090 adhuc
1322 5034 1632 5106 quindecim
1665 5031 1869 5088 emensi
1900 5042 2022 5087 sunt
2061 5031 2205 5095 dies,

618 5141 689 5174 ex
717 5141 823 5174 nuo
852 5127 956 5174 γίιιί
993 5110 1361 5174 Farnulnhnm
1409 5125 1771 5174 venerabilem
1809 5123 1986 5174 virum
2018 5129 2209 5174 Sponte

2316 4585 2422 4639 que
2456 4569 2743 4624 nonnullos
2767 4575 3074 4623 sanctarum
3103 4562 3503 4633 expositionum
3546 4560 3717 4614 libros
3747 4559 3900 4614 lucu-

2316 4661 2491 4716 lentet‘
2513 4661 2787 4730 explicuit,
2840 4660 3056 4714 tandem
3113 4657 3481 4726 episcOpatum
3528 4652 3801 4718 deseruit;
3834 4652 3901 4708 de

2315 4752 2672 4807 Antiochenis
2695 4749 2962 4818 partibus,
2989 4747 3131 4802 unde
3156 4753 3275 4800 erat
3300 4743 3584 4806 oriundus,
3611 4740 3898 4801 abscessit,
3994 4752 3997 4753 '

2318 4844 2593 4898 Romanos
2621 4842 2754 4899 fines
2795 4839 3043 4910 appetiit.
3090 4838 3330 4905 Cumque
3366 4835 3528 4891 beata
3552 4835 3732 4887 Aurea
3756 4833 3898 4902 apud

2318 4933 2525 4999 Ostiam
2554 4932 2851 4994 civitatem,
2884 4944 3015 4984 saxo
3045 4927 3352 4983 cervicibus
3373 4924 3612 4994 alligato,
3644 4923 3697 4977 in
3723 4922 3895 4976 mari-

2316 5026 2402 5080 nis
2440 5024 2695 5078 lluctibus
2721 5020 3037 5093 martyrium
3074 5020 3538 5079 consummasset,
3569 5011 3632 5067 Β.
3674 5010 3899 5067 Nonnus

2314 5126 2563 5172 sarit-tum
2581 5115 2811 5169 cadaver
2832 5115 2917 5174 pia
2944 5109 3229 5165 devotione
3252 5104 3488 5173 collegit.
3516 5111 3573 5158 et
3602 5118 3727 5158 cum
3749 5102 3895 5156 omni
