4132 6324
321 337 420 392 ‘37

1104 321 1349 380 OPUSG.
1405 316 1546 372 XIX.
1579 345 1650 357 —
1690 311 1781 367 DE
1820 303 2280 362 ABDlCATlO-NE
2334 295 2828 354 EPISCOPATUS.

3495 292 3599 347 558

323 447 521 503 meruit
560 440 879 503 clausulam,
910 434 1114 506 liquido
1151 433 1347 505 patuit,
1381 429 1508 500 quia
1538 427 1908 498 episcopatum
1939 419 1988 478 Α
2015 415 2141 469 dum
2171 426 2256 466 me
2283 408 2490 479 pariter
2516 407 2886 462 verberarem.
2925 405 2994 460 Ut
3025 405 3210 461 sciatis
3239 416 3418 460 autem
3474 408 3602 476 quia

327 541 584 596 deserens
635 551 818 593 coram
849 533 958 588 Deo
988 546 1094 586 non
1125 527 1356 583 incurrit
1381 522 1662 578 oﬂ‘ensam.

393 630 607 686 Nostris
653 639 868 697 quoque
914 620 1250 690 temporibus
1295 612 1594 671 Pennensis
1633 608 1916 679 episcopus

323 695 694 792 pontiﬁcalem
719 713 1031 771 cathedram
1056 716 1245 779 sponte
1267 704 1527 767 deseruit,
1557 713 1786 769 seseque
1839 695 1915 749 illi

326 789 415 881 qui
451 811 554 865 sibi
585 806 851 862 successit
907 804 1116 858 sincera
1145 797 1435 855 admodum
1463 793 1748 848 devotione
1785 789 1916 844 sub-

327 879 542 956 stravit.
591 896 726 952 Nam
771 906 826 948 et
871 895 984 964 ipse
1029 891 1158 946 mihi
1207 901 1491 942 successor
1533 883 1649 951 ejus
1696 879 1915 944 retulit,

329 1001 479 1045 tanta
521 989 669 1044 illum
709 983 926 1040 sibimet
965 980 1270 1038 obedientia
1329 986 1386 1032 et
1449 973 1752 1030 humilitate
1789 970 1917 1026 sub-

321 1081 558 1150 jeetum,
593 1091 656 1131 ac
686 1077 729 1130 si
763 1090 822 1130 se
857 1086 1133 1142 nunquam
1177 1065 1482 1124 meminerit
1517 1077 1682 1134 super
1711 1059 1921 1130 aliquos

329 1171 631 1228 obtinuisse
663 1170 977 1239 primatum.
1462 1154 1474 1162 ”

415 1263 608 1316 Nostra
660 1259 1012 1314 nihilominus
1067 1262 1228 1310 :etate
1283 1248 1605 1319 Liutulpbus
1657 1241 1924 1301 Callensis

329 1351 618 1421 cpisc0pus
644 1345 934 1418 episcopali
965 1359 1024 1399 se
1055 1342 1314 1412 dignitate
1340 1337 1564 1408 dejecit,
1599 1331 1921 1397 successori,

328 1441 427 1510 qui
459 1456 603 1496 nunc
637 1448 916 1510 superest,
950 1435 1245 1490 Ecclesiam
1283 1431 1534 1494 tradidit;
1573 1428 1762 1496 sicque
1791 1423 1921 1488 sibi,

329 1531 379 1584 si
412 1541 592 1584 tamen
629 1545 734 1582 non
765 1527 934 1581 defuit
975 1526 1220 1588 animus,
1253 1523 1476 1577 liberam
1512 1519 1824 1574 facultatem
1858 1514 1924 1569 ad

332 1622 598 1692 agendam
629 1618 1005 1689 ptenitcntiam
1035 1615 1198 1688 435
1232 1613 1563 1684 procuravit.
1601 1610 1751 1665 Felix
1783 1607 1929 1664 scili-

332 1723 423 1768 cet
455 1712 563 1776 ille,
600 1712 692 1781 qui
723 1711 802 1764 sic
828 1709 1191 1764 conditionem
1221 1707 1342 1761 vita:
1370 1720 1481 1760 sua:
1511 1704 1564 1756 in
1595 1704 1695 1758 hac
1725 1711 1927 1756 morta-

2015 519 2122 560 non
2166 503 2433 566 mentior,
2476 499 2731 571 perendie
2773 499 2906 553 hora
2951 508 3104 554 sexta
3153 498 3218 554 de
3262 497 3365 553 hoc
3409 497 3604 552 saeculo

2015 597 2345 666 migraturus
2371 609 2508 650 sum.
3630 582 3637 590 ’

2090 688 2215 742 Erat
2240 701 2399 756 porro
2427 693 2552 738 tunc
2576 690 2726 738 sexta
2752 681 2915 748 feria;
2946 689 3100 736 nocte
3119 697 3267 747 vero,
3295 697 3397 752 qua
3427 683 3606 737 Domi-'-

2019 780 2174 847 nicus
2204 778 2547 834 illuceseebat
2579 776 2716 840 dies,
2747 774 2836 844 qui
2867 775 3062 829 dicitur
3087 776 3153 828 de
3183 774 3368 829 Ramis
3397 774 3605 844 palma-

2020 888 2160 936 rum,
2193 871 2258 926 de
2290 870 2454 934 lecto,
2495 866 2707 924 cunctis
2736 865 3075 928 mirantibus,
3111 881 3214 919 non
3255 866 3433 936 segnis
3460 866 3607 920 exsi-

2020 962 2188 1026 liens,
2227 958 2511 1030 scapulare
2547 967 2707 1026 atque
2738 954 2970 1010 cilicium
3013 969 3132 1024 quae
3161 955 3313 1024 juxta
3351 970 3409 1009 se
3450 963 3608 1009 erant

2022 1062 2242 1123 repente
2274 1050 2565 1120 corripuit,
2608 1063 2843 1120 moxque
2883 1047 3166 1102 ecclesiam
3210 1046 3349 1101 beati
3382 1047 3626 1101 Andreae-

2023 1145 2284 1200 attonitus
2308 1158 2372 1198 ac
2395 1141 2626 1197 festinus
2656 1141 2877 1194 intravit
2905 1157 2918 1192 :
2946 1139 3035 1193 ubi
3065 1146 3234 1192 strato
3262 1138 3610 1208 compositus,

2022 1236 2109 1292 his
2140 1235 2232 1305 qui
2264 1233 2493 1288 aderant
2525 1230 2789 1285 fratribus
2820 1229 2895 1284 ait
2922 1247 2934 1283 :
2968 1229 3108 1283 Ecce
3151 1239 3459 1283 sanctorum
3490 1241 3605 1281 ver-

2023 1324 2243 1380 beribus
2273 1321 2606 1394 ﬂagellatus,
2645 1321 2716 1374 ita
2749 1321 2816 1375 de
2853 1333 3081 1389 corpore
3111 1317 3428 1388 puriﬁcatus
3464 1331 3617 1387 egre-

2025 1414 2162 1481 dior,
2195 1414 2336 1469 sicut
2360 1429 2425 1472 ex
2467 1411 2613 1467 fonte
2639 1409 2979 1480 baptismatis
3021 1408 3252 1462 mundus
3281 1407 3442 1461 exivi.
3473 1407 3619 1461 lntcr

2027 1505 2315 1559 missarum
2361 1503 2525 1574 igitur
2554 1507 2863 1556 sacrosaeta
2904 1496 3184 1559 solemnia,
3225 1496 3500 1550 Dominica
3528 1496 3619 1548 vix

2028 1589 2280 1666 passio-ne
2308 1593 2581 1663 perlecta,
2612 1590 2743 1644 hora
2770 1587 2935 1660 436
2966 1602 3069 1658 qua
3111 1583 3434 1656 praedixerat
3463 1625 3476 1650 ,
3511 1585 3623 1637 Deo

2029 1688 2280 1758 spiritum
2329 1685 2578 1740 reddidit.
2629 1681 2840 1737 Nudato
2885 1689 3064 1734 autem
3111 1680 3180 1733 ad.
3219 1678 3506 1732 lavandum
3552 1692 3619 1730 cx

333 1801 487 1856 litate
515 1799 770 1869 disponit,
800 1809 859 1852 ut
886 1801 932 1852 ei
966 1798 1125 1852 liceat
1157 1793 1470 1865 paenitendo
1497 1793 1754 1863 plangere
1781 1790 1924 1860 quod
1960 1779 2000 1837 Β
2030 1793 2178 1832 mere
2202 1777 2486 1840 cadavere.
2514 1774 2593 1828 Sic
2615 1773 2818 1827 "ibiccs
2866 1785 2930 1824 ³ο
2955 1770 3206 1839 S‘igmma
3235 1770 3284 1822 ίη
3313 1767 3427 1833 (illis
3453 1781 3624 1821 ηιεηι-

333 1891 581 1959 deliquit;
625 1889 772 1944 Felix
802 1931 816 1954 ,
858 1890 1078 1958 inquam
1104 1928 1118 1952 ,
1160 1887 1252 1957 qui
1294 1885 1538 1958 procula
1576 1901 1634 1941 se
1673 1883 1926 1953 providus

333 1983 521 2051 abiicit
562 1981 821 2052 quidquid
864 1980 993 2034 illud
1053 1989 1139 2035 est
1194 1979 1336 2048 quod
1381 1979 1433 2030 in
1468 1977 1608 2030 viam
1639 1975 1738 2030 sibi
1785 1974 1930 2029 veri-

337 2077 470 2131 tatis
508 2075 742 2130 obsistit.
783 2072 1053 2141 Quidquid
1089 2072 1235 2127 enim
1280 2071 1333 2125 in
1376 2071 1480 2125 hac
1506 2071 1616 2123 vita
1656 2066 1930 2122 commisi-

337 2183 492 2230 mus,
525 2175 617 2220 aut
654 2165 920 2233 bicjuxta
969 2163 1176 2234 peccati
1227 2178 1534 2219 mensuram
1580 2176 1677 2229 per
1722 2158 1927 2228 ﬂagella

339 2258 650 2327 corrigitur,
683 2265 776 2310 aut
806 2255 1000 2311 futuris
1026 2255 1214 2327 procul
1249 2255 1413 2310 dubio
1443 2252 1722 2322 suppliciis
1751 2265 1929 2304 reser-

338 2357 517 2404 vatur.

925 2439 1153 2495 CAPUT
1193 2436 1325 2491 Vlll.

341 2549 422 2604 De
447 2567 725 2618 converso,
757 2553 846 2624 qui
875 2570 906 2606 a
949 2551 1051 2607 SS.
1086 2551 1295 2605 Andrea
1326 2559 1372 2602 et
1404 2547 1656 2618 Gregorio
1696 2546 1933 2600 verbera-

1031 2631 1114 2675 tus
1145 2631 1242 2674 est.

418 2711 680 2780 Quocirca
709 2727 813 2767 non
838 2714 935 2769 abs
956 2730 1014 2787 re
1039 2722 1143 2777 est,
1178 2713 1222 2767 si
1251 2711 1391 2781 quod
1417 2711 1519 2766 fida
1547 2710 1776 2764 fratrum
1799 2711 1937 2765 τριε-

345 2803 495 2857 tione
523 2804 904 2870 cognovimus,
937 2804 1026 2858 hic
1063 2804 1225 2857 etiam
1257 2803 1497 2858 breviter
1521 2801 1842 2856 inseramus.
1876 2800 1934 2854 ln

346 2901 681 2954 monasterio
730 2914 1002 2969 namque,
1049 2898 1190 2968 quod
1240 2897 1423 2952 Clivus
1471 2894 1664 2951 Scauri
1715 2895 1935 2958 dicitur,

348 2995 603 3065 quodque
631 2995 824 3049 beatus
852 2993 1142 3064 Gregorius
1173 2991 1311 3046 infra
1342 2991 1600 3045 Romana:
1627 2989 1777 3044 urbis
1806 3004 1938 3042 nun-

349 3085 439 3137 nia
468 3083 724 3145 condidit,
752 3098 885 3152 puer
907 3083 1123 3151 quidam
1155 3096 1182 3134 a
1213 3080 1544 3150 parentibus,
1569 3087 1629 3133 ut
1654 3078 1764 3132 Deo
1789 3077 1940 3131 dein-

350 3190 480 3244 ceps
511 3173 784 3238 militaret,
814 3173 1024 3226 oblatus
1048 3180 1150 3226 est.
1183 3171 1282 3238 Qui
1312 3169 1651 3240 postmodum
1683 3183 1803 3225 cum
1828 3167 1940 3234 jam

349 3263 723 3325 adolesceret,
775 3263 840 3317 de
894 3262 1222 3316 monasterio
1269 3275 1518 3330 egressus
1567 3260 1633 3314 ad
1689 3259 1943 3312 sarculum

350 3355 546 3420 rediit,
591 3368 923 3423 uxoremque
969 3353 1068 3407 sibi
1119 3352 1341 3422 nuptiali
1387 3350 1590 3406 foedere
1634 3348 1942 3419 cepulavit:

351 3444 550 3500 deinde
583 3460 704 3499 cum
743 3443 849 3508 iam
886 3444 950 3498 ad
983 3443 1277 3512 juvenilem
1316 3441 1649 3512 pervenisset
1690 3448 1902 3494 mtatem
1929 3480 1942 3503 ,

352 3536 533 3592 divina
574 3537 840 3590 sententia
885 3543 1104 3604 repente
1146 3543 1228 3589 est
1271 3548 1560 3602 percussus
1593 3532 1645 3586 in
1687 3539 1904 3601 gutture
1929 3571 1944 3593 ,

354 3627 626 3696 cmpitque
649 3621 1054 3696 ingravescente
1078 3624 1352 3693 languoris
1379 3623 1623 3679 molestia
1648 3623 1805 3677 morti
1831 3638 1950 3691 pro-

354 3720 617 3788 pinquare
645 3737 658 3771 :
687 3719 898 3772 tandem
924 3717 1061 3772 male
1084 3717 1360 3788 fugitivus,
1383 3724 1439 3771 ut
1464 3718 1530 3771 ad
1559 3716 1945 3770 monasterium

358 3816 745 3875 reportaretur.
785 3807 1040 3876 expetiit;
1082 3806 1261 3875 ibique
1307 3807 1696 3876 pmnitudinem
1730 3807 1796 3860 de
1836 3805 1949 3860 suis

360 3895 738 3966 pravitatibus,
771 3896 1119 3965 habitumque
1145 3897 1502 3952 monacbatus
1525 3897 1753 3966 accepit.
1784 3896 1950 3952 Cum-

357 4002 463 4056 que
493 4002 628 4041 uxor
654 3987 768 4055 ejus
797 4003 917 4041 cum
950 3987 1222 4042 nonnullis
1268 3987 1389 4041 aliis
1415 3987 1554 4042 lecto
1586 3987 1821 4056 jacentis
1855 4003 1946 4042 as-

358 4082 598 4144 sisteret,
632 4081 790 4150 C(Bpll
844 4081 931 4135 ille
968 4081 1209 4150 graviter
1237 4095 1452 4150 gemere
1475 4121 1490 4145 ,
1526 4080 1759 4134 ululatus
1788 4081 1948 4134 emit-

362 4180 511 4234 tere;
556 4180 611 4224 ει
651 4180 908 4240 tauquam
944 4172 1254 4240 phrenesin:
1297 4179 1595 4241 pateretur,
1644 4172 1946 4224 inordinata

359 4260 747 4315 vociferatione
794 4262 1018 4332 garrire.
1071 4262 1555 4317 Percunctantibus
1603 4273 1783 4315 autem
1831 4263 1948 4326 eis,

361 4367 464 4407 cur
510 4369 615 4407 non
667 4353 752 4408 ille
799 4354 1102 4422 quiesceret
1146 4371 1158 4407 :
1200 4352 1416 4416 Nonne,
1471 4352 1684 4422 inquit,
1729 4353 1952 4408 cernitis

359 4441 580 4497 beatum
613 4444 881 4497 Andream
907 4442 1228 4512 apostolum,
1255 4452 1607 4512 sanctumque
1631 4439 1946 4511 Gregorium

2028 1870 2140 1924 bris
2164 1868 2400 1936 undique
2439 1865 2782 1928 videbantur,
2815 1876 2879 1916 ac
2908 1860 2951 1916 si
2982 1875 3179 1930 corpus
3217 1858 3333 1927 ejus
3365 1857 3622 1912 materia-

2028 1961 2166 2015 libus
2189 1959 2386 2015 fuisset
2415 1957 2582 2027 virgis
2611 1954 2848 2011 allisum.

2099 2056 2206 2112 Sed
2232 2055 2360 2126 quid
2383 2054 2602 2116 mirum,
2633 2051 2675 2105 si
2707 2049 2880 2105 sancti
2911 2049 3027 2114 Dei,
3055 2047 3147 2119 qui
3174 2047 3469 2118 judicaturi
3493 2027 3628 2099 sunt

2031 2148 2311 2210 mundum,
2364 2145 2417 2199 in
2453 2143 2671 2198 homine
2704 2141 2794 2210 qui
2829 2138 3053 2194 ratioais
3085 2147 3202 2192 erat
3233 2151 3422 2206 capax,
3475 2134 3622 2189 inse-

2032 2239 2139 2293 cuti
2165 2209 2546 2304 suntculpam,
2574 2232 3006 2302 quandoquidem
3025 2238 3078 2284 et
3104 2229 3169 2283 de
3196 2229 3356 2282 bruto
3381 2223 3624 2288 animali,
3685 2209 3693 2217 ’

2033 2337 2092 2384 ιιι
2145 2328 2342 2382 ibidem
2375 2324 2682 2387 didicimus,
2714 2321 2991 2391 cxpetiere
3036 2316 3372 2372 vindictam?
3400 2313 3535 2370 Nam
3569 2313 3624 2367 in

2033 2422 2220 2477 eodem
2252 2416 2584 2473 monasterio
2614 2422 2800 2486 crypta
2831 2421 2912 2468 est
2932 2454 2948 2479 ,
2982 2425 3101 2480 qua:
3126 2409 3186 2463 Β.
3213 2407 3461 2478 Gregorii
3489 2404 3630 2460 diei-

2036 2522 2144 2576 tur,
2175 2509 2266 2565 ubi
2299 2507 2549 2563 videlicet
2581 2515 2636 2561 et
2665 2504 2786 2559 fons
2819 2502 2937 2571 ejus
2960 2499 3262 2572 perspicuis
3309 2513 3373 2552 ac
3423 2495 3630 2567 frigidis

2038 2602 2300 2658 redundat
2348 2599 2523 2670 aquis,
2567 2599 2707 2652 unde
2760 2594 2993 2658 bibebat,
3040 2601 3096 2648 et
3143 2591 3406 2660 lapideum
3456 2587 3633 2643 cubile

2037 2695 2214 2748 adhuc
2275 2691 2545 2754 cernitur,
2600 2687 2689 2743 ubi
2748 2686 2935 2741 aestivo
3003 2692 3244 2752 tempore
3297 2677 3632 2750 quiesceba..

2039 2786 2209 2851 Quam
2258 2781 2549 2850 aliquando
2598 2786 2845 2850 cryptam
2899 2788 3180 2846 przegnaus
3227 2768 3470 2826 canicula
3505 2784 3634 2822 casu

2042 2877 2279 2948 ingressa
2311 2881 2416 2938 est,
2443 2871 2556 2926 sive
2583 2877 2642 2924 ut
2674 2877 2912 2922 :estuans
2942 2865 3173 2927 biberet,
3213 2863 3326 2915 sive
3358 2859 3535 2930 potius
3577 2867 3638 2910 ut

2040 2981 2105 3022 eo
2131 2966 2229 3021 loci
2263 2963 2576 3035 parturiret.
2609 2960 2714 3016 Sed
2743 2959 2970 3013 necdum
3002 2957 3070 3011 ad
3099 2969 3267 3024 aquas
3295 2967 3462 3020 usque
3504 2965 3628 3020 per—

2046 3060 2279 3128 tingens,
2310 3072 2434 3110 mox
2476 3062 2533 3108 ut
2570 3051 2794 3123 prmfato
2839 3048 3033 3104 lectulo
3065 3043 3439 3117 propinquavit
3463 3082 3475 3105 ,
3525 3053 3638 3094 mo-

1971 3143 2014 3202 C
2049 3151 2195 3204 riens
2218 3147 2438 3201 corruit.
2473 3145 2683 3212 Quanta
2711 3158 2839 3213 ergo
2878 3138 3166 3195 formidine
3195 3135 3468 3207 pensanda
3515 3141 3643 3187 sunt

2048 3241 2251 3295 homini
2303 3238 2483 3293 divina
2526 3234 2762 3305 judicia,
2795 3231 3007 3302 quando
3052 3238 3107 3285 et
3152 3229 3204 3283 in
3260 3224 3510 3281 animalia
3551 3239 3637 3277 ra-

2049 3335 2194 3388 tione
2207 3330 2444 3387 carentia
2461 3336 2569 3382 tam
2597 3325 2890 3381 terribilem
2911 3323 3049 3376 Deus
3063 3320 3237 3376 exerit
3259 3316 3596 3387 disciplinam
3615 3315 3640 3366 1'

2049 3427 2107 3483 Si
2150 3425 2294 3481 enim
2325 3438 2393 3477 ne
2439 3419 2736 3490 simplicem
2780 3416 2996 3487 quidem
3039 3427 3236 3482 aquam
3267 3408 3426 3476 huius
3462 3407 3639 3462 sancti

2047 3517 2150 3572 loci
2183 3513 2352 3569 noluit
2377 3511 2719 3580 omnipotens
2759 3506 2899 3561 Deus
2936 3514 2996 3558 ut
3026 3503 3210 3558 insons
3237 3497 3480 3555 canicula
3522 3505 3644 3549 tan-

2049 3614 2222 3676 geret,
2250 3618 2355 3674 qua
2385 3611 2640 3672 putamus
2676 3595 2920 3652 molestia
2961 3593 3177 3656 tolerat,
3205 3605 3326 3644 cum
3354 3600 3642 3657 perversus

2048 3695 2274 3769 quilibet
2305 3695 2370 3749 ad
2401 3690 2811 3762 percipiendum
2860 3699 3056 3756 corpus
3091 3682 3207 3752 ejus
3236 3689 3290 3734 et
3319 3677 3637 3746 sanguinem

2049 3787 2222 3842 sacris
2271 3782 2534 3837 altaribus
2586 3773 3029 3849 appropinquat?
3103 3771 3208 3825 Sed
3265 3783 3387 3823 cum
3445 3780 3645 3836 pravus

2049 3878 2278 3949 quisque
2300 3875 2468 3930 Deum
2494 3871 2741 3943 reprobis
2763 3869 2876 3924 suis
2898 3867 3110 3923 actibus
3129 3863 3440 3924 exacerbal,
3468 3868 3522 3913 et
3551 3859 3647 3913 sti-

2050 3969 2240 4034 mulat,
2273 3982 2378 4022 non
2405 3965 2480 4020 illi
2513 3965 2759 4035 protinus
2788 3963 2993 4032 irrogat
3025 3956 3284 4028 patientia
3317 3953 3496 4008 divina
3525 3951 3645 4004 vin-

2052 4059 2273 4125 dictam,
2297 4072 2458 4128 quem
2480 4065 2658 4110 tamen
2689 4060 3004 4124 perpetuam
3033 4054 3275 4104 reservat
3303 4044 3372 4099 ad
3402 4057 3642 4113 pcenam.

2675 4163 2904 4222 CAPUT
2933 4162 3024 4218 IX.

2055 4263 2130 4318 De
2167 4259 2482 4329 Pandulpho
2510 4268 2557 4314 et
2587 4257 2794 4312 Joanne
2820 4251 3138 4376 p‘rincipibus
3170 4251 3223 4304 in
3268 4251 3474 4319 inferno
3499 4249 3649 4301 dant-

2765 4343 2831 4376 na
2859 4341 2923 4376 is.

2765 4341 2923 4379 naua.

2128 4441 2300 4497 Porro
2329 4440 2457 4494 dum
2508 4438 2633 4509 styli
2665 4435 2826 4505 hujus
2873 4449 3041 4490 exaro
3067 4433 3304 4489 dictator
3332 4429 3649 4492 articulum,

301 4595 312 4602 _
364 4533 647 4586 acerrimis
673 4549 756 4585 me
779 4534 890 4588 suis
910 4532 1222 4587 verberibus
1243 4533 1569 4586 unanimiter
1589 4531 1952 4601 ﬂagellantes?
1986 4508 2031 4562 D
2059 4551 2185 4590 ecce
2214 4531 2521 4588 Desiderius
2550 4508 2831 4601 religiosus
2858 4527 3173 4583 casinensis
3204 4523 3519 4579 monasterii
3548 4525 3644 4576 ab-

364 4623 588 4681 Ululans
628 4625 808 4694 itaque
850 4640 1069 4689 rursus,
1115 4640 1179 4678 ac
1209 4621 1412 4677 ﬂebiles
1460 4638 1618 4677 voces
1657 4623 1950 4685 emittens,

365 4717 640 4788 paululum
672 4718 1004 4786 respirabat,
1037 4727 1200 4785 atque
1231 4716 1441 4770 dicebat
1474 4732 1487 4769 :
1522 4715 1676 4770 Modo
1713 4731 1800 4768 me
1833 4730 1960 4767 ver-

365 4810 732 4874 beraverunt,
780 4818 1063 4880 propterea
1113 4808 1238 4877 quia
1311 4808 1697 4861 monasterium
1775 4806 1951 4859 dimisi

368 4919 699 4974 uxoremque
723 4903 954 4973 suscepi.
983 4902 1290 4972 iterumque
1317 4909 1434 4970 post
1463 4899 1620 4954 fletus
1677 4908 1837 4974 atque
1865 4913 1956 4950 ra—

369 4997 532 5069 gitus,
554 4996 620 5050 ad
665 5003 994 5048 momentum
1035 4993 1318 5061 quiescens
1343 5030 1358 5055 ,
1403 4990 1627 5045 aiebat:
1668 4973 1828 5042 Modo
1875 5005 1904 5039 ιι
1929 5002 1959 5040 ε

369 5089 813 5158 castigaverunt,
888 5086 1015 5156 quia
1084 5084 1410 5155 pauperibus
1480 5083 1958 5146 mendicantibus,

371 5182 714 5251 maximeque
745 5179 1068 5250 Scotigenis,
1101 5193 1206 5231 non
1237 5177 1394 5231 modo
1421 5176 1550 5231 nihil
1579 5176 1722 5240 dedi,
1751 5175 1842 5230 sed
1868 5190 1962 5229 eos

370 5274 560 5338 etiam,
597 5273 741 5343 quod
774 5271 1094 5342 ﬂagitiosum
1122 5280 1237 5333 est,
1266 5270 1574 5337 frequen-ter
1615 5269 1777 5323 irrisi.
1817 5268 1944 5321 Bur-

373 5380 468 5418 sus
497 5365 834 5434 ingeminans
858 5363 1119 5418 stridores
1160 5371 1214 5415 et
1241 5361 1489 5431 gemitus,
1519 5362 1796 5414 asserebat
1825 5375 1959 5429 quo-

376 5458 522 5511 niam
553 5473 648 5511 sex
680 5471 929 5511 nummos
958 5469 988 5509 a
1031 5454 1262 5524 quadam
1295 5453 1451 5506 vidua
1493 5449 1816 5521 paupercula
1848 5466 1963 5503 mu-

378 5560 500 5602 tuos
534 5549 716 5618 accepi
740 5589 754 5610 ,
782 5555 835 5602 et
873 5546 1098 5601 reddere
1127 5545 1302 5606 nolui;
1335 5551 1465 5613 quot
1491 5543 1686 5612 pedum
1720 5541 1967 5611 passibus

380 5639 468 5693 illa
500 5638 792 5701 laboravit,
836 5636 960 5692 dum
991 5651 1082 5690 eos
1111 5633 1176 5688 ad
1209 5650 1295 5687 me
1325 5633 1586 5687 veniendo
1626 5631 1925 5700 requireret
1951 5671 1967 5690 ,

385 5742 464 5787 tot
493 5745 620 5800 ergo
652 5747 792 5784 nunc
836 5729 972 5785 ictus
1008 5727 1072 5783 de
1099 5735 1408 5782 sanctorum
1452 5725 1700 5780 manibus
1745 5723 1968 5793 pertuli,

2057 4625 2156 4679 bas
2179 4623 2407 4678 accedit.
2433 4620 2535 4688 Qui
2567 4621 2844 4683 nimirum,
2871 4618 3012 4674 sicut
3036 4619 3194 4673 beato
3221 4613 3429 4669 Danieli
3450 4628 3650 4681 cogna-

2062 4715 2207 4768 tione
2232 4711 2474 4782 jungitur
2511 4710 2764 4774 nominis,
2795 4710 2876 4765 sic
2905 4724 3026 4763 eum
3057 4708 3124 4760 ab
3160 4705 3252 4760 illo
3284 4718 3393 4758 non
3435 4711 3651 4770 separat

2063 4805 2292 4859 assertio
2329 4801 2595 4857 veritatis.
2643 4801 2742 4856 llic
2780 4801 2962 4869 itaque
3011 4797 3139 4852 mihi
3191 4793 3391 4863 aliquid
3439 4802 3651 4854 narrat,

2021 4969 2028 4973 .
2064 4896 2208 4965 quod
2233 4895 2346 4964 ipsa
2368 4894 2507 4948 ratio
2527 4891 2819 4962 persuadet
2845 4900 2902 4944 ut
2922 4889 3176 4945 scribam.
3205 4884 3426 4948 Servus,
3452 4884 3646 4952 inquit,

2067 4987 2160 5041 Dei
2204 4985 2571 5056 Neapolitana:
2618 4982 2854 5054 regionis
2904 4981 2956 5034 in
2987 4986 3254 5049 praerupta
3301 4991 3452 5046 rupe,
3497 4975 3653 5042 juxta

2067 5079 2206 5131 viam
2251 5075 2522 5147 publicam
2571 5073 2845 5128 solitarius
2897 5069 3195 5125 habitabat.
3249 5065 3655 5132 Qui‘nirnirum

2067 5172 2193 5226 dum
2226 5178 2490 5224 nocturno
2519 5177 2763 5236 tempore
2791 5163 3068 5234 psalleret,
3109 5168 3166 5214 et
3207 5157 3500 5214 fenestram
3548 5157 3658 5211 cel-

2067 5263 2186 5318 lulae
2221 5262 2476 5317 horarum
2505 5258 2814 5330 explorator
2842 5254 3096 5324 aperiret,
3127 5266 3258 5307 ecce
3285 5251 3434 5307 videt
3460 5249 3658 5304 multos

2066 5354 2251 5424 nigros
2265 5353 2512 5407 homines
2527 5360 2576 5403 ta
2585 5362 2782 5418 nquam
2796 5345 3082 5414 Ethiopes
3100 5345 3200 5398 iter
3212 5357 3459 5413 carpere,
3476 5349 3529 5395 et
3544 5340 3660 5393 lon-

2069 5463 2138 5518 go
2165 5456 2340 5502 tractu
2355 5453 2578 5500 onustos
2593 5444 2715 5497 feno
2729 5441 3026 5513 sagmarius
3041 5440 3393 5496 comminare.
3409 5436 3486 5492 Cu
3497 5449 3656 5504 mque

2071 5557 2164 5596 eos
2202 5540 2450 5595 curiosus
2497 5537 2815 5606 inquireret,
2867 5535 2958 5604 qui
3013 5541 3216 5597 essent,
3267 5530 3529 5601 cujusque
3582 5527 3658 5578 rei

2073 5632 2243 5702 gratia
2281 5631 2398 5685 haec
2439 5629 2805 5699 iumentorum
2850 5624 3044 5694 pabula
3095 5615 3660 5696 devectarentzMali-

2080 5725 2188 5795 gni,
2221 5722 2488 5793 inquiunt,
2513 5720 2735 5792 spiritus
2759 5733 2964 5784 sumus,
2989 5725 3038 5771 et
3059 5728 3313 5786 paramus
3337 5725 3440 5767 non
3465 5705 3660 5779 pabula
