4148 5358
530 330 635 386 459

992 323 1053 382 S.
1091 320 1295 380 PETRI
1336 314 1620 376 DMllANl
1659 310 1809 371 OPP.
1842 308 2077 369 TOMUS
2115 302 2246 364 SEU
2285 302 2468 361 PARS
2507 298 3065 361 lll.-OPUSCULA
3107 298 3334 355 VARIA.

3699 296 3815 353 ιιο

535 448 822 519 pecoribus
846 440 1073 504 alendis,
1104 437 1200 495 sed
1226 436 1463 492 fomenta
1494 431 1674 503 potius
1709 429 1911 502 ignium
1938 424 2114 480 lmmi-
2148 432 2191 489 Α
2291 419 2443 473 Alius
2473 431 2691 488 quoque
2723 413 3009 486 presbyter
3038 421 3268 467 matrem
3309 426 3465 467 suam
3506 410 3812 466 Beneventi

532 516 694 595 nibus
718 530 1118 592 comburendis.
1165 527 1549 584 Praestolamur
1593 522 1740 578 enim
1787 520 1839 574 in
1881 516 2128 589 proximo

533 631 833 704 principem
853 627 1049 695 Capuae
1071 622 1472 693 Pandnlphnm,
1494 619 1584 691 qui
1604 616 1719 689 jam
1743 612 2013 671 decumbit
2037 629 2051 678 ;
2074 620 2129 666 et

534 723 797 779 Joannem
836 720 1157 791 magistrum
1205 714 1433 770 militum
1465 709 1831 781 Neapolitana
1869 704 2126 767 civitatis,

536 815 629 887 qui
654 812 830 869 adhuc
859 808 1146 873 incolumis
1180 805 1333 862 vivit.
1384 803 1531 865 Illico
1577 802 1662 855 vir
1709 799 1798 853 Dei
1846 794 2127 866 pra-fatum

534 906 799 968 Joannem
829 902 1057 973 impiger
1084 900 1238 963 adiit,
1269 912 1389 968 qua:
1420 896 1629 950 viderat
1684 902 1912 967 qna-que
1946 886 2130 940 audie-

538 1008 625 1055 rat
678 997 909 1055 ﬁdeliter
936 1004 1128 1053 cuncta
1171 990 1431 1051 narravit.
1463 988 1567 1044 Per
1596 986 1735 1049 idem
1789 994 1999 1054 tempus
2033 984 2130 1037 im-

535 1096 757 1156 perator
780 1082 913 1142 Otto
941 1067 1233 1147 secundus,
1278 1082 1539 1136 adversus
1581 1079 1883 1149 Saracenos
1911 1074 2129 1145 praelia-

540 1189 716 1240 turus.
747 1175 1057 1232 Calabriam
1088 1173 1396 1229 festinabat.
1422 1170 1518 1233 llis
1544 1170 1705 1241 igitur
1726 1167 1947 1228 auditis.
1967 1165 2129 1221 Joan-

539 1284 638 1329 nes
669 1269 747 1322 ait
773 1284 787 1322 :
812 1266 971 1325 Modo,
996 1280 1094 1321 nos
1123 1279 1345 1327 necesse
1366 1271 1448 1317 est
1473 1258 1786 1330 imperatori
1820 1264 2132 1311 reverenter

538 1377 850 1426 occurrere,
876 1369 1071 1417 etcum
1102 1374 1167 1414 eo
1186 1357 1344 1414 simul
1371 1358 1437 1413 de
1461 1356 1620 1427 hujus
1651 1364 1809 1409 terrae
1834 1360 1977 1406 statu
2007 1366 2132 1421 pro-

536 1450 665 1513 vida
694 1448 1127 1510 consideratione
1172 1456 1426 1504 tractare.
1474 1445 1644 1500 Porro
1678 1452 1800 1514 post
1841 1443 2131 1511 imperato-

536 1546 619 1601 ris
657 1544 975 1600 abscessum
1004 1541 1245 1612 spondeo
1266 1539 1428 1611 5.37
1473 1536 1729 1609 quoniam
1773 1544 1828 1591 et
1877 1532 2130 1590 sreculum

536 1636 818 1702 deseram,
841 1644 896 1692 et
923 1634 1173 1692 monachi
1212 1633 1418 1689 ordinis
1444 1631 1686 1691 habitum
1722 1644 1953 1691 sumam.

614 1728 683 1788 Ut
708 1737 891 1790 autem
929 1727 1184 1798 probaret
1237 1734 1416 1780 utrum
1462 1738 1649 1779 verum
1676 1731 1821 1777 esset
1874 1720 2015 1790 quod
2044 1717 2132 1772 ille

534 1819 816 1886 narrabat,
844 1821 1091 1875 nuntium
1138 1817 1386 1889 protinus
1417 1814 1485 1871 ad
1514 1814 1711 1870 mmnia
1757 1812 2007 1883 Capuana
2053 1811 2127 1866 di-

531 1913 698 1979 rexit,
722 1914 812 1983 qui
836 1913 1062 1969 veniens
1084 1910 1457 1981 Pandulphum
1474 1908 1588 1978 jam
1610 1915 1883 1963 mortuum
1906 1905 2126 1975 reperit.

531 2003 653 2076 Ipse
706 2020 923 2076 quoque
975 2006 1235 2078 magister
1276 2003 1505 2058 militum
1532 2000 1788 2063 Joannes,
1836 2005 2126 2065 antequam

533 2098 659 2154 illas
686 2109 874 2167 partes
901 2082 1197 2167 imperator
1222 2097 1532 2165 attingeret,
1566 2092 1652 2154 vix
1680 2091 1870 2149 diebus
1896 2089 2124 2160 quinde-

448 2196 453 2203 ‘
533 2190 642 2243 eim
668 2190 989 2258 supervixit.
1029 2191 1147 2257 Quo
1194 2198 1409 2244 mortuo
1451 2201 1605 2240 mons
1653 2184 1939 2249 Vesuvius,
1986 2181 2127 2236 unde

530 2281 785 2347 videlicet
825 2282 1069 2351 gehenna
1127 2279 1441 2350 frequenter
1485 2284 1737 2339 eructat,
1776 2275 1828 2328 in
1878 2273 2127 2327 ﬂammas

532 2372 744 2444 erupit;
784 2381 844 2428 ut
881 2373 1087 2443 liquido
1118 2372 1445 2443 probaretur
1498 2368 1627 2438 quia
1670 2366 1854 2420 fenum
1916 2363 2061 2434 quod
2093 2378 2123 2416 a

536 2463 877 2527 damonibus
925 2462 1254 2532 parabatur,
1302 2460 1379 2515 nil
1435 2458 1581 2521 aliud
1638 2456 1739 2514 fuit
1799 2454 1901 2513 nisi
1983 2451 2125 2521 ignis

536 2553 711 2619 trucis
749 2554 1011 2620 incendii,
1056 2554 1147 2623 qui
1194 2551 1376 2625 pravis
1424 2566 1488 2605 ac
1534 2548 1784 2617 reprobis
1813 2543 2125 2600 hominibus

540 2649 865 2709 debebatur.
926 2647 1063 2703 Nam
1112 2645 1543 2716 quandoeunque
1601 2644 1654 2701 in
1715 2641 1821 2701 illis
1876 2636 2123 2709 partibus

538 2741 807 2811 reprobus
838 2739 988 2794 dives
1017 2738 1268 2802 moritur,
1294 2737 1433 2809 ignis
1459 2749 1746 2805 erumpere
1770 2734 1834 2789 de
1861 2732 2121 2802 prmdicto

534 2845 726 2894 urente
756 2835 995 2898 videtur,
1045 2844 1305 2903 tantaque
1340 2830 1647 2901 sulphurea:
1685 2828 1880 2885 resinae
1924 2841 2123 2899 conge-

531 2929 645 2987 ries
678 2943 744 2981 ex
796 2927 915 2997 ipso
962 2926 1200 2983 Vesuvio
1247 2924 1505 2993 protinus
1546 2920 1684 2986 fluit,
1726 2930 1786 2975 ut
1823 2928 2120 2975 torrentem

536 3019 724 3081 faciat,
754 3027 917 3088 atque
945 3016 1271 3081 decurrente
1306 3015 1509 3084 impetu
1537 3013 1588 3068 in
1623 3027 1776 3079 mare
1804 3011 2117 3072 descendat.

533 3110 639 3167 Ubi
692 3108 903 3169 scilicet
951 3106 1314 3177 corporaliter
1364 3104 1536 3160 videri
1594 3111 1791 3175 potest,
1856 3101 2001 3171 quod
2062 3100 2114 3154 in

536 3202 861 3273 Apocalypsi
908 3200 1134 3257 Joannis
1186 3201 1252 3255 de
1305 3198 1553 3269 reprohis
1596 3197 1801 3253 dicitur
1850 3214 1863 3249 :
1917 3215 1935 3247 ι

534 3312 667 3367 pars
693 3296 909 3351 illorum
935 3295 1041 3349 erit
1062 3296 1115 3349 in
1146 3302 1338 3363 stagno
1360 3291 1571 3346 ardenti
1601 3290 1819 3361 igneyet
1840 3289 2119 3360 sulphure,

536 3388 685 3458 quod
711 3397 795 3442 est
818 3402 966 3440 mors
996 3385 1235 3449 secunda
1267 3385 1452 3456 (Apoc.
1485 3399 1600 3448 xix,
1638 3382 1754 3452 20).
1792 3401 1811 3434 ι

611 3478 906 3533 Enimvero
926 3484 982 3531 et
1012 3475 1385 3535 Salernitanus
1414 3474 1669 3545 princeps
1695 3471 1847 3536 illius.
1871 3470 2125 3531 videlicet

534 3569 840 3628 Guaimarii
872 3583 1033 3637 reque
1077 3565 1361 3637 principis,
1398 3564 1490 3634 qui
1539 3571 1666 3619 ante
1703 3578 1810 3617 non
1861 3561 2125 3630 plurimos

536 3678 714 3720 annos
741 3677 841 3731 pro
872 3659 1056 3715 multis
1083 3658 1353 3713 violentiis
1382 3665 1546 3727 atque
1573 3652 1873 3726 tyrannicis
1902 3660 2125 3729 oppres-

533 3754 785 3811 sionibus
812 3766 1033 3807 suorum
1064 3750 1256 3822 gladiis
1283 3749 1643 3818 interemptus
1673 3754 1777 3810 est,
1809 3759 1965 3807 avus,
1998 3757 2124 3797 cum

531 3845 729 3918 procul
775 3842 1079 3914 aspexisset
1123 3841 1359 3912 quadam
1409 3839 1498 3895 die
1547 3836 1615 3892 de
1644 3835 1902 3906 praedicto
1942 3839 2125 3887 monte

538 3938 776 3994 Vesuvio
804 3938 990 4007 piceas
1031 3944 1195 4005 atque
1243 3932 1567 4002 sulphureas
1606 3934 1830 3998 repente
1877 3924 2124 3980 ﬂammas

537 4043 850 4098 erumpere,
899 4026 1150 4097 protinus
1196 4025 1274 4079 ait
1308 4040 1321 4077 :
1355 4020 1554 4077 Procul
1605 4018 1769 4075 dubio
1821 4015 2124 4071 sceleratus

540 4119 742 4191 aliquis
788 4118 940 4174 dives
971 4117 1024 4171 in
1072 4115 1323 4187 proximo
1378 4112 1680 4167 moriturus
1723 4116 1809 4163 est
1847 4113 2011 4175 atque
2056 4103 2123 4158 ad

536 4213 747 4284 inferos
795 4212 1173 4281 descensurus.
1238 4206 1369 4272 Sed,
1419 4220 1453 4259 ο
1506 4217 1648 4259 οωοει
1693 4215 1848 4255 mens
1906 4194 2121 4267 reprobi

534 4305 797 4369 hominis,
842 4305 951 4358 imo
984 4302 1228 4357 terribile
1276 4314 1442 4370 super
1479 4312 1580 4353 nos
1616 4294 1878 4367 judicium
1919 4289 2122 4347 Condi-

535 4399 708 4465 torisl
755 4396 1168 4466 superveniente
1191 4393 1459 4464 siquidem
1501 4390 1748 4460 proxima
1783 4393 1965 4447 nocte,
1996 4382 2124 4437 dum

535 4508 764 4551 seem-us.
817 4507 941 4549 cum
1007 4488 1297 4544 meretrice
1348 4483 1768 4544 concumberet,
1832 4473 2121 4545 expiravit.

538 4582 710 4649 Quem
768 4579 876 4638 illa.
932 4587 992 4631 ιιι
1035 4576 1378 4646 postmodum
1430 4571 1724 4633 referebat,
1774 4566 1906 4636 quid
1945 4561 2121 4629 conti-

535 4673 706 4745 gisset
752 4671 1040 4743 ignorans,
1094 4668 1301 4723 diutius
1344 4664 1597 4736 pertulit,
1649 4670 1704 4716 et
1759 4661 1847 4714 vix
1901 4657 2119 4711 tandem

535 4779 569 4818 a
599 4777 657 4817 se
679 4778 784 4816 non
817 4762 1115 4825 hominem,
1142 4757 1235 4814 sed
1261 4758 1496 4827 cadaver
1524 4751 1776 4823 exanime
1803 4747 2120 4821 prostituta,

537 4856 757 4929 dejecit.

1166 4945 1393 5003 CAPLT
1434 4944 1499 4999 Χ.

678 5062 753 5117 De
791 5066 1091 5133 presbytero.
1125 5063 1214 5133 qui
1243 5063 1295 5115 iu
1336 5060 1558 5115 Vesuvio
1587 5068 1758 5111 monte
1789 5057 1961 5125 periit.

614 5157 845 5224 Quidam
875 5169 1136 5226 praeterea
1170 5157 1224 5211 in
1261 5154 1633 5226 Neapolitanis
1678 5150 1925 5219 partibus
2000 5164 2127 5216 prc-

543 5250 732 5317 sbyter
761 5244 950 5299 volens
994 5246 1219 5307 certius,
1253 5247 1397 5315 quod
1433 5260 1541 5298 non
1580 5242 1801 5302 licebat,
1826 5239 2126 5300 addiscere,

759 5333 847 5358 ..ιιζ
907 5334 1204 5358 ι-Αι-Α-..-ΙΑ
1272 5336 1588 5358 ι.-..ΑιΙ.---“
1657 5333 1954 5358 ...ιη-ιηηιῖιιυ
2008 5341 2102 5358 Δ...

1982 3194 2117 3262 Quia
2148 3180 2193 3242 C

2151 4536 2199 4594 Ι)

2231 508 2525 577 reliquerat
2573 512 2951 577 aegrotantem,
3011 517 3242 572 cumque
3286 516 3384 571 per
3426 500 3815 570 Neapolitanos

2228 597 2365 652 fines
2406 595 2627 651 domino
2676 609 2776 649 suo
2812 592 3130 648 comitatum
3182 592 3472 660 praeberet,
3522 590 3811 644 exundan-

2232 689 2377 743 tibus
2405 686 2640 741 llammis
2669 684 2980 747 intendens,
3006 681 3298 736 clamorem
3322 679 3557 749 lugentis
3579 678 3813 743 audivit,

2229 794 2390 849 quem
2419 794 2532 833 sum
2559 775 2750 831 matris
2778 788 2899 829 esse
2926 770 3115 843 procul
3141 769 3305 825 dubio
3334 767 3665 839 recognovit.
3700 767 3811 822 Noe

2231 872 2365 925 tavit
2394 871 2603 931 horam,
2630 877 2685 923 et
2712 876 2839 922 tunc
2864 862 3271 922 evidentissime
3293 861 3559 931 comperit
3581 868 3814 918 matrem

2229 963 2399 1018 inisse
2435 961 2769 1016 defunctam.
2800 992 2807 1003 η

2302 1052 2375 1108 Ut
2403 1051 2570 1122 igitur
2599 1049 2667 1104 ad
2701 1045 2980 1120 superiora
3006 1044 3317 1107 redeamus,
3345 1038 3706 1108 suﬁiciatjam
3729 1040 3815 1093 bis

2229 1139 2513 1194 duodenos
2547 1145 2768 1192 sanctos
2805 1145 3154 1189 enumerasse
3194 1129 3497 1199 pontiﬁces,
3526 1129 3617 1199 qui
3646 1126 3814 1187 divini

2230 1228 2434 1284 amoris
2462 1227 2587 1298 igne
2624 1224 2898 1280 ferventes
2935 1223 3005 1278 ab
3035 1219 3401 1277 ecclesiastica
3449 1219 3815 1274 decreverunt

2230 1317 2702 1374 administratione
2733 1316 3019 1380 desistere,
3051 1320 3111 1367 ut
3146 1311 3381 1366 terrenis
3418 1308 3631 1364 actibus
3651 1322 3817 1376 expe-

2231 1411 2351 1478 diti,
2378 1411 2488 1466 Deo
2509 1416 2729 1480 possent
2755 1406 2962 1461 arctius
2998 1415 3162 1473 atque
3177 1401 3501 1463 familiarius
3522 1399 3812 1459 inbmrere.

2230 1500 2299 1557 Hi
2352 1499 2608 1555 nimirum
2657 1494 2954 1552 venerandi
3004 1491 3173 1564 5.38
3214 1488 3496 1559 praesules,
3554 1496 3813 1557 tanquam

2233 1606 2422 1647 revera
2448 1588 2637 1660 viginti
2673 1594 2910 1657 quatuor
2939 1583 3202 1644 seniores.
3225 1579 3519 1651 procidunt
3545 1586 3674 1633 ante
3710 1577 3811 1633 Se—

2234 1680 2450 1735 dentem
2488 1678 2542 1732 in
2576 1677 2794 1738 throno,
2828 1680 2885 1728 et
2926 1672 3159 1727 adorant
3201 1670 3468 1727 viventem
3510 1669 3563 1723 in
3614 1666 3815 1725 saecula

2158 1794 2202 1852 Β
2234 1769 2575 1834 saeculorum,
2635 1767 2915 1822 mittentes
2953 1776 3184 1818 coronas
3224 1776 3349 1816 suas
3395 1772 3521 1815 ante
3557 1760 3812 1814 thronum

2231 1856 2443 1913 Domini
2461 1855 2648 1927 (Apoc.
2669 1851 2766 1923 tv).
2797 1851 3038 1908 Coronas
3062 1864 3254 1917 nempe
3282 1862 3410 1917 suas
3432 1856 3575 1901 ante
3591 1846 3805 1907 Domini

2229 1951 2483 2005 thronum
2532 1946 2779 2009 mittunt,
2831 1943 2956 1997 dum
3004 1949 3325 1997 ornamenta
3355 1938 3585 2009 propria:
3629 1936 3811 2007 digni—

2228 2041 2356 2097 tatis
2383 2054 2483 2110 pro
2520 2037 2639 2107 ejus
2670 2050 2858 2091 amore
2900 2034 3196 2104 deponunt.
3231 2031 3314 2087 Ad
3362 2046 3550 2085 eorum
3592 2044 3813 2100 quoque

2226 2131 2640 2189 similitudinem
2688 2126 2899 2199 phialas
2927 2138 3124 2179 aureas
3155 2123 3355 2177 habent
3386 2120 3574 2190 plenas
3613 2119 3810 2174 odora-

2227 2233 2558 2288 mentorum,
2590 2236 2711 2291 qua:
2738 2227 2863 2275 sunt
2889 2217 3166 2297 orationes
3192 2223 3538 2278 sanctorum;
3567 2211 3720 2282 quia,
3750 2219 3813 2265 ut

2226 2319 2473 2390 puriores
2508 2315 2616 2369 Deo
2647 2315 2859 2369 valeant
2883 2311 3159 2367 orationes
3182 2309 3234 2362 in
3256 2308 3479 2364 odorere
3510 2304 3801 2362 suavitatis

2225 2409 2445 2473 oll‘erre,
2473 2405 2686 2463 cunctis
2713 2419 2773 2460 se
2816 2401 3003 2459 mundi
3029 2398 3189 2469 hujus
3216 2398 3436 2454 student
3468 2396 3682 2452 actibus
3720 2408 3810 2449 se-

2227 2514 2477 2573 gregare.

2298 2590 2464 2645 Plane
2510 2587 2614 2643 nisi
2666 2583 2929 2656 longioris
2972 2581 3096 2653 styli
3158 2578 3435 2634 fastidium
3485 2576 3815 2643 devitarem,

2226 2680 2441 2741 beatum
2473 2693 2688 2749 quoque
2714 2673 3068 2731 Athanasium
3098 2670 3186 2726 his
3221 2667 3810 2730 noninconvenienter

2225 2786 2571 2843 apponerem.
2634 2770 2736 2837 Qui
2799 2765 3047 2822 videlicet
3094 2762 3196 2818 sub
3241 2760 3444 2814 Ariano
3491 2775 3616 2828 rege
3663 2756 3807 2817 Con-

2225 2865 2426 2921 stantio
2473 2862 2770 2919 Ecclesiam
2804 2855 3087 2921 deferens,
3138 2850 3411 2924 ergastulo
3439 2865 3499 2905 se
3527 2847 3806 2917 cujusdam

2224 2965 2427 3017 sanctae
2467 2954 2711 3009 mulieris
2749 2947 3037 3014 immersit,
3088 2946 3268 3015 ibique
3314 2942 3589 3015 geminato
3636 2941 3806 3001 trien—

2226 3047 2337 3111 nio,
2373 3052 2572 3113 prmter
2611 3038 3061 3101 cohabitatriccm
3104 3048 3280 3096 suam,
3330 3030 3542 3085 cunctis
3590 3030 3809 3097 ignotus

2227 3136 2549 3200 mortalibus
2579 3133 2757 3188 latuit.
2789 3128 3041 3185 Poteram
3077 3133 3132 3181 et
3159 3120 3530 3178 beatissimum
3562 3118 3646 3171 bis
3672 3132 3807 3171 con-

2226 3244 2521 3288 numerare
2548 3226 2871 3286 Martinam;
2904 3220 2995 3291 qui
3011 3217 3103 3288 jus
3128 3212 3450 3285 episcopalis
3477 3211 3635 3266 cilicii
3663 3210 3809 3268 velut

2225 3338 2290 3379 ex
2320 3320 2557 3391 quadam
2594 3324 2748 3387 parte
2784 3309 3047 3372 deseruit,
3092 3307 3218 3367 dum
3252 3302 3429 3359 tribus
3458 3300 3572 3354 fere
3620 3298 3805 3353 lustris

2226 3390 2353 3467 ante
2383 3410 2592 3469 obitum
2640 3420 2823 3470 suum,
2869 3411 2930 3456 ut
2975 3400 3086 3455 Deo
3132 3393 3457 3453 familiarius
3508 3390 3735 3454 viveret,
3777 3405 3809 3442 a

2226 3504 2471 3562 conciliis
2496 3519 2556 3563 se
2577 3498 2936 3572 synodalibus
2961 3492 3208 3549 funditus
3234 3485 3563 3547 absentavit.

2300 3596 2526 3651 Beatum
2555 3605 2775 3663 quoque
2800 3578 3135 3644 Gaudiosuin
3169 3595 3274 3634 non
3293 3578 3589 3646 incongrue
3616 3586 3809 3642 super-

2225 3688 2507 3749 adderem,
2557 3684 2648 3755 qui
2686 3682 2812 3737 dum
2842 3671 3194 3733 Abitunensis
3214 3667 3488 3730 Ecclesiae,
3520 3680 3640 3734 qua:
3667 3664 3814 3719 vide-

2225 3777 2355 3833 licet
2382 3775 2659 3831 Africanae
2693 3769 2947 3829 ditecesis
3000 3773 3107 3829 est,
3156 3760 3470 3818 cathedram
3513 3756 3808 3818 obtineret,

2226 3864 2504 3923 Wandalis
2529 3862 2768 3928 Africam
2797 3853 3222 3921 devastantibus,
3249 3864 3370 3911 cum
3404 3845 3460 3901 S.
3491 3843 3795 3912 Quodvult-

2227 3957 2334 4013 deo
2394 3970 2458 4010 ac
2498 3954 2712 4010 caeteris
2740 3946 3062 4022 praesulibus
3091 3942 3246 4013 fugit,
3273 3948 3330 3995 et
3368 3938 3420 3990 in
3468 3934 3811 4003 Parthenope

2226 4048 2443 4103 civitate
2482 4041 2869 4105 monasterium
2895 4034 3156 4097 condidit.
3190 4031 3245 4089 Si
3281 4024 3522 4098 ergoille
3556 4023 3694 4093 fugit
3752 4031 3814 4085 ut

2228 4134 2617 4192 Wandalorum
2661 4131 2916 4187 evaderet
2967 4123 3192 4196 gladios,
3244 4126 3448 4188 quanto
3489 4113 3667 4182 magis
3711 4127 3814 4184 ego

2229 4231 2451 4297 laqueos
2479 4236 2701 4281 :eternze
2727 4219 2918 4276 mortis
2942 4216 3181 4291 effugere
3210 4207 3415 4269 debeo?

2299 4294 2524 4387 Sergius
2547 4316 2712 4370 etiam
2752 4308 3095 4380 metropolita
3137 4299 3375 4367 Damasci
3408 4312 3513 4361 non
3546 4294 3810 4357 inconve-

2224 4388 2446 4461 Inienter
2479 4403 2565 4457 his
2594 4408 2781 4472 posset
2812 4398 3051 4460 annecti,
3083 4393 3174 4464 qui
3198 4386 3489 4449 Ecclesiam
3524 4397 3680 4438 suam
3714 4397 3815 4450 pro

2227 4496 2431 4552 (thristi
2456 4508 2644 4548 amore
2668 4491 2931 4554 deseruit,
2959 4498 3016 4544 et
3041 4489 3264 4541 Romam
3291 4477 3613 4551 peregrinus
3639 4475 3816 4535 adve-

2229 4589 2337 4650 nit;
2373 4586 2758 4656 rcperiensque
2788 4582 3069 4637 beatorum
3100 4572 3358 4630 Bonifacii
3407 4579 3462 4622 et
3496 4567 3675 4631 Alexii
3720 4567 3815 4619 ba-

2229 4681 2439 4744 silicam
2471 4674 2904 4733 sacerdotalibus
2944 4684 3082 4743 pene
3109 4667 3298 4723 oiliciis
3336 4662 3677 4723 destitutam,
3713 4658 3811 4718 Be-

2231 4773 2503 4828 nedictum
2553 4771 2815 4835 Romana:
2843 4770 2987 4823 sedis
3016 4762 3314 4819 antistitem
3341 4758 3499 4822 adiit,
3545 4765 3712 4824 atque
3754 4763 3812 4815 ut

2230 4882 2289 4929 se
2334 4862 2774 4936 monasterialem
2816 4861 2887 4915 ibi
2923 4859 3259 4929 permitteret
3313 4848 3554 4919 regulam
3602 4845 3809 4901 consti-

2234 4970 2407 5024 tuere,
2437 4955 2689 5026 precibus
2721 4951 3054 5023 impetravit.
3089 4946 3191 5003 Ubi
3226 4945 3481 5000 nimirum
3512 4941 3815 5012 longopost

2231 5065 2479 5123 tempore
2510 5051 2763 5121 religiose
2801 5049 3009 5118 degens.
3033 5045 3197 5101 vitam
3231 5040 3423 5097 finivit.

2303 5143 2500 5197 Beatus
2533 5153 2764 5210 quoque
2808 5136 3123 5206 Gregorius,
3169 5132 3313 5189 sicut
3347 5130 3401 5184 in
3435 5126 3653 5201 registri
3696 5126 3811 5197 ejus

2230 5232 2501 5302 reperitur
2552 5214 2817 5289 Historia:
2855 5227 3029 5281 tribus
3068 5221 3344 5292 episcopis,
3377 5218 3565 5287 prima:
3605 5215 3811 5271 scilicet

2412 5324 2548 5358 ἱηηω
2614 5319 2934 5358 Ariminnnei
3002 5326 3057 5358 Μ.
3100 5315 3261 5358 lar-lin
3304 5311 3517 5358 cuidam
3564 5325 3663 5358 nm
3700 5306 3809 5358 sola

2234 5323 2548 5358 Inclininnm
