  <div class='ocr_page' id='page_1' title='image "/cluster/home/n/w/nwhite01/storage/ocr_20150623/145/hvd.32044015471824/228.png"; bbox 0 0 4132 6324; ppageno 0'>
   <div class='ocr_carea' id='block_1_1' title="bbox 335 327 426 385">
    <p class='ocr_par' dir='ltr' id='par_1_1' title="bbox 335 327 426 385">
     <span class='ocr_line' id='line_1_1' title="bbox 335 327 426 385; baseline -0.033 0"><span class='ocrx_word' id='word_1_1' title='bbox 335 327 426 385; x_wconf 60' lang='grc' dir='ltr'><strong>ιιι</strong></span> 
     </span>
    </p>
   </div>
   <div class='ocr_carea' id='block_1_2' title="bbox 966 325 2922 396">
    <p class='ocr_par' dir='ltr' id='par_1_2' title="bbox 966 325 2922 396">
     <span class='ocr_line' id='line_1_2' title="bbox 966 325 2922 396; baseline 0.005 -13"><span class='ocrx_word' id='word_1_2' title='bbox 966 325 1202 385; x_wconf 58' lang='lat' dir='ltr'><strong>OPU‘SC.</strong></span> <span class='ocrx_word' id='word_1_3' title='bbox 1248 325 1366 388; x_wconf 83' lang='lat' dir='ltr'><strong>XX.</strong></span> <span class='ocrx_word' id='word_1_4' title='bbox 1392 359 1464 370; x_wconf 88' lang='lat'><strong>--</strong></span> <span class='ocrx_word' id='word_1_5' title='bbox 1489 328 1950 386; x_wconf 80' lang='lat' dir='ltr'><strong>APOLOGETIC.</strong></span> <span class='ocrx_word' id='word_1_6' title='bbox 2004 329 2092 386; x_wconf 80' lang='lat' dir='ltr'><strong>OB</strong></span> <span class='ocrx_word' id='word_1_7' title='bbox 2141 331 2475 393; x_wconf 80' lang='lat' dir='ltr'><strong>DlMlSSUM</strong></span> <span class='ocrx_word' id='word_1_8' title='bbox 2513 335 2922 396; x_wconf 17' lang='lat' dir='ltr'><strong>.EPISCOPAT.</strong></span> 
     </span>
    </p>
   </div>
   <div class='ocr_carea' id='block_1_3' title="bbox 3499 328 3603 393">
    <p class='ocr_par' dir='ltr' id='par_1_3' title="bbox 3499 328 3603 393">
     <span class='ocr_line' id='line_1_3' title="bbox 3499 328 3603 393; baseline 0.01 -1"><span class='ocrx_word' id='word_1_9' title='bbox 3499 328 3603 393; x_wconf 65' lang='grc' dir='ltr'><strong>ιη</strong></span> 
     </span>
    </p>
   </div>
   <div class='ocr_carea' id='block_1_4' title="bbox 339 435 3600 523">
    <p class='ocr_par' dir='ltr' id='par_1_4' title="bbox 339 435 3600 523">
     <span class='ocr_line' id='line_1_4' title="bbox 339 435 3600 523; baseline 0.004 -28"><span class='ocrx_word' id='word_1_10' title='bbox 339 455 453 498; x_wconf 77' lang='lat' dir='ltr'><strong>nati</strong></span> <span class='ocrx_word' id='word_1_11' title='bbox 482 448 646 510; x_wconf 89' lang='lat' dir='ltr'><strong>atque</strong></span> <span class='ocrx_word' id='word_1_12' title='bbox 672 435 948 506; x_wconf 68' lang='lat' dir='ltr'><strong>Etherio,</strong></span> <span class='ocrx_word' id='word_1_13' title='bbox 973 441 1242 513; x_wconf 83' lang='lat' dir='ltr'><strong>episcopis</strong></span> <span class='ocrx_word' id='word_1_14' title='bbox 1279 442 1477 498; x_wconf 89' lang='lat' dir='ltr'><strong>missas</strong></span> <span class='ocrx_word' id='word_1_15' title='bbox 1512 443 1734 515; x_wconf 87' lang='lat' dir='ltr'><strong>legerit,</strong></span> <span class='ocrx_word' id='word_1_16' title='bbox 1758 443 1916 498; x_wconf 88' lang='lat' dir='ltr'><strong>dubi-</strong></span> <span class='ocrx_word' id='word_1_17' title='bbox 1950 451 1996 508; x_wconf 80' lang='grc' dir='ltr'><strong>Α</strong></span> <span class='ocrx_word' id='word_1_18' title='bbox 2025 447 2209 503; x_wconf 91' lang='lat' dir='ltr'><strong>multis</strong></span> <span class='ocrx_word' id='word_1_19' title='bbox 2235 447 2493 520; x_wconf 87' lang='lat' dir='ltr'><strong>lacrymis</strong></span> <span class='ocrx_word' id='word_1_20' title='bbox 2519 462 2738 505; x_wconf 88' lang='lat' dir='ltr'><strong>sanctus</strong></span> <span class='ocrx_word' id='word_1_21' title='bbox 2769 454 3056 523; x_wconf 81' lang='lat' dir='ltr'><strong>presbyter</strong></span> <span class='ocrx_word' id='word_1_22' title='bbox 3081 452 3395 508; x_wconf 78' lang='lat' dir='ltr'><strong>accedebat.</strong></span> <span class='ocrx_word' id='word_1_23' title='bbox 3429 445 3600 508; x_wconf 71' lang='lat' dir='ltr'><strong>Post-</strong></span> 
     </span>
    </p>
   </div>
   <div class='ocr_carea' id='block_1_5' title="bbox 339 529 835 600">
    <p class='ocr_par' dir='ltr' id='par_1_5' title="bbox 339 529 835 600">
     <span class='ocr_line' id='line_1_5' title="bbox 339 529 835 600; baseline -0.012 -11"><span class='ocrx_word' id='word_1_24' title='bbox 339 543 456 588; x_wconf 85' lang='lat' dir='ltr'><strong>tare</strong></span> <span class='ocrx_word' id='word_1_25' title='bbox 487 544 593 586; x_wconf 91' lang='lat' dir='ltr'><strong>non</strong></span> <span class='ocrx_word' id='word_1_26' title='bbox 614 529 835 600; x_wconf 89' lang='lat' dir='ltr'><strong>poterit.</strong></span> 
     </span>
    </p>
   </div>
   <div class='ocr_carea' id='block_1_6' title="bbox 944 621 1308 678">
    <p class='ocr_par' dir='ltr' id='par_1_6' title="bbox 944 621 1308 678">
     <span class='ocr_line' id='line_1_6' title="bbox 944 621 1308 678; baseline 0.003 -1"><span class='ocrx_word' id='word_1_27' title='bbox 944 621 1174 678; x_wconf 82' lang='lat' dir='ltr'><strong>CAPUT</strong></span> <span class='ocrx_word' id='word_1_28' title='bbox 1213 623 1308 678; x_wconf 82' lang='lat' dir='ltr'><strong>XI.</strong></span> 
     </span>
    </p>
   </div>
   <div class='ocr_carea' id='block_1_7' title="bbox 443 732 1832 857">
    <p class='ocr_par' dir='ltr' id='par_1_7' title="bbox 443 732 1832 857">
     <span class='ocr_line' id='line_1_7' title="bbox 443 732 1832 857; baseline 0 -67"><span class='ocrx_word' id='word_1_29' title='bbox 443 732 516 790; x_wconf 83' lang='lat' dir='ltr'><strong>De</strong></span> <span class='ocrx_word' id='word_1_30' title='bbox 544 732 714 787; x_wconf 74' lang='lat' dir='ltr'><strong>tribus</strong></span> <span class='ocrx_word' id='word_1_31' title='bbox 744 732 868 787; x_wconf 74' lang='lat' dir='ltr'><strong>aliis</strong></span> <span class='ocrx_word' id='word_1_32' title='bbox 899 733 1171 857; x_wconf 45' lang='lat' dir='ltr'><strong>episcopis!</strong></span> <span class='ocrx_word' id='word_1_33' title='bbox 1185 733 1457 856; x_wconf 46' lang='lat' dir='ltr'><strong>gremia:</strong></span> <span class='ocrx_word' id='word_1_34' title='bbox 1495 753 1619 792; x_wconf 75' lang='lat' dir='ltr'><strong>suas</strong></span> <span class='ocrx_word' id='word_1_35' title='bbox 1654 737 1832 792; x_wconf 81' lang='lat' dir='ltr'><strong>itidem</strong></span> 
     </span>
     <span class='ocr_line' id='line_1_8' title="bbox 976 821 1316 857; baseline 0 0"><span class='ocrx_word' id='word_1_36' title='bbox 976 821 1193 857; x_wconf 77' lang='lat' dir='ltr'><strong>esereni</strong></span> <span class='ocrx_word' id='word_1_37' title='bbox 1236 822 1316 857; x_wconf 77' lang='lat' dir='ltr'><strong>us.</strong></span> 
     </span>
    </p>
   </div>
   <div class='ocr_carea' id='block_1_8' title="bbox 976 821 1316 858">
    <p class='ocr_par' dir='ltr' id='par_1_8' title="bbox 976 821 1316 858">
     <span class='ocr_line' id='line_1_9' title="bbox 976 821 1316 858; baseline 0.003 -1"><span class='ocrx_word' id='word_1_38' title='bbox 976 821 1316 858; x_wconf 77' lang='lat' dir='ltr'><strong>eserentwus.</strong></span> 
     </span>
    </p>
   </div>
   <div class='ocr_carea' id='block_1_9' title="bbox 413 895 1918 969">
    <p class='ocr_par' dir='ltr' id='par_1_9' title="bbox 413 895 1918 969">
     <span class='ocr_line' id='line_1_10' title="bbox 413 895 1918 969; baseline 0.004 -19"><span class='ocrx_word' id='word_1_39' title='bbox 413 897 552 952; x_wconf 75' lang='lat' dir='ltr'><strong>Ecce</strong></span> <span class='ocrx_word' id='word_1_40' title='bbox 593 895 719 950; x_wconf 91' lang='lat' dir='ltr'><strong>dum</strong></span> <span class='ocrx_word' id='word_1_41' title='bbox 770 895 877 951; x_wconf 88' lang='lat' dir='ltr'><strong>illis</strong></span> <span class='ocrx_word' id='word_1_42' title='bbox 923 897 1114 966; x_wconf 90' lang='lat' dir='ltr'><strong>viginti</strong></span> <span class='ocrx_word' id='word_1_43' title='bbox 1169 905 1404 967; x_wconf 84' lang='lat' dir='ltr'><strong>quatuor</strong></span> <span class='ocrx_word' id='word_1_44' title='bbox 1446 899 1732 968; x_wconf 89' lang='lat' dir='ltr'><strong>episc0pis,</strong></span> <span class='ocrx_word' id='word_1_45' title='bbox 1779 915 1918 969; x_wconf 90' lang='lat' dir='ltr'><strong>quos</strong></span> 
     </span>
    </p>
   </div>
   <div class='ocr_carea' id='block_1_10' title="bbox 346 989 1925 1061">
    <p class='ocr_par' dir='ltr' id='par_1_10' title="bbox 346 989 1925 1061">
     <span class='ocr_line' id='line_1_11' title="bbox 346 989 1925 1061; baseline -0.001 -15"><span class='ocrx_word' id='word_1_46' title='bbox 346 990 599 1060; x_wconf 82' lang='lat' dir='ltr'><strong>superius</strong></span> <span class='ocrx_word' id='word_1_47' title='bbox 631 989 1100 1054; x_wconf 89' lang='lat' dir='ltr'><strong>enumeravimus,</strong></span> <span class='ocrx_word' id='word_1_48' title='bbox 1153 1000 1262 1046; x_wconf 90' lang='lat' dir='ltr'><strong>tres</strong></span> <span class='ocrx_word' id='word_1_49' title='bbox 1292 992 1453 1057; x_wconf 87' lang='lat' dir='ltr'><strong>istos,</strong></span> <span class='ocrx_word' id='word_1_50' title='bbox 1498 993 1588 1061; x_wconf 89' lang='lat' dir='ltr'><strong>qui</strong></span> <span class='ocrx_word' id='word_1_51' title='bbox 1623 1002 1843 1048; x_wconf 88' lang='lat' dir='ltr'><strong>auctore</strong></span> <span class='ocrx_word' id='word_1_52' title='bbox 1866 995 1925 1047; x_wconf 85' lang='grc' dir='ltr'><strong>Β.</strong></span> 
     </span>
    </p>
   </div>
   <div class='ocr_carea' id='block_1_11' title="bbox 345 1084 1926 1157">
    <p class='ocr_par' dir='ltr' id='par_1_11' title="bbox 345 1084 1926 1157">
     <span class='ocr_line' id='line_1_12' title="bbox 345 1084 1926 1157; baseline 0.003 -19"><span class='ocrx_word' id='word_1_53' title='bbox 345 1084 625 1154; x_wconf 79' lang='lat' dir='ltr'><strong>Gregorio,</strong></span> <span class='ocrx_word' id='word_1_54' title='bbox 674 1098 802 1138; x_wconf 90' lang='lat' dir='ltr'><strong>suas</strong></span> <span class='ocrx_word' id='word_1_55' title='bbox 852 1084 1178 1139; x_wconf 89' lang='lat' dir='ltr'><strong>dimiserunt</strong></span> <span class='ocrx_word' id='word_1_56' title='bbox 1225 1086 1512 1148; x_wconf 87' lang='lat' dir='ltr'><strong>Ecclesias,</strong></span> <span class='ocrx_word' id='word_1_57' title='bbox 1575 1087 1926 1157; x_wconf 85' lang='lat' dir='ltr'><strong>eopulamus:</strong></span> 
     </span>
    </p>
   </div>
   <div class='ocr_carea' id='block_1_12' title="bbox 347 1173 1928 1245">
    <p class='ocr_par' dir='ltr' id='par_1_12' title="bbox 347 1173 1928 1245">
     <span class='ocr_line' id='line_1_13' title="bbox 347 1173 1928 1245; baseline 0.001 -16"><span class='ocrx_word' id='word_1_58' title='bbox 347 1176 538 1232; x_wconf 86' lang='lat' dir='ltr'><strong>beatos</strong></span> <span class='ocrx_word' id='word_1_59' title='bbox 571 1183 832 1245; x_wconf 64' lang='lat' dir='ltr'><strong>praeterea</strong></span> <span class='ocrx_word' id='word_1_60' title='bbox 877 1173 1209 1230; x_wconf 91' lang='lat' dir='ltr'><strong>Gaudiosum</strong></span> <span class='ocrx_word' id='word_1_61' title='bbox 1267 1185 1432 1245; x_wconf 91' lang='lat' dir='ltr'><strong>atque</strong></span> <span class='ocrx_word' id='word_1_62' title='bbox 1472 1177 1928 1243; x_wconf 86' lang='lat' dir='ltr'><strong>Quodvultdeum,</strong></span> 
     </span>
    </p>
   </div>
   <div class='ocr_carea' id='block_1_13' title="bbox 347 1263 1930 1335">
    <p class='ocr_par' dir='ltr' id='par_1_13' title="bbox 347 1263 1930 1335">
     <span class='ocr_line' id='line_1_14' title="bbox 347 1263 1930 1335; baseline 0.004 -19"><span class='ocrx_word' id='word_1_63' title='bbox 347 1263 596 1333; x_wconf 78' lang='lat' dir='ltr'><strong>Sergium</strong></span> <span class='ocrx_word' id='word_1_64' title='bbox 652 1279 867 1333; x_wconf 89' lang='lat' dir='ltr'><strong>quoque</strong></span> <span class='ocrx_word' id='word_1_65' title='bbox 919 1263 1316 1320; x_wconf 81' lang='lat' dir='ltr'><strong>Daniasccnum</strong></span> <span class='ocrx_word' id='word_1_66' title='bbox 1383 1267 1930 1335; x_wconf 86' lang='lat' dir='ltr'><strong>metropolitam-his</strong></span> 
     </span>
    </p>
   </div>
   <div class='ocr_carea' id='block_1_14' title="bbox 347 1353 1930 1427">
    <p class='ocr_par' dir='ltr' id='par_1_14' title="bbox 347 1353 1930 1427">
     <span class='ocr_line' id='line_1_15' title="bbox 347 1353 1930 1427; baseline 0.001 -19"><span class='ocrx_word' id='word_1_67' title='bbox 347 1353 600 1408; x_wconf 90' lang='lat' dir='ltr'><strong>omnibus</strong></span> <span class='ocrx_word' id='word_1_68' title='bbox 631 1354 1072 1424; x_wconf 88' lang='lat' dir='ltr'><strong>superaddimus,</strong></span> <span class='ocrx_word' id='word_1_69' title='bbox 1110 1356 1334 1426; x_wconf 81' lang='lat' dir='ltr'><strong>triginta</strong></span> <span class='ocrx_word' id='word_1_70' title='bbox 1379 1357 1566 1426; x_wconf 90' lang='lat' dir='ltr'><strong>procul</strong></span> <span class='ocrx_word' id='word_1_71' title='bbox 1609 1359 1795 1422; x_wconf 91' lang='lat' dir='ltr'><strong>dubio,</strong></span> <span class='ocrx_word' id='word_1_72' title='bbox 1837 1358 1930 1427; x_wconf 89' lang='lat' dir='ltr'><strong>qui</strong></span> 
     </span>
    </p>
   </div>
   <div class='ocr_carea' id='block_1_15' title="bbox 349 1443 1929 1516">
    <p class='ocr_par' dir='ltr' id='par_1_15' title="bbox 349 1443 1929 1516">
     <span class='ocr_line' id='line_1_16' title="bbox 349 1443 1929 1516; baseline 0.003 -20"><span class='ocrx_word' id='word_1_73' title='bbox 349 1457 451 1512; x_wconf 94' lang='lat' dir='ltr'><strong>pro</strong></span> <span class='ocrx_word' id='word_1_74' title='bbox 472 1443 656 1497; x_wconf 92' lang='lat' dir='ltr'><strong>divino</strong></span> <span class='ocrx_word' id='word_1_75' title='bbox 682 1458 868 1498; x_wconf 88' lang='lat' dir='ltr'><strong>amore</strong></span> <span class='ocrx_word' id='word_1_76' title='bbox 896 1445 1010 1499; x_wconf 85' lang='lat' dir='ltr'><strong>suis</strong></span> <span class='ocrx_word' id='word_1_77' title='bbox 1040 1446 1489 1501; x_wconf 85' lang='lat' dir='ltr'><strong>renuntiaverunt</strong></span> <span class='ocrx_word' id='word_1_78' title='bbox 1519 1447 1755 1511; x_wconf 84' lang='lat' dir='ltr'><strong>sedibus,</strong></span> <span class='ocrx_word' id='word_1_79' title='bbox 1814 1448 1929 1516; x_wconf 86' lang='lat' dir='ltr'><strong>epi-</strong></span> 
     </span>
    </p>
   </div>
   <div class='ocr_carea' id='block_1_16' title="bbox 349 1535 1935 1608">
    <p class='ocr_par' dir='ltr' id='par_1_16' title="bbox 349 1535 1935 1608">
     <span class='ocr_line' id='line_1_17' title="bbox 349 1535 1935 1608; baseline 0.001 -18"><span class='ocrx_word' id='word_1_80' title='bbox 349 1535 734 1607; x_wconf 67' lang='lat' dir='ltr'><strong>scoposm</strong></span> <span class='ocrx_word' id='word_1_81' title='bbox 790 1536 1114 1591; x_wconf 82' lang='lat' dir='ltr'><strong>invenimus.</strong></span> <span class='ocrx_word' id='word_1_82' title='bbox 1169 1537 1323 1592; x_wconf 86' lang='lat' dir='ltr'><strong>Dicat</strong></span> <span class='ocrx_word' id='word_1_83' title='bbox 1371 1538 1504 1592; x_wconf 91' lang='lat' dir='ltr'><strong>mihi</strong></span> <span class='ocrx_word' id='word_1_84' title='bbox 1561 1546 1935 1608; x_wconf 85' lang='lat' dir='ltr'><strong>perscrutator</strong></span> 
     </span>
    </p>
   </div>
   <div class='ocr_carea' id='block_1_17' title="bbox 350 1627 1934 1698">
    <p class='ocr_par' dir='ltr' id='par_1_17' title="bbox 350 1627 1934 1698">
     <span class='ocr_line' id='line_1_18' title="bbox 350 1627 1934 1698; baseline 0.003 -21"><span class='ocrx_word' id='word_1_85' title='bbox 350 1635 623 1691; x_wconf 75' lang='lat' dir='ltr'><strong>veterum,</strong></span> <span class='ocrx_word' id='word_1_86' title='bbox 659 1627 802 1681; x_wconf 85' lang='lat' dir='ltr'><strong>dicat</strong></span> <span class='ocrx_word' id='word_1_87' title='bbox 843 1627 1221 1692; x_wconf 90' lang='lat' dir='ltr'><strong>historiarum,</strong></span> <span class='ocrx_word' id='word_1_88' title='bbox 1263 1629 1348 1683; x_wconf 92' lang='lat' dir='ltr'><strong>vel</strong></span> <span class='ocrx_word' id='word_1_89' title='bbox 1390 1628 1666 1683; x_wconf 89' lang='lat' dir='ltr'><strong>annalium</strong></span> <span class='ocrx_word' id='word_1_90' title='bbox 1709 1628 1934 1698; x_wconf 87' lang='lat' dir='ltr'><strong>quilibet</strong></span> 
     </span>
    </p>
   </div>
   <div class='ocr_carea' id='block_1_18' title="bbox 354 1719 1929 1790">
    <p class='ocr_par' dir='ltr' id='par_1_18' title="bbox 354 1719 1929 1790">
     <span class='ocr_line' id='line_1_19' title="bbox 354 1719 1929 1790; baseline 0 -18"><span class='ocrx_word' id='word_1_91' title='bbox 354 1719 655 1788; x_wconf 72' lang='lat' dir='ltr'><strong>indagator,</strong></span> <span class='ocrx_word' id='word_1_92' title='bbox 707 1727 789 1775; x_wconf 91' lang='lat' dir='ltr'><strong>tot</strong></span> <span class='ocrx_word' id='word_1_93' title='bbox 835 1719 1040 1775; x_wconf 86' lang='lat' dir='ltr'><strong>sanctis</strong></span> <span class='ocrx_word' id='word_1_94' title='bbox 1083 1720 1331 1790; x_wconf 89' lang='lat' dir='ltr'><strong>patribus</strong></span> <span class='ocrx_word' id='word_1_95' title='bbox 1374 1719 1702 1790; x_wconf 87' lang='lat' dir='ltr'><strong>pastolarem</strong></span> <span class='ocrx_word' id='word_1_96' title='bbox 1745 1728 1929 1774; x_wconf 84' lang='lat' dir='ltr'><strong>custo-</strong></span> 
     </span>
    </p>
   </div>
   <div class='ocr_carea' id='block_1_19' title="bbox 2026 539 3600 614">
    <p class='ocr_par' dir='ltr' id='par_1_19' title="bbox 2026 539 3600 614">
     <span class='ocr_line' id='line_1_20' title="bbox 2026 539 3600 614; baseline 0.004 -22"><span class='ocrx_word' id='word_1_97' title='bbox 2026 539 2244 593; x_wconf 91' lang='lat' dir='ltr'><strong>modum</strong></span> <span class='ocrx_word' id='word_1_98' title='bbox 2287 554 2418 594; x_wconf 92' lang='lat' dir='ltr'><strong>vero</strong></span> <span class='ocrx_word' id='word_1_99' title='bbox 2461 542 2526 595; x_wconf 91' lang='lat' dir='ltr'><strong>ad</strong></span> <span class='ocrx_word' id='word_1_100' title='bbox 2577 543 2892 596; x_wconf 84' lang='lat' dir='ltr'><strong>monasterii</strong></span> <span class='ocrx_word' id='word_1_101' title='bbox 2945 545 3184 614; x_wconf 84' lang='lat' dir='ltr'><strong>regimen</strong></span> <span class='ocrx_word' id='word_1_102' title='bbox 3221 545 3488 599; x_wconf 85' lang='lat' dir='ltr'><strong>violenter</strong></span> <span class='ocrx_word' id='word_1_103' title='bbox 3525 556 3600 599; x_wconf 84' lang='lat' dir='ltr'><strong>at-</strong></span> 
     </span>
    </p>
   </div>
   <div class='ocr_carea' id='block_1_20' title="bbox 2028 631 3602 706">
    <p class='ocr_par' dir='ltr' id='par_1_20' title="bbox 2028 631 3602 706">
     <span class='ocr_line' id='line_1_21' title="bbox 2028 631 3602 706; baseline 0.005 -22"><span class='ocrx_word' id='word_1_104' title='bbox 2028 639 2264 695; x_wconf 83' lang='lat' dir='ltr'><strong>tractus,</strong></span> <span class='ocrx_word' id='word_1_105' title='bbox 2318 631 2529 696; x_wconf 84' lang='lat' dir='ltr'><strong>aiebat,</strong></span> <span class='ocrx_word' id='word_1_106' title='bbox 2572 632 2745 703; x_wconf 93' lang='lat' dir='ltr'><strong>(quod</strong></span> <span class='ocrx_word' id='word_1_107' title='bbox 2797 633 2979 688; x_wconf 78' lang='lat' dir='ltr'><strong>infelix</strong></span> <span class='ocrx_word' id='word_1_108' title='bbox 3029 635 3346 705; x_wconf 86' lang='lat' dir='ltr'><strong>frequenter</strong></span> <span class='ocrx_word' id='word_1_109' title='bbox 3385 646 3441 690; x_wconf 92' lang='lat' dir='ltr'><strong>et</strong></span> <span class='ocrx_word' id='word_1_110' title='bbox 3493 637 3602 706; x_wconf 83' lang='lat' dir='ltr'><strong>ipse</strong></span> 
     </span>
    </p>
   </div>
   <div class='ocr_carea' id='block_1_21' title="bbox 2025 721 3609 794">
    <p class='ocr_par' dir='ltr' id='par_1_21' title="bbox 2025 721 3609 794">
     <span class='ocr_line' id='line_1_22' title="bbox 2025 721 3609 794; baseline 0.001 -16"><span class='ocrx_word' id='word_1_111' title='bbox 2025 722 2283 793; x_wconf 91' lang='lat' dir='ltr'><strong>deploro)</strong></span> <span class='ocrx_word' id='word_1_112' title='bbox 2315 721 2519 788; x_wconf 84' lang='lat' dir='ltr'><strong>Jesum,</strong></span> <span class='ocrx_word' id='word_1_113' title='bbox 2555 723 2827 794; x_wconf 91' lang='lat' dir='ltr'><strong>inquiens,</strong></span> <span class='ocrx_word' id='word_1_114' title='bbox 2857 739 2954 793; x_wconf 91' lang='lat' dir='ltr'><strong>per</strong></span> <span class='ocrx_word' id='word_1_115' title='bbox 2985 726 3146 793; x_wconf 83' lang='lat' dir='ltr'><strong>pedes</strong></span> <span class='ocrx_word' id='word_1_116' title='bbox 3187 728 3356 790; x_wconf 91' lang='lat' dir='ltr'><strong>tenui,</strong></span> <span class='ocrx_word' id='word_1_117' title='bbox 3379 735 3435 782; x_wconf 93' lang='lat' dir='ltr'><strong>et</strong></span> <span class='ocrx_word' id='word_1_118' title='bbox 3464 741 3609 780; x_wconf 93' lang='lat' dir='ltr'><strong>nunc</strong></span> 
     </span>
    </p>
   </div>
   <div class='ocr_carea' id='block_1_22' title="bbox 2026 814 3608 886">
    <p class='ocr_par' dir='ltr' id='par_1_22' title="bbox 2026 814 3608 886">
     <span class='ocr_line' id='line_1_23' title="bbox 2026 814 3608 886; baseline 0.003 -19"><span class='ocrx_word' id='word_1_119' title='bbox 2026 814 2194 868; x_wconf 87' lang='lat' dir='ltr'><strong>miser</strong></span> <span class='ocrx_word' id='word_1_120' title='bbox 2215 824 2270 868; x_wconf 92' lang='lat' dir='ltr'><strong>et</strong></span> <span class='ocrx_word' id='word_1_121' title='bbox 2295 830 2473 870; x_wconf 75' lang='lat' dir='ltr'><strong>ctecus</strong></span> <span class='ocrx_word' id='word_1_122' title='bbox 2500 815 2682 870; x_wconf 68' lang='lat' dir='ltr'><strong>saeculi</strong></span> <span class='ocrx_word' id='word_1_123' title='bbox 2716 815 2889 870; x_wconf 81' lang='lat' dir='ltr'><strong>molas</strong></span> <span class='ocrx_word' id='word_1_124' title='bbox 2923 815 3097 869; x_wconf 85' lang='lat' dir='ltr'><strong>volvo.</strong></span> <span class='ocrx_word' id='word_1_125' title='bbox 3132 816 3339 885; x_wconf 81' lang='lat' dir='ltr'><strong>Vixque</strong></span> <span class='ocrx_word' id='word_1_126' title='bbox 3383 827 3608 886; x_wconf 88' lang='lat' dir='ltr'><strong>peracto</strong></span> 
     </span>
    </p>
   </div>
   <div class='ocr_carea' id='block_1_23' title="bbox 2025 904 3609 976">
    <p class='ocr_par' dir='ltr' id='par_1_23' title="bbox 2025 904 3609 976">
     <span class='ocr_line' id='line_1_24' title="bbox 2025 904 3609 976; baseline 0.001 -17"><span class='ocrx_word' id='word_1_127' title='bbox 2025 904 2266 970; x_wconf 86' lang='lat' dir='ltr'><strong>biennio,</strong></span> <span class='ocrx_word' id='word_1_128' title='bbox 2295 905 2347 959; x_wconf 92' lang='lat' dir='ltr'><strong>in</strong></span> <span class='ocrx_word' id='word_1_129' title='bbox 2381 921 2541 959; x_wconf 91' lang='lat' dir='ltr'><strong>manu</strong></span> <span class='ocrx_word' id='word_1_130' title='bbox 2585 905 2826 966; x_wconf 81' lang='lat' dir='ltr'><strong>Ottonis.</strong></span> <span class='ocrx_word' id='word_1_131' title='bbox 2869 906 2960 975; x_wconf 87' lang='lat' dir='ltr'><strong>qui</strong></span> <span class='ocrx_word' id='word_1_132' title='bbox 2994 914 3121 960; x_wconf 91' lang='lat' dir='ltr'><strong>tunc</strong></span> <span class='ocrx_word' id='word_1_133' title='bbox 3152 906 3362 975; x_wconf 89' lang='lat' dir='ltr'><strong>imperii</strong></span> <span class='ocrx_word' id='word_1_134' title='bbox 3391 916 3609 976; x_wconf 88' lang='lat' dir='ltr'><strong>sceptra</strong></span> 
     </span>
    </p>
   </div>
   <div class='ocr_carea' id='block_1_24' title="bbox 2027 994 3612 1066">
    <p class='ocr_par' dir='ltr' id='par_1_24' title="bbox 2027 994 3612 1066">
     <span class='ocr_line' id='line_1_25' title="bbox 2027 994 3612 1066; baseline 0.001 -18"><span class='ocrx_word' id='word_1_135' title='bbox 2027 995 2269 1065; x_wconf 88' lang='lat' dir='ltr'><strong>regebat,</strong></span> <span class='ocrx_word' id='word_1_136' title='bbox 2300 995 2621 1064; x_wconf 83' lang='lat' dir='ltr'><strong>pastoralem</strong></span> <span class='ocrx_word' id='word_1_137' title='bbox 2659 995 2822 1066; x_wconf 64' lang='grc'><strong>440</strong></span> <span class='ocrx_word' id='word_1_138' title='bbox 2847 994 3097 1050; x_wconf 85' lang='lat' dir='ltr'><strong>baculum</strong></span> <span class='ocrx_word' id='word_1_139' title='bbox 3127 996 3394 1050; x_wconf 84' lang='lat' dir='ltr'><strong>reddidit:</strong></span> <span class='ocrx_word' id='word_1_140' title='bbox 3418 996 3612 1050; x_wconf 89' lang='lat' dir='ltr'><strong>deinde</strong></span> 
     </span>
    </p>
   </div>
   <div class='ocr_carea' id='block_1_25' title="bbox 2029 1087 3611 1158">
    <p class='ocr_par' dir='ltr' id='par_1_25' title="bbox 2029 1087 3611 1158">
     <span class='ocr_line' id='line_1_26' title="bbox 2029 1087 3611 1158; baseline -0.001 -16"><span class='ocrx_word' id='word_1_141' title='bbox 2029 1090 2170 1158; x_wconf 83' lang='lat' dir='ltr'><strong>apud</strong></span> <span class='ocrx_word' id='word_1_142' title='bbox 2221 1098 2471 1153; x_wconf 84' lang='lat' dir='ltr'><strong>sanctum</strong></span> <span class='ocrx_word' id='word_1_143' title='bbox 2522 1087 2860 1142; x_wconf 86' lang='lat' dir='ltr'><strong>Bonifacium</strong></span> <span class='ocrx_word' id='word_1_144' title='bbox 2920 1089 3063 1141; x_wconf 87' lang='lat' dir='ltr'><strong>intra</strong></span> <span class='ocrx_word' id='word_1_145' title='bbox 3115 1087 3354 1141; x_wconf 79' lang='lat' dir='ltr'><strong>Romana</strong></span> <span class='ocrx_word' id='word_1_146' title='bbox 3409 1089 3611 1142; x_wconf 65' lang='lat' dir='ltr'><strong>mantia</strong></span> 
     </span>
    </p>
   </div>
   <div class='ocr_carea' id='block_1_26' title="bbox 2029 1175 3613 1246">
    <p class='ocr_par' dir='ltr' id='par_1_26' title="bbox 2029 1175 3613 1246">
     <span class='ocr_line' id='line_1_27' title="bbox 2029 1175 3613 1246; baseline 0 -16"><span class='ocrx_word' id='word_1_147' title='bbox 2029 1191 2408 1246; x_wconf 88' lang='lat' dir='ltr'><strong>perseverans,</strong></span> <span class='ocrx_word' id='word_1_148' title='bbox 2461 1191 2526 1229; x_wconf 80' lang='lat' dir='ltr'><strong>ex</strong></span> <span class='ocrx_word' id='word_1_149' title='bbox 2576 1176 2746 1240; x_wconf 90' lang='lat' dir='ltr'><strong>omni,</strong></span> <span class='ocrx_word' id='word_1_150' title='bbox 2779 1177 2920 1246; x_wconf 87' lang='lat' dir='ltr'><strong>quod</strong></span> <span class='ocrx_word' id='word_1_151' title='bbox 2953 1175 3057 1231; x_wconf 87' lang='lat' dir='ltr'><strong>sibi</strong></span> <span class='ocrx_word' id='word_1_152' title='bbox 3103 1177 3227 1229; x_wconf 68' lang='lat' dir='ltr'><strong>vitae</strong></span> <span class='ocrx_word' id='word_1_153' title='bbox 3268 1175 3428 1242; x_wconf 87' lang='lat' dir='ltr'><strong>hujus</strong></span> <span class='ocrx_word' id='word_1_154' title='bbox 3477 1178 3613 1230; x_wconf 89' lang='lat' dir='ltr'><strong>resi-</strong></span> 
     </span>
    </p>
   </div>
   <div class='ocr_carea' id='block_1_27' title="bbox 2031 1266 3610 1336">
    <p class='ocr_par' dir='ltr' id='par_1_27' title="bbox 2031 1266 3610 1336">
     <span class='ocr_line' id='line_1_28' title="bbox 2031 1266 3610 1336; baseline -0.002 -15"><span class='ocrx_word' id='word_1_155' title='bbox 2031 1267 2195 1322; x_wconf 91' lang='lat' dir='ltr'><strong>duum</strong></span> <span class='ocrx_word' id='word_1_156' title='bbox 2221 1267 2344 1331; x_wconf 88' lang='lat' dir='ltr'><strong>fuit,</strong></span> <span class='ocrx_word' id='word_1_157' title='bbox 2370 1267 2445 1321; x_wconf 89' lang='lat' dir='ltr'><strong>nil</strong></span> <span class='ocrx_word' id='word_1_158' title='bbox 2475 1266 2642 1330; x_wconf 87' lang='lat' dir='ltr'><strong>aliud,</strong></span> <span class='ocrx_word' id='word_1_159' title='bbox 2675 1283 2834 1336; x_wconf 89' lang='lat' dir='ltr'><strong>quam</strong></span> <span class='ocrx_word' id='word_1_160' title='bbox 2875 1277 3092 1321; x_wconf 61' lang='lat' dir='ltr'><strong>(sternte</strong></span> <span class='ocrx_word' id='word_1_161' title='bbox 3119 1266 3242 1320; x_wconf 59' lang='lat' dir='ltr'><strong>vita}</strong></span> <span class='ocrx_word' id='word_1_162' title='bbox 3271 1267 3374 1320; x_wconf 88' lang='lat' dir='ltr'><strong>sibi</strong></span> <span class='ocrx_word' id='word_1_163' title='bbox 3403 1266 3610 1334; x_wconf 88' lang='lat' dir='ltr'><strong>stipen-</strong></span> 
     </span>
    </p>
   </div>
   <div class='ocr_carea' id='block_1_28' title="bbox 2031 1355 3609 1428">
    <p class='ocr_par' dir='ltr' id='par_1_28' title="bbox 2031 1355 3609 1428">
     <span class='ocr_line' id='line_1_29' title="bbox 2031 1355 3609 1428; baseline -0.003 -16"><span class='ocrx_word' id='word_1_164' title='bbox 2031 1357 2117 1412; x_wconf 89' lang='lat' dir='ltr'><strong>dia</strong></span> <span class='ocrx_word' id='word_1_165' title='bbox 2155 1357 2486 1428; x_wconf 88' lang='lat' dir='ltr'><strong>procuravit.</strong></span> <span class='ocrx_word' id='word_1_166' title='bbox 2545 1357 2626 1411; x_wconf 84' lang='lat' dir='ltr'><strong>Ad</strong></span> <span class='ocrx_word' id='word_1_167' title='bbox 2673 1357 2829 1426; x_wconf 86' lang='lat' dir='ltr'><strong>cujus</strong></span> <span class='ocrx_word' id='word_1_168' title='bbox 2879 1356 3223 1426; x_wconf 83' lang='lat' dir='ltr'><strong>postmodum</strong></span> <span class='ocrx_word' id='word_1_169' title='bbox 3273 1355 3609 1426; x_wconf 83' lang='lat' dir='ltr'><strong>sepulturam</strong></span> 
     </span>
    </p>
   </div>
   <div class='ocr_carea' id='block_1_29' title="bbox 2033 1449 3510 1518">
    <p class='ocr_par' dir='ltr' id='par_1_29' title="bbox 2033 1449 3510 1518">
     <span class='ocr_line' id='line_1_30' title="bbox 2033 1449 3510 1518; baseline -0.001 -14"><span class='ocrx_word' id='word_1_170' title='bbox 2033 1464 2211 1504; x_wconf 67' lang='lat' dir='ltr'><strong>caecus</strong></span> <span class='ocrx_word' id='word_1_171' title='bbox 2239 1449 2486 1515; x_wconf 87' lang='lat' dir='ltr'><strong>veniens,</strong></span> <span class='ocrx_word' id='word_1_172' title='bbox 2516 1449 2619 1503; x_wconf 87' lang='lat' dir='ltr'><strong>luci</strong></span> <span class='ocrx_word' id='word_1_173' title='bbox 2651 1450 2895 1518; x_wconf 75' lang='lat' dir='ltr'><strong>pristinte</strong></span> <span class='ocrx_word' id='word_1_174' title='bbox 2919 1450 3181 1505; x_wconf 90' lang='lat' dir='ltr'><strong>asseritur</strong></span> <span class='ocrx_word' id='word_1_175' title='bbox 3206 1450 3510 1504; x_wconf 91' lang='lat' dir='ltr'><strong>restitutus.</strong></span> 
     </span>
    </p>
   </div>
   <div class='ocr_carea' id='block_1_30' title="bbox 2035 1538 3615 1610">
    <p class='ocr_par' dir='ltr' id='par_1_30' title="bbox 2035 1538 3615 1610">
     <span class='ocr_line' id='line_1_31' title="bbox 2035 1538 3615 1610; baseline -0.002 -18"><span class='ocrx_word' id='word_1_176' title='bbox 2035 1586 2041 1592; x_wconf 87' lang='lat'><strong>.</strong></span> <span class='ocrx_word' id='word_1_177' title='bbox 2110 1541 2304 1595; x_wconf 78' lang='lat' dir='ltr'><strong>Verum</strong></span> <span class='ocrx_word' id='word_1_178' title='bbox 2333 1553 2400 1593; x_wconf 92' lang='lat' dir='ltr'><strong>ne</strong></span> <span class='ocrx_word' id='word_1_179' title='bbox 2430 1540 2588 1608; x_wconf 88' lang='lat' dir='ltr'><strong>copia</strong></span> <span class='ocrx_word' id='word_1_180' title='bbox 2628 1538 2918 1594; x_wconf 82' lang='lat' dir='ltr'><strong>deﬁciente</strong></span> <span class='ocrx_word' id='word_1_181' title='bbox 2948 1540 3288 1610; x_wconf 83' lang='lat' dir='ltr'><strong>pontificum,</strong></span> <span class='ocrx_word' id='word_1_182' title='bbox 3326 1538 3393 1593; x_wconf 88' lang='lat' dir='ltr'><strong>ad</strong></span> <span class='ocrx_word' id='word_1_183' title='bbox 3431 1553 3615 1594; x_wconf 78' lang='lat' dir='ltr'><strong>exem-</strong></span> 
     </span>
    </p>
   </div>
   <div class='ocr_carea' id='block_1_31' title="bbox 2031 1629 3617 1698">
    <p class='ocr_par' dir='ltr' id='par_1_31' title="bbox 2031 1629 3617 1698">
     <span class='ocr_line' id='line_1_32' title="bbox 2031 1629 3617 1698; baseline -0.001 -15"><span class='ocrx_word' id='word_1_184' title='bbox 2031 1631 2119 1698; x_wconf 88' lang='lat' dir='ltr'><strong>pla</strong></span> <span class='ocrx_word' id='word_1_185' title='bbox 2153 1630 2333 1683; x_wconf 90' lang='lat' dir='ltr'><strong>minus</strong></span> <span class='ocrx_word' id='word_1_186' title='bbox 2378 1643 2616 1698; x_wconf 85' lang='lat' dir='ltr'><strong>congrua</strong></span> <span class='ocrx_word' id='word_1_187' title='bbox 2661 1629 2982 1685; x_wconf 89' lang='lat' dir='ltr'><strong>convolasse</strong></span> <span class='ocrx_word' id='word_1_188' title='bbox 3029 1641 3284 1685; x_wconf 75' lang='lat' dir='ltr'><strong>notentur</strong></span> <span class='ocrx_word' id='word_1_189' title='bbox 3331 1629 3617 1694; x_wconf 84' lang='lat' dir='ltr'><strong>abbatum,</strong></span> 
     </span>
    </p>
   </div>
   <div class='ocr_carea' id='block_1_32' title="bbox 2035 1720 3622 1791">
    <p class='ocr_par' dir='ltr' id='par_1_32' title="bbox 2035 1720 3622 1791">
     <span class='ocr_line' id='line_1_33' title="bbox 2035 1720 3622 1791; baseline 0 -15"><span class='ocrx_word' id='word_1_190' title='bbox 2035 1731 2097 1776; x_wconf 92' lang='lat' dir='ltr'><strong>ut</strong></span> <span class='ocrx_word' id='word_1_191' title='bbox 2141 1738 2246 1776; x_wconf 89' lang='lat' dir='ltr'><strong>non</strong></span> <span class='ocrx_word' id='word_1_192' title='bbox 2293 1721 2570 1776; x_wconf 90' lang='lat' dir='ltr'><strong>diversum</strong></span> <span class='ocrx_word' id='word_1_193' title='bbox 2619 1735 2816 1775; x_wconf 89' lang='lat' dir='ltr'><strong>nomen</strong></span> <span class='ocrx_word' id='word_1_194' title='bbox 2859 1736 3151 1791; x_wconf 90' lang='lat' dir='ltr'><strong>apponam,</strong></span> <span class='ocrx_word' id='word_1_195' title='bbox 3185 1720 3293 1775; x_wconf 85' lang='lat' dir='ltr'><strong>Leo</strong></span> <span class='ocrx_word' id='word_1_196' title='bbox 3329 1720 3622 1776; x_wconf 80' lang='lat' dir='ltr'><strong>Ravennas</strong></span> 
     </span>
    </p>
   </div>
   <div class='ocr_carea' id='block_1_33' title="bbox 355 1795 3622 1882">
    <p class='ocr_par' dir='ltr' id='par_1_33' title="bbox 355 1795 3622 1882">
     <span class='ocr_line' id='line_1_34' title="bbox 355 1795 3622 1882; baseline 0.001 -20"><span class='ocrx_word' id='word_1_197' title='bbox 355 1809 500 1862; x_wconf 85' lang='lat' dir='ltr'><strong>diam</strong></span> <span class='ocrx_word' id='word_1_198' title='bbox 552 1809 933 1867; x_wconf 89' lang='lat' dir='ltr'><strong>deserentibus</strong></span> <span class='ocrx_word' id='word_1_199' title='bbox 975 1811 1098 1880; x_wconf 90' lang='lat' dir='ltr'><strong>quis</strong></span> <span class='ocrx_word' id='word_1_200' title='bbox 1137 1826 1376 1880; x_wconf 88' lang='lat' dir='ltr'><strong>unquam</strong></span> <span class='ocrx_word' id='word_1_201' title='bbox 1421 1809 1734 1879; x_wconf 69' lang='lat' dir='ltr'><strong>apostolicae</strong></span> <span class='ocrx_word' id='word_1_202' title='bbox 1775 1809 1920 1864; x_wconf 89' lang='lat' dir='ltr'><strong>sedis</strong></span> <span class='ocrx_word' id='word_1_203' title='bbox 1967 1795 2010 1853; x_wconf 75' lang='grc' dir='ltr'>Β</span> <span class='ocrx_word' id='word_1_204' title='bbox 2039 1811 2504 1882; x_wconf 85' lang='lat' dir='ltr'><strong>archiepiscopus,</strong></span> <span class='ocrx_word' id='word_1_205' title='bbox 2554 1826 2680 1865; x_wconf 81' lang='lat' dir='ltr'><strong>mox</strong></span> <span class='ocrx_word' id='word_1_206' title='bbox 2737 1819 2798 1865; x_wconf 92' lang='lat' dir='ltr'><strong>ut</strong></span> <span class='ocrx_word' id='word_1_207' title='bbox 2852 1811 3120 1882; x_wconf 88' lang='lat' dir='ltr'><strong>paralysis</strong></span> <span class='ocrx_word' id='word_1_208' title='bbox 3175 1812 3292 1882; x_wconf 89' lang='lat' dir='ltr'><strong>ejus</strong></span> <span class='ocrx_word' id='word_1_209' title='bbox 3339 1826 3437 1866; x_wconf 86' lang='lat' dir='ltr'><strong>ora</strong></span> <span class='ocrx_word' id='word_1_210' title='bbox 3486 1826 3622 1866; x_wconf 86' lang='lat' dir='ltr'><strong>con-</strong></span> 
     </span>
    </p>
   </div>
   <div class='ocr_carea' id='block_1_34' title="bbox 355 1899 1934 1973">
    <p class='ocr_par' dir='ltr' id='par_1_34' title="bbox 355 1899 1934 1973">
     <span class='ocr_line' id='line_1_35' title="bbox 355 1899 1934 1973; baseline 0.002 -22"><span class='ocrx_word' id='word_1_211' title='bbox 355 1899 597 1968; x_wconf 80' lang='lat' dir='ltr'><strong>pontifex</strong></span> <span class='ocrx_word' id='word_1_212' title='bbox 647 1901 896 1957; x_wconf 75' lang='lat' dir='ltr'><strong>obstitit?</strong></span> <span class='ocrx_word' id='word_1_213' title='bbox 944 1901 1078 1968; x_wconf 86' lang='lat' dir='ltr'><strong>Quis</strong></span> <span class='ocrx_word' id='word_1_214' title='bbox 1123 1917 1315 1958; x_wconf 88' lang='lat' dir='ltr'><strong>eorum</strong></span> <span class='ocrx_word' id='word_1_215' title='bbox 1359 1903 1663 1973; x_wconf 88' lang='lat' dir='ltr'><strong>quemlibet</strong></span> <span class='ocrx_word' id='word_1_216' title='bbox 1703 1901 1785 1955; x_wconf 91' lang='lat' dir='ltr'><strong>vel</strong></span> <span class='ocrx_word' id='word_1_217' title='bbox 1839 1915 1934 1970; x_wconf 89' lang='lat' dir='ltr'><strong>per</strong></span> 
     </span>
    </p>
   </div>
   <div class='ocr_carea' id='block_1_35' title="bbox 354 1991 1935 2066">
    <p class='ocr_par' dir='ltr' id='par_1_35' title="bbox 354 1991 1935 2066">
     <span class='ocr_line' id='line_1_36' title="bbox 354 1991 1935 2066; baseline 0.001 -20"><span class='ocrx_word' id='word_1_218' title='bbox 354 1991 644 2062; x_wconf 79' lang='lat' dir='ltr'><strong>legationis</strong></span> <span class='ocrx_word' id='word_1_219' title='bbox 693 1993 875 2062; x_wconf 86' lang='lat' dir='ltr'><strong>apices</strong></span> <span class='ocrx_word' id='word_1_220' title='bbox 922 1993 1295 2064; x_wconf 86' lang='lat' dir='ltr'><strong>reprehendit,</strong></span> <span class='ocrx_word' id='word_1_221' title='bbox 1346 1995 1429 2050; x_wconf 88' lang='lat' dir='ltr'><strong>vel</strong></span> <span class='ocrx_word' id='word_1_222' title='bbox 1481 2010 1580 2064; x_wconf 89' lang='lat' dir='ltr'><strong>per</strong></span> <span class='ocrx_word' id='word_1_223' title='bbox 1622 1993 1935 2066; x_wconf 87' lang='lat' dir='ltr'><strong>synodalem</strong></span> 
     </span>
    </p>
   </div>
   <div class='ocr_carea' id='block_1_36' title="bbox 355 2084 1937 2154">
    <p class='ocr_par' dir='ltr' id='par_1_36' title="bbox 355 2084 1937 2154">
     <span class='ocr_line' id='line_1_37' title="bbox 355 2084 1937 2154; baseline 0.001 -18"><span class='ocrx_word' id='word_1_224' title='bbox 355 2085 681 2138; x_wconf 84' lang='lat' dir='ltr'><strong>sententiam</strong></span> <span class='ocrx_word' id='word_1_225' title='bbox 711 2084 1130 2140; x_wconf 87' lang='lat' dir='ltr'><strong>condemnavit?</strong></span> <span class='ocrx_word' id='word_1_226' title='bbox 1181 2085 1354 2146; x_wconf 86' lang='lat' dir='ltr'><strong>Dicat,</strong></span> <span class='ocrx_word' id='word_1_227' title='bbox 1409 2086 1655 2154; x_wconf 88' lang='lat' dir='ltr'><strong>inquam,</strong></span> <span class='ocrx_word' id='word_1_228' title='bbox 1701 2085 1785 2139; x_wconf 91' lang='lat' dir='ltr'><strong>vel</strong></span> <span class='ocrx_word' id='word_1_229' title='bbox 1816 2100 1937 2138; x_wconf 91' lang='lat' dir='ltr'><strong>cum</strong></span> 
     </span>
    </p>
   </div>
   <div class='ocr_carea' id='block_1_37' title="bbox 356 2171 1936 2243">
    <p class='ocr_par' dir='ltr' id='par_1_37' title="bbox 356 2171 1936 2243">
     <span class='ocr_line' id='line_1_38' title="bbox 356 2171 1936 2243; baseline 0.002 -19"><span class='ocrx_word' id='word_1_230' title='bbox 356 2171 667 2228; x_wconf 88' lang='lat' dir='ltr'><strong>nullatenus</strong></span> <span class='ocrx_word' id='word_1_231' title='bbox 707 2173 882 2243; x_wconf 89' lang='lat' dir='ltr'><strong>possit</strong></span> <span class='ocrx_word' id='word_1_232' title='bbox 920 2173 1166 2229; x_wconf 90' lang='lat' dir='ltr'><strong>invenire</strong></span> <span class='ocrx_word' id='word_1_233' title='bbox 1205 2174 1335 2243; x_wconf 90' lang='lat' dir='ltr'><strong>quid</strong></span> <span class='ocrx_word' id='word_1_234' title='bbox 1371 2183 1602 2239; x_wconf 87' lang='lat' dir='ltr'><strong>asserat,</strong></span> <span class='ocrx_word' id='word_1_235' title='bbox 1649 2189 1936 2242; x_wconf 89' lang='lat' dir='ltr'><strong>procacem</strong></span> 
     </span>
    </p>
   </div>
   <div class='ocr_carea' id='block_1_38' title="bbox 356 2261 1945 2334">
    <p class='ocr_par' dir='ltr' id='par_1_38' title="bbox 356 2261 1945 2334">
     <span class='ocr_line' id='line_1_39' title="bbox 356 2261 1945 2334; baseline -0.001 -15"><span class='ocrx_word' id='word_1_236' title='bbox 356 2261 596 2334; x_wconf 78' lang='lat' dir='ltr'><strong>linguam</strong></span> <span class='ocrx_word' id='word_1_237' title='bbox 642 2279 796 2318; x_wconf 89' lang='lat' dir='ltr'><strong>suam</strong></span> <span class='ocrx_word' id='word_1_238' title='bbox 837 2265 1092 2320; x_wconf 89' lang='lat' dir='ltr'><strong>dentibus</strong></span> <span class='ocrx_word' id='word_1_239' title='bbox 1139 2267 1409 2330; x_wconf 90' lang='lat' dir='ltr'><strong>mordeat,</strong></span> <span class='ocrx_word' id='word_1_240' title='bbox 1450 2281 1554 2320; x_wconf 93' lang='lat' dir='ltr'><strong>non</strong></span> <span class='ocrx_word' id='word_1_241' title='bbox 1599 2281 1686 2320; x_wconf 85' lang='lat' dir='ltr'><strong>me</strong></span> <span class='ocrx_word' id='word_1_242' title='bbox 1727 2264 1945 2334; x_wconf 88' lang='lat' dir='ltr'><strong>injustis</strong></span> 
     </span>
    </p>
   </div>
   <div class='ocr_carea' id='block_1_39' title="bbox 360 2354 996 2410">
    <p class='ocr_par' dir='ltr' id='par_1_39' title="bbox 360 2354 996 2410">
     <span class='ocr_line' id='line_1_40' title="bbox 360 2354 996 2410; baseline 0 -2"><span class='ocrx_word' id='word_1_243' title='bbox 360 2354 791 2410; x_wconf 83' lang='lat' dir='ltr'><strong>detractionibus</strong></span> <span class='ocrx_word' id='word_1_244' title='bbox 819 2355 996 2410; x_wconf 88' lang='lat' dir='ltr'><strong>rodat.</strong></span> 
     </span>
    </p>
   </div>
   <div class='ocr_carea' id='block_1_40' title="bbox 431 2445 1941 2518">
    <p class='ocr_par' dir='ltr' id='par_1_40' title="bbox 431 2445 1941 2518">
     <span class='ocr_line' id='line_1_41' title="bbox 431 2445 1941 2518; baseline 0.001 -19"><span class='ocrx_word' id='word_1_245' title='bbox 431 2445 514 2499; x_wconf 84' lang='lat' dir='ltr'><strong>An</strong></span> <span class='ocrx_word' id='word_1_246' title='bbox 539 2461 645 2500; x_wconf 89' lang='lat' dir='ltr'><strong>non</strong></span> <span class='ocrx_word' id='word_1_247' title='bbox 665 2454 719 2501; x_wconf 91' lang='lat' dir='ltr'><strong>et</strong></span> <span class='ocrx_word' id='word_1_248' title='bbox 741 2447 918 2501; x_wconf 90' lang='lat' dir='ltr'><strong>minor</strong></span> <span class='ocrx_word' id='word_1_249' title='bbox 939 2445 1262 2503; x_wconf 83' lang='lat' dir='ltr'><strong>Benedictus</strong></span> <span class='ocrx_word' id='word_1_250' title='bbox 1281 2463 1416 2517; x_wconf 89' lang='lat' dir='ltr'><strong>papa</strong></span> <span class='ocrx_word' id='word_1_251' title='bbox 1441 2447 1579 2518; x_wconf 70' lang='lat'><strong>(12),</strong></span> <span class='ocrx_word' id='word_1_252' title='bbox 1596 2463 1753 2515; x_wconf 86' lang='lat' dir='ltr'><strong>quem</strong></span> <span class='ocrx_word' id='word_1_253' title='bbox 1778 2463 1941 2515; x_wconf 88' lang='lat' dir='ltr'><strong>supra</strong></span> 
     </span>
    </p>
   </div>
   <div class='ocr_carea' id='block_1_41' title="bbox 360 2535 1944 2608">
    <p class='ocr_par' dir='ltr' id='par_1_41' title="bbox 360 2535 1944 2608">
     <span class='ocr_line' id='line_1_42' title="bbox 360 2535 1944 2608; baseline 0.001 -16"><span class='ocrx_word' id='word_1_254' title='bbox 360 2535 668 2603; x_wconf 85' lang='lat' dir='ltr'><strong>retulimus,</strong></span> <span class='ocrx_word' id='word_1_255' title='bbox 715 2540 996 2608; x_wconf 87' lang='lat' dir='ltr'><strong>apostolici</strong></span> <span class='ocrx_word' id='word_1_256' title='bbox 1051 2556 1110 2595; x_wconf 88' lang='lat' dir='ltr'><strong>se</strong></span> <span class='ocrx_word' id='word_1_257' title='bbox 1167 2541 1420 2596; x_wconf 91' lang='lat' dir='ltr'><strong>culminis</strong></span> <span class='ocrx_word' id='word_1_258' title='bbox 1478 2539 1944 2594; x_wconf 87' lang='lat' dir='ltr'><strong>administratione</strong></span> 
     </span>
    </p>
   </div>
   <div class='ocr_carea' id='block_1_42' title="bbox 360 2627 1942 2699">
    <p class='ocr_par' dir='ltr' id='par_1_42' title="bbox 360 2627 1942 2699">
     <span class='ocr_line' id='line_1_43' title="bbox 360 2627 1942 2699; baseline 0.001 -20"><span class='ocrx_word' id='word_1_259' title='bbox 360 2627 616 2695; x_wconf 88' lang='lat' dir='ltr'><strong>privavit,</strong></span> <span class='ocrx_word' id='word_1_260' title='bbox 646 2643 1124 2699; x_wconf 88' lang='lat' dir='ltr'><strong>successoremque</strong></span> <span class='ocrx_word' id='word_1_261' title='bbox 1167 2630 1267 2686; x_wconf 88' lang='lat' dir='ltr'><strong>sibi</strong></span> <span class='ocrx_word' id='word_1_262' title='bbox 1303 2630 1624 2699; x_wconf 85' lang='lat' dir='ltr'><strong>Gregorium</strong></span> <span class='ocrx_word' id='word_1_263' title='bbox 1653 2629 1800 2699; x_wconf 79' lang='grc'><strong>(15),</strong></span> <span class='ocrx_word' id='word_1_264' title='bbox 1851 2629 1942 2697; x_wconf 90' lang='lat' dir='ltr'><strong>qui</strong></span> 
     </span>
    </p>
   </div>
   <div class='ocr_carea' id='block_1_43' title="bbox 361 2717 1947 2784">
    <p class='ocr_par' dir='ltr' id='par_1_43' title="bbox 361 2717 1947 2784">
     <span class='ocr_line' id='line_1_44' title="bbox 361 2717 1947 2784; baseline 0 -12"><span class='ocrx_word' id='word_1_265' title='bbox 361 2717 658 2774; x_wconf 85' lang='lat' dir='ltr'><strong>Gratianus</strong></span> <span class='ocrx_word' id='word_1_266' title='bbox 703 2721 1006 2784; x_wconf 86' lang='lat' dir='ltr'><strong>dicebatur,</strong></span> <span class='ocrx_word' id='word_1_267' title='bbox 1057 2723 1109 2775; x_wconf 89' lang='lat' dir='ltr'><strong>in</strong></span> <span class='ocrx_word' id='word_1_268' title='bbox 1162 2721 1404 2776; x_wconf 85' lang='lat' dir='ltr'><strong>Romana</strong></span> <span class='ocrx_word' id='word_1_269' title='bbox 1455 2721 1584 2774; x_wconf 85' lang='lat' dir='ltr'><strong>sede</strong></span> <span class='ocrx_word' id='word_1_270' title='bbox 1634 2720 1947 2774; x_wconf 88' lang='lat' dir='ltr'><strong>constituit?</strong></span> 
     </span>
    </p>
   </div>
   <div class='ocr_carea' id='block_1_44' title="bbox 364 2807 1944 2881">
    <p class='ocr_par' dir='ltr' id='par_1_44' title="bbox 364 2807 1944 2881">
     <span class='ocr_line' id='line_1_45' title="bbox 364 2807 1944 2881; baseline 0.001 -19"><span class='ocrx_word' id='word_1_271' title='bbox 364 2807 543 2879; x_wconf 92' lang='lat' dir='ltr'><strong>Super</strong></span> <span class='ocrx_word' id='word_1_272' title='bbox 589 2811 786 2879; x_wconf 89' lang='lat' dir='ltr'><strong>quibus</strong></span> <span class='ocrx_word' id='word_1_273' title='bbox 823 2823 1089 2881; x_wconf 78' lang='lat' dir='ltr'><strong>praesente</strong></span> <span class='ocrx_word' id='word_1_274' title='bbox 1136 2812 1373 2866; x_wconf 86' lang='lat' dir='ltr'><strong>Henrico</strong></span> <span class='ocrx_word' id='word_1_275' title='bbox 1425 2812 1774 2880; x_wconf 88' lang='lat' dir='ltr'><strong>imperatore,</strong></span> <span class='ocrx_word' id='word_1_276' title='bbox 1820 2825 1944 2865; x_wconf 91' lang='lat' dir='ltr'><strong>cum</strong></span> 
     </span>
    </p>
   </div>
   <div class='ocr_carea' id='block_1_45' title="bbox 365 2898 1945 2972">
    <p class='ocr_par' dir='ltr' id='par_1_45' title="bbox 365 2898 1945 2972">
     <span class='ocr_line' id='line_1_46' title="bbox 365 2898 1945 2972; baseline 0 -21"><span class='ocrx_word' id='word_1_277' title='bbox 365 2898 697 2968; x_wconf 87' lang='lat' dir='ltr'><strong>disceptaret</strong></span> <span class='ocrx_word' id='word_1_278' title='bbox 760 2902 1102 2970; x_wconf 90' lang='lat' dir='ltr'><strong>postmodum</strong></span> <span class='ocrx_word' id='word_1_279' title='bbox 1153 2901 1412 2972; x_wconf 78' lang='lat' dir='ltr'><strong>synodaie</strong></span> <span class='ocrx_word' id='word_1_280' title='bbox 1455 2900 1771 2965; x_wconf 90' lang='lat' dir='ltr'><strong>concilium,</strong></span> <span class='ocrx_word' id='word_1_281' title='bbox 1821 2901 1945 2968; x_wconf 90' lang='lat' dir='ltr'><strong>quia</strong></span> 
     </span>
    </p>
   </div>
   <div class='ocr_carea' id='block_1_46' title="bbox 365 2991 1943 3063">
    <p class='ocr_par' dir='ltr' id='par_1_46' title="bbox 365 2991 1943 3063">
     <span class='ocr_line' id='line_1_47' title="bbox 365 2991 1943 3063; baseline 0.002 -20"><span class='ocrx_word' id='word_1_282' title='bbox 365 2991 635 3046; x_wconf 79' lang='lat' dir='ltr'><strong>venalitas</strong></span> <span class='ocrx_word' id='word_1_283' title='bbox 666 2993 1050 3059; x_wconf 90' lang='lat' dir='ltr'><strong>intervenerat,</strong></span> <span class='ocrx_word' id='word_1_284' title='bbox 1083 2995 1359 3062; x_wconf 89' lang='lat' dir='ltr'><strong>depositus</strong></span> <span class='ocrx_word' id='word_1_285' title='bbox 1397 3001 1482 3049; x_wconf 89' lang='lat' dir='ltr'><strong>est</strong></span> <span class='ocrx_word' id='word_1_286' title='bbox 1522 2993 1614 3060; x_wconf 95' lang='lat' dir='ltr'><strong>qui</strong></span> <span class='ocrx_word' id='word_1_287' title='bbox 1673 2991 1943 3063; x_wconf 85' lang='lat' dir='ltr'><strong>suscepit;</strong></span> 
     </span>
    </p>
   </div>
   <div class='ocr_carea' id='block_1_47' title="bbox 368 3086 1552 3156">
    <p class='ocr_par' dir='ltr' id='par_1_47' title="bbox 368 3086 1552 3156">
     <span class='ocr_line' id='line_1_48' title="bbox 368 3086 1552 3156; baseline 0.003 -20"><span class='ocrx_word' id='word_1_288' title='bbox 368 3098 474 3138; x_wconf 90' lang='lat' dir='ltr'><strong>non</strong></span> <span class='ocrx_word' id='word_1_289' title='bbox 500 3087 1005 3142; x_wconf 78' lang='lat' dir='ltr'><strong>excommunicatns</strong></span> <span class='ocrx_word' id='word_1_290' title='bbox 1031 3097 1116 3141; x_wconf 91' lang='lat' dir='ltr'><strong>est</strong></span> <span class='ocrx_word' id='word_1_291' title='bbox 1171 3088 1263 3156; x_wconf 92' lang='lat' dir='ltr'><strong>qui</strong></span> <span class='ocrx_word' id='word_1_292' title='bbox 1295 3086 1552 3142; x_wconf 90' lang='lat' dir='ltr'><strong>deseruit.</strong></span> 
     </span>
    </p>
   </div>
   <div class='ocr_carea' id='block_1_48' title="bbox 2040 1903 3624 1974">
    <p class='ocr_par' dir='ltr' id='par_1_48' title="bbox 2040 1903 3624 1974">
     <span class='ocr_line' id='line_1_49' title="bbox 2040 1903 3624 1974; baseline -0.002 -14"><span class='ocrx_word' id='word_1_293' title='bbox 2040 1903 2292 1970; x_wconf 81' lang='lat' dir='ltr'><strong>strinxit,</strong></span> <span class='ocrx_word' id='word_1_294' title='bbox 2343 1903 2656 1959; x_wconf 88' lang='lat' dir='ltr'><strong>cathedram</strong></span> <span class='ocrx_word' id='word_1_295' title='bbox 2705 1905 2927 1973; x_wconf 90' lang='lat' dir='ltr'><strong>sprevit,</strong></span> <span class='ocrx_word' id='word_1_296' title='bbox 2977 1905 3165 1974; x_wconf 90' lang='lat' dir='ltr'><strong>sicque</strong></span> <span class='ocrx_word' id='word_1_297' title='bbox 3220 1905 3466 1972; x_wconf 90' lang='lat' dir='ltr'><strong>privatus</strong></span> <span class='ocrx_word' id='word_1_298' title='bbox 3508 1903 3624 1957; x_wconf 81' lang='lat' dir='ltr'><strong>fere</strong></span> 
     </span>
    </p>
   </div>
   <div class='ocr_carea' id='block_1_49' title="bbox 2040 1995 3621 2070">
    <p class='ocr_par' dir='ltr' id='par_1_49' title="bbox 2040 1995 3621 2070">
     <span class='ocr_line' id='line_1_50' title="bbox 2040 1995 3621 2070; baseline -0.002 -18"><span class='ocrx_word' id='word_1_299' title='bbox 2040 1999 2401 2070; x_wconf 88' lang='lat' dir='ltr'><strong>quadriennio</strong></span> <span class='ocrx_word' id='word_1_300' title='bbox 2457 1997 2777 2066; x_wconf 76' lang='lat' dir='ltr'><strong>supervixit.</strong></span> <span class='ocrx_word' id='word_1_301' title='bbox 2829 1997 2928 2053; x_wconf 89' lang='lat' dir='ltr'><strong>Cui</strong></span> <span class='ocrx_word' id='word_1_302' title='bbox 2979 1997 3236 2056; x_wconf 79' lang='lat' dir='ltr'><strong>videlicet</strong></span> <span class='ocrx_word' id='word_1_303' title='bbox 3283 1995 3621 2058; x_wconf 82' lang='lat' dir='ltr'><strong>Fridericus,</strong></span> 
     </span>
    </p>
   </div>
   <div class='ocr_carea' id='block_1_50' title="bbox 2041 2085 3618 2158">
    <p class='ocr_par' dir='ltr' id='par_1_50' title="bbox 2041 2085 3618 2158">
     <span class='ocr_line' id='line_1_51' title="bbox 2041 2085 3618 2158; baseline -0.004 -14"><span class='ocrx_word' id='word_1_304' title='bbox 2041 2091 2204 2145; x_wconf 86' lang='lat' dir='ltr'><strong>tertio</strong></span> <span class='ocrx_word' id='word_1_305' title='bbox 2249 2090 2449 2144; x_wconf 90' lang='lat' dir='ltr'><strong>Ottone</strong></span> <span class='ocrx_word' id='word_1_306' title='bbox 2489 2087 2720 2143; x_wconf 81' lang='lat' dir='ltr'><strong>feliciter</strong></span> <span class='ocrx_word' id='word_1_307' title='bbox 2762 2088 3082 2158; x_wconf 86' lang='lat' dir='ltr'><strong>imperante,</strong></span> <span class='ocrx_word' id='word_1_308' title='bbox 3132 2088 3394 2142; x_wconf 88' lang='lat' dir='ltr'><strong>successit</strong></span> <span class='ocrx_word' id='word_1_309' title='bbox 3419 2085 3618 2154; x_wconf 85' lang='lat' dir='ltr'><strong>,eique</strong></span> 
     </span>
    </p>
   </div>
   <div class='ocr_carea' id='block_1_51' title="bbox 2045 2175 3624 2256">
    <p class='ocr_par' dir='ltr' id='par_1_51' title="bbox 2045 2175 3624 2256">
     <span class='ocr_line' id='line_1_52' title="bbox 2045 2175 3624 2256; baseline -0.006 -19"><span class='ocrx_word' id='word_1_310' title='bbox 2045 2198 2150 2237; x_wconf 95' lang='lat' dir='ltr'><strong>non</strong></span> <span class='ocrx_word' id='word_1_311' title='bbox 2184 2183 2393 2250; x_wconf 84' lang='lat' dir='ltr'><strong>inopes,</strong></span> <span class='ocrx_word' id='word_1_312' title='bbox 2443 2180 2642 2250; x_wconf 92' lang='lat' dir='ltr'><strong>quibus</strong></span> <span class='ocrx_word' id='word_1_313' title='bbox 2679 2177 2939 2244; x_wconf 84' lang='lat' dir='ltr'><strong>aleretur,</strong></span> <span class='ocrx_word' id='word_1_314' title='bbox 2969 2177 3337 2249; x_wconf 90' lang='lat' dir='ltr'><strong>possessiones</strong></span> <span class='ocrx_word' id='word_1_315' title='bbox 3367 2175 3624 2256; x_wconf 61' lang='lat' dir='ltr'><strong>Ecclesiae</strong></span> 
     </span>
    </p>
   </div>
   <div class='ocr_carea' id='block_1_52' title="bbox 1987 2275 2333 2352">
    <p class='ocr_par' dir='ltr' id='par_1_52' title="bbox 1987 2275 2333 2352">
     <span class='ocr_line' id='line_1_53' title="bbox 1987 2275 2333 2352; baseline -0.012 -20"><span class='ocrx_word' id='word_1_316' title='bbox 1987 2343 2000 2352; x_wconf 38' lang='lat'>.</span> <span class='ocrx_word' id='word_1_317' title='bbox 2045 2275 2333 2340; x_wconf 78' lang='lat' dir='ltr'><strong>delegavit.</strong></span> 
     </span>
    </p>
   </div>
   <div class='ocr_carea' id='block_1_53' title="bbox 2116 2361 3626 2434">
    <p class='ocr_par' dir='ltr' id='par_1_53' title="bbox 2116 2361 3626 2434">
     <span class='ocr_line' id='line_1_54' title="bbox 2116 2361 3626 2434; baseline -0.003 -15"><span class='ocrx_word' id='word_1_318' title='bbox 2116 2364 2319 2419; x_wconf 82' lang='lat' dir='ltr'><strong>Horum</strong></span> <span class='ocrx_word' id='word_1_319' title='bbox 2378 2363 2564 2434; x_wconf 81' lang='lat' dir='ltr'><strong>igitur,</strong></span> <span class='ocrx_word' id='word_1_320' title='bbox 2616 2362 2958 2432; x_wconf 88' lang='lat' dir='ltr'><strong>aliorumque</strong></span> <span class='ocrx_word' id='word_1_321' title='bbox 3019 2361 3240 2416; x_wconf 90' lang='lat' dir='ltr'><strong>Patrum</strong></span> <span class='ocrx_word' id='word_1_322' title='bbox 3299 2361 3626 2415; x_wconf 89' lang='lat' dir='ltr'><strong>auctoritate</strong></span> 
     </span>
    </p>
   </div>
   <div class='ocr_carea' id='block_1_54' title="bbox 2047 2451 3631 2523">
    <p class='ocr_par' dir='ltr' id='par_1_54' title="bbox 2047 2451 3631 2523">
     <span class='ocr_line' id='line_1_55' title="bbox 2047 2451 3631 2523; baseline -0.002 -14"><span class='ocrx_word' id='word_1_323' title='bbox 2047 2453 2322 2519; x_wconf 75' lang='lat' dir='ltr'><strong>sull‘ultus,</strong></span> <span class='ocrx_word' id='word_1_324' title='bbox 2349 2453 2685 2523; x_wconf 87' lang='lat' dir='ltr'><strong>episcopatui</strong></span> <span class='ocrx_word' id='word_1_325' title='bbox 2711 2453 2871 2508; x_wconf 90' lang='lat' dir='ltr'><strong>simul</strong></span> <span class='ocrx_word' id='word_1_326' title='bbox 2893 2462 2948 2508; x_wconf 89' lang='lat' dir='ltr'><strong>et</strong></span> <span class='ocrx_word' id='word_1_327' title='bbox 2977 2451 3322 2507; x_wconf 89' lang='lat' dir='ltr'><strong>monasteriis</strong></span> <span class='ocrx_word' id='word_1_328' title='bbox 3349 2451 3400 2506; x_wconf 94' lang='lat' dir='ltr'><strong>in</strong></span> <span class='ocrx_word' id='word_1_329' title='bbox 3426 2451 3631 2506; x_wconf 74' lang='lat' dir='ltr'><strong>sanctis</strong></span> 
     </span>
    </p>
   </div>
   <div class='ocr_carea' id='block_1_55' title="bbox 2047 2542 3627 2605">
    <p class='ocr_par' dir='ltr' id='par_1_55' title="bbox 2047 2542 3627 2605">
     <span class='ocr_line' id='line_1_56' title="bbox 2047 2542 3627 2605; baseline -0.003 -7"><span class='ocrx_word' id='word_1_330' title='bbox 2047 2545 2298 2598; x_wconf 91' lang='lat' dir='ltr'><strong>manibus</strong></span> <span class='ocrx_word' id='word_1_331' title='bbox 2328 2543 2526 2597; x_wconf 84' lang='lat' dir='ltr'><strong>vestris</strong></span> <span class='ocrx_word' id='word_1_332' title='bbox 2558 2542 3025 2597; x_wconf 88' lang='lat' dir='ltr'><strong>irretractabiliter</strong></span> <span class='ocrx_word' id='word_1_333' title='bbox 3060 2542 3406 2605; x_wconf 88' lang='lat' dir='ltr'><strong>abrenuntio,</strong></span> <span class='ocrx_word' id='word_1_334' title='bbox 3435 2555 3627 2595; x_wconf 87' lang='lat' dir='ltr'><strong>omne-</strong></span> 
     </span>
    </p>
   </div>
   <div class='ocr_carea' id='block_1_56' title="bbox 2048 2633 3630 2708">
    <p class='ocr_par' dir='ltr' id='par_1_56' title="bbox 2048 2633 3630 2708">
     <span class='ocr_line' id='line_1_57' title="bbox 2048 2633 3630 2708; baseline -0.003 -19"><span class='ocrx_word' id='word_1_335' title='bbox 2048 2653 2152 2708; x_wconf 90' lang='lat' dir='ltr'><strong>que</strong></span> <span class='ocrx_word' id='word_1_336' title='bbox 2185 2637 2274 2704; x_wconf 89' lang='lat' dir='ltr'><strong>jus</strong></span> <span class='ocrx_word' id='word_1_337' title='bbox 2307 2651 2336 2690; x_wconf 88' lang='lat' dir='ltr'><strong>a</strong></span> <span class='ocrx_word' id='word_1_338' title='bbox 2377 2651 2462 2690; x_wconf 88' lang='lat' dir='ltr'><strong>me</strong></span> <span class='ocrx_word' id='word_1_339' title='bbox 2504 2636 2784 2690; x_wconf 65' lang='lat' dir='ltr'><strong>movendae</strong></span> <span class='ocrx_word' id='word_1_340' title='bbox 2817 2635 2868 2690; x_wconf 93' lang='lat' dir='ltr'><strong>in</strong></span> <span class='ocrx_word' id='word_1_341' title='bbox 2901 2645 3178 2705; x_wconf 91' lang='lat' dir='ltr'><strong>posterum</strong></span> <span class='ocrx_word' id='word_1_342' title='bbox 3211 2633 3534 2703; x_wconf 66' lang='lat' dir='ltr'><strong>qumstionis</strong></span> <span class='ocrx_word' id='word_1_343' title='bbox 3566 2647 3630 2686; x_wconf 87' lang='lat' dir='ltr'><strong>ac</strong></span> 
     </span>
    </p>
   </div>
   <div class='ocr_carea' id='block_1_57' title="bbox 2047 2723 3633 2797">
    <p class='ocr_par' dir='ltr' id='par_1_57' title="bbox 2047 2723 3633 2797">
     <span class='ocr_line' id='line_1_58' title="bbox 2047 2723 3633 2797; baseline -0.003 -15"><span class='ocrx_word' id='word_1_344' title='bbox 2047 2725 2387 2797; x_wconf 88' lang='lat' dir='ltr'><strong>repetitionis</strong></span> <span class='ocrx_word' id='word_1_345' title='bbox 2437 2725 2727 2789; x_wconf 87' lang='lat' dir='ltr'><strong>abscindo;</strong></span> <span class='ocrx_word' id='word_1_346' title='bbox 2765 2736 2820 2780; x_wconf 88' lang='lat' dir='ltr'><strong>et</strong></span> <span class='ocrx_word' id='word_1_347' title='bbox 2849 2727 2976 2796; x_wconf 93' lang='lat' dir='ltr'><strong>quia</strong></span> <span class='ocrx_word' id='word_1_348' title='bbox 3005 2741 3103 2794; x_wconf 87' lang='lat' dir='ltr'><strong>pro</strong></span> <span class='ocrx_word' id='word_1_349' title='bbox 3150 2723 3454 2779; x_wconf 87' lang='lat' dir='ltr'><strong>innumeris</strong></span> <span class='ocrx_word' id='word_1_350' title='bbox 3504 2737 3633 2792; x_wconf 88' lang='lat' dir='ltr'><strong>pec-</strong></span> 
     </span>
    </p>
   </div>
   <div class='ocr_carea' id='block_1_58' title="bbox 2048 2813 3629 2886">
    <p class='ocr_par' dir='ltr' id='par_1_58' title="bbox 2048 2813 3629 2886">
     <span class='ocr_line' id='line_1_59' title="bbox 2048 2813 3629 2886; baseline -0.005 -14"><span class='ocrx_word' id='word_1_351' title='bbox 2048 2819 2187 2872; x_wconf 90' lang='lat' dir='ltr'><strong>catis</strong></span> <span class='ocrx_word' id='word_1_352' title='bbox 2220 2817 2355 2872; x_wconf 88' lang='lat' dir='ltr'><strong>meis</strong></span> <span class='ocrx_word' id='word_1_353' title='bbox 2388 2834 2493 2870; x_wconf 90' lang='lat' dir='ltr'><strong>non</strong></span> <span class='ocrx_word' id='word_1_354' title='bbox 2528 2833 2646 2871; x_wconf 91' lang='lat' dir='ltr'><strong>sum</strong></span> <span class='ocrx_word' id='word_1_355' title='bbox 2671 2816 2930 2886; x_wconf 89' lang='lat' dir='ltr'><strong>dignusin</strong></span> <span class='ocrx_word' id='word_1_356' title='bbox 2960 2815 3335 2870; x_wconf 89' lang='lat' dir='ltr'><strong>ecclesiastica</strong></span> <span class='ocrx_word' id='word_1_357' title='bbox 3365 2813 3629 2882; x_wconf 79' lang='lat' dir='ltr'><strong>dignitate</strong></span> 
     </span>
    </p>
   </div>
   <div class='ocr_carea' id='block_1_59' title="bbox 2047 2907 3624 2979">
    <p class='ocr_par' dir='ltr' id='par_1_59' title="bbox 2047 2907 3624 2979">
     <span class='ocr_line' id='line_1_60' title="bbox 2047 2907 3624 2979; baseline -0.003 -17"><span class='ocrx_word' id='word_1_358' title='bbox 2047 2908 2364 2979; x_wconf 90' lang='lat' dir='ltr'><strong>persistere,</strong></span> <span class='ocrx_word' id='word_1_359' title='bbox 2396 2909 2486 2962; x_wconf 91' lang='lat' dir='ltr'><strong>det</strong></span> <span class='ocrx_word' id='word_1_360' title='bbox 2514 2908 2644 2961; x_wconf 92' lang='lat' dir='ltr'><strong>mihi</strong></span> <span class='ocrx_word' id='word_1_361' title='bbox 2669 2908 2850 2961; x_wconf 86' lang='lat' dir='ltr'><strong>divina</strong></span> <span class='ocrx_word' id='word_1_362' title='bbox 2876 2907 3250 2962; x_wconf 87' lang='lat' dir='ltr'><strong>misericordia</strong></span> <span class='ocrx_word' id='word_1_363' title='bbox 3286 2921 3382 2974; x_wconf 90' lang='lat' dir='ltr'><strong>per</strong></span> <span class='ocrx_word' id='word_1_364' title='bbox 3401 2911 3624 2959; x_wconf 87' lang='lat' dir='ltr'><strong>sanctas</strong></span> 
     </span>
    </p>
   </div>
   <div class='ocr_carea' id='block_1_60' title="bbox 2047 2995 3625 3068">
    <p class='ocr_par' dir='ltr' id='par_1_60' title="bbox 2047 2995 3625 3068">
     <span class='ocr_line' id='line_1_61' title="bbox 2047 2995 3625 3068; baseline -0.003 -13"><span class='ocrx_word' id='word_1_365' title='bbox 2047 3003 2322 3056; x_wconf 89' lang='lat' dir='ltr'><strong>orationes</strong></span> <span class='ocrx_word' id='word_1_366' title='bbox 2355 3009 2588 3064; x_wconf 88' lang='lat' dir='ltr'><strong>vestras,</strong></span> <span class='ocrx_word' id='word_1_367' title='bbox 2621 2999 2949 3054; x_wconf 90' lang='lat' dir='ltr'><strong>venerabilis</strong></span> <span class='ocrx_word' id='word_1_368' title='bbox 2989 3009 3161 3068; x_wconf 90' lang='lat' dir='ltr'><strong>pater,</strong></span> <span class='ocrx_word' id='word_1_369' title='bbox 3223 3013 3288 3053; x_wconf 89' lang='lat' dir='ltr'><strong>eo</strong></span> <span class='ocrx_word' id='word_1_370' title='bbox 3331 2997 3452 3067; x_wconf 84' lang='lat' dir='ltr'><strong>ipso</strong></span> <span class='ocrx_word' id='word_1_371' title='bbox 3499 2995 3625 3050; x_wconf 61' lang='lat' dir='ltr'><strong>vita</strong></span> 
     </span>
    </p>
   </div>
   <div class='ocr_carea' id='block_1_61' title="bbox 2049 3087 3630 3160">
    <p class='ocr_par' dir='ltr' id='par_1_61' title="bbox 2049 3087 3630 3160">
     <span class='ocr_line' id='line_1_62' title="bbox 2049 3087 3630 3160; baseline -0.004 -16"><span class='ocrx_word' id='word_1_372' title='bbox 2049 3091 2194 3160; x_wconf 87' lang='lat' dir='ltr'><strong>quod</strong></span> <span class='ocrx_word' id='word_1_373' title='bbox 2238 3099 2407 3145; x_wconf 87' lang='lat' dir='ltr'><strong>restat</strong></span> <span class='ocrx_word' id='word_1_374' title='bbox 2476 3089 2531 3143; x_wconf 89' lang='lat' dir='ltr'><strong>in</strong></span> <span class='ocrx_word' id='word_1_375' title='bbox 2585 3088 2730 3142; x_wconf 86' lang='lat' dir='ltr'><strong>luctu</strong></span> <span class='ocrx_word' id='word_1_376' title='bbox 2805 3097 2860 3142; x_wconf 90' lang='lat' dir='ltr'><strong>et</strong></span> <span class='ocrx_word' id='word_1_377' title='bbox 2915 3087 3235 3156; x_wconf 71' lang='lat' dir='ltr'><strong>pmnitentia</strong></span> <span class='ocrx_word' id='word_1_378' title='bbox 3289 3099 3630 3156; x_wconf 88' lang='lat' dir='ltr'><strong>permanere.</strong></span> 
     </span>
    </p>
   </div>
   <div class='ocr_carea' id='block_1_62' title="bbox 442 3149 3635 3248">
    <p class='ocr_par' dir='ltr' id='par_1_62' title="bbox 442 3149 3635 3248">
     <span class='ocr_line' id='line_1_63' title="bbox 442 3149 3635 3248; baseline 0 -20"><span class='ocrx_word' id='word_1_379' title='bbox 442 3175 610 3230; x_wconf 77' lang='lat' dir='ltr'><strong>Porro</strong></span> <span class='ocrx_word' id='word_1_380' title='bbox 643 3185 824 3231; x_wconf 91' lang='lat' dir='ltr'><strong>autem</strong></span> <span class='ocrx_word' id='word_1_381' title='bbox 858 3187 913 3232; x_wconf 92' lang='lat' dir='ltr'><strong>et</strong></span> <span class='ocrx_word' id='word_1_382' title='bbox 953 3177 1013 3230; x_wconf 83' lang='grc' dir='ltr'><strong>Β.</strong></span> <span class='ocrx_word' id='word_1_383' title='bbox 1052 3177 1400 3233; x_wconf 88' lang='lat' dir='ltr'><strong>Benedictum</strong></span> <span class='ocrx_word' id='word_1_384' title='bbox 1433 3178 1606 3232; x_wconf 89' lang='lat' dir='ltr'><strong>instar</strong></span> <span class='ocrx_word' id='word_1_385' title='bbox 1636 3174 1814 3245; x_wconf 91' lang='lat' dir='ltr'><strong>magni</strong></span> <span class='ocrx_word' id='word_1_386' title='bbox 1846 3190 1947 3230; x_wconf 77' lang='lat' dir='ltr'><strong>cu~</strong></span> <span class='ocrx_word' id='word_1_387' title='bbox 1974 3149 2019 3205; x_wconf 61' lang='grc' dir='ltr'><strong>ί⁴</strong></span> <span class='ocrx_word' id='word_1_388' title='bbox 2050 3181 2323 3236; x_wconf 86' lang='lat' dir='ltr'><strong>Confiteor</strong></span> <span class='ocrx_word' id='word_1_389' title='bbox 2376 3180 2544 3244; x_wconf 88' lang='lat' dir='ltr'><strong>enim,</strong></span> <span class='ocrx_word' id='word_1_390' title='bbox 2586 3178 2711 3248; x_wconf 89' lang='lat' dir='ltr'><strong>quia</strong></span> <span class='ocrx_word' id='word_1_391' title='bbox 2742 3178 3069 3233; x_wconf 88' lang='lat' dir='ltr'><strong>criminosus</strong></span> <span class='ocrx_word' id='word_1_392' title='bbox 3116 3177 3274 3231; x_wconf 91' lang='lat' dir='ltr'><strong>simul</strong></span> <span class='ocrx_word' id='word_1_393' title='bbox 3321 3185 3377 3228; x_wconf 92' lang='lat' dir='ltr'><strong>et</strong></span> <span class='ocrx_word' id='word_1_394' title='bbox 3409 3175 3635 3229; x_wconf 83' lang='lat' dir='ltr'><strong>vitiosus</strong></span> 
     </span>
    </p>
   </div>
   <div class='ocr_carea' id='block_1_63' title="bbox 363 3263 1948 3337">
    <p class='ocr_par' dir='ltr' id='par_1_63' title="bbox 363 3263 1948 3337">
     <span class='ocr_line' id='line_1_64' title="bbox 363 3263 1948 3337; baseline -0.001 -18"><span class='ocrx_word' id='word_1_395' title='bbox 363 3266 582 3336; x_wconf 81' lang='lat' dir='ltr'><strong>jusdam</strong></span> <span class='ocrx_word' id='word_1_396' title='bbox 610 3268 904 3335; x_wconf 88' lang='lat' dir='ltr'><strong>pontilicis,</strong></span> <span class='ocrx_word' id='word_1_397' title='bbox 937 3284 1221 3337; x_wconf 90' lang='lat' dir='ltr'><strong>possumus</strong></span> <span class='ocrx_word' id='word_1_398' title='bbox 1251 3269 1318 3322; x_wconf 89' lang='lat' dir='ltr'><strong>ad</strong></span> <span class='ocrx_word' id='word_1_399' title='bbox 1349 3265 1655 3334; x_wconf 82' lang='lat' dir='ltr'><strong>exemplum</strong></span> <span class='ocrx_word' id='word_1_400' title='bbox 1687 3263 1948 3318; x_wconf 89' lang='lat' dir='ltr'><strong>imitatio-</strong></span> 
     </span>
    </p>
   </div>
   <div class='ocr_carea' id='block_1_64' title="bbox 370 3353 1948 3426">
    <p class='ocr_par' dir='ltr' id='par_1_64' title="bbox 370 3353 1948 3426">
     <span class='ocr_line' id='line_1_65' title="bbox 370 3353 1948 3426; baseline -0.001 -18"><span class='ocrx_word' id='word_1_401' title='bbox 370 3355 456 3408; x_wconf 73' lang='lat' dir='ltr'><strong>nis</strong></span> <span class='ocrx_word' id='word_1_402' title='bbox 483 3355 759 3420; x_wconf 88' lang='lat' dir='ltr'><strong>inducere,</strong></span> <span class='ocrx_word' id='word_1_403' title='bbox 784 3357 876 3426; x_wconf 91' lang='lat' dir='ltr'><strong>qui</strong></span> <span class='ocrx_word' id='word_1_404' title='bbox 906 3357 1157 3412; x_wconf 89' lang='lat' dir='ltr'><strong>videlicet</strong></span> <span class='ocrx_word' id='word_1_405' title='bbox 1192 3358 1539 3412; x_wconf 90' lang='lat' dir='ltr'><strong>commissum</strong></span> <span class='ocrx_word' id='word_1_406' title='bbox 1578 3370 1684 3409; x_wconf 88' lang='lat' dir='ltr'><strong>non</strong></span> <span class='ocrx_word' id='word_1_407' title='bbox 1720 3353 1948 3424; x_wconf 84' lang='lat' dir='ltr'><strong>ambigi-</strong></span> 
     </span>
    </p>
   </div>
   <div class='ocr_carea' id='block_1_65' title="bbox 373 3448 1052 3518">
    <p class='ocr_par' dir='ltr' id='par_1_65' title="bbox 373 3448 1052 3518">
     <span class='ocr_line' id='line_1_66' title="bbox 373 3448 1052 3518; baseline 0 -16"><span class='ocrx_word' id='word_1_408' title='bbox 373 3457 462 3502; x_wconf 90' lang='lat' dir='ltr'><strong>tur</strong></span> <span class='ocrx_word' id='word_1_409' title='bbox 490 3448 728 3518; x_wconf 87' lang='lat' dir='ltr'><strong>regimcn</strong></span> <span class='ocrx_word' id='word_1_410' title='bbox 762 3449 1052 3504; x_wconf 86' lang='lat' dir='ltr'><strong>dimisisse.</strong></span> 
     </span>
    </p>
   </div>
   <div class='ocr_carea' id='block_1_66' title="bbox 443 3537 1954 3610">
    <p class='ocr_par' dir='ltr' id='par_1_66' title="bbox 443 3537 1954 3610">
     <span class='ocr_line' id='line_1_67' title="bbox 443 3537 1954 3610; baseline 0.001 -18"><span class='ocrx_word' id='word_1_411' title='bbox 443 3537 554 3592; x_wconf 88' lang='lat' dir='ltr'><strong>Leo</strong></span> <span class='ocrx_word' id='word_1_412' title='bbox 604 3555 820 3610; x_wconf 85' lang='lat' dir='ltr'><strong>quoque</strong></span> <span class='ocrx_word' id='word_1_413' title='bbox 858 3541 1267 3597; x_wconf 82' lang='lat' dir='ltr'><strong>Nonantulanus</strong></span> <span class='ocrx_word' id='word_1_414' title='bbox 1314 3543 1484 3597; x_wconf 81' lang='lat' dir='ltr'><strong>abbas</strong></span> <span class='ocrx_word' id='word_1_415' title='bbox 1528 3542 1596 3596; x_wconf 89' lang='lat' dir='ltr'><strong>ad</strong></span> <span class='ocrx_word' id='word_1_416' title='bbox 1635 3541 1954 3596; x_wconf 83' lang='lat' dir='ltr'><strong>memoriam</strong></span> 
     </span>
    </p>
   </div>
   <div class='ocr_carea' id='block_1_67' title="bbox 375 3625 1952 3700">
    <p class='ocr_par' dir='ltr' id='par_1_67' title="bbox 375 3625 1952 3700">
     <span class='ocr_line' id='line_1_68' title="bbox 375 3625 1952 3700; baseline 0.004 -22"><span class='ocrx_word' id='word_1_417' title='bbox 375 3625 559 3690; x_wconf 88' lang='lat' dir='ltr'><strong>rediit,</strong></span> <span class='ocrx_word' id='word_1_418' title='bbox 604 3629 696 3697; x_wconf 89' lang='lat' dir='ltr'><strong>qui</strong></span> <span class='ocrx_word' id='word_1_419' title='bbox 741 3629 866 3681; x_wconf 89' lang='lat' dir='ltr'><strong>dum</strong></span> <span class='ocrx_word' id='word_1_420' title='bbox 899 3631 1204 3685; x_wconf 83' lang='lat' dir='ltr'><strong>elericalem</strong></span> <span class='ocrx_word' id='word_1_421' title='bbox 1243 3631 1420 3684; x_wconf 89' lang='lat' dir='ltr'><strong>adhuc</strong></span> <span class='ocrx_word' id='word_1_422' title='bbox 1449 3630 1684 3700; x_wconf 89' lang='lat' dir='ltr'><strong>speciem</strong></span> <span class='ocrx_word' id='word_1_423' title='bbox 1717 3638 1952 3700; x_wconf 86' lang='lat' dir='ltr'><strong>gereret.</strong></span> 
     </span>
    </p>
   </div>
   <div class='ocr_carea' id='block_1_68' title="bbox 369 3715 1959 3791">
    <p class='ocr_par' dir='ltr' id='par_1_68' title="bbox 369 3715 1959 3791">
     <span class='ocr_line' id='line_1_69' title="bbox 369 3715 1959 3791; baseline 0.003 -22"><span class='ocrx_word' id='word_1_424' title='bbox 369 3715 592 3786; x_wconf 79' lang='lat' dir='ltr'><strong>jamque</strong></span> <span class='ocrx_word' id='word_1_425' title='bbox 622 3719 909 3774; x_wconf 79' lang='lat' dir='ltr'><strong>devotione</strong></span> <span class='ocrx_word' id='word_1_426' title='bbox 939 3730 1178 3789; x_wconf 85' lang='lat' dir='ltr'><strong>peracta,</strong></span> <span class='ocrx_word' id='word_1_427' title='bbox 1209 3721 1276 3774; x_wconf 88' lang='lat' dir='ltr'><strong>ab</strong></span> <span class='ocrx_word' id='word_1_428' title='bbox 1306 3720 1692 3791; x_wconf 85' lang='lat' dir='ltr'><strong>Hierosolymis</strong></span> <span class='ocrx_word' id='word_1_429' title='bbox 1723 3734 1959 3774; x_wconf 88' lang='lat' dir='ltr'><strong>remeas-</strong></span> 
     </span>
    </p>
   </div>
   <div class='ocr_carea' id='block_1_69' title="bbox 377 3809 1956 3882">
    <p class='ocr_par' dir='ltr' id='par_1_69' title="bbox 377 3809 1956 3882">
     <span class='ocr_line' id='line_1_70' title="bbox 377 3809 1956 3882; baseline 0.003 -21"><span class='ocrx_word' id='word_1_430' title='bbox 377 3817 482 3871; x_wconf 85' lang='lat' dir='ltr'><strong>set,</strong></span> <span class='ocrx_word' id='word_1_431' title='bbox 530 3809 609 3863; x_wconf 89' lang='lat' dir='ltr'><strong>sic</strong></span> <span class='ocrx_word' id='word_1_432' title='bbox 653 3811 820 3864; x_wconf 90' lang='lat' dir='ltr'><strong>vitam</strong></span> <span class='ocrx_word' id='word_1_433' title='bbox 869 3828 1021 3866; x_wconf 83' lang='lat' dir='ltr'><strong>suam</strong></span> <span class='ocrx_word' id='word_1_434' title='bbox 1069 3814 1320 3876; x_wconf 85' lang='lat' dir='ltr'><strong>instituit,</strong></span> <span class='ocrx_word' id='word_1_435' title='bbox 1367 3823 1425 3868; x_wconf 90' lang='lat' dir='ltr'><strong>ut</strong></span> <span class='ocrx_word' id='word_1_436' title='bbox 1467 3813 1542 3868; x_wconf 91' lang='lat' dir='ltr'><strong>nil</strong></span> <span class='ocrx_word' id='word_1_437' title='bbox 1583 3813 1727 3867; x_wconf 88' lang='lat' dir='ltr'><strong>aliud</strong></span> <span class='ocrx_word' id='word_1_438' title='bbox 1758 3823 1956 3882; x_wconf 64' lang='lat' dir='ltr'><strong>praiter</strong></span> 
     </span>
    </p>
   </div>
   <div class='ocr_carea' id='block_1_70' title="bbox 377 3902 1955 3974">
    <p class='ocr_par' dir='ltr' id='par_1_70' title="bbox 377 3902 1955 3974">
     <span class='ocr_line' id='line_1_71' title="bbox 377 3902 1955 3974; baseline 0.003 -20"><span class='ocrx_word' id='word_1_439' title='bbox 377 3914 543 3954; x_wconf 86' lang='lat' dir='ltr'><strong>unum</strong></span> <span class='ocrx_word' id='word_1_440' title='bbox 576 3902 843 3956; x_wconf 77' lang='lat' dir='ltr'><strong>duntaxat</strong></span> <span class='ocrx_word' id='word_1_441' title='bbox 873 3903 1087 3958; x_wconf 90' lang='lat' dir='ltr'><strong>asinum</strong></span> <span class='ocrx_word' id='word_1_442' title='bbox 1118 3905 1439 3974; x_wconf 88' lang='lat' dir='ltr'><strong>possideret.</strong></span> <span class='ocrx_word' id='word_1_443' title='bbox 1480 3904 1613 3960; x_wconf 89' lang='lat' dir='ltr'><strong>Cum</strong></span> <span class='ocrx_word' id='word_1_444' title='bbox 1643 3905 1746 3960; x_wconf 92' lang='lat' dir='ltr'><strong>hoc</strong></span> <span class='ocrx_word' id='word_1_445' title='bbox 1775 3904 1955 3973; x_wconf 88' lang='lat' dir='ltr'><strong>quoti-</strong></span> 
     </span>
    </p>
   </div>
   <div class='ocr_carea' id='block_1_71' title="bbox 377 3989 1955 4064">
    <p class='ocr_par' dir='ltr' id='par_1_71' title="bbox 377 3989 1955 4064">
     <span class='ocr_line' id='line_1_72' title="bbox 377 3989 1955 4064; baseline 0.004 -24"><span class='ocrx_word' id='word_1_446' title='bbox 377 3989 464 4043; x_wconf 89' lang='lat' dir='ltr'><strong>die</strong></span> <span class='ocrx_word' id='word_1_447' title='bbox 488 3990 678 4056; x_wconf 90' lang='lat' dir='ltr'><strong>saltus,</strong></span> <span class='ocrx_word' id='word_1_448' title='bbox 705 4000 758 4046; x_wconf 89' lang='lat' dir='ltr'><strong>et</strong></span> <span class='ocrx_word' id='word_1_449' title='bbox 785 4008 979 4060; x_wconf 88' lang='lat' dir='ltr'><strong>pascua</strong></span> <span class='ocrx_word' id='word_1_450' title='bbox 1003 3994 1427 4064; x_wconf 87' lang='lat' dir='ltr'><strong>circumquaque</strong></span> <span class='ocrx_word' id='word_1_451' title='bbox 1454 3995 1814 4064; x_wconf 82' lang='lat' dir='ltr'><strong>perlustrans,</strong></span> <span class='ocrx_word' id='word_1_452' title='bbox 1840 4009 1955 4047; x_wconf 88' lang='lat' dir='ltr'><strong>ma-</strong></span> 
     </span>
    </p>
   </div>
   <div class='ocr_carea' id='block_1_72' title="bbox 379 4077 1953 4152">
    <p class='ocr_par' dir='ltr' id='par_1_72' title="bbox 379 4077 1953 4152">
     <span class='ocr_line' id='line_1_73' title="bbox 379 4077 1953 4152; baseline 0.004 -19"><span class='ocrx_word' id='word_1_453' title='bbox 379 4077 546 4133; x_wconf 88' lang='lat' dir='ltr'><strong>terias</strong></span> <span class='ocrx_word' id='word_1_454' title='bbox 582 4083 930 4150; x_wconf 89' lang='lat' dir='ltr'><strong>congerebat,</strong></span> <span class='ocrx_word' id='word_1_455' title='bbox 975 4085 1172 4152; x_wconf 89' lang='lat' dir='ltr'><strong>quibus</strong></span> <span class='ocrx_word' id='word_1_456' title='bbox 1223 4084 1289 4137; x_wconf 92' lang='lat' dir='ltr'><strong>ad</strong></span> <span class='ocrx_word' id='word_1_457' title='bbox 1320 4084 1579 4152; x_wconf 87' lang='lat' dir='ltr'><strong>requisita</strong></span> <span class='ocrx_word' id='word_1_458' title='bbox 1621 4095 1830 4138; x_wconf 65' lang='lat' dir='ltr'><strong>natura:</strong></span> <span class='ocrx_word' id='word_1_459' title='bbox 1859 4101 1953 4140; x_wconf 86' lang='lat' dir='ltr'><strong>ne-</strong></span> 
     </span>
    </p>
   </div>
   <div class='ocr_carea' id='block_1_73' title="bbox 378 4169 1957 4244">
    <p class='ocr_par' dir='ltr' id='par_1_73' title="bbox 378 4169 1957 4244">
     <span class='ocr_line' id='line_1_74' title="bbox 378 4169 1957 4244; baseline 0.001 -17"><span class='ocrx_word' id='word_1_460' title='bbox 378 4169 615 4227; x_wconf 78' lang='lat' dir='ltr'><strong>Cessaria</strong></span> <span class='ocrx_word' id='word_1_461' title='bbox 663 4170 925 4228; x_wconf 81' lang='lat' dir='ltr'><strong>fratribus</strong></span> <span class='ocrx_word' id='word_1_462' title='bbox 987 4174 1256 4244; x_wconf 87' lang='lat' dir='ltr'><strong>anitergia</strong></span> <span class='ocrx_word' id='word_1_463' title='bbox 1305 4173 1664 4228; x_wconf 90' lang='lat' dir='ltr'><strong>ministraret.</strong></span> <span class='ocrx_word' id='word_1_464' title='bbox 1729 4172 1957 4228; x_wconf 82' lang='lat' dir='ltr'><strong>Peracto</strong></span> 
     </span>
    </p>
   </div>
   <div class='ocr_carea' id='block_1_74' title="bbox 381 4258 1957 4335">
    <p class='ocr_par' dir='ltr' id='par_1_74' title="bbox 381 4258 1957 4335">
     <span class='ocr_line' id='line_1_75' title="bbox 381 4258 1957 4335; baseline 0.006 -25"><span class='ocrx_word' id='word_1_465' title='bbox 381 4258 562 4326; x_wconf 91' lang='lat' dir='ltr'><strong>itaque</strong></span> <span class='ocrx_word' id='word_1_466' title='bbox 591 4259 836 4328; x_wconf 82' lang='lat' dir='ltr'><strong>glorifico</strong></span> <span class='ocrx_word' id='word_1_467' title='bbox 878 4264 1182 4334; x_wconf 72' lang='lat' dir='ltr'><strong>huiusmodi</strong></span> <span class='ocrx_word' id='word_1_468' title='bbox 1223 4280 1387 4335; x_wconf 87' lang='lat' dir='ltr'><strong>opere</strong></span> <span class='ocrx_word' id='word_1_469' title='bbox 1433 4280 1715 4329; x_wconf 88' lang='lat' dir='ltr'><strong>manuum,</strong></span> <span class='ocrx_word' id='word_1_470' title='bbox 1758 4265 1957 4334; x_wconf 90' lang='lat' dir='ltr'><strong>psalte-</strong></span> 
     </span>
    </p>
   </div>
   <div class='ocr_carea' id='block_1_75' title="bbox 381 4349 1960 4426">
    <p class='ocr_par' dir='ltr' id='par_1_75' title="bbox 381 4349 1960 4426">
     <span class='ocr_line' id='line_1_76' title="bbox 381 4349 1960 4426; baseline 0.008 -26"><span class='ocrx_word' id='word_1_471' title='bbox 381 4349 569 4418; x_wconf 88' lang='lat' dir='ltr'><strong>rioque</strong></span> <span class='ocrx_word' id='word_1_472' title='bbox 603 4367 726 4406; x_wconf 90' lang='lat' dir='ltr'><strong>cum</strong></span> <span class='ocrx_word' id='word_1_473' title='bbox 765 4354 878 4423; x_wconf 88' lang='lat' dir='ltr'><strong>ipsa</strong></span> <span class='ocrx_word' id='word_1_474' title='bbox 910 4356 1070 4410; x_wconf 90' lang='lat' dir='ltr'><strong>simul</strong></span> <span class='ocrx_word' id='word_1_475' title='bbox 1105 4357 1501 4412; x_wconf 83' lang='lat' dir='ltr'><strong>exercitatione</strong></span> <span class='ocrx_word' id='word_1_476' title='bbox 1543 4358 1796 4422; x_wconf 86' lang='lat' dir='ltr'><strong>decurso,</strong></span> <span class='ocrx_word' id='word_1_477' title='bbox 1838 4373 1960 4426; x_wconf 85' lang='lat' dir='ltr'><strong>pro—</strong></span> 
     </span>
    </p>
   </div>
   <div class='ocr_carea' id='block_1_76' title="bbox 383 4437 2038 4519">
    <p class='ocr_par' dir='ltr' id='par_1_76' title="bbox 383 4437 2038 4519">
     <span class='ocr_line' id='line_1_77' title="bbox 383 4437 2038 4519; baseline 0.004 -24"><span class='ocrx_word' id='word_1_478' title='bbox 383 4437 527 4495; x_wconf 86' lang='lat' dir='ltr'><strong>tinus</strong></span> <span class='ocrx_word' id='word_1_479' title='bbox 571 4440 639 4494; x_wconf 88' lang='lat' dir='ltr'><strong>ad</strong></span> <span class='ocrx_word' id='word_1_480' title='bbox 689 4442 969 4498; x_wconf 76' lang='lat' dir='ltr'><strong>offerenda</strong></span> <span class='ocrx_word' id='word_1_481' title='bbox 1015 4447 1125 4500; x_wconf 89' lang='lat' dir='ltr'><strong>Deo</strong></span> <span class='ocrx_word' id='word_1_482' title='bbox 1171 4461 1325 4501; x_wconf 87' lang='lat' dir='ltr'><strong>sacra</strong></span> <span class='ocrx_word' id='word_1_483' title='bbox 1377 4447 1632 4516; x_wconf 85' lang='lat' dir='ltr'><strong>mysteria</strong></span> <span class='ocrx_word' id='word_1_484' title='bbox 1687 4462 1794 4500; x_wconf 91' lang='lat' dir='ltr'><strong>non</strong></span> <span class='ocrx_word' id='word_1_485' title='bbox 1843 4448 1958 4502; x_wconf 89' lang='lat' dir='ltr'><strong>sine</strong></span> <span class='ocrx_word' id='word_1_486' title='bbox 1988 4460 2038 4519; x_wconf 74' lang='grc' dir='ltr'><strong>ι)</strong></span> 
     </span>
    </p>
   </div>
   <div class='ocr_carea' id='block_1_77' title="bbox 451 4591 1246 4664">
    <p class='ocr_par' dir='ltr' id='par_1_77' title="bbox 451 4591 1246 4664">
     <span class='ocr_line' id='line_1_78' title="bbox 451 4591 1246 4664; baseline 0.011 -19"><span class='ocrx_word' id='word_1_487' title='bbox 451 4591 567 4661; x_wconf 68' lang='grc'><strong>(12)</strong></span> <span class='ocrx_word' id='word_1_488' title='bbox 607 4594 774 4664; x_wconf 80' lang='lat' dir='ltr'><strong>Hujus</strong></span> <span class='ocrx_word' id='word_1_489' title='bbox 798 4599 1032 4653; x_wconf 76' lang='lat' dir='ltr'><strong>nominis</strong></span> <span class='ocrx_word' id='word_1_490' title='bbox 1057 4615 1246 4654; x_wconf 81' lang='lat' dir='ltr'><strong>nonus.</strong></span> 
     </span>
    </p>
   </div>
   <div class='ocr_carea' id='block_1_78' title="bbox 389 4727 3080 4762">
    <p class='ocr_par' dir='ltr' id='par_1_78' title="bbox 389 4727 3080 4762">
     <span class='ocr_line' id='line_1_79' title="bbox 389 4727 3080 4762; baseline 0.001 -6"><span class='ocrx_word' id='word_1_491' title='bbox 389 4727 3080 4762; x_wconf 52' lang='lat' dir='ltr'><strong>mm</strong></span> 
     </span>
    </p>
   </div>
   <div class='ocr_carea' id='block_1_79' title="bbox 2051 3264 3636 3334">
    <p class='ocr_par' dir='ltr' id='par_1_79' title="bbox 2051 3264 3636 3334">
     <span class='ocr_line' id='line_1_80' title="bbox 2051 3264 3636 3334; baseline -0.005 -10"><span class='ocrx_word' id='word_1_492' title='bbox 2051 3270 2120 3324; x_wconf 92' lang='lat' dir='ltr'><strong>ad</strong></span> <span class='ocrx_word' id='word_1_493' title='bbox 2157 3270 2420 3325; x_wconf 91' lang='lat' dir='ltr'><strong>honorem</strong></span> <span class='ocrx_word' id='word_1_494' title='bbox 2462 3269 2630 3331; x_wconf 89' lang='lat' dir='ltr'><strong>hunc,</strong></span> <span class='ocrx_word' id='word_1_495' title='bbox 2659 3276 2712 3321; x_wconf 93' lang='lat' dir='ltr'><strong>et</strong></span> <span class='ocrx_word' id='word_1_496' title='bbox 2751 3282 2856 3320; x_wconf 90' lang='lat' dir='ltr'><strong>non</strong></span> <span class='ocrx_word' id='word_1_497' title='bbox 2899 3266 3016 3320; x_wconf 88' lang='lat' dir='ltr'><strong>sine</strong></span> <span class='ocrx_word' id='word_1_498' title='bbox 3051 3264 3475 3334; x_wconf 88' lang='lat' dir='ltr'><strong>reprehensione</strong></span> <span class='ocrx_word' id='word_1_499' title='bbox 3508 3277 3636 3332; x_wconf 85' lang='lat' dir='ltr'><strong>per-</strong></span> 
     </span>
    </p>
   </div>
   <div class='ocr_carea' id='block_1_80' title="bbox 2053 3353 3636 3428">
    <p class='ocr_par' dir='ltr' id='par_1_80' title="bbox 2053 3353 3636 3428">
     <span class='ocr_line' id='line_1_81' title="bbox 2053 3353 3636 3428; baseline -0.004 -14"><span class='ocrx_word' id='word_1_500' title='bbox 2053 3361 2199 3425; x_wconf 87' lang='lat' dir='ltr'><strong>veni,</strong></span> <span class='ocrx_word' id='word_1_501' title='bbox 2240 3369 2296 3415; x_wconf 92' lang='lat' dir='ltr'><strong>et</strong></span> <span class='ocrx_word' id='word_1_502' title='bbox 2338 3361 2391 3413; x_wconf 93' lang='lat' dir='ltr'><strong>in</strong></span> <span class='ocrx_word' id='word_1_503' title='bbox 2419 3374 2485 3414; x_wconf 90' lang='lat' dir='ltr'><strong>eo</strong></span> <span class='ocrx_word' id='word_1_504' title='bbox 2529 3358 3028 3428; x_wconf 89' lang='lat' dir='ltr'><strong>reprchensibiliter</strong></span> <span class='ocrx_word' id='word_1_505' title='bbox 3055 3357 3162 3413; x_wconf 76' lang='lat' dir='ltr'><strong>vixi</strong></span> <span class='ocrx_word' id='word_1_506' title='bbox 3194 3375 3206 3410; x_wconf 92' lang='lat'>:</span> <span class='ocrx_word' id='word_1_507' title='bbox 3242 3356 3470 3425; x_wconf 89' lang='lat' dir='ltr'><strong>ideoque</strong></span> <span class='ocrx_word' id='word_1_508' title='bbox 3504 3353 3636 3408; x_wconf 91' lang='lat' dir='ltr'><strong>mihi</strong></span> 
     </span>
    </p>
   </div>
   <div class='ocr_carea' id='block_1_81' title="bbox 2057 3446 3636 3517">
    <p class='ocr_par' dir='ltr' id='par_1_81' title="bbox 2057 3446 3636 3517">
     <span class='ocr_line' id='line_1_82' title="bbox 2057 3446 3636 3517; baseline -0.004 -13"><span class='ocrx_word' id='word_1_509' title='bbox 2057 3459 2232 3504; x_wconf 91' lang='lat' dir='ltr'><strong>tutum</strong></span> <span class='ocrx_word' id='word_1_510' title='bbox 2262 3449 2436 3504; x_wconf 88' lang='lat' dir='ltr'><strong>visum</strong></span> <span class='ocrx_word' id='word_1_511' title='bbox 2479 3459 2581 3512; x_wconf 87' lang='lat' dir='ltr'><strong>est,</strong></span> <span class='ocrx_word' id='word_1_512' title='bbox 2616 3456 2673 3501; x_wconf 92' lang='lat' dir='ltr'><strong>ut</strong></span> <span class='ocrx_word' id='word_1_513' title='bbox 2702 3449 2816 3517; x_wconf 90' lang='lat' dir='ltr'><strong>ipse</strong></span> <span class='ocrx_word' id='word_1_514' title='bbox 2844 3463 2928 3502; x_wconf 91' lang='lat' dir='ltr'><strong>me</strong></span> <span class='ocrx_word' id='word_1_515' title='bbox 2966 3447 3146 3516; x_wconf 88' lang='lat' dir='ltr'><strong>potius</strong></span> <span class='ocrx_word' id='word_1_516' title='bbox 3175 3456 3368 3516; x_wconf 91' lang='lat' dir='ltr'><strong>sponte</strong></span> <span class='ocrx_word' id='word_1_517' title='bbox 3397 3446 3636 3515; x_wconf 88' lang='lat' dir='ltr'><strong>depone-</strong></span> 
     </span>
    </p>
   </div>
   <div class='ocr_carea' id='block_1_82' title="bbox 2060 3536 3639 3609">
    <p class='ocr_par' dir='ltr' id='par_1_82' title="bbox 2060 3536 3639 3609">
     <span class='ocr_line' id='line_1_83' title="bbox 2060 3536 3639 3609; baseline -0.006 -13"><span class='ocrx_word' id='word_1_518' title='bbox 2060 3557 2200 3604; x_wconf 89' lang='lat' dir='ltr'><strong>rem,</strong></span> <span class='ocrx_word' id='word_1_519' title='bbox 2235 3554 2399 3609; x_wconf 89' lang='lat' dir='ltr'><strong>quam</strong></span> <span class='ocrx_word' id='word_1_520' title='bbox 2433 3547 2560 3593; x_wconf 88' lang='lat' dir='ltr'><strong>ante</strong></span> <span class='ocrx_word' id='word_1_521' title='bbox 2595 3538 2832 3594; x_wconf 87' lang='lat' dir='ltr'><strong>tribunal</strong></span> <span class='ocrx_word' id='word_1_522' title='bbox 2867 3537 3134 3592; x_wconf 90' lang='lat' dir='ltr'><strong>tremendi</strong></span> <span class='ocrx_word' id='word_1_523' title='bbox 3165 3536 3364 3607; x_wconf 88' lang='lat' dir='ltr'><strong>judicis</strong></span> <span class='ocrx_word' id='word_1_524' title='bbox 3414 3536 3468 3588; x_wconf 91' lang='lat' dir='ltr'><strong>in</strong></span> <span class='ocrx_word' id='word_1_525' title='bbox 3507 3550 3639 3588; x_wconf 90' lang='lat' dir='ltr'><strong>con-</strong></span> 
     </span>
    </p>
   </div>
   <div class='ocr_carea' id='block_1_83' title="bbox 2058 3625 3633 3703">
    <p class='ocr_par' dir='ltr' id='par_1_83' title="bbox 2058 3625 3633 3703">
     <span class='ocr_line' id='line_1_84' title="bbox 2058 3625 3633 3703; baseline -0.004 -16"><span class='ocrx_word' id='word_1_526' title='bbox 2058 3639 2246 3703; x_wconf 89' lang='lat' dir='ltr'><strong>spectu</strong></span> <span class='ocrx_word' id='word_1_527' title='bbox 2274 3632 2514 3686; x_wconf 91' lang='lat' dir='ltr'><strong>omnium</strong></span> <span class='ocrx_word' id='word_1_528' title='bbox 2543 3630 2858 3702; x_wconf 89' lang='lat' dir='ltr'><strong>angelorum</strong></span> <span class='ocrx_word' id='word_1_529' title='bbox 2887 3629 3258 3692; x_wconf 81' lang='lat' dir='ltr'><strong>ethominuin,</strong></span> <span class='ocrx_word' id='word_1_530' title='bbox 3277 3625 3633 3696; x_wconf 81' lang='lat' dir='ltr'><strong>depositionis</strong></span> 
     </span>
    </p>
   </div>
   <div class='ocr_carea' id='block_1_84' title="bbox 2059 3715 3639 3778">
    <p class='ocr_par' dir='ltr' id='par_1_84' title="bbox 2059 3715 3639 3778">
     <span class='ocr_line' id='line_1_85' title="bbox 2059 3715 3639 3778; baseline -0.005 0"><span class='ocrx_word' id='word_1_531' title='bbox 2059 3724 2387 3778; x_wconf 88' lang='lat' dir='ltr'><strong>sententiam</strong></span> <span class='ocrx_word' id='word_1_532' title='bbox 2432 3722 2532 3777; x_wconf 91' lang='lat' dir='ltr'><strong>sub</strong></span> <span class='ocrx_word' id='word_1_533' title='bbox 2575 3732 2779 3778; x_wconf 63' lang='lat' dir='ltr'><strong>aeterna</strong></span> <span class='ocrx_word' id='word_1_534' title='bbox 2825 3720 3175 3776; x_wconf 89' lang='lat' dir='ltr'><strong>damnatione</strong></span> <span class='ocrx_word' id='word_1_535' title='bbox 3220 3719 3479 3773; x_wconf 84' lang='lat' dir='ltr'><strong>subirem.</strong></span> <span class='ocrx_word' id='word_1_536' title='bbox 3531 3715 3639 3770; x_wconf 89' lang='lat' dir='ltr'><strong>Sed</strong></span> 
     </span>
    </p>
   </div>
   <div class='ocr_carea' id='block_1_85' title="bbox 2055 3807 3639 3884">
    <p class='ocr_par' dir='ltr' id='par_1_85' title="bbox 2055 3807 3639 3884">
     <span class='ocr_line' id='line_1_86' title="bbox 2055 3807 3639 3884; baseline -0.006 -16"><span class='ocrx_word' id='word_1_537' title='bbox 2055 3813 2171 3884; x_wconf 88' lang='lat' dir='ltr'><strong>jam</strong></span> <span class='ocrx_word' id='word_1_538' title='bbox 2212 3815 2315 3870; x_wconf 91' lang='lat' dir='ltr'><strong>ista</strong></span> <span class='ocrx_word' id='word_1_539' title='bbox 2347 3813 2619 3869; x_wconf 71' lang='lat' dir='ltr'><strong>sufficiant</strong></span> <span class='ocrx_word' id='word_1_540' title='bbox 2647 3831 2660 3866; x_wconf 89' lang='lat'><strong>:</strong></span> <span class='ocrx_word' id='word_1_541' title='bbox 2688 3811 3046 3882; x_wconf 90' lang='lat' dir='ltr'><strong>Omnipotens</strong></span> <span class='ocrx_word' id='word_1_542' title='bbox 3092 3811 3259 3874; x_wconf 89' lang='lat' dir='ltr'><strong>Deus,</strong></span> <span class='ocrx_word' id='word_1_543' title='bbox 3295 3807 3388 3879; x_wconf 91' lang='lat' dir='ltr'><strong>qui</strong></span> <span class='ocrx_word' id='word_1_544' title='bbox 3435 3808 3639 3861; x_wconf 90' lang='lat' dir='ltr'><strong>incom-</strong></span> 
     </span>
    </p>
   </div>
   <div class='ocr_carea' id='block_1_86' title="bbox 2063 3895 3641 3974">
    <p class='ocr_par' dir='ltr' id='par_1_86' title="bbox 2063 3895 3641 3974">
     <span class='ocr_line' id='line_1_87' title="bbox 2063 3895 3641 3974; baseline -0.007 -15"><span class='ocrx_word' id='word_1_545' title='bbox 2063 3905 2418 3974; x_wconf 76' lang='lat' dir='ltr'><strong>prelicnsihili</strong></span> <span class='ocrx_word' id='word_1_546' title='bbox 2450 3902 2872 3974; x_wconf 87' lang='lat' dir='ltr'><strong>dispensationis</strong></span> <span class='ocrx_word' id='word_1_547' title='bbox 2901 3917 3013 3958; x_wconf 78' lang='lat' dir='ltr'><strong>suae</strong></span> <span class='ocrx_word' id='word_1_548' title='bbox 3050 3901 3308 3964; x_wconf 89' lang='lat' dir='ltr'><strong>consilio,</strong></span> <span class='ocrx_word' id='word_1_549' title='bbox 3359 3907 3414 3952; x_wconf 89' lang='lat' dir='ltr'><strong>et</strong></span> <span class='ocrx_word' id='word_1_550' title='bbox 3450 3911 3536 3950; x_wconf 93' lang='lat' dir='ltr'><strong>me</strong></span> <span class='ocrx_word' id='word_1_551' title='bbox 3574 3895 3641 3949; x_wconf 87' lang='lat' dir='ltr'><strong>ab</strong></span> 
     </span>
    </p>
   </div>
   <div class='ocr_carea' id='block_1_87' title="bbox 2062 3981 3642 4062">
    <p class='ocr_par' dir='ltr' id='par_1_87' title="bbox 2062 3981 3642 4062">
     <span class='ocr_line' id='line_1_88' title="bbox 2062 3981 3642 4062; baseline -0.009 -14"><span class='ocrx_word' id='word_1_552' title='bbox 2062 3993 2341 4048; x_wconf 89' lang='lat' dir='ltr'><strong>obtinendi</strong></span> <span class='ocrx_word' id='word_1_553' title='bbox 2387 3992 2666 4062; x_wconf 88' lang='lat' dir='ltr'><strong>regiminis</strong></span> <span class='ocrx_word' id='word_1_554' title='bbox 2709 3990 3008 4047; x_wconf 87' lang='lat' dir='ltr'><strong>ambitione</strong></span> <span class='ocrx_word' id='word_1_555' title='bbox 3057 3988 3276 4058; x_wconf 89' lang='lat' dir='ltr'><strong>dejecit,</strong></span> <span class='ocrx_word' id='word_1_556' title='bbox 3325 3995 3380 4040; x_wconf 90' lang='lat' dir='ltr'><strong>et</strong></span> <span class='ocrx_word' id='word_1_557' title='bbox 3429 3998 3526 4038; x_wconf 87' lang='lat' dir='ltr'><strong>vos</strong></span> <span class='ocrx_word' id='word_1_558' title='bbox 3576 3981 3642 4034; x_wconf 88' lang='lat' dir='ltr'><strong>ad</strong></span> 
     </span>
    </p>
   </div>
   <div class='ocr_carea' id='block_1_88' title="bbox 2062 4071 3642 4150">
    <p class='ocr_par' dir='ltr' id='par_1_88' title="bbox 2062 4071 3642 4150">
     <span class='ocr_line' id='line_1_89' title="bbox 2062 4071 3642 4150; baseline -0.009 -11"><span class='ocrx_word' id='word_1_559' title='bbox 2062 4083 2422 4140; x_wconf 83' lang='lat' dir='ltr'><strong>ecclesiastici</strong></span> <span class='ocrx_word' id='word_1_560' title='bbox 2446 4082 2702 4136; x_wconf 92' lang='lat' dir='ltr'><strong>culminis</strong></span> <span class='ocrx_word' id='word_1_561' title='bbox 2727 4095 2939 4138; x_wconf 90' lang='lat' dir='ltr'><strong>summa</strong></span> <span class='ocrx_word' id='word_1_562' title='bbox 2967 4078 3240 4150; x_wconf 80' lang='lat' dir='ltr'><strong>provexit,</strong></span> <span class='ocrx_word' id='word_1_563' title='bbox 3263 4083 3452 4129; x_wconf 83' lang='lat' dir='ltr'><strong>sancto</strong></span> <span class='ocrx_word' id='word_1_564' title='bbox 3493 4071 3642 4127; x_wconf 90' lang='lat' dir='ltr'><strong>cordi</strong></span> 
     </span>
    </p>
   </div>
   <div class='ocr_carea' id='block_1_89' title="bbox 2063 4161 3642 4240">
    <p class='ocr_par' dir='ltr' id='par_1_89' title="bbox 2063 4161 3642 4240">
     <span class='ocr_line' id='line_1_90' title="bbox 2063 4161 3642 4240; baseline -0.008 -14"><span class='ocrx_word' id='word_1_565' title='bbox 2063 4183 2249 4229; x_wconf 84' lang='lat' dir='ltr'><strong>vestro</strong></span> <span class='ocrx_word' id='word_1_566' title='bbox 2280 4171 2434 4240; x_wconf 89' lang='lat' dir='ltr'><strong>cujus</strong></span> <span class='ocrx_word' id='word_1_567' title='bbox 2465 4181 2549 4227; x_wconf 92' lang='lat' dir='ltr'><strong>est</strong></span> <span class='ocrx_word' id='word_1_568' title='bbox 2583 4171 2942 4234; x_wconf 88' lang='lat' dir='ltr'><strong>inhabitator,</strong></span> <span class='ocrx_word' id='word_1_569' title='bbox 2975 4169 3202 4238; x_wconf 87' lang='lat' dir='ltr'><strong>inspiret</strong></span> <span class='ocrx_word' id='word_1_570' title='bbox 3227 4166 3354 4219; x_wconf 90' lang='lat' dir='ltr'><strong>talia</strong></span> <span class='ocrx_word' id='word_1_571' title='bbox 3381 4161 3516 4217; x_wconf 86' lang='lat' dir='ltr'><strong>mihi</strong></span> <span class='ocrx_word' id='word_1_572' title='bbox 3545 4173 3642 4232; x_wconf 81' lang='lat' dir='ltr'><strong>per</strong></span> 
     </span>
    </p>
   </div>
   <div class='ocr_carea' id='block_1_90' title="bbox 2062 4247 3643 4329">
    <p class='ocr_par' dir='ltr' id='par_1_90' title="bbox 2062 4247 3643 4329">
     <span class='ocr_line' id='line_1_91' title="bbox 2062 4247 3643 4329; baseline -0.008 -11"><span class='ocrx_word' id='word_1_573' title='bbox 2062 4279 2250 4318; x_wconf 87' lang='lat' dir='ltr'><strong>sacras</strong></span> <span class='ocrx_word' id='word_1_574' title='bbox 2288 4263 2502 4318; x_wconf 86' lang='lat' dir='ltr'><strong>litteras</strong></span> <span class='ocrx_word' id='word_1_575' title='bbox 2547 4261 2802 4316; x_wconf 86' lang='lat' dir='ltr'><strong>mandata</strong></span> <span class='ocrx_word' id='word_1_576' title='bbox 2847 4260 3101 4329; x_wconf 86' lang='lat' dir='ltr'><strong>dirigere,</strong></span> <span class='ocrx_word' id='word_1_577' title='bbox 3149 4272 3270 4326; x_wconf 75' lang='lat' dir='ltr'><strong>qua:</strong></span> <span class='ocrx_word' id='word_1_578' title='bbox 3311 4255 3447 4309; x_wconf 86' lang='lat' dir='ltr'><strong>meis</strong></span> <span class='ocrx_word' id='word_1_579' title='bbox 3499 4247 3643 4307; x_wconf 72' lang='lat' dir='ltr'><strong>votis</strong></span> 
     </span>
    </p>
   </div>
   <div class='ocr_carea' id='block_1_91' title="bbox 2063 4349 3244 4424">
    <p class='ocr_par' dir='ltr' id='par_1_91' title="bbox 2063 4349 3244 4424">
     <span class='ocr_line' id='line_1_92' title="bbox 2063 4349 3244 4424; baseline -0.007 -16"><span class='ocrx_word' id='word_1_580' title='bbox 2063 4355 2304 4424; x_wconf 90' lang='lat' dir='ltr'><strong>meisque</strong></span> <span class='ocrx_word' id='word_1_581' title='bbox 2332 4353 2551 4406; x_wconf 89' lang='lat' dir='ltr'><strong>valeant</strong></span> <span class='ocrx_word' id='word_1_582' title='bbox 2579 4351 2862 4407; x_wconf 88' lang='lat' dir='ltr'><strong>desideriis</strong></span> <span class='ocrx_word' id='word_1_583' title='bbox 2885 4349 3244 4406; x_wconf 87' lang='lat' dir='ltr'><strong>concordare.</strong></span> 
     </span>
    </p>
   </div>
   <div class='ocr_carea' id='block_1_92' title="bbox 2392 4439 3311 4498">
    <p class='ocr_par' dir='ltr' id='par_1_92' title="bbox 2392 4439 3311 4498">
     <span class='ocr_line' id='line_1_93' title="bbox 2392 4439 3311 4498; baseline -0.009 0"><span class='ocrx_word' id='word_1_584' title='bbox 2392 4439 2470 4498; x_wconf 87' lang='lat' dir='ltr'><strong>Sit</strong></span> <span class='ocrx_word' id='word_1_585' title='bbox 2503 4458 2691 4497; x_wconf 82' lang='lat' dir='ltr'><strong>nomen</strong></span> <span class='ocrx_word' id='word_1_586' title='bbox 2719 4441 2932 4496; x_wconf 85' lang='lat' dir='ltr'><strong>Domini</strong></span> <span class='ocrx_word' id='word_1_587' title='bbox 2965 4440 3311 4494; x_wconf 83' lang='lat' dir='ltr'><strong>benedictum.</strong></span> 
     </span>
    </p>
   </div>
   <div class='ocr_carea' id='block_1_93' title="bbox 2144 4598 2991 4669">
    <p class='ocr_par' dir='ltr' id='par_1_93' title="bbox 2144 4598 2991 4669">
     <span class='ocr_line' id='line_1_94' title="bbox 2144 4598 2991 4669; baseline -0.004 -16"><span class='ocrx_word' id='word_1_588' title='bbox 2144 4599 2257 4669; x_wconf 80' lang='grc'>(15)</span> <span class='ocrx_word' id='word_1_589' title='bbox 2302 4598 2471 4669; x_wconf 89' lang='lat' dir='ltr'><strong>llujus</strong></span> <span class='ocrx_word' id='word_1_590' title='bbox 2499 4599 2731 4653; x_wconf 92' lang='lat' dir='ltr'><strong>nominis</strong></span> <span class='ocrx_word' id='word_1_591' title='bbox 2759 4606 2991 4653; x_wconf 75' lang='lat' dir='ltr'><strong>sextum.</strong></span> 
     </span>
    </p>
   </div>
   <div class='ocr_carea' id='block_1_94' title="bbox 3085 4733 3618 4762">
    <p class='ocr_par' dir='ltr' id='par_1_94' title="bbox 3085 4733 3618 4762">
     <span class='ocr_line' id='line_1_95' title="bbox 3085 4733 3618 4762; baseline 0 -5"><span class='ocrx_word' id='word_1_592' title='bbox 3085 4733 3618 4762; x_wconf 47' lang='grc' dir='ltr'><strong>..ι-η*</strong></span> 
     </span>
    </p>
   </div>
   <div class='ocr_carea' id='block_1_95' title="bbox 918 4841 3110 4977">
    <p class='ocr_par' dir='ltr' id='par_1_95' title="bbox 918 4841 3110 4977">
     <span class='ocr_line' id='line_1_96' title="bbox 918 4841 3110 4977; baseline -0 -6"><span class='ocrx_word' id='word_1_593' title='bbox 918 4841 1270 4914; x_wconf 52' lang='lat'><strong>“&quot;442</strong></span> <span class='ocrx_word' id='word_1_594' title='bbox 1329 4856 2188 4972; x_wconf 86' lang='lat' dir='ltr'><strong>OPUSCULUM</strong></span> <span class='ocrx_word' id='word_1_595' title='bbox 2264 4855 3110 4977; x_wconf 86' lang='lat' dir='ltr'><strong>VICESIMUM.</strong></span> 
     </span>
    </p>
   </div>
   <div class='ocr_carea' id='block_1_96' title="bbox 1110 5033 2917 5098">
    <p class='ocr_par' dir='ltr' id='par_1_96' title="bbox 1110 5033 2917 5098">
     <span class='ocr_line' id='line_1_97' title="bbox 1110 5033 2917 5098; baseline -0.001 -1"><span class='ocrx_word' id='word_1_596' title='bbox 1110 5036 1713 5098; x_wconf 81' lang='lat' dir='ltr'><strong>APOLOGETICUS</strong></span> <span class='ocrx_word' id='word_1_597' title='bbox 1756 5035 1860 5094; x_wconf 85' lang='lat' dir='ltr'><strong>OB</strong></span> <span class='ocrx_word' id='word_1_598' title='bbox 1904 5035 2292 5096; x_wconf 83' lang='lat' dir='ltr'><strong>DlMlSSUM</strong></span> <span class='ocrx_word' id='word_1_599' title='bbox 2336 5033 2917 5096; x_wconf 84' lang='lat' dir='ltr'><strong>EPISCOPATUM.</strong></span> 
     </span>
    </p>
   </div>
   <div class='ocr_carea' id='block_1_97' title="bbox 383 5211 3648 5295">
    <p class='ocr_par' dir='ltr' id='par_1_97' title="bbox 383 5211 3648 5295">
     <span class='ocr_line' id='line_1_98' title="bbox 383 5211 3648 5295; baseline -0.007 -9"><span class='ocrx_word' id='word_1_600' title='bbox 383 5232 782 5287; x_wconf 70' lang='lat' dir='ltr'><strong>Ancuumruu.</strong></span> <span class='ocrx_word' id='word_1_601' title='bbox 807 5261 875 5271; x_wconf 68' lang='grc' dir='ltr'><strong>ο-</strong></span> <span class='ocrx_word' id='word_1_602' title='bbox 893 5229 1128 5284; x_wconf 83' lang='lat' dir='ltr'><strong>Excusat</strong></span> <span class='ocrx_word' id='word_1_603' title='bbox 1151 5243 1208 5283; x_wconf 93' lang='lat' dir='ltr'><strong>se</strong></span> <span class='ocrx_word' id='word_1_604' title='bbox 1233 5227 1292 5281; x_wconf 86' lang='lat' dir='ltr'><strong>B.</strong></span> <span class='ocrx_word' id='word_1_605' title='bbox 1320 5227 1515 5280; x_wconf 81' lang='lat' dir='ltr'><strong>Petrus</strong></span> <span class='ocrx_word' id='word_1_606' title='bbox 1539 5225 1690 5279; x_wconf 84' lang='lat' dir='ltr'><strong>Dam.</strong></span> <span class='ocrx_word' id='word_1_607' title='bbox 1717 5229 1856 5295; x_wconf 86' lang='lat' dir='ltr'><strong>apud</strong></span> <span class='ocrx_word' id='word_1_608' title='bbox 1878 5224 2212 5294; x_wconf 74' lang='lat' dir='ltr'><strong>pontificem,</strong></span> <span class='ocrx_word' id='word_1_609' title='bbox 2237 5223 2377 5292; x_wconf 89' lang='lat' dir='ltr'><strong>quod</strong></span> <span class='ocrx_word' id='word_1_610' title='bbox 2405 5219 2680 5295; x_wconf 75' lang='lat' dir='ltr'><strong>tenuitatis</strong></span> <span class='ocrx_word' id='word_1_611' title='bbox 2708 5231 2816 5272; x_wconf 81' lang='lat' dir='ltr'><strong>suae</strong></span> <span class='ocrx_word' id='word_1_612' title='bbox 2838 5214 2937 5295; x_wconf 76' lang='lat' dir='ltr'><strong>sibi</strong></span> <span class='ocrx_word' id='word_1_613' title='bbox 2960 5213 3230 5295; x_wconf 86' lang='lat' dir='ltr'><strong>conscius,</strong></span> <span class='ocrx_word' id='word_1_614' title='bbox 3253 5211 3562 5295; x_wconf 84' lang='lat' dir='ltr'><strong>episcopatu</strong></span> <span class='ocrx_word' id='word_1_615' title='bbox 3587 5222 3648 5265; x_wconf 70' lang='lat' dir='ltr'><strong>se</strong></span> 
     </span>
    </p>
   </div>
   <div class='ocr_carea' id='block_1_98' title="bbox 377 5283 3646 5369">
    <p class='ocr_par' dir='ltr' id='par_1_98' title="bbox 377 5283 3646 5369">
     <span class='ocr_line' id='line_1_99' title="bbox 377 5283 3646 5369; baseline -0.007 -14"><span class='ocrx_word' id='word_1_616' title='bbox 377 5283 754 5362; x_wconf 51' lang='lat' dir='ltr'><strong>&quot;’Siiu’ieaéii;</strong></span> <span class='ocrx_word' id='word_1_617' title='bbox 787 5315 854 5354; x_wconf 91' lang='lat' dir='ltr'><strong>ne</strong></span> <span class='ocrx_word' id='word_1_618' title='bbox 887 5301 1010 5369; x_wconf 85' lang='lat' dir='ltr'><strong>quis</strong></span> <span class='ocrx_word' id='word_1_619' title='bbox 1035 5283 1215 5352; x_wconf 84' lang='lat' dir='ltr'><strong>autem</strong></span> <span class='ocrx_word' id='word_1_620' title='bbox 1247 5299 1320 5352; x_wconf 91' lang='lat' dir='ltr'><strong>illi</strong></span> <span class='ocrx_word' id='word_1_621' title='bbox 1355 5299 1457 5351; x_wconf 91' lang='lat' dir='ltr'><strong>hoc</strong></span> <span class='ocrx_word' id='word_1_622' title='bbox 1488 5283 1864 5369; x_wconf 58' lang='lat' dir='ltr'><strong>inconstantia:</strong></span> <span class='ocrx_word' id='word_1_623' title='bbox 1882 5283 2209 5369; x_wconf 51' lang='lat' dir='ltr'><strong>ascriberet:</strong></span> <span class='ocrx_word' id='word_1_624' title='bbox 2241 5283 2547 5369; x_wconf 60' lang='lat' dir='ltr'><strong>(&#39;non_ei_iii_n</strong></span> <span class='ocrx_word' id='word_1_625' title='bbox 2577 5291 2714 5369; x_wconf 40' lang='lat' dir='ltr'><strong>licet.</strong></span> <span class='ocrx_word' id='word_1_626' title='bbox 2733 5286 2902 5369; x_wconf 87' lang='lat' dir='ltr'><strong>semel</strong></span> <span class='ocrx_word' id='word_1_627' title='bbox 2931 5292 3240 5369; x_wconf 65' lang='lat' dir='ltr'><strong>susceptum</strong></span> <span class='ocrx_word' id='word_1_628' title='bbox 3268 5283 3646 5369; x_wconf 55' lang='lat' dir='ltr'><strong>deporterere:</strong></span> 
     </span>
    </p>
   </div>
   <div class='ocr_carea' id='block_1_99' title="bbox 456 5351 3648 5440">
    <p class='ocr_par' dir='ltr' id='par_1_99' title="bbox 456 5351 3648 5440">
     <span class='ocr_line' id='line_1_100' title="bbox 456 5351 3648 5440; baseline -0.006 -18"><span class='ocrx_word' id='word_1_629' title='bbox 456 5351 1295 5440; x_wconf 35' lang='lat' dir='ltr'><strong>giine&#39;ni,breviter&#39;rcspondet.</strong></span> <span class='ocrx_word' id='word_1_630' title='bbox 1326 5377 1378 5420; x_wconf 88' lang='lat' dir='ltr'><strong>et</strong></span> <span class='ocrx_word' id='word_1_631' title='bbox 1409 5367 1698 5420; x_wconf 91' lang='lat' dir='ltr'><strong>multorum</strong></span> <span class='ocrx_word' id='word_1_632' title='bbox 1727 5365 1948 5440; x_wconf 80' lang='lat' dir='ltr'><strong>Patrum</strong></span> <span class='ocrx_word' id='word_1_633' title='bbox 1979 5351 2262 5440; x_wconf 59' lang='lat' dir='ltr'><strong>exemplis;</strong></span> <span class='ocrx_word' id='word_1_634' title='bbox 2298 5363 2390 5432; x_wconf 92' lang='lat' dir='ltr'><strong>qui</strong></span> <span class='ocrx_word' id='word_1_635' title='bbox 2431 5361 2610 5415; x_wconf 90' lang='lat' dir='ltr'><strong>delato</strong></span> <span class='ocrx_word' id='word_1_636' title='bbox 2632 5359 2944 5440; x_wconf 79' lang='lat' dir='ltr'><strong>episcopatu</strong></span> <span class='ocrx_word' id='word_1_637' title='bbox 2967 5357 3042 5409; x_wconf 91' lang='lat' dir='ltr'><strong>uti</strong></span> <span class='ocrx_word' id='word_1_638' title='bbox 3061 5351 3388 5440; x_wconf 63' lang='lat' dir='ltr'><strong>noluerunt,</strong></span> <span class='ocrx_word' id='word_1_639' title='bbox 3416 5351 3648 5440; x_wconf 64' lang='lat' dir='ltr'><strong>ostendit</strong></span> 
     </span>
    </p>
   </div>
   <div class='ocr_carea' id='block_1_100' title="bbox 458 5423 3648 5508">
    <p class='ocr_par' dir='ltr' id='par_1_100' title="bbox 458 5423 3648 5508">
     <span class='ocr_line' id='line_1_101' title="bbox 458 5423 3648 5508; baseline -0.007 -15"><span class='ocrx_word' id='word_1_640' title='bbox 458 5423 829 5508; x_wconf 10' lang='lat' dir='ltr'><strong>iiiagris&#39;t&#39;utum</strong></span> <span class='ocrx_word' id='word_1_641' title='bbox 860 5423 1385 5508; x_wconf 59' lang='lat' dir='ltr'><strong>cepissc&#39;consilium</strong></span> <span class='ocrx_word' id='word_1_642' title='bbox 1417 5445 1567 5508; x_wconf 84' lang='lat' dir='ltr'><strong>tanto</strong></span> <span class='ocrx_word' id='word_1_643' title='bbox 1594 5451 1760 5489; x_wconf 89' lang='lat' dir='ltr'><strong>onere</strong></span> <span class='ocrx_word' id='word_1_644' title='bbox 1788 5452 1851 5508; x_wconf 79' lang='lat' dir='ltr'><strong>se</strong></span> <span class='ocrx_word' id='word_1_645' title='bbox 1874 5435 2104 5508; x_wconf 69' lang='lat' dir='ltr'><strong>levandi</strong></span> <span class='ocrx_word' id='word_1_646' title='bbox 2131 5423 2154 5488; x_wconf 77' lang='grc' dir='ltr'><strong>ε’</strong></span> <span class='ocrx_word' id='word_1_647' title='bbox 2180 5423 2294 5491; x_wconf 84' lang='lat' dir='ltr'><strong>rem</strong></span> <span class='ocrx_word' id='word_1_648' title='bbox 2316 5423 2587 5502; x_wconf 53' lang='lat' dir='ltr'><strong>&#39;prazterea</strong></span> <span class='ocrx_word' id='word_1_649' title='bbox 2635 5423 2882 5493; x_wconf 75' lang='lat' dir='ltr'><strong>arduam,</strong></span> <span class='ocrx_word' id='word_1_650' title='bbox 2931 5426 3275 5496; x_wconf 81' lang='lat' dir='ltr'><strong>maximeque</strong></span> <span class='ocrx_word' id='word_1_651' title='bbox 3321 5423 3648 5478; x_wconf 87' lang='lat' dir='ltr'><strong>laboriosam</strong></span> 
     </span>
    </p>
   </div>
   <div class='ocr_carea' id='block_1_101' title="bbox 460 5505 2033 5579">
    <p class='ocr_par' dir='ltr' id='par_1_101' title="bbox 460 5505 2033 5579">
     <span class='ocr_line' id='line_1_102' title="bbox 460 5505 2033 5579; baseline -0.002 -17"><span class='ocrx_word' id='word_1_652' title='bbox 460 5505 581 5562; x_wconf 74' lang='lat' dir='ltr'><strong>aliis</strong></span> <span class='ocrx_word' id='word_1_653' title='bbox 607 5526 864 5579; x_wconf 78' lang='lat' dir='ltr'><strong>praeesse,</strong></span> <span class='ocrx_word' id='word_1_654' title='bbox 894 5505 950 5564; x_wconf 84' lang='lat' dir='ltr'><strong>et</strong></span> <span class='ocrx_word' id='word_1_655' title='bbox 973 5510 1314 5579; x_wconf 89' lang='lat' dir='ltr'><strong>episcopatus</strong></span> <span class='ocrx_word' id='word_1_656' title='bbox 1347 5506 1492 5576; x_wconf 86' lang='lat' dir='ltr'><strong>fungi</strong></span> <span class='ocrx_word' id='word_1_657' title='bbox 1521 5521 1743 5560; x_wconf 88' lang='lat' dir='ltr'><strong>munere</strong></span> <span class='ocrx_word' id='word_1_658' title='bbox 1769 5505 2033 5560; x_wconf 82' lang='lat' dir='ltr'><strong>declarat.</strong></span> 
     </span>
    </p>
   </div>
   <div class='ocr_carea' id='block_1_102' title="bbox 459 5617 1969 5692">
    <p class='ocr_par' dir='ltr' id='par_1_102' title="bbox 459 5617 1969 5692">
     <span class='ocr_line' id='line_1_103' title="bbox 459 5617 1969 5692; baseline -0.003 -16"><span class='ocrx_word' id='word_1_659' title='bbox 459 5621 834 5679; x_wconf 87' lang='lat' dir='ltr'><strong>Dilectissimis</strong></span> <span class='ocrx_word' id='word_1_660' title='bbox 855 5622 1161 5692; x_wconf 73' lang='lat' dir='ltr'><strong>apostolica:</strong></span> <span class='ocrx_word' id='word_1_661' title='bbox 1181 5621 1324 5676; x_wconf 89' lang='lat' dir='ltr'><strong>sedis</strong></span> <span class='ocrx_word' id='word_1_662' title='bbox 1338 5620 1530 5685; x_wconf 91' lang='lat' dir='ltr'><strong>electo,</strong></span> <span class='ocrx_word' id='word_1_663' title='bbox 1555 5626 1609 5672; x_wconf 93' lang='lat' dir='ltr'><strong>et</strong></span> <span class='ocrx_word' id='word_1_664' title='bbox 1630 5617 1776 5687; x_wconf 88' lang='lat' dir='ltr'><strong>virga</strong></span> <span class='ocrx_word' id='word_1_665' title='bbox 1801 5617 1969 5672; x_wconf 82' lang='lat' dir='ltr'><strong>Assur</strong></span> 
     </span>
    </p>
   </div>
   <div class='ocr_carea' id='block_1_103' title="bbox 387 5708 1964 5784">
    <p class='ocr_par' dir='ltr' id='par_1_103' title="bbox 387 5708 1964 5784">
     <span class='ocr_line' id='line_1_104' title="bbox 387 5708 1964 5784; baseline -0.005 -17"><span class='ocrx_word' id='word_1_666' title='bbox 387 5711 790 5780; x_wconf 69' lang='lat' dir='ltr'><strong>&quot;ILDEBRANDO,</strong></span> <span class='ocrx_word' id='word_1_667' title='bbox 814 5711 1028 5769; x_wconf 71' lang='lat' dir='ltr'><strong>Penus</strong></span> <span class='ocrx_word' id='word_1_668' title='bbox 1041 5720 1291 5784; x_wconf 86' lang='lat' dir='ltr'><strong>peccator</strong></span> <span class='ocrx_word' id='word_1_669' title='bbox 1314 5709 1609 5768; x_wconf 88' lang='lat' dir='ltr'><strong>monachus</strong></span> <span class='ocrx_word' id='word_1_670' title='bbox 1629 5708 1964 5766; x_wconf 81' lang='lat' dir='ltr'><strong>servitutem.</strong></span> 
     </span>
    </p>
   </div>
   <div class='ocr_carea' id='block_1_104' title="bbox 2147 5605 3651 5682">
    <p class='ocr_par' dir='ltr' id='par_1_104' title="bbox 2147 5605 3651 5682">
     <span class='ocr_line' id='line_1_105' title="bbox 2147 5605 3651 5682; baseline -0.014 -11"><span class='ocrx_word' id='word_1_671' title='bbox 2147 5616 2368 5674; x_wconf 85' lang='lat' dir='ltr'><strong>Ferunt,</strong></span> <span class='ocrx_word' id='word_1_672' title='bbox 2401 5611 2490 5682; x_wconf 89' lang='lat' dir='ltr'><strong>qui</strong></span> <span class='ocrx_word' id='word_1_673' title='bbox 2523 5611 2574 5666; x_wconf 92' lang='lat' dir='ltr'><strong>in</strong></span> <span class='ocrx_word' id='word_1_674' title='bbox 2625 5610 2885 5665; x_wconf 89' lang='lat' dir='ltr'><strong>rimandis</strong></span> <span class='ocrx_word' id='word_1_675' title='bbox 2917 5625 3106 5664; x_wconf 85' lang='lat' dir='ltr'><strong>rerum</strong></span> <span class='ocrx_word' id='word_1_676' title='bbox 3136 5605 3465 5669; x_wconf 82' lang='lat' dir='ltr'><strong>desudavere</strong></span> <span class='ocrx_word' id='word_1_677' title='bbox 3499 5608 3651 5658; x_wconf 84' lang='lat' dir='ltr'><strong>natu-</strong></span> 
     </span>
    </p>
   </div>
   <div class='ocr_carea' id='block_1_105' title="bbox 2081 5692 3648 5772">
    <p class='ocr_par' dir='ltr' id='par_1_105' title="bbox 2081 5692 3648 5772">
     <span class='ocr_line' id='line_1_106' title="bbox 2081 5692 3648 5772; baseline -0.012 -15"><span class='ocrx_word' id='word_1_678' title='bbox 2081 5718 2174 5769; x_wconf 79' lang='lat' dir='ltr'><strong>ris,</strong></span> <span class='ocrx_word' id='word_1_679' title='bbox 2204 5702 2304 5757; x_wconf 88' lang='lat' dir='ltr'><strong>hoc</strong></span> <span class='ocrx_word' id='word_1_680' title='bbox 2330 5697 2576 5772; x_wconf 83' lang='lat' dir='ltr'><strong>lyncibus</strong></span> <span class='ocrx_word' id='word_1_681' title='bbox 2605 5695 2924 5752; x_wconf 84' lang='lat' dir='ltr'><strong>naturaliter</strong></span> <span class='ocrx_word' id='word_1_682' title='bbox 2954 5695 3198 5760; x_wconf 89' lang='lat' dir='ltr'><strong>insitum,</strong></span> <span class='ocrx_word' id='word_1_683' title='bbox 3227 5693 3352 5763; x_wconf 88' lang='lat' dir='ltr'><strong>quia</strong></span> <span class='ocrx_word' id='word_1_684' title='bbox 3378 5703 3504 5771; x_wconf 82' lang='lat' dir='ltr'><strong>cum</strong></span> <span class='ocrx_word' id='word_1_685' title='bbox 3532 5692 3648 5756; x_wconf 85' lang='lat' dir='ltr'><strong>post</strong></span> 
     </span>
    </p>
   </div>
  </div>
