4132 6324
467 280 613 379 ’μδ

963 321 1023 379 S.
1063 321 1271 379 PETRI
1306 318 1590 378 DAMIANI
1630 319 1782 387 OPP.
1820 317 2061 378 TOMUS
2100 319 2235 377 SEU
2280 317 2461 378 PARS
2497 319 2583 376 Ill.
2619 349 2690 361 --
2726 318 3091 379 OPUSCULA
3130 319 3358 377 VAlllA.

3684 317 3781 375 ιιι

505 450 654 508 terga
703 439 1019 509 respiciunt.
1069 438 1316 509 protinus
1391 436 1567 492 illum.
1608 437 1703 506 qui
1756 438 2099 507 praecesserit
2125 443 2172 500 Α
2200 434 2361 505 digne
2390 434 2600 491 restitui
2624 452 2637 488 :
2674 442 2731 489 et
2760 441 2820 488 ut
2844 433 2999 489 vobis
3025 448 3114 490 me
3140 432 3447 489 confessum
3474 445 3597 487 esse
3617 433 3785 488 conti-

504 529 912 586 obliviscuntur.
936 530 1206 587 Continuo
1231 528 1503 595 videlicet,
1528 537 1585 582 et
1613 543 1768 583 mens
1793 527 1952 583 simul
1979 541 2096 596 per-

506 623 586 675 dit
612 636 731 690 qum
755 621 942 677 oculus
994 623 1180 675 videre
1212 621 1455 677 desierit.
1491 619 1558 673 Et
1588 635 1709 674 cum
1761 619 1876 673 ltzec
1919 618 2093 673 bellua

509 719 658 764 tanto
691 709 839 764 visos
867 711 1117 765 acumine
1141 709 1380 765 terarum
1410 723 1579 780 genus
1609 724 1771 763 omne
1800 708 2093 777 praecellat.

506 810 565 855 ut
590 811 645 855 et
672 802 917 871 lapideos
943 813 1228 873 penetrare
1258 802 1497 870 parietes
1526 800 1722 865 v:.leat,
1752 801 1855 855 hoc
1882 801 2097 856 laborat

506 896 672 961 vitio;
708 897 831 964 quia
865 898 1226 967 quodcunque
1257 897 1386 951 illud
1416 907 1520 959 est,
1555 912 1584 950 a
1614 912 1723 965 quo
1768 894 1935 951 semel
1965 911 2096 950 ocu-

508 985 587 1040 los
613 989 831 1052 avertit,
867 990 933 1042 ad
965 990 1282 1043 memoriam
1315 989 1657 1059 postmodum
1704 1004 1809 1043 non
1862 987 2094 1041 reducit.

506 1075 747 1141 Quorum
778 1077 1025 1132 videlicet
1052 1078 1367 1132 animalium
1395 1078 1688 1147 quamdam
1707 1077 1860 1132 vobis
1880 1091 2000 1132 esse
2025 1077 2099 1131 si-

508 1164 867 1219 militulinem
895 1166 1152 1230 dicerem,
1185 1166 1287 1219 nisi
1339 1182 1425 1221 me
1465 1166 1855 1236 magnitudinis
1903 1175 2099 1221 vestra:

510 1257 814 1308 reverentia
851 1255 1199 1322 prohiberet.
1231 1255 1423 1310 Mirum
1476 1266 1559 1311 est
1589 1256 1755 1318 enim,
1813 1256 1938 1326 quia
1986 1265 2097 1310 tam

508 1352 669 1398 acuta
695 1344 1001 1412 prudentia,
1028 1346 1158 1410 imo,
1179 1346 1322 1415 quod
1354 1345 1511 1414 longe
1537 1345 1826 1416 gloriosius
1853 1355 1957 1408 est,
1991 1356 2098 1400 tam

509 1434 724 1489 sincera
748 1445 802 1489 et
847 1434 1246 1490 ferventissima
1274 1437 1537 1501 Charitas,
1573 1451 1695 1505 qua:
1742 1450 1832 1490 me
1873 1435 2100 1505 suscipit

508 1521 802 1580 affectuose
851 1536 1193 1594 praesentem,
1248 1543 1524 1596 nunquam
1574 1527 1690 1581 sive
1735 1542 1832 1596 per
1878 1526 2099 1597 stylum,

510 1621 624 1674 sive
656 1635 754 1688 per
792 1623 1015 1675 verlnun
1045 1623 1268 1678 visitare
1298 1624 1550 1694 dignetur
1597 1625 1899 1679 absentem.
1932 1624 2100 1680 Porro

508 1712 768 1780 quoniam
810 1728 839 1765 a
870 1713 1022 1766 vobis
1067 1714 1268 1783 scripta
1299 1729 1404 1768 non
1440 1729 1672 1778 mereor,
1719 1714 1762 1768 si
1799 1715 1929 1769 mihi
1975 1730 2097 1769 cum

2196 535 2332 591 tear,
2364 542 2464 595 pro
2492 527 2595 581 bac
2626 524 2954 580 refutatione
2981 510 3200 580 centum
3231 539 3497 578 annorum
3518 524 3787 592 poeniten-

2197 618 2269 672 tia
2302 619 2431 674 mihi
2460 627 2540 673 est
2565 626 2961 688 consequenter
2981 617 3258 688 injuncta;
3288 632 3384 686 per
3410 616 3500 671 illa
3528 615 3783 671 nimirum

2196 711 2458 775 remedia,
2481 725 2600 779 qua:
2625 709 2939 765 monasticis
2966 718 3091 763 sunt
3116 707 3317 779 regulis
3340 707 3603 769 instituta.
3629 705 3785 773 Quod

2195 801 2238 855 si
2260 815 2453 870 parum
2477 800 2716 862 videtur,
2741 814 2835 853 vos
2857 799 3020 854 etiam
3045 798 3391 868 superaddite
3420 815 3433 851 :
3460 798 3601 852 ultro
3620 797 3783 852 etiam

2195 902 2249 946 et
2276 891 2561 956 carcerali,
2594 892 2638 947 si
2667 892 2864 960 placet,
2896 892 3157 946 custodite
3184 890 3513 958 mancipate.
3545 888 3676 943 Post
3706 897 3786 943 tot

2199 984 2396 1054 quippe
2428 983 2729 1050 vagationis
2759 990 2813 1037 et
2840 982 3016 1036 uoxize
3047 981 3319 1036 libertatis
3348 995 3629 1043 excessus,
3656 978 3787 1048 quid

2199 1082 2389 1136 restat,
2420 1072 2523 1126 nisi
2560 1081 2618 1127 ut
2647 1087 2735 1125 me
2766 1070 3106 1142 religationis
3136 1079 3299 1140 atque
3320 1070 3524 1124 silentii
3547 1083 3783 1123 censura

2198 1162 2480 1216 coerceat?
2515 1162 2619 1216 Sed
2654 1164 2741 1218 hic
2787 1164 2925 1219 forte
2955 1165 3184 1220 blandus
3234 1164 3323 1219 ille
3360 1173 3643 1235 tyrannus,
3694 1164 3786 1234 qui

2200 1253 2331 1306 milii
2364 1251 2670 1309 Neroniana
2705 1270 2924 1325 semper
2975 1255 3175 1326 pietate
3227 1255 3526 1319 condoluit,
3559 1253 3651 1325 qui
3703 1270 3790 1309 tne

2200 1341 2595 1412 rolaphizando
2620 1344 2895 1410 demulsit,
2927 1346 3018 1416 qui
3045 1361 3131 1400 me
3167 1354 3315 1400 certe
3335 1346 3604 1415 'aquilino,
3635 1352 3693 1399 ut
3714 1346 3789 1399 ita

2201 1432 2410 1501 loquar,
2446 1449 2623 1502 ungue
2670 1433 2934 1503 palpavit,
2966 1436 3104 1489 hanc
3135 1435 3396 1504 querulus
3435 1442 3683 1503 erumpet
3734 1434 3788 1486 in

2203 1538 2386 1577 vocem
2415 1541 2428 1575 :
2459 1524 2598 1578 Ecce
2627 1524 2910 1579 latibulum
2932 1526 3088 1593 petit,
3110 1533 3167 1578 et
3193 1525 3294 1579 sub
3322 1523 3502 1578 colore
3523 1523 3792 1593 poeniten-

2203 1616 2309 1678 tEae,
2346 1616 2530 1670 Romae
2565 1616 2944 1686 subterfugere
2968 1617 3163 1686 quaerit
3211 1631 3537 1681 accessum;
3587 1613 3788 1669 lucrari

2204 1705 2544 1760 machinatur
2566 1706 2634 1761 de
2659 1706 3024 1761 inobedientia
3057 1709 3245 1773 otium,
3277 1716 3332 1761 et
3366 1706 3576 1761 caeteris
3601 1706 3654 1760 in
3679 1703 3794 1759 bel-

512 1801 635 1856 aliis
665 1802 937 1872 negotium
968 1814 1244 1874 ageretur,
1278 1806 1549 1869 dicerem;
1605 1807 1730 1875 quia
1781 1806 1890 1871 illa,
1938 1821 2099 1875 quam
2137 1801 2177 1858 Β
2208 1797 2253 1850 la
2282 1797 2564 1852 ruentibus
2596 1799 2683 1852 hic
2712 1799 2814 1853 sibi
2866 1800 3151 1869 degeneris
3183 1802 3388 1854 umbrae
3440 1799 3635 1868 quaerit
3663 1813 3796 1867 opa—

512 1890 801 1959 Apostolus
852 1894 1005 1956 dicit,
1062 1895 1345 1950 charitatis
1379 1896 1629 1967 epistola.
1676 1913 1783 1951 non
1831 1908 1916 1951 est
1958 1897 2100 1968 apud

515 1994 609 2034 vos
633 1979 689 2035 in
722 1981 1126 2046 tabulis.cordis
1157 1984 1467 2039 carnalibus
1488 1987 1689 2056 scripta
1721 1985 1805 2056 (ΙΙ
1837 1986 1958 2041 Cor.
1991 1988 2097 2056 tu),

514 2071 613 2125 sed
648 2071 788 2134 imis,
837 2084 894 2127 ut
939 2074 1123 2138 aiunt,
1155 2076 1296 2130 ceris
1339 2091 1517 2131 erasa.
1568 2076 1673 2132 Sed
1722 2078 1848 2132 dum
1882 2080 2103 2134 attendo

513 2160 645 2228 quid
674 2159 887 2231 loquar,
913 2164 1364 2218 considerandum
1416 2176 1499 2221 est
1527 2168 1881 2223 nihilominus
1904 2170 2104 2238 quibus

515 2250 727 2320 loquar.
759 2252 1098 2324 Quapropter
1128 2257 1253 2310 dum
1289 2258 1363 2311 uti
1416 2258 1671 2327 loquendi
1719 2259 1965 2315 libertate
1994 2275 2099 2314 non

514 2346 711 2409 audeo,
738 2346 819 2400 ori
850 2348 1072 2417 digitum
1109 2365 1437 2419 superpono.
1473 2352 1705 2419 Querela
1737 2353 1903 2424 igitur
1928 2369 2101 2423 expo-

514 2434 825 2491 stulationis
855 2438 1131 2509 hucusque
1160 2442 1442 2510 producta,
1496 2444 1548 2498 in
1580 2444 1722 2514 quod
1780 2446 2104 2516 propensius

513 2534 689 2581 scatet
710 2527 947 2596 animus,
978 2530 1216 2587 breviter
1247 2532 1496 2587 inferam.

1033 2642 1260 2698 CAPUT
1296 2644 1586 2701 PRIMUM.

518 2727 673 2793 Quod
699 2726 892 2785 Petrus
921 2731 1213 2856 Damiamtls
1241 2735 1468 2857 rll’uorum
1498 2738 1891 2809 episcopatuum
1921 2755 2104 2794 curam

1194 2822 1244 2857 ta
1285 2818 1439 2857 ueru.

1194 2818 1439 2859 tabuerit.

588 2892 875 2949 Benedicta
905 2896 1252 2966 omnipotens
1274 2898 1606 2968 dispensatio
1638 2902 1953 2968 conditoris,
1977 2903 2105 2973 quia

515 2985 580 3038 ad
606 2999 701 3040 vos
724 2999 896 3053 nuper
915 2989 1215 3042 ascendens
1238 2991 1467 3043 duorum
1492 2989 1919 3060 episcopatuum,
1947 2996 2106 3049 unius

514 3076 756 3145 regendi,
789 3076 1012 3132 alterius
1036 3078 1294 3133 visitandi
1321 3081 1459 3135 mole
1486 3081 1778 3151 depressus
1794 3124 1809 3148 ,
1832 3092 2105 3154 przerupta

2204 1906 2324 1942 cum
2351 1888 2484 1960 (14).
2503 1888 2609 1944 Sed
2633 1891 2733 1945 hoc
2750 1908 2847 1960 ego
2870 1901 3058 1946 sancto
3082 1890 3151 1946 Sa
3163 1896 3297 1944 taum
3321 1906 3440 1944 meo
3468 1889 3791 1959 respondeo,

2204 1980 2347 2048 quod
2379 1980 2468 2033 ﬁlii
2500 1979 2693 2035 Ruben
2730 1990 2786 2035 et
2839 1980 2956 2036 Cod
2996 1982 3164 2053 Moysi
3194 1981 3404 2036 ductori
3441 1995 3541 2035 suo
3570 1994 3798 2048 respon-

2205 2072 2349 2126 ιιι-50
2376 2082 2714 2126 noscuntur:
2755 2093 2773 2123 ι
2814 2072 2939 2137 Nos,
2972 2074 3241 2143 inquiunt.
3273 2073 3487 2134 armati,
3516 2080 3573 2126 et
3603 2071 3792 2125 accin-

2205 2163 2276 2216 cti
2304 2177 2591 2232 pergemus
2634 2164 2701 2218 ad
2747 2163 2991 2234 pra-lium
3045 2173 3172 2217 ante
3221 2163 3359 2216 ﬁlios
3405 2161 3591 2226 Israel,
3624 2161 3797 2215 donec

2205 2252 2614 2308 introducamus
2642 2269 2737 2309 eos
2778 2256 2845 2309 ad
2894 2256 3008 2309 loca
3057 2271 3182 2320 sua;
3237 2254 3444 2324 parvuli
3495 2253 3689 2316 nostri,
3739 2262 3797 2306 ct

2205 2345 2467 2413 quidquid
2496 2346 2695 2400 habere
2725 2361 3013 2415 possumus
3037 2357 3196 2400 erunt
3226 2346 3279 2399 in
3314 2343 3537 2398 urbibus
3569 2342 3797 2396 narratis

2206 2445 2427 2507 propter
2452 2436 2814 2491 habitatorum
2840 2436 3094 2497 insidias;
3127 2449 3232 2489 non
3264 2442 3597 2487 revertemur
3624 2430 3677 2484 in
3706 2430 3800 2483 do-

2208 2540 2326 2579 mos
2352 2533 2566 2578 nostras
2592 2540 2871 2594 usquequo
2901 2524 3216 2594 possideant
3246 2522 3340 2576 ﬁlii
3372 2519 3538 2575 Israel
3569 2517 3799 2573 haeredi-

2208 2626 2373 2670 tatem
2399 2631 2576 2680 suam,
2608 2630 2708 2670 nec
2730 2616 3026 2686 quidquam
3054 2629 3362 2684 quazremus
3394 2621 3548 2666 trans
3602 2608 3802 2664 Jorda-

2209 2721 2354 2771 nem,
2387 2707 2512 2778 quia
2536 2705 2661 2778 [jam
2707 2708 2967 2762 habemus
3003 2706 3403 2775 possessionem
3451 2710 3690 2756 nostram
3742 2700 3795 2753 in

2207 2797 2457 2853 orientali
2488 2797 2607 2866 ejus
2633 2796 2785 2867 plaga
2813 2795 3002 2867 (Num.
3027 2796 3204 2866 sui).
3240 2814 3257 2846 ι
3295 2794 3409 2849 lloc
3438 2793 3618 2862 itaque
3640 2790 3799 2845 modo

2208 2884 2567 2944 comitaturus
2598 2889 2814 2957 quidem
2846 2902 2963 2951 vos,
2994 2902 3144 2942 arma
3189 2886 3450 2955 corripio,
3497 2883 3593 2938 sed
3648 2882 3801 2935 vobis

2210 2979 2348 3034 duce
2372 2978 2615 3041 Christo,
2639 2987 2760 3046 post
2785 2976 2923 3030 bella
2944 2976 3266 3052 victoribus,
3298 2990 3423 3028 mox
3448 2972 3662 3028 recedo.
3692 2971 3803 3024 lloc

2210 3072 2373 3137 igitur
2401 3070 2575 3124 dicam
2609 3068 2783 3122 electo
2829 3060 3237 3136 Domini,‘quod
3290 3064 3534 3119 Berzelai
3584 3075 3800 3132 quoque

514 3166 727 3234 Alpium
753 3165 881 3236 juga
913 3170 1213 3235 transmisi,
1242 3186 1477 3243 moxque
1500 3174 1714 3228 sarcina
1744 3153 2107 3230 tribulationis

2209 3159 2521 3215 Galaatides
2548 3158 2882 3212 descendens
2911 3156 2980 3211 de
3008 3155 3253 3227 Rogclim
3282 3155 3450 3209 David
3479 3153 3691 3208 locutus
3718 3163 3803 3205 est

516 3255 747 3326 abjecta,
779 3272 1105 3315 exoneratus
1155 3270 1210 3317 et
1240 3262 1400 3328 liber,
1433 3264 1500 3317 ad
1550 3264 1802 3320 dilectam
1856 3263 2101 3322 solitudi.

516 3360 931 3419 nem'tanquam
957 3350 1214 3420 fugitivus
1241 3354 1576 3423 postliminio
1625 3357 1898 3425 repedavi.
1951 3356 2106 3414 Libet

518 3440 704 3511 itaque
730 3442 832 3496 sub
857 3445 1090 3511 quadam
1119 3447 1315 3501 mentis
1340 3448 1581 3516 energia,
1619 3450 1775 3518 quasi
1817 3450 1908 3504 diu
1955 3450 2108 3521 stipi-

516 3533 662 3587 tibus
686 3534 904 3590 attritos
934 3536 1141 3605 agitare
1169 3538 1350 3607 pedes,
1379 3537 1637 3609 duriSque
1664 3542 1873 3595 catenis
1896 3542 2105 3598 edomi-

519 3631 604 3678 tus
628 3623 914 3679 sublevare
938 3628 1203 3691 cervices,
1236 3627 1478 3697 illudque
1502 3630 1880 3698 propheticum
1913 3631 2109 3686 alacri-

520 3721 604 3766 ter
635 3711 930 3767 decantare
953 3730 967 3767 :
994 3734 1011 3764 1
1031 3714 1313 3785 Dirupisti,
1333 3716 1579 3780 Domine,
1604 3717 1815 3771 vincula
1839 3733 1988 3773 mea:
2008 3720 2106 3774 tibi

517 3802 838 3859 sacriﬁcabo
851 3804 1080 3858 hostiam
1096 3804 1606 3876 laudis(Psal.cxv,l
1617 3806 1691 3877 7).
1705 3826 1722 3858 ι
1734 3806 1914 3863 Nostis
1926 3809 2104 3878 plane,

518 3905 742 3964 tumque
773 3898 971 3952 tenetis
993 3898 1111 3952 haec
1135 3901 1192 3952 in
1222 3913 1308 3952 me
1328 3898 1568 3968 projecta
1598 3898 1761 3953 fuisse
1784 3914 1973 3964 onera,
2001 3917 2106 3955 non

519 3998 812 4056 suscepta;
841 3996 914 4051 et,
952 3998 1006 4042 ut
1039 3989 1114 4043 ita
1144 3989 1356 4059 loquar,
1393 3990 1713 4044 retiaculum
1766 4008 1871 4047 non
1901 3993 2110 4063 ingres-

520 4093 615 4132 sus
644 4091 785 4143 sum,
817 4079 911 4134 sed
964 4080 1229 4134 violenter
1276 4089 1515 4151 cpertus.
1564 4081 1907 4153 Quapropter
1946 4100 2105 4138 occa-

518 4168 675 4223 sione
704 4179 883 4235 nacta,
914 4172 1125 4241 pondus
1152 4171 1387 4227 libenter
1423 4171 1620 4240 abjeci,
1649 4175 1795 4245 quod
1832 4175 2111 4231 ultroneus

518 4268 645 4315 ante
697 4276 803 4315 non
834 4262 993 4318 subii.
1028 4263 1094 4316 Et
1120 4264 1248 4334 quia
1299 4280 1395 4320 vos
1444 4265 1741 4335 apostolica
1787 4266 1965 4334 sedes,
2016 4283 2111 4322 vos

518 4351 761 4408 Romana
793 4356 922 4409 estis
954 4355 1217 4422 Ecclesia,
1247 4358 1314 4411 ad
1342 4358 1719 4428 deponendum
1747 4358 2111 4413 reddendum-

519 4457 626 4511 que
652 4446 795 4510 quod
816 4445 1060 4513 bajulare
1090 4448 1462 4516 nequiveram,
1486 4449 1755 4517 integrum
1778 4449 1908 4502 mihi
1931 4450 2108 4504 visum

2208 3254 2321 3324 regi
2350 3270 2365 3306 :
2400 3270 2419 3303 ι
2449 3250 2733 3305 Paululum
2761 3249 3049 3320 procedam
3072 3247 3309 3302 famulus
3332 3256 3457 3301 tuus
3481 3245 3550 3300 ab
3570 3243 3804 3300 Jordanc

2206 3355 2419 3411 tecum;
2453 3346 2689 3407 obsecro,
2714 3351 2769 3397 ut
2824 3352 3068 3399 revertar
3106 3356 3298 3396 servus
3326 3348 3474 3404 tuus,
3507 3346 3564 3392 et
3601 3336 3808 3391 moriar

2209 3439 2262 3493 in
2291 3439 2511 3493 civitate
2540 3452 2655 3492 mea
2690 3435 2778 3507 (ll
2812 3435 2941 3506 Reg.
2971 3435 3110 3507 xix).
3149 3452 3168 3487 ι

2842 3524 3071 3581 CAPUT
3108 3525 3173 3579 Il.

2376 3621 2531 3687 Quod
2558 3621 2887 3690 episcopatus
2918 3618 3106 3687 deponi
3134 3617 3297 3687 possit
3326 3612 3640 3684 aliquando.

2278 3711 2379 3765 llic
2410 3711 2542 3764 mihi
2576 3708 2824 3763 fortassis
2871 3696 3143 3779 obiicitur,
3194 3705 3361 3761 semel
3405 3713 3689 3774 acceptum
3722 3702 3807 3757 di-

2208 3802 2349 3857 mitti
2384 3801 2622 3872 regimen
2639 3815 2744 3853 non
2784 3799 2967 3853 licere.
2993 3797 3074 3851 Ad
3094 3796 3239 3867 quod
3262 3795 3496 3850 breviter
3517 3793 3638 3847 dico
3658 3791 3807 3861 quod

2208 3895 2417 3958 sentio;
2444 3892 2569 3962 quia
2599 3890 2842 3961 plerique
2873 3888 3223 3961 pontiﬁcatus
3241 3886 3366 3956 jura
3392 3900 3496 3940 non
3521 3884 3806 3949 deserunt,

2208 3993 2264 4038 et
2299 3983 2366 4038 de
2396 3982 2633 4037 sinistris
2661 3990 2790 4037 sunt
2816 3998 2828 4033 :
2861 3985 3127 4048 quotquot
3155 3987 3337 4031 autem
3387 3974 3613 4045 legimus
3643 3981 3806 4026 recta

2208 4075 2508 4130 intentione
2553 4073 2847 4135 dimisisse,
2888 4080 3037 4125 certa
3069 4085 3193 4139 spes
3219 4078 3304 4124 est
3349 4082 3447 4123 eos
3474 4066 3543 4121 de
3588 4073 3790 4120 aeterna

2210 4182 2335 4221 cum
2361 4165 2583 4220 Christo
2612 4163 2872 4218 societate
2902 4162 3156 4232 gaudere.
3202 4160 3386 4231 Neque
3419 4160 3524 4215 hoc
3554 4157 3806 4217 dicimus,

2217 4266 2275 4310 ut
2307 4256 2508 4326 passim
2538 4254 2716 4309 deseri
2754 4252 3130 4323 episcopatum
3182 4251 3367 4315 liceat,
3408 4247 3514 4305 nisi
3558 4246 3811 4301 videlicet

2217 4353 2268 4407 id
2299 4352 2414 4408 ﬁeri
2454 4350 2755 4405 necessitas
2792 4363 2985 4418 inagna
3020 4346 3332 4417 compellat.
3365 4346 3654 4400 Enimvero
3680 4342 3811 4394 bea-

2219 4456 2308 4500 tus
2354 4444 2605 4500 Valerius
2648 4444 2774 4497 dum
2826 4442 2928 4497 sibi
2978 4440 3222 4510 providet
3266 4448 3655 4496 successorem,
3698 4445 3812 4483 ma-

519 4539 605 4584 est
627 4546 735 4584 non
764 4532 915 4586 adire
944 4534 1203 4588 fabricam
1232 4535 1505 4606 lapidum;
1533 4539 1625 4592 sed
1655 4553 1751 4593 eos
1797 4540 1998 4608 potius,
2054 4540 2105 4592 in
2140 4530 2187 4587 ἱ)
2214 4554 2376 4609 gnum
2419 4536 2781 4607 Augustinum
2813 4532 3145 4603 llipponcnsi
3179 4528 3434 4585 Ecclesia!
3481 4522 3814 4579 intltronilal

520 4620 717 4697 quibus
748 4621 894 4692 viget
922 4621 1090 4692 ipsius
1119 4624 1373 4679 Ecclesiae
1401 4635 1824 4682 sacramentum.
1851 4628 1963 4683 Sub
1988 4644 2111 4697 per-

520 4715 801 4775 secutione
832 4714 1032 4786 quippe
1058 4715 1281 4772 Judaica
1311 4718 1619 4789 ubicunque
1675 4729 1832 4775 erant
1877 4721 2108 4786 apostoli

520 4806 634 4862 illic
670 4822 792 4861 esse
822 4806 1094 4875 primitiva
1126 4808 1410 4864 dicebatur
1448 4808 1712 4865 Ecclesia.
1762 4809 1916 4867 Nunc
1942 4812 2106 4867 etiam

520 4914 645 4953 cum
675 4899 863 4955 Simon
892 4898 1002 4963 ille,
1035 4907 1356 4955 veternosus
1377 4899 1629 4955 videlicet
1658 4902 1944 4970 trapezita,
1978 4902 2112 4957 mal-

519 4992 635 5051 leos
659 5002 713 5046 et
741 4992 990 5048 incudem
1017 5004 1250 5063 reparat.
1280 5008 1401 5047 cum
1428 4994 1725 5048 Romanam
1758 4994 1946 5050 urbem
1970 4995 2116 5051 velut

520 5081 791 5138 ofﬁcinam
820 5085 922 5140 sibi
956 5100 1054 5155 per
1086 5086 1415 5142 monetarios
1435 5086 1709 5156 pestiferze
1730 5087 2114 5156 negotiationis

521 5184 785 5245 usurpat,
814 5191 921 5245 quo
953 5193 1048 5233 vos
1078 5178 1269 5233 Petrus
1302 5179 1581 5234 vobiscum
1624 5176 1838 5249 fugiens
1865 5178 2110 5243 attrahit,

522 5268 633 5323 illic
663 5283 787 5325 esse
816 5268 1115 5324 Romanam
1141 5270 1437 5327 Ecclesium
1461 5270 1714 5326 omnibus
1745 5269 2112 5326 indubitanter

521 5361 779 5415 ostendit.
815 5360 967 5415 Unde
999 5359 1161 5433 M3
1193 5377 1293 5433 ego
1314 5368 1443 5417 eum
1480 5360 1910 5417 ecclesiasticum
1960 5359 2114 5432 vobis

524 5449 765 5519 regimen
799 5450 1112 5504 renuntiare
1138 5451 1398 5520 disposui,
1429 5467 1535 5507 non
1566 5451 1777 5516 erravi;
1829 5442 1956 5520 quia
2004 5448 2117 5503 Ro-

527 5557 725 5606 maum,
777 5557 896 5612 qua:
949 5555 1044 5597 vos
1093 5542 1225 5598 estis
1257 5543 1531 5609 Ecclesiae,
1580 5543 1725 5615 quod
1774 5556 1932 5598 suum
1996 5550 2113 5594 erat

2216 4629 2536 4685 antistitem.
2575 4626 2815 4681 Lucidus
2839 4623 3172 4679 Ficoclensis
3200 4620 3492 4690 episcopus
3534 4615 3661 4669 dum
3690 4627 3816 4682 pro-

2215 4720 2476 4789 pinquum
2525 4717 2742 4770 sibimet
2791 4714 2999 4769 obitum
3055 4711 3341 4767 imminere
3391 4705 3692 4776 cognoscit,
3747 4703 3814 4755 ad

2216 4809 2538 4867 conrobialis
2572 4816 2786 4878 portum
2821 4805 3077 4861 convolat
3103 4803 3331 4867 ordinis,
3362 4815 3426 4854 ac
3455 4795 3815 4852 sacerdotalis

2219 4904 2419 4959 infulas
2452 4900 2737 4972 dignitatis
2765 4899 3101 4955 monachicis
3135 4905 3312 4952 mutat
3344 4894 3578 4950 induviis
3605 4910 3619 4946 :
3651 4901 3708 4946 et
3758 4899 3818 4944 ut

2221 4992 2436 5050 noveris
2472 4992 2601 5061 quid
2624 4991 2726 5047 sibi
2758 4991 3042 5047 conversio
3080 4989 3183 5043 ista
3214 4984 3536 5047 contulerit,
3558 4983 3697 5037 sicut
3726 4997 3818 5034 au-

2222 5083 2461 5138 thentica
2492 5080 2728 5148 Registri
2763 5089 2993 5136 testatur
3025 5078 3273 5140 historia,
3306 5074 3407 5130 sub
3435 5074 3553 5143 ipso
3581 5072 3819 5141 migraao

2226 5177 2296 5231 tis
2324 5175 2472 5229 obitu
2514 5172 2753 5241 Spiritus
2797 5169 2974 5226 sancti
3002 5169 3173 5241 gratia
3217 5166 3498 5221 laetissimo
3544 5162 3820 5217 relucebat

2221 5268 2274 5321 in
2308 5265 2478 5320 vultu.
2516 5264 2614 5317 Cui
2644 5263 2899 5317 nimirum
2930 5270 2984 5316 et
3015 5269 3306 5329 antequam
3332 5264 3655 5317 moreretur,
3685 5251 3824 5307 bea-

2225 5369 2312 5414 tus
2343 5355 2620 5427 apostolus
2648 5355 2893 5410 Andreas
2920 5353 3200 5423 apparuit;
3235 5360 3293 5406 ct
3312 5365 3422 5421 qua
3455 5350 3589 5405 liora
3624 5346 3826 5416 migra-

2220 5458 2378 5503 turus
2405 5455 2554 5501 esset
2579 5462 2644 5501 ex
2672 5459 2921 5515 corpore,
2964 5442 3258 5497 nuntiavit.

2290 5537 2455 5613 ἀ.ᾰᾷ
2484 5537 2624 5606 Quid
2646 5538 2863 5592 beatum
2886 5534 3240 5590 Adelbcrtum
3272 5541 3574 5603 martyrem
3606 5526 3829 5584 dicam?

610 5728 718 5800 (li)
758 5726 1179 5784 llildrbrandum
1220 5725 1276 5782 S.
1314 5725 1381 5780 Β.
1431 5724 1489 5779 Ε.
1520 5723 1742 5781 Archid.
1778 5722 1939 5779 tacite
1989 5720 2252 5789 intelligit.
