4132 6324
1902 228 1970 243 Ρ-.

367 278 375 285 ’
421 321 526 378 m

887 321 944 376 S.
981 316 1186 375 PETRI
1223 316 1506 375 DAMIANI
1545 316 1696 374 OPP.
1727 316 1964 374 TOMUS
2006 316 2139 373 SEU
2179 314 2358 372 PARS
2391 314 2478 370 111.
2505 347 2572 356 -
2609 311 2971 374 OPUSCULA
3003 292 3240 412 YARIA.

3581 315 3688 374 “8

421 434 565 491 serie
604 433 756 504 quasi
810 433 1021 488 diversa
1065 431 1320 499 utrinque
1368 431 1468 485 sub
1518 447 1626 485 uno
1665 433 1799 484 duce
1828 437 2006 484 castra
2036 437 2085 494 Α
2114 429 2189 498 pit
2229 427 2391 498 igitur
2425 429 2645 499 pauperi
2672 430 2854 484 vinum
2909 431 3065 496 dari;
3115 431 3206 485 sed
3243 444 3354 498 1am
3385 444 3492 498 quo
3516 435 3690 500 magis

423 532 773 593 cozuponunt,
825 536 988 591 super
1035 519 1296 575 verticem
1341 520 1498 573 nobis
1552 519 1828 572 turmatim
1872 517 2008 572 voli-

423 622 545 667 tare
570 619 873 681 coeperunt.
904 609 1055 664 Tunc
1086 609 1370 679 episcopus
1401 608 1454 662 iu
1487 607 1698 663 fervore
1729 607 1851 662 fidei
1878 622 2007 661 con-

423 713 632 759 stanter
658 711 893 766 erectus,
919 701 994 754 ait
1019 719 1031 754 :
1064 700 1307 766 Domine,
1330 700 1560 768 111-1001ρο
1588 714 1748 752 unam
1778 693 1843 752 de
1865 697 2010 768 grui-

422 795 526 849 bus
554 794 674 848 istis
703 794 770 848 ad
796 807 894 846 nos
924 792 1104 862 dejici,
1145 800 1203 846 ut
1228 807 1416 846 servus
1443 800 1564 846 tuus
1591 790 1656 844 de
1677 790 2010 844 benedictio-

423 883 508 938 nis
535 893 639 936 tua:
678 896 903 936 munere
947 880 1250 935 satisfaciat
1297 880 1572 934 charitati.
1622 878 1756 932 Mira
1789 878 2009 932 exaudi-

422 975 589 1029 tionis
624 973 816 1035 divinae
843 972 1123 1028 celeritas!
1155 971 1241 1024 vix
1273 972 1499 1026 verbum
1527 986 1623 1025 ore
1651 969 2006 1039 depromitur,

422 1066 670 1137 protinus
694 1063 860 1137 m
887 1081 992 1118 non
1035 1064 1188 1132 parvi
1237 1062 1481 1133 corporis
1525 1077 1653 1130 grus
1681 1069 1824 1114 terra
1854 1067 2011 1114 tenus

423 1166 550 1211 ante
578 1173 674 1211 ora
707 1166 890 1210 nostra
939 1156 1304 1224 demergitur;
1353 1156 1540 1224 sicque
1573 1153 1722 1215 fides,
1762 1167 1882 1221 qua:
1915 1167 2012 1222 per

424 1248 773 1303 dilectionem
803 1247 1150 1317 operabatur,
1180 1247 1452 1317 impletur.
1482 1246 1604 1299 111υο
1630 1246 1721 1299 tibi
1752 1241 2010 1300 referenti

426 1339 688 1394 continuo
728 1346 1135 1407 percunctatus,
1180 1339 1306 1392 aio:
1337 1336 1538 1392 Eratne
1586 1337 1886 1407 spiritualis
1923 1336 2012 1390 ille

425 1426 750 1496 episc0pus?
777 1426 879 1491 Tu,
903 1436 960 1480 ut
985 1427 1188 1492 nescio,
1218 1441 1326 1496 quo
1355 1435 1511 1497 pacto
1537 1427 1828 1492 didiceras,
1859 1426 2011 1480 carni

422 1519 659 1588 propria:
680 1519 864 1573 vivere
889 1519 1187 1582 hominem,
1217 1519 1566 1587 respondisti,
1601 1527 1659 1572 ut
1688 1518 1892 1588 liquido
1919 1531 2013 1587 pa-

428 1618 564 1673 teat,
619 1625 726 1663 non
775 1610 901 1664 vita:
947 1609 1356 1674 rectitudinem,
1409 1609 1502 1664 sed
1553 1608 1712 1663 fidem
1761 1608 2014 1663 charitati

424 1699 769 1768 coniunctam
822 1701 964 1754 hanc
993 1699 1295 1754 obtinuisse
1319 1701 1594 1754 virtutem.

2113 532 2237 586 spes
2283 517 2502 572 bibendi
2551 519 2774 574 omnino
2830 518 3127 585 defecerat,
3181 535 3247 574 eo
3289 520 3409 574 sitis
3453 520 3691 590 episcopi

2111 609 2346 664 atrocius
2385 610 2660 665 saaviebat.
2705 610 2978 665 Mandavit
3009 611 3188 680 itaque
3217 609 3489 674 ministro,
3520 619 3580 663 ut
3610 610 3691 664 via

2110 701 2322 754 narium
2344 715 2438 754 vas
2461 701 2797 770 requireret;
2821 701 2864 755 si
2889 699 3026 755 forte
3049 701 3282 770 aliquam
3305 699 3692 756 consolationii

2111 791 2334 857 stillam,
2357 791 2441 846 vel
2484 791 2832 862 perexiguam
2857 793 3137 861 reperiret.
3163 791 3264 858 Qui
3291 791 3492 845 diutius
3523 791 3691 846 abne-

2112 901 2264 956 gans,
2313 885 2558 954 nihilque
2586 899 2645 939 se
2684 899 2993 940 reservasse
3036 892 3350 939 constanter
3392 883 3692 951 afﬁrmans,

2112 980 2328 1032 tandem
2361 993 2467 1031 non
2496 993 2590 1047 spe
2619 985 2855 1040 erectus,
2889 977 2980 1032 sed
3013 977 3242 1046 imperio
3265 976 3436 1047 magis
3465 991 3688 1046 oppres-

2112 1083 2224 1131 sus,
2255 1067 2466 1136 paruit;
2495 1076 2550 1120 et
2588 1081 2704 1131 vas,
2753 1065 2895 1135 quod
2943 1081 3174 1120 vacuum
3227 1065 3540 1136 reliquerat,
3569 1065 3695 1120 vino

2112 1160 2351 1230 plenum,
2385 1159 2639 1212 nimirum
2670 1159 2990 1218 admiratus,
3025 1158 3247 1212 invenit.

2185 1249 2366 1303 Abbas
2391 1233 2632 1318 quidam,
2662 1256 2719 1301 ut
2743 1248 2873 1301 mihi
2907 1247 3133 1301 relatum
3170 1254 3272 1312 est,
3315 1245 3497 1302 suavis

2113 1338 2275 1394 edulii
2324 1336 2762 1407 concupiscentia
2803 1338 3015 1403 ductus,
3064 1338 3396 1408 naupredam
3429 1337 3530 1392 sibi
3557 1353 3697 1407 prae-

2113 1429 2260 1499 cepit
2300 1427 2531 1496 acquiri.
2558 1426 2801 1496 Cumque
2830 1427 3066 1481 ministri
3102 1427 3364 1490 dicerent,
3392 1427 3495 1481 hoc
3526 1440 3697 1498 genus

2113 1535 2178 1576 eo
2204 1519 2306 1575 loci
2337 1518 2556 1574 difficile
2607 1533 2766 1588 posse
2811 1517 3075 1586 reperiri,
3112 1518 3437 1594 exstititqui
3465 1517 3697 1584 diceret,

2114 1625 2275 1664 unam
2298 1615 2509 1663 tantum
2533 1607 2586 1661 in
2615 1606 2892 1662 venalibus
2915 1605 3251 1676 Naupredam
3275 1621 3332 1660 se
3355 1606 3553 1661 vidisse
3572 1621 3700 1676 pro-

2117 1699 2373 1771 positam,
2408 1698 2555 1754 nullo
2583 1706 2742 1769 pacto
2788 1699 2968 1752 minus
3015 1713 3179 1767 quam
3217 1697 3408 1768 viginti
3444 1713 3699 1753 nummo-

491 1790 759 1845 Addidisti
795 1791 980 1855 etiam,
1016 1791 1142 1861 quia
1177 1791 1338 1845 beato
1365 1788 1544 1844 Leone
1574 1787 1685 1859 (16)
1710 1789 1852 1844 sedis
1884 1805 2014 1859 apo-
2043 1783 2088 1842 B
2120 1806 2235 1844 rum
2277 1789 2626 1860 Papiensium
2675 1788 2862 1844 solidis
2903 1789 3279 1843 eoemendam.
3325 1786 3495 1842 Jussit
3529 1787 3696 1842 abbas

424 1882 628 1937 stolicae
658 1882 886 1952 praesule
921 1881 1213 1946 referente,
1252 1895 1609 1950 cognoveras,
1639 1893 1791 1948 mque
1815 1894 2011 1933 carna-

423 1971 494 2027 lis
542 1982 596 2027 et
615 1972 1028 2027 inconsiderata:
1049 1972 1478 2027 conversationis
1502 1972 1815 2040 episcopum
1839 1970 2014 2024 exsti-

427 2063 581 2131 tisse,
620 2063 710 2133 qui
760 2072 965 2117 tantam
997 2073 1148 2118 extra
1180 2065 1432 2117 meritum
1465 2064 1694 2134 gratiam
1725 2079 1754 2116 a
1785 2063 2013 2117 Domino

427 2151 608 2207 fuerat
649 2163 996 2219 consecutus,
1047 2165 1106 2207 ut
1153 2155 1384 2209 virtutes
1424 2169 1488 2209 ac
1518 2155 1671 2224 signa
1703 2153 2016 2223 frequenter

427 2247 769 2310 ostenderet;
824 2246 966 2301 ultro
1013 2246 1179 2300 etiam
1228 2262 1350 2300 cum
1405 2263 1615 2317 magna:
1671 2248 2014 2302 auctoritatis

427 2336 658 2406 imperio
698 2352 763 2391 ex
807 2337 1047 2392 obsessis
1086 2337 1405 2408 corporibus
1435 2339 1704 2393 daemones
1729 2338 2009 2410 effugaret.

427 2425 574 2479 Inter
596 2440 715 2494 quae
739 2427 990 2479 nimirum
1017 2427 1167 2496 signa
1195 2427 1548 2491 virtutum,et
1573 2429 1700 2482 illud
1727 2429 2014 2497 aliquando

427 2518 675 2589 contigit,
720 2528 778 2572 ut
819 2518 1004 2572 eodem
1079 2529 1280 2574 sanctae
1329 2521 1604 2575 memoria:
1651 2520 1832 2575 Leone
1877 2537 2016 2590 pra:-

429 2617 614 2674 seute,
672 2609 1036 2664 dteiuouiacus
1093 2611 1398 2675 astitisset;
1455 2627 1690 2681 eumque
1748 2611 2009 2682 pratfatus

429 2697 714 2767 episcopus
761 2699 1012 2768 nequitiae
1059 2700 1308 2769 spiritum
1361 2702 1514 2756 abire
1551 2703 1890 2772 prmciperet,
1925 2703 2014 2756 ille

430 2797 614 2841 autem
658 2788 982 2857 quibusdam
1017 2789 1199 2844 verbis
1229 2790 1522 2859 pervicatis
1551 2791 1818 2860 superbire
1845 2791 2015 2846 resul-

429 2887 592 2944 taret,
635 2879 848 2933 tandem
886 2893 983 2948 per
1017 2895 1216 2934 nomen
1253 2879 1456 2934 Christi
1507 2881 1818 2935 terribiliter
1859 2880 2012 2949 adju-

429 2979 602 3037 ratus,
646 2971 805 3025 reniti
850 2971 988 3024 ultra
1041 2956 1146 3026 non
1181 2971 1377 3041 potuit.
1435 2972 1678 3041 Cumque
1709 2982 1870 3042 caput
1909 2974 2012 3026 mi-

428 3061 535 3115 seri
581 3060 817 3115 homiuis
861 3061 966 3114 huc
1040 3060 1275 3130 illucque
1319 3070 1662 3127 concuteret,
1704 3061 1928 3131 capillos
1960 3062 2012 3116 ita

2121 1881 2399 1936 numerari
2460 1880 2771 1950 pecuniam.
2828 1878 3138 1950 Coquorum
3190 1888 3371 1932 autem
3420 1878 3697 1948 diligentia

2115 1971 2452 2042 perfunctus,
2500 1979 2556 2026 et
2585 1971 2731 2026 laute
2767 1972 3023 2026 decoctus
3053 1969 3232 2025 abbati
3263 1969 3427 2039 piscis
3465 1969 3701 2040 apponi-

2117 2075 2236 2126 tur;
2283 2063 2376 2118 sed
2416 2071 2706 2132 antequam
2754 2069 3086 2132 tangeretur,
3125 2046 3251 2116 ecce
3284 2073 3488 2130 pauper
3517 2059 3583 2113 ad
3608 2057 3699 2127 ja-

2117 2168 2278 2208 nuam
2314 2154 2416 2207 hoc
2466 2152 2804 2222 potissimum
2846 2151 2948 2204 sibi
2985 2151 3099 2204 dari
3158 2152 3300 2220 quod
3342 2150 3521 2204 abbati
3553 2157 3701 2205 esset

2117 2245 2422 2315 appositum
2480 2243 2640 2296 anxie
2663 2242 2989 2312 postulabat.
3017 2241 3159 2306 Mox,
3184 2251 3243 2295 ut
3265 2250 3402 2307 erat,
3428 2241 3707 2312 integrum-

2117 2340 2343 2411 piseem,
2374 2338 2510 2392 nihil
2541 2339 2794 2393 hazsilaus
2830 2339 2913 2390 vir
2941 2337 3176 2402 Domini,
3214 2337 3380 2390 mittit
3406 2336 3472 2391 ad
3499 2351 3700 2408 paupe~

2117 2445 2253 2484 rem.
2308 2428 2457 2484 1111οο
2495 2443 2720 2498 pauper,
2774 2427 2864 2496 qui
2918 2426 3204 2480 videbatur
3229 2441 3353 2480 cum
3394 2426 3504 2495 ipsa
3537 2440 3699 2494 paro-

2117 2520 2267 2590 pside
2295 2519 2451 2589 plena
2489 2520 2655 2589 pisce,
2703 2520 2754 2572 in
2795 2518 3023 2572 sublime
3056 2532 3113 2572 se
3137 2517 3367 2583 extulit;
3400 2525 3456 2571 et
3501 2517 3695 2572 librata

2118 2628 2302 2676 manu,
2331 2611 2480 2666 velut
2533 2611 2783 2666 exenium
2829 2618 3069 2680 portans,
3116 2609 3313 2662 coelum
3363 2608 3570 2664 cunctis
3617 2609 3698 2663 vi-

2117 2701 2370 2755 dentibus
2392 2700 2715 2770 penetravit.
2743 2699 2895 2754 Unde
2916 2698 3120 2769 liquido
3141 2700 3540 2769 comprobatur,
3568 2700 3696 2770 quia

2118 2793 2260 2860 quod
2316 2791 2681 2861 indigentibus
2732 2788 2933 2853 datur,
2990 2790 3101 2844 Deo
3160 2789 3590 2855 transmittitur,
3642 2797 3701 2844 et

2118 2885 2261 2955 quod
2290 2885 2343 2938 in
2371 2883 2489 2939 sinu
2517 2897 2816 2954 pauperum
2861 2882 3216 2947 occultamus,
3264 2884 3317 2938 in
3364 2883 3503 2940 etelo
3544 2899 3701 2955 repos

2118 2976 2316 3029 nimus.

2188 3064 2322 3119 lllud
2359 3065 2548 3130 etiam,
2599 3064 2742 3135 quod
2775 3079 2918 3120 nunc
2949 3064 3218 3129 addimus,
3251 3079 3561 3134 quanquam
3590 3079 3708 3119 non.

431 3149 596 3203 altum
621 3150 868 3218 pavendo
895 3150 1128 3218 quodam
1158 3150 1386 3205 horrore
1417 3151 1744 3220 subrigeret,
1775 3167 1837 3206 os
1862 3152 2014 3220 quasi
2045 3158 2088 3218 C
2122 3156 2191 3211 sit
2226 3156 2570 3220 miraculum,
2606 3156 2674 3210 ab
2712 3155 3072 3211 aedificatione
3121 3163 3321 3218 tamen,
3361 3155 3446 3208 cui
3474 3153 3704 3208 famula-

433 3241 500 3292 ad
534 3239 890 3293 evomendum
921 3238 1244 3308 quibusdam
1281 3240 1569 3296 conatibus
1598 3242 1856 3311 aperiret,
1888 3255 2014 3310 pro-

433 3329 580 3383 tinus
605 3343 663 3382 se
693 3328 892 3396 objecit
917 3330 1204 3399 episcopus
1231 3347 1244 3383 :
1277 3329 1657 3401 Nequaquam,
1693 3333 1886 3402 inquit,
1921 3347 2016 3402 per

433 3433 495 3473 os
523 3419 839 3488 egredieris,
864 3429 923 3472 ut
947 3420 1172 3486 niteris;
1216 3422 1440 3476 omnino
1466 3423 1822 3478 frustrabitur
1871 3424 2016 3493 quod

435 3510 666 3582 moliris,
696 3525 793 3579 per
823 3512 1124 3580 posteriora
1155 3523 1206 3567 te
1228 3513 1379 3568 exire
1420 3516 1674 3584 pmcipio
1706 3534 1716 3568 :
1746 3533 1869 3570 nam
1906 3518 2017 3572 oris

433 3598 530 3652 tibi
567 3600 771 3654 aditum
814 3615 919 3655 non
969 3603 1246 3671 permitto.
1272 3604 1378 3658 Per
1403 3607 1651 3661 sordidos
1681 3609 1845 3677 igitur
1871 3622 2016 3662 mea-

435 3697 544 3755 tus,
571 3690 846 3745 immunde
893 3693 1191 3759 habitator,
1240 3695 1516 3764 egredere,
1541 3705 1596 3750 et
1625 3697 1763 3751 foeda
1790 3706 1910 3766 post
1943 3707 2012 3759 te,

438 3790 499 3834 ut
519 3782 715 3852 dignus
743 3797 824 3847 es,
849 3784 1077 3853 vestigia
1107 3785 1442 3854 derelinque.
1479 3785 1574 3839 Vix
1601 3788 1763 3841 verba
1787 3788 2018 3857 comple-

433 3881 608 3936 verat,
644 3882 698 3927 et
738 3875 996 3928 continuo
1047 3876 1414 3945 nequissimus
1465 3878 1691 3948 Spiritus
1719 3877 1864 3933 fluxu
1895 3895 2020 3935 ven-

435 3960 536 4014 tris
560 3961 765 4028 eiectus
791 3971 895 4018 est.

1052 4057 1279 4114 CAPUT
1320 4057 1407 4112 IV.

438 4162 684 4236 Episcopi
732 4169 1010 4236 cuiusdam
1053 4172 1467 4225 misericordiam
1498 4189 1552 4225 m
1589 4188 1871 4241 pauperem
1918 4174 2017 4226 mi-

844 4245 1022 4294 raculo
1053 4242 1194 4296 Deus
1228 4253 1609 4296 remuneratur.

469 4324 663 4423 “Alius
707 4326 838 4382 item
887 4333 1193 4399 episcopus,
1239 4340 1294 4384 ut
1323 4341 1377 4385 et
1407 4333 1522 4401 ipse
1573 4332 1780 4398 dixiSIi,
1827 4333 2022 4403 oppido

438 4413 649 4478 sitiens,
692 4417 876 4470 vinum
925 4419 1028 4472 sibi
1073 4420 1252 4474 afferri
1303 4423 1577 4491 praecepit.
1615 4423 1860 4491 Cumque
1898 4424 2018 4492 pin-

2121 3257 2210 3302 tur
2255 3263 2415 3302 omne
2454 3248 2598 3316 quod
2641 3248 2950 3310 scribimus,
2992 3262 3097 3301 non
3139 3255 3223 3302 est
3264 3245 3524 3300 alienum.
3575 3246 3708 3316 Epi—

2118 3355 2312 3410 scopus
2357 3339 2575 3409 quidam
2643 3341 2975 3410 naupredam
3006 3339 3108 3394 sibi
3132 3341 3314 3409 parari
3347 3348 3697 3410 praeceperat,

2118 3432 2207 3500 qui
2240 3430 2398 3501 paulo
2444 3439 2566 3500 post
2595 3431 2720 3485 dum
2753 3431 2896 3485 inter
2937 3431 3050 3500 ipsa
3099 3431 3387 3485 missarum
3435 3431 3697 3485 solemnia

2118 3523 2290 3577 sacris
2335 3521 2595 3576 altaribus
2643 3523 2867 3577 devotus
2895 3524 3192 3587 assisteret,
3233 3537 3360 3577 ecce
3402 3523 3696 3592 naupredaa

2120 3610 2377 3664 memoria
2401 3610 2699 3665 illecebrosi
2722 3621 2910 3681 gustus
2937 3626 3060 3665 eum
3085 3610 3309 3664 tentavit
3336 3609 3550 3664 affectu.
3581 3610 3704 3676 llle,

2119 3708 2180 3754 ut
2208 3710 2324 3755 erat
2356 3700 2581 3769 insignis
2609 3699 2798 3763 animi,
2834 3700 2955 3753 talia
2990 3713 3048 3753 se
3076 3699 3186 3770 pati
3220 3713 3376 3768 posse
3411 3700 3461 3753 in
3489 3698 3696 3752 obtuti-

2119 3789 2220 3844 bus
2271 3789 2492 3856 occulti,
2545 3800 2599 3844 et
2645 3790 3034 3860 omnipotentis
3087 3790 3406 3858 inspectoris
3456 3789 3705 3853 erubuit,

2120 3879 2460 3950 expletisque
2519 3895 2802 3951 regressus
2850 3880 3081 3944 officiis,
3134 3879 3452 3934 febreticum
3502 3880 3698 3933 anima:

2119 3971 2322 4041 piscem
2351 3972 2574 4040 pauperi
2605 3973 2927 4027 tradendum
2956 3985 3076 4026 esse
3108 3971 3402 4026 mandavit.
3445 3969 3538 4025 Sic
3566 3984 3696 4040 pro-

2119 4063 2262 4119 fecto
2310 4063 2553 4118 canicula
2583 4063 2893 4133 voluptatis,
2933 4078 3051 4132 qua:
3087 4062 3187 4116 sub
3217 4076 3403 4115 mensa
3435 4059 3700 4129 corporis,

2121 4162 2394 4221 utcunque
2420 4153 2684 4222 potuisset
2715 4152 2919 4212 vivere,
2953 4151 3020 4205 ad
3047 4158 3232 4204 sancta
3266 4157 3576 4204 sanctorum
3599 4147 3700 4201 im~

2120 4245 2385 4312 pudenter
2416 4241 2744 4312 irrumpens,
2774 4241 3110 4312 pmuitentiae
3134 4239 3274 4294 fuste
3302 4249 3556 4304 mactata,
3587 4252 3701 4292 me-

2123 4334 2233 4387 ruit
2263 4333 2508 4388 interire.
2594 4327 2598 4330 ’

2193 4424 2404 4494 Pauper
2426 4425 2642 4492 quidam
2664 4425 3057 4494 paterfamilias
3081 4439 3244 4478 unum
3267 4425 3528 4478 duntaxat
3547 4438 3706 4477 num-

439 4519 603 4559 cerua
633 4517 804 4560 totum
864 4511 1008 4577 quod
1043 4521 1164 4566 erat
1189 4514 1241 4566 in
1270 4514 1490 4568 vasculo
1531 4514 1774 4570 funditus
1813 4517 2014 4569 exhau-
2055 4508 2101 4567 D
2129 4530 2275 4569 mum
2327 4517 2379 4568 in
2427 4514 2603 4569 loculo
2653 4514 2980 4584 possidebat,
3009 4529 3168 4584 quem
3193 4514 3259 4568 ad
3290 4513 3574 4568 emendum
3600 4511 3702 4566 ali-

440 4593 606 4648 sisset
647 4596 697 4648 in
730 4598 1002 4666 poculum,
1034 4608 1088 4655 et
1115 4603 1370 4671 episcopo
1395 4603 1696 4668 detulisset,
1727 4620 1856 4660 ecce
1887 4621 2020 4676 pau-

440 4701 540 4754 per
585 4687 908 4759 importunis
955 4692 1085 4746 illud
1131 4692 1232 4746 sibi
1282 4693 1400 4747 dari
1442 4693 1694 4762 precibus
1723 4693 2017 4764 flagitabat,

443 4779 656 4848 dicens,
703 4784 826 4854 quia
857 4801 967 4855 prae
994 4785 1246 4840 ariditate
1277 4787 1442 4841 nimia
1469 4785 1572 4840 nisi
1599 4786 1825 4853 biberet,
1855 4789 2022 4844 comi-

447 4888 550 4927 nus
574 4878 900 4946 exspiraret.
937 4879 1169 4934 [contra
1199 4879 1447 4933 minister
1472 4879 1771 4942 asserebat,
1795 4887 1849 4935 et
1871 4879 1942 4933 nil
1967 4896 2025 4934 se

449 4962 502 5016 in
547 4981 672 5021 vase
719 4971 996 5024 residuum
1048 4971 1357 5041 reliquisse,
1401 4978 1456 5025 et
1504 4972 1560 5026 in
1589 4986 1654 5026 eo
1681 4970 1799 5026 loco
1842 4972 2023 5026 vinum

450 5054 595 5110 aliud
647 5063 868 5130 reperiri
923 5064 1230 5120 nullatenus
1261 5078 1440 5132 posse.
1479 5062 1534 5116 ln
1568 5063 1652 5117 his
1679 5063 1845 5132 igitur
1871 5062 2027 5117 fortis

449 5147 735 5216 episcopus
762 5154 1026 5221 angustiis
1057 5155 1449 5224 deprehensus,
1481 5163 1682 5209 etcum
1720 5153 1846 5208 hinc
1875 5153 2025 5207 vide-

451 5232 579 5287 licet
599 5235 744 5290 sitim
769 5238 989 5295 differre
1012 5258 1117 5298 non
1142 5253 1344 5314 posset,
1373 5243 1521 5298 illinc
1542 5253 1720 5297 autem
1744 5259 1802 5298 se
1825 5243 2030 5307 bibere,

453 5325 562 5381 alio
602 5329 969 5398 periclitante,
1003 5335 1225 5405 impium
1257 5335 1551 5404 judicaret,
1581 5335 1775 5390 avertit
1805 5349 1864 5389 se
1892 5350 1921 5387 a
1950 5348 2030 5398 se,

453 5419 722 5490 fratrique
769 5421 1038 5479 laboranti
1069 5427 1120 5478 in
1151 5428 1478 5484 necessitate
1505 5427 1791 5483 succurrit.
1828 5425 2037 5479 Praece-

529 5679 640 5752 (16)
683 5681 848 5753 llujns
875 5683 1108 5739 nominis
1139 5701 1279 5740 nono

2129 4605 2282 4674 quid,
2325 4606 2466 4674 quod
2508 4621 2628 4660 cum
2658 4621 2795 4674 pane
2823 4607 3146 4670 comederet,
3175 4605 3481 4674 expendere
3509 4603 3704 4674 gestie-

2129 4695 2240 4748 bat.
2274 4694 2516 4764 Cumque
2549 4696 2726 4750 siceus
2772 4705 2828 4748 et
2862 4695 3044 4750 aridus
3073 4710 3103 4749 a
3130 4695 3451 4749 lautioribus
3476 4694 3702 4747 alimen-

2132 4788 2222 4851 tis,
2265 4787 2368 4842 hoc
2411 4787 2500 4840 diu
2542 4788 2813 4857 negotium
2860 4787 2912 4840 in
2959 4795 3140 4840 mente
3180 4795 3454 4850 versaret,
3489 4784 3704 4839 interim

2129 4893 2336 4947 pauper
2385 4875 2626 4938 advenit,
2671 4876 3100 4931 misericordiam
3136 4874 3447 4946 postulavit.
3481 4873 3571 4926 llle
3598 4873 3706 4926 bte—

2129 4985 2255 5024 reus
2284 4969 2486 5032 animo,
2516 4968 2661 5022 velut
2690 4968 2742 5021 in
2773 4968 3008 5038 quodam
3034 4976 3152 5022 erat
3179 4967 3480 5022 meditullio
3507 4964 3708 5020 consti-

2131 5067 2298 5114 tutus.
2351 5056 2488 5112 Nam
2535 5059 2577 5112 si
2629 5056 2982 5124 daret,carni
3037 5058 3310 5111 metuebat
3358 5055 3611 5120 amicta};
3662 5054 3709 5108 si

2134 5149 2412 5213 retineret,
2467 5149 2679 5221 culpam
2732 5145 3026 5206 incurrere
3064 5147 3388 5202 formidabat
3434 5145 3712 5216 denegata:

2135 5239 2542 5294 misericordim.
2596 5238 2834 5294 Tandem
2887 5241 3016 5295 vicit
3060 5239 3283 5311 spiritus
3340 5250 3599 5299 carnem,
3658 5240 3714 5286 et

2135 5331 2500 5403 cvangelicam
2549 5331 2792 5386 imitatus
2840 5332 3078 5397 viduam,
3129 5330 3230 5386 sub
3255 5329 3507 5400 pauperis
3533 5325 3714 5396 specie

2137 5426 2279 5480 bono
2313 5423 2541 5482 debitori
2569 5423 2681 5480 Deo
2708 5439 2860 5480 suam
2893 5425 3103 5480 fenerat
3124 5423 3481 5492 quantitatem
3515 5419 3710 5492 (Marc.
