4148 5358
429 173 534 232 H9

1109 170 1347 229 OPUSC.
1387 171 1506 226 XX.
1539 204 1604 213 —
1629 170 2079 230 APOLOGETIC.
2130 170 2216 225 OB
2258 171 2586 229 DlMlSSUM
2619 173 3020 234 EPISCOPAT.

3599 180 3702 243 450

429 301 536 350 xu;
569 282 702 340 Luc.
731 285 867 346 ut).
915 282 1077 338 Redit
1125 285 1367 349 domum,
1415 284 1589 354 panis,
1637 285 1726 354 qui
1775 285 2004 348 solebat,
2041 295 2082 352 Α
2114 285 2334 339 lueretur
2366 286 2473 350 ille,
2509 290 2652 356 quod
2679 291 2852 345 solum
2886 303 3116 360 poterat,
3158 309 3244 348 me
3273 295 3504 365 flagitat,
3537 299 3586 353 iu
3616 315 3701 357 me

430 374 741 444 apponitur.
796 374 1009 444 Pauper
1060 373 1276 442 quidem
1331 389 1541 440 mensa,
1592 377 1684 429 sed
1736 376 1874 429 bona
1921 390 2017 445 5pc

426 468 580 521 dives
629 473 748 520 erat
797 465 1153 520 conscientia.
1209 465 1475 521 Damnum
1525 468 1793 536 siquidem
1835 470 2016 524 carnis

427 557 815 627 compensabat
861 556 1014 611 lucro
1059 558 1318 626 pietatis;
1369 574 1491 613 cum
1522 575 1648 614 ecce
1686 560 1768 613 vir
1795 561 2014 629 quidam

427 649 670 718 ignotus,
715 656 770 704 et
795 663 958 717 quem
988 658 1148 703 antea
1200 665 1474 719 nunquam
1521 650 1752 716 viderat,
1784 652 2014 706 festinus

426 747 483 793 et
507 739 703 793 anxius
741 739 936 809 ligatos
966 739 1132 795 linteo
1182 741 1235 794 in
1277 756 1438 794 manu
1467 741 1583 809 ejus
1619 743 1810 812 viginti
1842 745 2012 798 dena-

426 831 632 886 riorum
665 831 868 886 solidos
905 832 1106 901 posuit,
1137 833 1430 902 dicensque
1461 833 1562 887 sibi
1591 849 1621 886 a
1652 833 1884 889 Domino
1914 849 2014 889 suo

428 921 639 985 missos,
676 930 935 992 tanquam
984 923 1075 992 qui
1124 925 1193 978 ab
1238 939 1304 978 eo
1352 934 1783 994 exspectaretur,
1823 925 2015 980 incuu-

427 1019 640 1066 ctauter
664 1013 951 1068 abscessit.
977 1014 1220 1084 Cumque
1244 1014 1332 1069 hic
1359 1015 1623 1069 attonitus
1645 1015 1806 1071 vellet
1835 1015 2014 1084 inqui-

422 1119 571 1170 rere,
604 1103 694 1158 ille
718 1105 1001 1174 disparuit.

1050 1195 1279 1252 CAPUT
1324 1195 1384 1250 V.

426 1304 721 1362 Damianus
767 1308 829 1361 ob
869 1309 1041 1362 aztatis
1081 1309 1387 1448 gratuilqtem
1439 1308 1766 1379 episcopatus
1807 1306 2011 1364 labores

1113 1396 1167 1432 re
1197 1389 1324 1448 ugu.

1113 1389 1324 1449 rejugu.

495 1469 704 1527 ldcirco
758 1478 940 1526 autem
985 1471 1203 1524 nomina
1256 1471 1536 1525 hominum
1592 1487 1698 1527 non
1756 1486 2008 1542 appono,

424 1563 682 1632 quoniam
738 1564 873 1619 ordo
926 1573 1162 1633 peracta:
1222 1565 1299 1620 rei
1359 1564 1576 1621 facilius
1631 1565 1798 1638 M8
1853 1566 2013 1620 hazsit

2117 373 2384 429 elamosas
2415 391 2577 431 voces
2603 378 2923 449 ingeminat,
2953 391 3012 436 ut
3035 382 3115 438 vel
3141 383 3254 454 ipse
3283 385 3387 440 sibi
3421 399 3699 459 proruptus

2116 465 2332 535 adjutor
2357 482 2700 523 accurrerem
2726 485 2741 534 ;
2790 471 2869 524 vel
2909 475 3166 539 securim,
3196 491 3315 546 qua:
3339 478 3390 530 in
3421 479 3556 534 meis
3578 493 3698 536 erat

2115 558 2386 624 manibus,
2433 559 2715 629 porrigere
2760 559 3096 618 festiuarem.
3130 565 3241 634 Ego
3269 577 3452 623 autem
3505 571 3690 626 infelix

2118 660 2176 704 et
2223 651 2480 721 degener,
2531 651 2822 708 ultricibus
2868 653 3100 710 ﬂammis
3145 658 3435 723 obnoxius,
3490 669 3544 716 et
3586 663 3699 733 ipse

2114 742 2346 810 potiusa
2375 745 2718 814 serpentibus
2763 745 2960 800 merito
3007 747 3382 816 devorandus,
3437 768 3517 806 va:
3567 755 3698 808 mihi

2116 832 2438 888 homicidm!
2474 835 2810 898 contremui;
2851 845 3053 890 etcum
3095 839 3344 892 manilms
3373 850 3520 895 esset
3539 857 3699 912 agen-

2114 924 2263 990 dum,
2312 940 2477 980 causa
2527 925 2790 992 dictante,
2838 942 2946 981 non
2974 927 3226 996 pedibus,
3256 929 3438 1000 fugam
3470 933 3698 1001 paravi;

2114 1015 2343 1084 ideoque
2367 1031 2396 1068 a
2427 1017 2805 1071 sacerdotibus
2831 1018 3129 1086 iujunctum
3161 1018 3291 1072 mihi
3323 1021 3424 1073 hoc
3449 1021 3698 1076 exsilium

2113 1107 2309 1176 patior,
2345 1123 2538 1178 meque
2575 1119 2631 1162 ut
2675 1125 2865 1164 revera
2901 1111 3093 1166 mortis
3125 1111 3268 1166 illius
3295 1125 3573 1169 auctorem
3605 1118 3699 1173 de-

2113 1197 2242 1254 ﬂere
2261 1199 2577 1268 compellor.

2185 1289 2317 1356 Quae
2383 1290 2677 1344 nimiruum
2737 1291 3016 1362 gemenda:
3075 1293 3402 1348 calamitatis
3473 1294 3700 1352 historia

2113 1379 2189 1434 ita
2250 1388 2424 1435 totum
2511 1397 2608 1436 cor
2668 1395 2847 1436 meum
2909 1384 3218 1438 tremefacit
3297 1394 3351 1439 et
3419 1389 3700 1454 concutit,

2114 1481 2172 1523 ut
2221 1471 2544 1525 immensam
2598 1472 2782 1526 cordis
2820 1473 2926 1526 mei
2981 1474 3362 1540 formidinem,
3429 1492 3528 1532 nec
3591 1488 3704 1550 sty-

2115 1563 2166 1617 lo
2219 1563 2456 1630 tradere,
2518 1579 2619 1620 nec
2678 1565 2888 1619 valeam
2953 1581 3206 1620 sermone
3262 1567 3528 1638 proferre.
3590 1568 3706 1625 Me-

427 1654 646 1720 animo;
693 1655 912 1708 nomina
944 1669 1094 1718 vero,
1141 1655 1286 1708 curis
1333 1653 1454 1709 aliis
1499 1655 2005 1720 intervenientibus,
2039 1653 2084 1712 Β
2113 1653 2256 1708 ditor
2309 1653 2452 1708 enim
2508 1669 2693 1725 saepe,
2758 1671 2886 1711 ecce
2945 1657 3147 1722 homo,
3205 1669 3260 1712 et
3317 1660 3531 1726 bestia,
3596 1662 3704 1715 duo

425 1743 621 1809 fateor,
665 1744 952 1815 intercepit
988 1744 1208 1799 obhvio.
1259 1744 1370 1800 Nec
1402 1761 1725 1816 magnopere
1752 1761 2011 1801 curamus

425 1837 597 1892 videri
647 1853 885 1907 aucupes
938 1838 1242 1903 nominum,
1298 1836 1589 1892 dummodo
1641 1852 1748 1891 non
1795 1837 2012 1891 excidat

420 1929 596 1983 series
654 1938 704 1983 et
736 1930 870 1984 ordo
911 1937 1216 1999 gestorum;
1261 1942 1566 1997 quanquam
1596 1937 1650 1981 et
1681 1927 1795 1982 haec
1820 1928 2007 1982 eadem

434 2029 608 2092 gesta,
668 2034 790 2088 quae
831 2020 1140 2083 scribimus,
1181 2019 1306 2087 quia
1333 2018 1386 2072 in
1419 2019 1644 2072 transitu
1679 2017 1866 2072 audire
1911 2033 2011 2072 nos

422 2112 678 2182 contigit,
728 2118 909 2165 utrum
956 2108 1276 2164 inoffensam
1325 2109 1451 2163 fidei
1508 2109 1706 2163 lineam
1760 2118 2008 2174 teneant,

420 2213 631 2258 certum
670 2218 769 2272 per
804 2203 988 2257 omnia
1017 2219 1121 2257 non
1156 2201 1440 2257 habemus.
1469 2201 1547 2256 Ne
1573 2202 1737 2272 igitur
1767 2202 1884 2256 sine
1915 2217 2011 2256 uo-

425 2296 664 2350 minibus
689 2296 896 2364 digesta
932 2295 1175 2348 narratio
1205 2309 1364 2349 nares
1395 2294 1687 2349 fastidiosis
1720 2294 2010 2348 lectoribus

428 2384 736 2449 contrahat,
782 2399 814 2438 a
863 2384 1057 2438 talibus
1102 2384 1322 2438 interim
1365 2384 1715 2454 supersedeo.
1767 2383 1833 2437 Et
1862 2393 2011 2439 certe

428 2476 699 2534 salubrius
740 2486 840 2540 est,
873 2477 1190 2531 ut’omissis
1233 2477 1508 2542 omnibus,
1555 2477 1622 2531 ad
1652 2491 1738 2530 me
1767 2476 2008 2540 redeam,

434 2582 524 2622 me
573 2567 824 2628 deﬂeam.
878 2583 965 2622 nte
1006 2567 1211 2637 jugiter
1259 2568 1394 2622 meis
1437 2567 1608 2622 oculis
1661 2575 2006 2636 anteponam.

423 2656 563 2711 Ecce
607 2657 752 2711 enim
793 2659 906 2726 jam
961 2656 1102 2710 oculi
1158 2656 1412 2727 caligant,
1465 2666 1520 2711 et
1570 2656 1728 2711 solito
1777 2655 2011 2726 amplius

426 2749 752 2818 phlegmatis
800 2749 1056 2802 humores
1106 2749 1401 2802 abundant.
1446 2747 1614 2818 Ruga:
1658 2748 1912 2812 subeunt,
1957 2757 2012 2802 et

428 2843 670 2896 dentium
714 2830 1184 2911 ruinam-gingivae
1216 2840 1508 2894 minantur.
1546 2841 1718 2909 Caput
1753 2839 2008 2908 denique,

421 2933 564 3003 quod
589 2933 740 2987 canis
763 2932 1026 2987 hactenus
1055 2931 1428 3002 spargebatur,
1461 2930 1652 3000 cigneo
1677 2927 1791 2999 jam
1821 2928 2009 2982 albore

2115 1745 2324 1814 pariter
2391 1745 2444 1799 in
2502 1747 2776 1814 spelunca.
2856 1747 2971 1801 Non
3032 1750 3302 1804 mediator
3365 1750 3699 1818 intervenit,

2113 1852 2222 1891 non
2277 1846 2498 1907 ereptor
2586 1838 2817 1903 accedit,
2903 1840 3135 1894 ferinum
3187 1856 3316 1896 sane
3378 1857 3474 1896 cor
3528 1841 3705 1910 pietas

2111 1927 2276 2000 449
2302 1944 2408 1983 non
2439 1929 2682 1994 emollit;
2714 1930 3012 1999 prmsertim
3039 1946 3162 1984 cum
3195 1929 3396 1985 rabida:
3420 1931 3702 1985 voracitati

2113 2021 2214 2075 hoc
2249 2021 2413 2074 etiam
2443 2021 2848 2090 superadditur,
2879 2032 2937 2074 ut
2967 2021 3127 2074 illatae
3154 2021 3497 2076 contumelia:
3522 2021 3706 2092 gravis

2112 2110 2244 2164 ultio
2272 2118 2673 2179 compensetur.
2711 2109 2903 2176 Quaeso
2930 2150 2945 2175 ,
2976 2125 3096 2180 qua:
3125 2111 3202 2164 rei
3239 2108 3396 2178 hujus
3423 2118 3549 2164 tunc
3575 2125 3702 2180 spe-

2111 2200 2222 2253 cies
2243 2209 2384 2264 erat,
2408 2201 2516 2254 imo
2540 2215 2660 2270 qum
2681 2215 2834 2254 mens
2857 2199 3040 2253 miseri
3067 2199 3300 2254 hominis
3318 2215 3439 2254 esse
3464 2207 3702 2271 poterat,

2111 2306 2234 2344 cum
2277 2289 2456 2360 praeda
2492 2289 2666 2343 factus
2695 2301 2839 2344 esset
2883 2288 3025 2343 hosti
3056 2289 3240 2343 nescio
3265 2289 3548 2355 misereri;
3578 2303 3704 2344 cum

2111 2381 2377 2435 evadendi
2413 2395 2536 2450 spes
2567 2380 2710 2434 nulla
2762 2387 3093 2450 superesset,
3128 2379 3220 2434 sed
3251 2379 3433 2450 potius
3460 2379 3704 2435 cruentis

2111 2471 2363 2526 dentibus
2391 2472 2445 2525 in
2483 2485 2664 2525 escam
2696 2472 2947 2535 traditus,
2981 2470 3210 2523 ferinam
3246 2471 3495 2540 protinus
3525 2471 3704 2543 inglu-

2111 2561 2251 2615 victu
2275 2560 2539 2614 satiaret?
2566 2559 2734 2627 Hujus
2758 2574 2886 2629 ergo
2911 2559 3248 2613 formidolosi
3275 2575 3435 2614 casus
3465 2561 3704 2629 speciem

2113 2649 2164 2702 in
2219 2664 2337 2702 mea
2394 2663 2537 2717 saepe
2592 2657 2775 2701 mente
2823 2648 3074 2716 depingo,
3125 2662 3358 2716 moxque
3409 2649 3704 2703 draconem

2113 2739 2260 2794 illum
2293 2741 2459 2794 totius
2487 2739 2826 2794 crudelitatis
2857 2746 3132 2792 auctorem
3159 2777 3173 2803 ,
3205 2738 3474 2807 quomodo
3518 2738 3698 2807 rapiat

2112 2849 2171 2887 ac
2197 2834 2419 2888 devoret
2449 2832 2682 2898 animas,
2704 2832 2894 2903 pavida
2928 2830 3362 2885 consideratione
3389 2837 3699 2900 pertracto,

2111 2925 2261 2977 illum
2304 2939 2447 2992 saepe
2492 2925 2817 2978 versiculum
2875 2932 3169 2992 repetens,
3221 2936 3381 2990 quem
3428 2920 3703 2991 Propheta

423 3025 688 3090 uivescit;
741 3038 846 3078 vox
892 3023 1091 3088 raucit,
1137 3022 1312 3076 virtus
1358 3020 1576 3085 deﬁcit;
1625 3028 1700 3084 et,
1735 3019 1838 3074 heu
1870 3019 2008 3088 proh
2035 3003 2078 3064 (ἶ
2111 3013 2363 3068 cantabat
2392 3031 2404 3066 :
2441 3031 2458 3062 ι
2495 3011 2573 3066 Ne
2602 3012 2817 3082 quando
2841 3053 2855 3077 .
2890 3012 3064 3081 inquit
3091 3052 3105 3076 .
3139 3011 3314 3081 rapiat
3339 3018 3398 3065 ut
3454 3009 3539 3065 180
3584 3011 3702 3065 ani-

425 3112 608 3168 dolor!
661 3112 773 3167 sola
823 3112 878 3166 in
932 3126 1021 3166 me
1067 3110 1322 3164 vitiorum
1352 3109 1506 3163 radix
1535 3109 1748 3180 ignorat
1792 3109 2009 3178 penitus

423 3207 789 3256 senectutem.
836 3199 1129 3254 Enimvero
1159 3196 1401 3267 quotidie
1430 3205 1663 3251 mortem
1693 3211 1802 3265 prae
1837 3193 2009 3249 oculis

423 3303 602 3358 teneo,
633 3299 688 3346 et
721 3289 835 3358 jam
877 3289 1133 3344 tribunali
1193 3287 1456 3342 tremendi
1499 3286 1698 3357 judicis
1747 3284 2013 3355 quodam-

422 3383 580 3436 modo
616 3389 980 3453 praesentatus
1022 3380 1240 3435 assisto.
1272 3377 1392 3433 lant
1422 3377 1522 3432 sub
1552 3375 1786 3447 quadam
1811 3375 2009 3430 mentis

421 3475 808 3546 imaginatione
854 3471 1095 3543 perversi
1146 3470 1372 3540 spiritus
1410 3469 1548 3524 truci
1591 3467 1767 3532 vultu,
1814 3467 2012 3521 exhor-

419 3565 587 3620 renda
635 3565 814 3636 Specie
863 3579 949 3618 me
998 3562 1097 3618 sub
1138 3568 1384 3615 extremo
1427 3559 1620 3631 spiritu
1652 3558 2008 3628 palpitantem

420 3657 739 3712 terribiliter
782 3656 1069 3723 impetunt,
1105 3651 1222 3719 jam
1269 3650 1443 3705 sancti
1481 3649 1658 3719 angeli
1702 3648 1906 3715 blandi,
1946 3662 2009 3702 ac

422 3748 590 3813 nivei,
622 3745 776 3815 quasi
805 3745 897 3813 qui
927 3743 1277 3806 auxilieutur,
1318 3741 1603 3796 accedunt.

494 3837 762 3906 Quiddam
793 3851 955 3906 porro
992 3850 1098 3888 non
1131 3833 1287 3902 longe
1319 3834 1551 3886 antehac
1585 3831 1831 3885 evenisse
1856 3844 2004 3884 com-

419 3932 558 4002 peri,
589 3929 733 3999 quod
780 3927 908 3982 dum
958 3925 1090 3980 mihi
1137 3939 1279 3995 saepe
1327 3931 1508 3977 movet
1559 3929 1819 3985 mentem,
1872 3919 2008 3973 solet

424 4031 755 4091 exaggerate
796 4015 1166 4070 formidinem.
1209 4012 1438 4078 Quidam
1469 4023 1704 4077 namque
1734 4007 2008 4076 pmnitens

420 4109 521 4163 sub
545 4107 831 4180 peregrino
863 4105 1050 4161 habitu
1076 4103 1129 4158 in
1160 4103 1362 4156 nostris
1401 4098 1650 4170 partibus
1679 4095 1961 4152 exsulabat
1989 4113 2000 4146 :

424 4205 512 4273 qui
543 4203 898 4273 perquisitus,
950 4214 1071 4269 quac
1111 4213 1234 4253 eum
1271 4196 1511 4252 exsiliari
1537 4194 1696 4264 culpa
1721 4191 2005 4262 compelle-

424 4303 536 4348 ret:
561 4293 696 4348 Cum
727 4292 1060 4347 convicaneo
1089 4303 1228 4354 meo,
1254 4288 1446 4357 inquit,
1477 4286 1543 4340 ad
1572 4285 1719 4357 ligna
1747 4280 2002 4338 caedenda

424 4388 748 4457 pergebam,
790 4394 843 4439 et
889 4399 1016 4439 ecce
1063 4382 1289 4437 trabalis
1338 4381 1730 4452 magnitudinis
1780 4360 2081 4450 serpensD

425 4479 640 4532 duobus
661 4475 918 4531 attollens
967 4488 1256 4542 squamosa
1282 4473 1419 4527 colla
1444 4473 1733 4541 capitibus,
1771 4472 2007 4526 sinuosis

423 4568 652 4623 ﬂexibus
683 4567 998 4635 obrepebat.
1032 4565 1132 4632 Qui
1165 4581 1262 4619 nos
1294 4571 1354 4617 ut
1381 4579 1446 4618 eo
1475 4563 1814 4618 ambulantes
1853 4577 2008 4632 aspe-

425 4663 521 4724 xit,
573 4661 834 4715 continuo
881 4657 1184 4712 scintillans
1211 4655 1408 4720 oculis,
1437 4664 1778 4726 et‘tanquam
1809 4655 2006 4726 linguis

423 4768 694 4807 exacuens
729 4765 824 4806 ora
855 4749 1115 4812 trisulcis,
1162 4750 1218 4803 in
1267 4764 1365 4802 nos
1415 4749 1677 4817 impetum
1714 4745 1864 4810 fecit.
1905 4746 2004 4800 Cui

421 4846 668 4915 protinus
698 4843 982 4900 conviator
1010 4857 1162 4897 meus
1182 4841 1382 4896 librata
1411 4842 1614 4907 securi,
1644 4856 1811 4895 unum
1842 4848 2004 4908 caput

425 4937 672 5004 abscidit,
735 4948 966 5002 moxque
1017 4933 1412 4989 ferramentum
1467 4951 1533 4991 ex
1582 4936 1702 5006 ejus
1758 4932 2006 4986 manibus

422 5028 632 5084 cecidit.
672 5026 940 5098 Protinus
978 5040 1205 5095 serpens
1243 5026 1296 5079 in
1325 5022 1527 5082 furoris
1566 5028 1773 5081 rabiem
1817 5024 2008 5093 impia-

420 5120 660 5177 cabiliter
689 5118 968 5182 efferatus,
1010 5118 1065 5172 in
1097 5119 1328 5175 sublime
1355 5134 1415 5175 se
1444 5121 1626 5190 erigit,
1656 5117 1802 5190 quod
1833 5116 2004 5172 solum

418 5222 756 5271 remanserat
822 5219 982 5279 caput
1051 5214 1290 5276 attollit,
1349 5223 1739 5282 auctoremque
1801 5209 2006 5279 proprii

415 5303 649 5358 vulneris
703 5303 980 5358 mordicus
1029 5303 1424 5358 apprehendit:
1473 5319 1636 5358 auem
1683 5315 1812 5358 mox
1837 5308 1894 5353 ut
1924 5301 2006 5354 in-

2109 3119 2252 3159 mam
2285 3119 2494 3169 meam;
2527 3105 2653 3159 dum
2703 3117 2810 3158 non
2839 3111 2922 3157 est
2967 3103 3058 3173 qui
3087 3102 3357 3167 redimat,
3388 3115 3563 3171 neque
3607 3101 3702 3172 qui

2109 3194 2316 3251 salvum
2365 3193 2531 3248 faciat
2563 3193 2734 3266 (Psal.
2785 3196 2904 3264 vn).
2946 3213 2963 3246 ι
2999 3191 3132 3247 Tam
3182 3193 3364 3248 brevis
3431 3193 3701 3263 scriptura

2109 3300 2275 3354 quam
2331 3284 2546 3356 longam
2593 3283 2916 3340 lormidandi
2950 3283 3233 3338 materiam
3257 3285 3405 3339 sanis
3432 3285 3703 3341 mentibus

2109 3378 2312 3448 priebet
2327 3377 2350 3430 τ

2179 3469 2351 3526 Porro
2382 3479 2561 3524 autem
2603 3477 2658 3524 et
2689 3479 2813 3524 ante
2852 3484 3054 3524 annum
3086 3468 3139 3522 in
3171 3483 3278 3523 non
3309 3467 3602 3540 longinqua
3630 3468 3702 3524 ab

2110 3561 2213 3614 hac
2247 3559 2465 3630 regione
2516 3557 2639 3612 villa
2690 3559 2981 3629 contigisse
3034 3557 3254 3624 dicitur,
3284 3559 3428 3627 quod
3478 3557 3699 3626 quidam

2109 3651 2345 3720 agricola
2367 3651 2458 3704 vix
2489 3659 2806 3719 erumpente
2834 3647 3171 3718 crepusculo,
3203 3657 3414 3715 mature
3438 3647 3696 3710 surrexit,

2109 3742 2348 3796 enormis
2394 3742 2686 3796 draconem
2737 3741 3123 3810 magnitudinis
3162 3742 3332 3807 vidit,
3366 3755 3525 3810 quem
3571 3742 3699 3810 quia

2110 3834 2312 3904 lignum
2351 3835 2600 3903 putavit,
2649 3849 2773 3886 mox
2807 3850 2864 3887 se
2910 3848 3074 3903 super
3114 3849 3238 3886 eum
3288 3834 3355 3887 ad
3401 3833 3699 3888 sedendum

2108 3924 2260 3990 quasi
2291 3923 2345 3976 in
2389 3924 2541 3977 trabe
2582 3924 2902 3990 composuit.
2935 3922 3215 3976 Commota
3246 3923 3494 3990 protinus
3525 3922 3698 3976 bestia

2107 4020 2270 4080 caput
2299 4011 2514 4075 attollit,
2538 4012 2814 4064 hominem
2841 4018 3067 4065 cruento
3097 4025 3192 4064 ore
3213 4010 3483 4077 pervadit,
3510 4011 3698 4079 sicque

2108 4103 2380 4155 viventem
2419 4100 2521 4154 sub
2551 4111 2825 4154 momento
2866 4099 3053 4153 rabida
3084 4101 3385 4152 voracitate
3423 4099 3694 4168 deglutiit,

2106 4201 2160 4246 et
2184 4200 2242 4246 ut
2266 4191 2430 4246 corda
2462 4198 2645 4245 nostra
2686 4191 2903 4261 gravior
2930 4190 3107 4245 adhuc
3135 4189 3368 4244 formido
3396 4192 3694 4259 concutiat,

2108 4295 2272 4354 atque
2302 4283 2369 4337 ad
2391 4281 2679 4336 metuenda
2709 4295 2871 4350 super
2897 4296 2994 4336 nos
3027 4282 3208 4341 divina
3234 4280 3434 4350 judicia
3466 4283 3698 4354 pervigil

2109 4395 2206 4433 nos
2250 4378 2554 4433 sollicitudo
2601 4375 2923 4445 compellat;
2955 4376 3272 4447 plerumque
3320 4376 3562 4432 videmus
3594 4379 3697 4433 ho-

2107 4472 2436 4527 nestioribus
2483 4487 2546 4526 ac
2562 4469 2710 4541 juste
2734 4471 3040 4526 viventibus
3063 4472 3195 4525 viris
3220 4472 3320 4525 ista
3347 4473 3668 4542 contingere
3694 4523 3700 4531 ,

2108 4579 2230 4619 cum
2258 4573 2482 4618 econtra
2510 4565 2762 4620 carnales
2806 4571 2862 4617 et
2910 4563 3252 4634 incompositi
3285 4563 3570 4617 rideantur
3601 4565 3700 4622 ho-

2109 4655 2283 4710 mines
2304 4696 2320 4721 ,
2349 4663 2410 4710 ut
2451 4671 2612 4727 supra
2644 4655 2991 4711 meminimus
3017 4695 3030 4720 ,
3063 4656 3229 4708 etiam
3261 4654 3549 4707 virtutibus
3578 4671 3704 4714 cor-

2110 4764 2350 4804 ruscare.

2181 4839 2337 4907 Nam,
2366 4847 2427 4894 ut
2468 4856 2576 4896 non
2612 4836 2816 4896 diutius
2847 4851 3130 4900 Immorer,
3163 4833 3379 4904 quidam
3412 4837 3478 4890 ab
3511 4837 3712 4900 Hiero.

2108 4931 2333 5002 solymis
2394 4931 2640 4996 rediens,
2673 4929 2777 4981 hoc
2805 4927 2906 4979 sibi
2955 4930 3178 4998 suisque
3219 4927 3506 4982 comitibus
3533 4939 3718 4992 conti.

2110 5023 2255 5091 gisse
2283 5022 2567 5090 narravit;
2594 5020 2721 5091 quia
2754 5030 2874 5069 cum
2911 5016 3127 5074 itineris
3157 5016 3341 5071 labore
3369 5016 3588 5088 defessi,
3625 5044 3717 5084 se-

2112 5133 2208 5170 cus
2257 5117 2403 5170 viam
2447 5126 2611 5170 nocte
2653 5107 3046 5180 quiescerent,
3076 5116 3296 5179 repente
3341 5109 3426 5164 leo
3456 5115 3723 5173 terribilis

2113 5205 2516 5263 dormientibus
2554 5199 2890 5273 supervenit.
2920 5198 3218 5275 Presbyter
3257 5209 3434 5254 autem
3471 5202 3576 5269 piae
3603 5208 3726 5278 ορί-

2115 5301 2312 5358 nionis.
2357 5305 2414 5351 et
2442 5295 2689 5355 honestae
2737 5292 2904 5355 vitae,
2963 5297 3061 5358 qui
3117 5295 3279 5350 etiam
3328 5301 3520 5358 quater
3543 5292 3661 5358 jam
3696 5313 3728 5350 a
