4132 6324
452 344 555 399 451

879 342 938 395 S.
982 341 1183 396 PETRI
1224 338 1507 395 DAMHNI
1547 339 1702 397 OPP.
1738 339 1986 403 TOMUS,
2018 338 2151 395 SEU
2206 336 2386 393 PARS
2423 336 2511 392 111.
2536 367 2605 377 --
2643 337 3007 398 OPUSCBLA
3050 341 3280 399 VABIA.

3621 353 3731 409 459.

458 458 664 514 l‘erant,
705 452 908 520 tetigit;
940 451 1034 504 sed
1057 458 1284 504 caeteros
1309 449 1677 519 supersiliens,
1704 458 1761 503 et
1782 458 2036 520 tanquam
2068 454 2113 511 Α
2141 439 2281 510 esse,
2318 448 2372 502 in
2417 456 2591 502 morte
2630 449 2812 505 vivere
2836 490 2853 516 ,
2907 452 2961 506 in
3013 454 3227 525 ignibus
3282 457 3548 518 habitare.
3598 464 3731 524 illud

455 540 693 610 projecta
706 541 846 611 ligna
860 549 1239 607 contemnens,
1255 539 1427 595 solum
1445 541 1818 612 presbyterum
1833 542 2050 612 signan-

459 638 541 683 ter
561 630 821 699 appetiit,
849 628 1253 698 praecipitanter
1283 629 1505 687 invasit.
1534 628 1854 698 caeterisque
1880 627 2050 682 leoni-

454 720 579 784 bus,
601 719 691 789 qui
721 736 825 772 non
851 718 1038 790 procul
1066 719 1312 784 aberant,
1338 706 1575 789 prmdam
1606 734 1757 773 suam
1793 726 2049 773 cruentus

454 819 685 863 venator
701 809 974 879 exposuit.
987 807 1160 876 Quem
1174 808 1569 872 clamitantem,
1582 819 1633 863 et
1648 808 1810 863 sociis
1824 808 2049 862 audien-

456 897 601 952 tibus
641 898 977 953 horribiliter
1009 898 1365 968 mugientem,
1403 897 1582 950 subito
1615 896 2043 960 devoraverunt;

453 996 510 1041 et
537 1003 568 1042 e
614 989 841 1059 vestigio
889 989 1236 1043 conviatores
1274 986 1390 1056 ejus
1417 1001 1590 1055 usque
1631 984 1698 1038 ad
1742 984 1958 1048 turrim,
1992 984 2046 1036 in

449 1094 615 1149 quam
661 1079 960 1135 tremefaeti
992 1080 1444 1141 conscenderant,
1492 1088 1621 1133 sunt
1666 1076 1860 1132 secuti.
1894 1074 2046 1141 Quod

449 1173 640 1242 utique
664 1173 897 1228 infirmis
930 1174 1202 1228 mentibus
1231 1173 1364 1228 satis
1389 1172 1603 1227 videtur
1628 1186 1750 1228 esse
1781 1170 2042 1237 terribile,

450 1274 512 1329 ut
541 1275 817 1320 merentes
873 1266 1093 1335 praemia
1127 1265 1277 1337 virga
1332 1273 1605 1329 coerceat,
1635 1273 1689 1320 et
1740 1279 1904 1332 super
1952 1279 2046 1319 eos

449 1357 542 1425 qui
588 1357 734 1427 digni
785 1367 914 1412 sunt
968 1358 1141 1429 gratia
1190 1357 1430 1411 ccelestis
1461 1355 1706 1426 invigilet
1738 1354 2039 1425 disciplina.

1062 1447 1291 1502 CAPUT
1337 1445 1422 1502 Vl.

450 1539 605 1607 Quod
631 1556 808 1593 servus
841 1538 937 1592 Dei
980 1539 1241 1592 civitatem
1290 1536 1724 1607 conﬂagrandum
1752 1536 2038 1605 prwdicat,

859 1610 959 1663 sibi
989 1610 1085 1679 ipsi
1116 1625 1235 1661 vero
1278 1624 1379 1661 non
1403 1607 1682 1661 consulit.‘

519 1723 653 1779 Illud
705 1721 868 1776 etiam
919 1737 1025 1774 non
1076 1718 1325 1773 dissimili
1381 1719 1602 1789 dignum
1655 1717 1869 1773 videtur
1920 1732 2042 1773 esse

2151 537 2338 601 etiam,
2366 538 2635 606 quomodo
2663 539 2731 593 ad
2766 542 3088 599 cruciandos
3130 546 3325 616 impios
3355 551 3455 605 hoc
3495 567 3608 620 prae
3628 570 3733 610 ca:-

2150 629 2283 682 teris
2327 630 2560 684 electum
2597 630 2666 685 sit
2696 631 3020 690 elementqu
3046 677 3060 701 ,
3091 647 3151 692 ut
3192 655 3314 695 cum
3351 641 3535 699 favilla
3566 648 3729 705 dissi—

2148 720 2304 786 tiens,
2339 721 2391 775 in
2422 722 2660 791 quolibet
2701 725 2947 781 membro
2973 766 2988 791 ,
3018 728 3104 781 vel
3130 730 3203 784 ad
3237 745 3569 790 momentum
3600 740 3733 794 tole-

2149 814 2258 866 rari
2290 828 2394 867 non
2427 815 2635 882 possit,
2682 815 2903 871 ultrices
2930 816 3161 875 flamma:
3212 822 3439 880 miseros
3484 828 3732 887 homines

2148 905 2276 959 hinc
2302 906 2640 975 egredientes
2671 909 3017 967 absorbeant.
3039 919 3095 966 et
3116 912 3326 970 inﬁnite
3352 928 3545 987 patens
3562 936 3731 977 vorax

2146 994 2390 1065 gehenna
2422 996 2733 1051 concludat.
2780 998 2858 1052 Ex
2903 1000 3099 1068 quibus
3128 1003 3385 1060 nimirum
3417 1008 3571 1076 plura
3599 1028 3731 1083 sup-

2147 1084 2350 1152 peditat
2378 1086 2591 1141 animus
2616 1086 2830 1157 eloqui,
2855 1089 2955 1144 nisi
2986 1106 3072 1145 me
3101 1093 3415 1161 prohiberet
3437 1099 3731 1167 epistolare

2146 1176 2522 1245 compendium
2554 1178 2756 1233 diutius
2783 1180 3081 1235 immorari.
3117 1183 3196 1237 Ex
3228 1200 3333 1253 qua
3366 1196 3544 1243 tamen
3572 1205 3733 1246 occa-

2145 1266 2299 1323 sione
2327 1269 2583 1339 quiddam
2634 1287 2779 1326 nunc
2823 1273 2966 1329 redit
3012 1275 3065 1329 in
3115 1287 3395 1344 mentem,
3449 1284 3594 1351 quod
3623 1300 3729 1351 non

2143 1358 2288 1427 piget
2314 1358 2551 1414 breviter
2585 1361 2864 1417 adnotare.
3468 1350 3481 1351 ί
3652 1350 3693 1360 ”

2216 1449 2333 1505 Duo
2382 1451 2481 1505 viri
2521 1453 2590 1507 de
2633 1453 2962 1523 primoribus
3013 1453 3328 1514 Faventina:
3376 1462 3610 1521 civitatis
3663 1480 3729 1521 ex

2143 1540 2247 1595 hoc
2276 1541 2472 1596 sceculo
2495 1555 2620 1597 ante
2643 1560 2748 1597 non
2775 1560 3002 1614 parvum
3030 1555 3241 1617 tempus
3263 1554 3489 1620 egressi,
3515 1555 3727 1609 cuidam

2142 1630 2376 1699 diacono
2398 1632 2557 1685 simul
2609 1648 2911 1703 apparuere
2958 1652 3056 1706 per
3095 1637 3290 1704 visum,
3324 1643 3413 1710 qui
3469 1644 3726 1699 nimirum

2143 1719 2338 1776 ferreis
2384 1722 2583 1778 casulis
2630 1724 2682 1777 in
2730 1740 2881 1780 more
2933 1730 3273 1785 sacerdotum
3325 1732 3591 1789 talotenus
3662 1736 3729 1790 ad

447 1811 758 1873 formidine,
790 1809 932 1879 quod
989 1809 1239 1879 religioso
1273 1810 1507 1877 quodam
1537 1808 1748 1862 Pisana:
1792 1808 2041 1863 diuecesis
2075 1792 2118 1851 Β
2150 1813 2258 1867 ima
2318 1811 2672 1867 defluentibus
2714 1814 3040 1870 videbantur
3094 1817 3289 1872 induti.
3344 1819 3733 1878 Pcrcuuctatus

451 1904 650 1958 abbate
690 1900 957 1956 referente
988 1940 1002 1965 ,
1048 1900 1275 1969 cognovi
1309 1897 1469 1960 (Vide
1510 1897 1709 1952 scholia
1740 1896 1810 1951 ad
1853 1896 2046 1951 calcent

450 1993 733 2065 opusculi).
803 1992 999 2045 Aiebat
1049 1990 1206 2060 plane
1257 1990 1383 2059 quia
1441 1989 1687 2060 proxima
1737 1989 1841 2044 bac
1890 1998 2048 2044 :etate

448 2093 724 2138 transacta
752 2083 1001 2153 contigit,
1031 2081 1198 2153 450
1228 2090 1286 2134 ut
1313 2089 1458 2135 esset
1493 2081 1546 2134 in
1579 2080 1812 2150 quadam
1841 2079 2044 2136 Teuto-

449 2175 697 2228 nieorum
732 2173 865 2227 urbe
900 2187 1092 2227 servus
1127 2171 1219 2224 Dei
1250 2180 1451 2225 sancta:
1485 2171 1917 2225 conversationis
1939 2208 1958 2237 ,
1991 2179 2047 2224 et

450 2263 606 2319 bona:
629 2263 808 2327 famre,
837 2263 927 2331 qui
962 2260 1116 2329 juxta
1148 2261 1535 2314 monasterium
1560 2259 1614 2313 in
1643 2259 1834 2313 cellula
1863 2275 2045 2313 mora-

450 2358 632 2409 batur.
683 2354 820 2409 Huic
849 2368 982 2409 sane
1014 2352 1311 2408 revelatum
1355 2362 1481 2419 est,
1525 2353 1650 2423 quia
1685 2352 1786 2407 nisi
1816 2354 2047 2423 p0pulus

449 2461 546 2515 per
572 2444 946 2514 paenitentiam
974 2443 1298 2513 quantocius
1329 2456 1388 2496 se
1415 2457 1446 2495 a
1477 2456 1572 2496 sna
1602 2442 1872 2510 pravitate
1897 2458 2047 2497 com-

442 2543 701 2606 pesceret
726 2575 740 2598 .
774 2533 912 2587 infra
961 2534 1180 2604 triginta
1211 2533 1328 2588 dies
1360 2541 1471 2588 tota
1501 2548 1688 2587 eorum
1732 2532 1928 2587 civitas
1959 2534 2044 2587 in-

450 2626 643 2680 cendio
670 2624 1002 2693 subjaccret.
1032 2624 1133 2692 Qui
1168 2624 1423 2677 nimirum
1452 2623 1680 2678 visionis
1705 2637 1818 2677 suae
1846 2632 2045 2695 myste—

452 2722 591 2773 rium
625 2735 728 2773 non
758 2719 931 2774 solum
963 2719 1221 2787 episcopo
1250 2716 1488 2771 civitatis
1536 2715 1808 2778 innotuit,
1862 2717 1956 2770 sed
1990 2724 2046 2770 et

447 2826 546 2879 per
575 2825 793 2864 omnem
830 2808 1082 2878 populum
1123 2808 1241 2860 sine
1288 2821 1440 2860 mora
1487 2806 1765 2874 divulgare
1808 2806 2042 2860 curavit.

404 2905 529 2961 'llli
563 2915 743 2959 autem
797 2905 850 2958 in
907 2903 1193 2973 pravitatis
1252 2916 1364 2955 sua:
1414 2900 1617 2955 malitia
1666 2901 2042 2970 perdurantes,

449 2996 628 3048 virum
666 2994 758 3049 Dei
793 2994 1041 3047 arbitrati
1071 3002 1198 3046 sunt
1229 2991 1463 3046 delirare
1492 3031 1506 3055 ,
1537 3001 1592 3045 et
1628 2992 1922 3045 intentatas
1950 2991 2045 3045 Dei

450 3087 627 3143 minas
671 3086 893 3139 omnino
925 3084 1378 3155 parvipendentes
1402 3122 1418 3147 ,
1451 3081 1722 3151 dedignati
1769 3090 1897 3136 sunt
1944 3097 2041 3136 sua

444 3177 595 3232 facta
646 3177 939 3246 corrigere.
977 3176 1145 3229 l‘orro
1202 3174 1282 3227 vir
1330 3173 1424 3228 Dei
1468 3172 1789 3241 pretiosiora
1817 3187 2045 3240 qumque

448 3267 768 3323 monasterii
817 3266 972 3334 jubet
1026 3266 1079 3318 in
1140 3278 1390 3318 recessus
1428 3262 1641 3315 abditos
1670 3261 1923 3327 convehi,
1952 3261 2045 3315 ubi

448 3369 675 3430 possent
700 3359 768 3411 ab
808 3358 1024 3424 ignibus
1053 3356 1255 3408 illibata
1290 3353 1517 3408 servari.

524 3447 664 3515 Quid
696 3447 876 3501 verbis
908 3445 1207 3499 immoror?
1236 3442 1478 3497 Tandem
1521 3441 1765 3511 lugubris
1810 3441 1899 3497 ille
1929 3443 2047 3498 dies

456 3538 701 3602 advenit,
728 3546 783 3591 et
835 3552 865 3590 a
919 3544 1125 3604 septem
1176 3535 1326 3588 urbis
1377 3533 1689 3603 regionibus
1736 3533 1880 3588 ultor
1908 3534 2046 3604 ignis

400 3644 401 3647 ‘
455 3631 722 3685 exoritur.
761 3629 828 3682 Et
874 3642 1004 3682 ecce
1052 3625 1299 3680 monachi
1333 3625 1401 3679 ad
1455 3624 1596 3679 servi
1644 3624 1739 3678 Dei
1795 3625 2044 3679 cellulam

454 3721 616 3774 anxie
644 3727 911 3790 proruunt
938 3757 952 3782 ,
984 3732 1216 3786 eumque
1256 3716 1573 3770 imminente
1621 3716 1863 3783 periculo
1891 3757 1906 3781 ,
1939 3732 2044 3769 non

452 3816 696 3885 segniter
716 3816 865 3869 exire
891 3813 1209 3882 deposcunt.
1237 3811 1330 3866 llle
1352 3820 1531 3867 autem
1563 3821 1777 3867 recusat
1801 3814 2042 3879 omnino,

455 3907 969 3976 diviuoquejtnlicio
990 3914 1185 3959 cuncta
1207 3906 1574 3969 committens,
1601 3905 1730 3973 quid
1758 3905 1866 3958 Deo
1895 3907 1960 3959 de
1988 3921 2046 3960 se

456 4001 672 4070 placeat
742 4000 998 4053 immotus
1061 4005 1363 4065 exspectat.
1399 3995 1542 4065 Ignis
1585 4011 1715 4066 ergo
1768 3995 1941 4066 globis
1993 3997 2043 4050 in

456 4100 606 4145 astra
661 4088 961 4143 furentibus
987 4128 1002 4150 ,
1033 4097 1225 4142 cuiicta
1275 4094 1505 4153 occupat
1529 4124 1544 4148 ,
1578 4094 1768 4139 cuncta
1803 4086 2047 4152 pervadit

453 4191 512 4238 ct
542 4196 646 4235 non
677 4180 833 4234 modo
863 4187 1056 4233 caetera
1088 4191 1316 4246 quaeque
1347 4175 1669 4238 succendit,
1701 4175 1797 4229 sed
1833 4184 1887 4229 et
1928 4192 2044 4229 mo-
2088 4168 2097 4175 ’

459 4272 898 4334 nasterium,heu
925 4272 937 4323 l
971 4269 1130 4323 taedet
1154 4269 1335 4322 dicere
1356 4306 1368 4329 ,
1398 4266 1684 4343 ipsumque
1710 4280 1925 4319 servum
1955 4267 2044 4321 Dei

459 4380 584 4418 cum
615 4372 723 4416 tota
756 4378 852 4415 sua
880 4359 1070 4414 cellula
1103 4358 1475 4428 conﬂagravit.
1501 4356 1653 4421 Quod
1680 4355 1923 4425 profecto
1952 4357 2044 4411 Dei

2148 1913 2330 1955 autem
2372 1901 2632 1957 diaconus
2653 1942 2670 1968 ,
2722 1916 2975 1961 utrumne
2998 1944 3014 1971 ,
3064 1907 3259 1977 inquit,
3289 1925 3406 1973 vos,
3437 1911 3527 1980 qui
3556 1912 3610 1965 in
3642 1912 3730 1967 illa

2148 1993 2256 2047 vita
2301 1994 2453 2058 estis,
2495 1994 2699 2064 jugiter
2725 1993 3012 2050 Dominum
3041 1997 3396 2054 benedicitis?
3426 2001 3731 2070 Responde-

2149 2092 2275 2136 runt
2309 2100 2322 2137 :
2352 2082 2481 2147 Nos,
2514 2085 2606 2154 qui
2636 2086 2775 2154 apud
2804 2085 3009 2140 inleros
3028 2094 3231 2142 teterno
3262 2090 3381 2161 igne
3401 2093 3730 2156 cruciamur,

2147 2190 2424 2244 nunquam
2452 2176 2828 2232 benedicimus
2853 2176 3162 2233 Dominum.
3192 2179 3382 2246 Plane,
3414 2184 3555 2252 quod
3588 2184 3733 2239 501Ιί-

2146 2266 2405 2321 citudinis
2436 2281 2569 2321 mea:
2594 2268 2809 2337 pondus
2837 2270 3175 2335 accumulat,
3206 2281 3262 2326 et
3287 2272 3457 2327 frater
3488 2273 3597 2335 ille,
3634 2292 3730 2330 cu-

2138 2354 2232 2427 jus
2262 2365 2389 2411 ante
2424 2357 2773 2412 meminimus
2798 2398 2814 2424 ,
2844 2366 2904 2413 ut
2944 2360 3134 2430 conjici
3165 2371 3341 2431 potest
3367 2403 3382 2429 ,
3417 2374 3545 2421 tunc
3567 2365 3726 2438 45]

2146 2448 2370 2515 stabat,
2406 2463 2528 2502 cum
2585 2449 2932 2504 revelationis
2975 2467 3295 2522 praesagium
3348 2457 3574 2521 meruit;
3606 2467 3732 2511 tunc

2147 2540 2200 2594 in
2238 2539 2420 2608 aliqua
2464 2537 2606 2593 forte
2658 2538 2815 2608 culpa
2856 2539 3073 2608 jacebat
3099 2581 3115 2607 ,
3148 2558 3272 2597 cum
3307 2545 3596 2600 discrimen
3644 2549 3728 2601 in-

2146 2634 2340 2687 currit.
2374 2633 2431 2686 ln
2462 2633 2670 2689 lubrico
2705 2634 2971 2702 siquidem
3001 2636 3196 2703 positi,
3231 2649 3450 2707 repente
3495 2638 3732 2709 prolabi-

2147 2742 2299 2791 mur;
2330 2734 2386 2780 et
2416 2741 2561 2782 nunc
2601 2727 2788 2781 mundi
2817 2728 2918 2782 sub
2947 2738 3222 2784 momento
3266 2732 3527 2802 temporis
3556 2733 3732 2802 inqui-

2147 2833 2361 2871 namur.

2220 2905 2375 2961 Unde
2402 2916 2460 2961 et
2501 2907 2629 2961 illud
2668 2923 2814 2962 nunc
2858 2908 2926 2963 ad
2970 2910 3287 2965 memoriam
3315 2912 3474 2977 redit,
3502 2914 3646 2982 quod
3676 2915 3729 2969 in

2149 3000 2529 3055 Beneventana
2574 3001 2703 3055 olim
2736 3001 2869 3056 urbe
2895 3003 3249 3057 constitutum
3279 3005 3466 3059 audire
3493 3020 3578 3059 me
3604 3021 3732 3062 eon-

2075 3134 2116 3198 C
2150 3094 2291 3163 tigit.
2330 3092 2593 3161 Princeps
2639 3092 2871 3163 denique
2903 3094 3142 3163 ejusdem
3180 3097 3420 3153 civitatis
3450 3100 3728 3171 presbyte-

2151 3199 2272 3238 rum
2315 3183 2550 3237 habebat
2590 3192 2794 3236 sanctte
2842 3186 3276 3241 conversationis
3325 3188 3544 3253 virum,
3592 3198 3648 3244 et
3678 3190 3729 3244 iu

2149 3274 2348 3328 divinis
2369 3271 2577 3338 ofﬁciis,
2612 3286 2674 3326 ac
2701 3274 2968 3343 praecipue
2994 3275 3049 3328 in
3069 3274 3410 3332 solemnitate
3445 3278 3730 3333 missarum

2149 3365 2520 3420 indesinenter
2572 3364 2873 3418 assiduum.
2932 3364 3032 3431 Qui
3090 3366 3219 3419 dum
3271 3368 3512 3436 quotidie
3559 3370 3733 3424 sacris

2150 3454 2423 3525 mysteriis
2470 3462 2785 3508 reverenter
2832 3452 3139 3520 insisteret,
3170 3455 3394 3525 angelus
3423 3455 3633 3512 Domini
3663 3474 3731 3511 ex

2148 3545 2538 3601 consuetudine
2565 3544 2850 3609 veniebat,
2886 3553 2941 3597 et
2983 3544 3199 3600 vidente
3237 3545 3479 3615 principe
3500 3587 3516 3611 ,
3550 3562 3731 3602 sacra-~

2148 3646 2389 3691 mentum
2437 3636 2703 3690 Dominici
2754 3636 3000 3705 corporis
3045 3652 3112 3690 ex
3157 3635 3434 3693 offerentis
3486 3641 3734 3695 manibus

2148 3730 2479 3784 assumehat.
2515 3728 2661 3792 Sed,
2711 3743 2744 3780 ο
2793 3726 3021 3782 ruinalis
3066 3728 3185 3781 vita:
3232 3726 3392 3796 hujus
3432 3727 3636 3783 lubrica
3679 3738 3735 3783 et

2149 3822 2357 3875 incerta
2385 3820 2655 3875 conditio!
2702 3835 2826 3873 nam
2853 3819 2945 3888 qui
2971 3817 3228 3888 angelicis
3256 3817 3535 3872 fruebatur
3568 3835 3729 3872 ωιιιι-

2148 3910 2231 3964 dis
2268 3910 2542 3978 obsequiis
2565 3950 2580 3973 ,
2613 3911 2665 3963 in
2705 3907 2863 3962 foeda:
2897 3908 3125 3962 luxuria:
3157 3908 3469 3979 voraginem
3512 3917 3733 3978 repente

2149 4003 2435 4073 prolapsus
2462 4013 2567 4057 est.
2606 4002 2743 4069 Quid
2775 4000 2964 4071 plura?
2988 4001 3285 4073 Perageudi
3319 4002 3459 4056 sacri
3488 4001 3732 4072 mysterii

2151 4104 2361 4164 tempus
2395 4095 2654 4159 advenit,
2681 4095 2965 4164 presbyter
3008 4093 3397 4149 consuetudine
3443 4092 3575 4147 foris
3620 4092 3733 4146 exi-

2149 4197 2311 4256 gente
2339 4186 2710 4256 compellitur;
2761 4186 2856 4240 sed
2910 4186 3148 4256 graviter
3176 4186 3321 4239 intus
3351 4225 3366 4248 ,
3398 4185 3730 4240 conscientia

2152 4279 2515 4340 remordente,
2550 4285 2868 4345 torquetur;
2898 4285 3149 4341 ornatur,
3184 4276 3432 4339 accedit,
3468 4275 3731 4345 trepidat,

2150 4367 2377 4437 palpitat
2403 4408 2418 4432 ,
2452 4377 2630 4421 tamen
2672 4366 2867 4422 offerre
2894 4369 3189 4437 pnesumit.
3217 4368 3356 4422 Ecce
3384 4366 3606 4437 angelus
3630 4407 3644 4430 ,
3677 4374 3736 4419 ut

448 4453 718 4522 judicium
748 4468 853 4506 non
877 4460 984 4504 tam
1011 4451 1411 4505 discutiendum
1437 4457 1520 4501 est
1540 4462 1700 4516 quam
1723 4448 2041 4505 timendum.
2073 4478 2122 4536 Β
2148 4469 2399 4515 assuetus
2455 4458 2631 4512 fuerat
2658 4499 2672 4521 ,
2730 4459 2877 4513 venit
2903 4498 2918 4522 ,
2969 4468 3025 4514 ει
3085 4460 3423 4527 inspectante
3468 4457 3732 4529 principe,

460 4544 596 4613 Quis
617 4543 760 4598 enim
793 4544 1039 4598 humanae
1081 4546 1278 4600 mentis
1314 4546 1542 4602 intuitus
1569 4547 1873 4603 divinorum
1895 4547 2042 4616 judi-

459 4636 671 4690 ciorum
726 4643 1013 4705 penetrare
1069 4636 1208 4689 valet
1252 4638 1531 4707 abyssum.
1585 4655 1707 4693 cum
1757 4640 1827 4693 sit
1862 4642 2047 4711 utique

460 4727 785 4782 tcrrihilisin
800 4727 1042 4782 consiliis
1054 4743 1216 4798 super
1229 4727 1367 4783 ﬁlios
1381 4730 1656 4784 hominum
1670 4731 1724 4801 ?(
1736 4731 1879 4787 ρεαι.
1896 4738 2043 4802 ωιν.)

462 4819 596 4885 Quis
624 4819 768 4873 enim
810 4818 1034 4873 credere
1064 4818 1329 4887 potuisset
1353 4860 1367 4880 .
1402 4830 1460 4873 ut
1483 4819 1558 4883 is,
1591 4821 1682 4889 qui
1714 4837 1808 4889 per
1838 4823 2045 4877 revela-

462 4910 665 4963 tionem
711 4911 907 4964 meruit
953 4925 1247 4979 agnoscere
1274 4912 1527 4980 periturae
1555 4912 1702 4965 urbis
1727 4914 1999 4968 excidium
2030 4955 2045 4981 ,

460 5002 811 5068 semetipsum
862 5001 1129 5069 ignoraret
1160 4999 1392 5055 llatnmis
1432 5001 1591 5055 simul
1628 5004 1902 5058 atrocibus
1956 5018 2052 5057 ex-

463 5091 769 5144 urendum?
798 5090 923 5143 llaec
947 5091 1109 5160 igitur
1146 5100 1199 5144 et
1231 5091 1314 5144 his
1342 5090 1538 5144 similia
1568 5107 1690 5145 cum
1716 5102 1892 5146 tuente
1922 5107 2051 5147 con-

462 5180 667 5242 sidero,
696 5194 817 5232 cum
845 5181 1027 5233 subtili
1055 5182 1408 5236 meditatione
1438 5191 1708 5252 pertracto
1728 5223 1741 5241 ,
1766 5183 1892 5236 dum
1919 5184 2047 5252 quid

465 5271 600 5323 mihi
655 5270 832 5324 adhuc
877 5271 1155 5327 immineat
1185 5314 1199 5333 ,
1252 5275 1465 5337 nescio;
1525 5274 1854 5329 tremefactis
1904 5286 2051 5332 certe

466 5361 594 5417 totis
646 5361 946 5417 visceribus
991 5364 1349 5434 obstupesco;
1386 5382 1621 5436 moxque
1671 5368 1737 5419 ad
1790 5367 2054 5439 lacrymas

466 5457 652 5520 redeo,
682 5464 733 5510 et
767 5457 812 5511 si
860 5455 1017 5512 ﬂetus
1048 5459 1338 5529 aliquando
1370 5475 1480 5528 pra:
1512 5459 1692 5514 cordis
1717 5460 1914 5513 duritia
1947 5477 2051 5515 non

463 5546 738 5615 erumpit,
775 5564 926 5602 meus
973 5557 1150 5603 tamen
1195 5549 1304 5619 ipsa
1356 5563 1588 5603 utmrore
1614 5551 1831 5621 gravius
1863 5561 2052 5604 conta-

464 5639 656 5697 bescit.
687 5643 966 5714 Perpendo
995 5662 1136 5716 saepe
1167 5645 1326 5715 quale
1376 5647 1446 5701 sit
1494 5645 1895 5700 insatiabilibus
1929 5646 2055 5699 sub-

457 5732 646 5805 jacerc
674 5737 1042 5805 draconibus,
1088 5739 1326 5795 inimicis
1377 5738 1842 5794 infoederahilibus
1889 5738 2052 5793 inter~

2152 4555 2429 4626 spongiam
2456 4552 2710 4609 infectam
2741 4567 2880 4622 aqua
2906 4568 3069 4623 super
3095 4563 3258 4623 caput
3283 4553 3423 4607 illius
3442 4553 3734 4619 espreSsit,

2154 4655 2435 4715 totumque
2471 4659 2670 4714 corpus
2713 4642 2829 4710 ejus
2874 4646 3132 4713 tergendo
3180 4643 3447 4714 purgavit.
3496 4640 3736 4710 Expletis

2154 4746 2336 4791 autem
2355 4736 2645 4807 mysteriis,
2663 4734 2907 4788 canalem
2935 4736 3210 4805 spongiam
3236 4750 3421 4789 rursus
3443 4732 3734 4801 expressit,

2154 4844 2453 4899 omnesque
2478 4830 2690 4892 sordes,
2742 4837 2905 4896 atque
2936 4828 3214 4897 squalores
3240 4843 3376 4895 quos
3412 4840 3480 4880 ex
3507 4839 3735 4893 corpore

2157 4923 2301 4976 illius
2328 4930 2453 4974 ante
2488 4927 2838 4973 contraxerat
2863 4959 2877 4982 ,
2906 4919 3165 4973 membris
3198 4917 3314 4986 ejus
3357 4916 3608 4970 omnibus
3637 4915 3737 4967 itc-

2157 5030 2274 5067 rum
2302 5008 2625 5082 superfudit.
2659 5009 2772 5063 lloc
2807 5010 2926 5063 viso
2946 5010 3199 5079 princeps
3228 5007 3527 5062 admiratus
3552 5004 3737 5058 obstu-

2156 5105 2290 5175 puit,
2322 5102 2806 5172 presbyterutuque
2846 5101 3069 5155 semotis
3098 5100 3345 5157 oumibus
3371 5106 3579 5152 secrete
3611 5111 3735 5149 cono

2156 5197 2322 5251 venit.
2352 5194 2645 5263 lnquisitus
2669 5193 2851 5262 itaque
2880 5192 3180 5263 presbyter,
3213 5190 3259 5243 si
3289 5192 3502 5243 naviter
3531 5186 3735 5255 aliquid

2157 5283 2402 5340 criminis
2447 5282 2786 5346 admisisset,
2823 5283 3020 5352 primo.
3043 5280 3262 5350 quidem
3307 5278 3463 5349 quasi
3511 5277 3740 5346 perhor-

2153 5393 2373 5433 rcscens
2401 5374 2632 5439 facinus,
2654 5376 2915 5445 abnegat;
2948 5372 3142 5427 deinde
3168 5371 3308 5426 male
3329 5370 3431 5425 sibi
3461 5367 3735 5428 conscius.

2154 5483 2219 5523 ac
2240 5466 2498 5538 principis
2525 5466 2846 5519 auctoritate
2873 5462 3203 5531 compulsus,
3228 5460 3442 5515 tandem
3468 5457 3740 5511 corruisse

2154 5573 2214 5613 se
2244 5566 2402 5611 nocte
2435 5555 2707 5626 praeterita
2747 5554 2798 5607 in
2850 5552 3138 5623 quamdam
3196 5549 3436 5621 ejusdem
3479 5546 3739 5617 principis

2155 5644 2544 5701 cubicularium
2573 5642 2882 5697 contitetur.

2226 5735 2284 5790 lu
2313 5735 2500 5789 eadem
2530 5748 2719 5788 rursus
2750 5731 2880 5787 urbe
2927 5732 3031 5789 vidi
3075 5730 3398 5787 monachum
3427 5727 3511 5781 cui
3546 5738 3742 5779 nomen
