4132 6324
368 403 473 458 ςιδε

1050 399 1292 456 OPUSC.
1336 398 1454 454 XX.
1487 429 1558 438 -—
1587 397 2038 455 APOLOGETIC.
2083 399 2170 453 ΟΒ
2212 399 2544 464 DIMISSUM
2589 399 2986 457 EPISCOPAT.

3544 406 3654 458 iiii

370 523 488 568 erat
545 517 843 569 Madelmus
871 551 886 576 ,
912 518 1003 582 qui
1064 512 1318 566 nimirum
1367 510 1518 581 juxta
1577 511 1964 566 monasterium
2000 521 2036 569 Α
2072 528 2216 572 nunt,
2248 528 2541 580 omnesque
2567 516 2852 567 verborum
2881 513 3120 567 inanium
3150 524 3332 583 pestes
3363 516 3617 572 inSt-lenti
3639 536 3665 573 r

372 606 575 675 degens
598 605 654 657 in
682 602 906 669 cellula,
935 601 1198 666 inclusus,
1225 603 1339 656 sive
1363 601 1639 656 solitarius
1663 601 1964 656 dicebatur.

373 695 471 749 llic
504 695 636 749 tnihi
665 695 888 758 retulit,
928 694 1053 762 quia
1087 693 1139 746 in
1169 704 1519 747 sacrosancto
1554 692 1790 764 paschali
1827 691 1964 746 Sab—

372 790 518 853 bato,
566 787 1043 844 Resurreclionem
1098 789 1441 857 praecedente
1490 788 1824 841 Dominicatn
1860 826 1874 850 ,
1913 786 1964 839 in

371 880 639 943 Ecclesia,
668 895 828 949 quam
877 876 1226 947 frequentare
1264 886 1660 940 consueverat,
1713 883 1968 944 quatuor-

374 973 548 1027 decitn
575 972 698 1040 plus
721 972 898 1024 minus
924 969 1199 1040 lampades
1226 969 1544 1030 adornavit,
1581 978 1638 1021 et
1667 982 1807 1036 aqua
1843 982 1968 1035 sup-

372 1067 549 1136 posita
614 1075 813 1134 praeter
865 1078 1026 1116 unam
1060 1103 1074 1125 ,
1111 1060 1364 1115 omnibus
1413 1060 1590 1115 oleum
1645 1057 1964 1128 superfudit.

374 1155 621 1224 Cumque
668 1153 880 1207 creteris
929 1150 1271 1205 satisfactum
1328 1159 1501 1214 esset,
1543 1149 1638 1203 sed
1684 1147 1968 1202 deficiente

373 1246 514 1310 oleo,
548 1261 653 1298 una
686 1252 1025 1306 remaneret;
1069 1242 1259 1312 petivit
1306 1242 1374 1296 ab
1417 1242 1633 1304 abbate,
1667 1241 1760 1294 sed
1805 1240 1967 1309 impc-

376 1348 523 1392 trare
551 1353 656 1391 non
682 1335 876 1405 potuit.
903 1334 1143 1388 Tandem
1176 1333 1231 1387 in
1264 1333 1367 1387 fide
1390 1349 1493 1386 non
1521 1333 1796 1395 hmsitans,
1829 1345 1968 1399 aqua

374 1427 675 1497 lampadem
720 1425 999 1494 implevit,
1034 1425 1212 1477 lumen
1252 1423 1531 1488 adhibuit,
1564 1439 1684 1492 qua:
1725 1421 1969 1492 profecto

375 1535 472 1589 per
495 1526 660 1571 totam
689 1526 900 1570 noctem
933 1532 1055 1570 cum
1087 1517 1300 1570 caneris
1325 1515 1678 1569 nihilominus
1706 1513 1966 1578 radiavit;

375 1619 430 1665 et
459 1626 582 1663 cum
619 1609 866 1663 naturale
891 1609 962 1662 sit
1017 1622 1171 1676 aqua:
1227 1617 1284 1660 ιιι
1316 1607 1492 1677 ignem
1519 1621 1734 1676 semper
1765 1605 1970 1660 exstin-

376 1712 524 1771 guat,
576 1701 666 1754 illa
702 1701 938 1754 fovebat.
975 1701 1128 1754 Tunc
1160 1701 1330 1754 abbas
1372 1702 1664 1754 advocatus
1714 1699 1765 1752 in
1818 1697 1969 1752 testi-

376 1790 618 1843 monium
645 1829 660 1853 ,
694 1792 908 1858 signum
947 1789 1161 1842 virtutis
1193 1790 1493 1844 admiratus
1537 1787 1793 1858 expavit,
1822 1802 1967 1841 sesc-

378 1895 484 1950 que
521 1879 698 1935 oleum
740 1895 844 1933 non
896 1880 1106 1935 dedisse
1147 1879 1406 1932 confusus
1435 1879 1674 1933 erubuit.
1707 1876 1878 1931 Porro
1916 1886 1970 1932 et
1997 1870 2044 1928 Β
2073 1882 2536 1952 gentteriuttigres
2556 1884 3028 1952 saxeijudicamur
3053 1889 3226 1957 (Pun.
3253 1891 3344 1945 li‘b.
3365 1870 3485 1957 vni,
3509 1911 3558 1948 c.
3582 1895 3638 1961 2)

378 1971 516 2025 alias
547 1971 808 2040 quasdam
860 1971 1160 2024 monachus
1211 1969 1300 2024 ille
1340 1971 1621 2024 dicebatur
1668 1969 1971 2024 ostendisse

378 2062 634 2116 virtutes.
666 2061 771 2115 Sed
803 2078 879 2114 va:
910 2062 1017 2115 illi!
1057 2062 1255 2116 clausis
1294 2063 1465 2116 oculis
1493 2079 1718 2117 securus
1747 2061 1969 2125 incedit,

378 2161 430 2206 et
469 2155 674 2206 versuti
705 2152 876 2206 hostis
908 2152 1130 2221 laqueos
1158 2169 1263 2206 non
1287 2154 1536 2206 attendit.
1566 2152 1702 2206 Nam
1731 2161 1973 2222 postmo-

379 2244 508 2296 dum
543 2243 630 2296 hic
675 2243 729 2296 in
765 2243 992 2296 luxuriae
1023 2244 1332 2312 voraginem
1364 2244 1608 2306 corruit,
1652 2253 1708 2296 et
1755 2244 1845 2312 qui
1876 2257 1970 2296 ea-

379 2342 540 2386 tenus
567 2348 773 2402 magnze
804 2333 1123 2387 reverentiae
1151 2334 1381 2403 principi
1409 2374 1423 2397 ,
1455 2350 1517 2387 ac
1553 2334 1764 2389 civibus
1797 2334 1972 2388 fuerat

382 2423 622 2487 habitus,
656 2424 867 2492 publice
896 2425 1059 2494 virgis
1082 2442 1274 2489 caesus,
1308 2436 1361 2480 et
1388 2428 1488 2481 sub
1521 2426 1808 2481 inhonesto
1838 2425 1973 2480 ludi-

383 2512 504 2566 brio
531 2514 759 2581 turpiter
787 2515 1052 2567 assoritur
1077 2515 1409 2569 decalvatus.

888 2605 1048 2677 452
1087 2607 1312 2662 CAPUT
1358 2607 1463 2661 vn.

525 2695 677 2760 Quod
722 2714 802 2750 res
845 2698 911 2749 sit
961 2699 1186 2751 maxime
1221 2699 1390 2750 ardua
1419 2697 1539 2751 aliis
1583 2715 1825 2766 prwesse.

455 2786 579 2842 ilice
626 2789 828 2842 idcirco
863 2789 1093 2842 dixerim
1119 2829 1134 2853 ,
1169 2799 1226 2842 ιιι
1257 2789 1458 2857 liquido
1504 2798 1724 2856 pateat,
1761 2789 1887 2857 quia
1917 2789 1970 2842 in

383 2879 487 2933 hoc
516 2878 638 2933 vita:
664 2880 910 2934 mortalis
952 2881 1145 2934 itinere
1172 2880 1544 2950 gradientibus
1570 2880 1750 2933 multa:
1778 2896 1972 2948 suppo-

383 2979 591 3024 nuntur
641 2972 849 3025 insidiae
879 3012 892 3034 ,
945 2972 1157 3024 diversa
1209 2970 1452 3024 occultus
1501 2971 1669 3023 hostis
1716 2970 1970 3024 scandala

383 3061 642 3129 contegit,
671 3061 835 3112 multa
874 3061 1101 3114 viscat'ia
1135 3061 1318 3123 struit,
1352 3060 1533 3128 plures
1562 3060 1784 3128 laqueos
1809 3068 1971 3128 atque

386 3150 688 3204 tendiculas
718 3153 921 3204 no5tris
962 3151 1204 3219 quotidie
1249 3150 1522 3220 gressibus
1549 3149 1846 3217 anteponit.
1881 3149 1972 3203 Di-

385 3251 508 3294 cant
552 3257 680 3312 ergo
715 3239 848 3294 mihi
875 3281 888 3300 .
923 3242 1012 3310 qui
1053 3240 1236 3294 volunt
1265 3240 1600 3308 episcopare,
1648 3239 1892 3307 plebibus
1919 3249 1972 3293 te

386 3333 635 3403 regendis
666 3348 894 3401 expone.
943 3332 1048 3386 Sed
1095 3333 1187 3401 qui
1240 3331 1505 3401 meipsum
1557 3347 1771 3400 nequeo
1831 3333 1972 3386 inter

384 3432 464 3478 tot
507 3423 710 3494 gladios
762 3439 824 3478 ac
880 3423 982 3478 tela
1026 3434 1343 3493 protegere;
1377 3438 1485 3491 quo
1530 3431 1687 3490 pacto
1739 3433 1794 3477 et
1835 3423 1972 3478 alios

382 3532 600 3585 possum
652 3532 716 3570 ex
767 3516 1022 3585 captiosis
1068 3516 1350 3569 latentium
1405 3515 1724 3570 insidiarum
1767 3515 1974 3585 laqueis

381 3606 679 3675 expedire?
711 3607 1033 3676 Deponcnda
1064 3614 1148 3660 est
1182 3621 1312 3674 ergo
1344 3607 1593 3670 sarcina,
1627 3621 1790 3674 quatn
1821 3606 1974 3676 baju-

381 3694 494 3748 lare
527 3712 630 3749 non
682 3712 896 3764 possunt
943 3714 956 3749 :
997 3695 1299 3765 meliusque
1341 3706 1423 3750 est
1467 3697 1674 3766 pondus
1701 3693 1969 3766 abjiccre,

381 3802 548 3854 quam
593 3802 716 3838 cum
767 3786 1093 3840 detrimento
1128 3785 1337 3839 Domini
1365 3827 1377 3848 ,
1413 3787 1567 3854 cujus
1598 3802 1714 3840 sum
1743 3804 1930 3843 servus
1954 3829 1969 3854 ,

380 3879 568 3933 Iractis
597 3879 898 3933 cervicibus
950 3880 1194 3933 interire.
1250 3878 1494 3934 Sufﬁciat
1543 3895 1685 3934 nunc
1717 3882 1783 3934 ad
1815 3881 1968 3935 testi-

383 3972 619 4025 monium
655 3972 758 4027 hoc
787 3971 958 4026 solum
992 3972 1128 4025 beati
1162 3971 1498 4042 Hieronymi,
1542 3973 1703 4040 qttod,
1737 3973 1968 4027 necdum

382 4061 514 4114 hora
551 4071 821 4115 transacta
850 4101 865 4126 ,
910 4062 1011 4114 sub
1062 4061 1233 4115 oculis
1286 4061 1540 4116 habuisse
1588 4076 1674 4114 me
1723 4063 1968 4116 memini.

380 4148 517 4204 Dum
543 4152 687 4203 enim
711 4151 776 4204 de
802 4151 976 4204 otioso
1001 4151 1255 4204 Ecclesia:
1288 4160 1503 4219 pastore
1549 4160 1805 4205 tractaret
1829 4190 1843 4215 ,
1874 4151 1971 4204 ad-

371 4238 508 4310 jecit
539 4256 552 4291 :
589 4257 606 4288 ι
643 4239 790 4292 Illico
815 4279 829 4302 ,
861 4239 1072 4308 inquit,
1108 4239 1436 4308 indignantis
1487 4239 1698 4292 Domini
1747 4254 1969 4307 respon-

379 4329 534 4384 sione
588 4328 812 4384 ferietur
844 4345 858 4382 :
889 4330 1055 4384 Serve
1113 4345 1341 4398 nequam
1371 4371 1385 4395 ,
1419 4345 1589 4398 quare
1640 4346 1744 4385 non
1773 4331 1967 4385 dedisti

377 4421 661 4490 pecuniam
694 4422 759 4475 ad
807 4438 1046 4476 mensam
1075 4464 1088 4487 ,
1135 4432 1192 4476 ιιι
1238 4439 1336 4493 ego
1364 4425 1587 4478 veniens
1639 4440 1760 4478 cum
1790 4426 1968 4479 usuris

378 4513 566 4580 utique
618 4513 919 4583 exegissem
969 4513 1156 4566 illaut?
1189 4532 1207 4564 ιι
1260 4513 1414 4590 (Luc.
1445 4514 1584 4585 χιχ.)
1625 4514 1776 4581 Quod
1824 4516 1964 4571 idem

378 4602 570 4655 doctor
597 4603 842 4670 protinus
887 4619 1200 4671 exponens,
1234 4604 1337 4666 ait,
1374 4605 1426 4658 id
1470 4614 1589 4670 est,
1624 4607 1965 4676 deposuisses

378 4692 444 4744 ad
500 4691 671 4746 altare
736 4693 875 4761 quod
923 4693 1068 4748 ferre
1111 4710 1214 4747 non
1269 4704 1506 4763 poteras.
1549 4696 1684 4749 Dum
1721 4697 1864 4750 enim
1906 4707 1961 4751 tu

379 4782 606 4850 ignavus
634 4787 936 4854 negotiator
963 4787 1243 4839 denarium
1277 4794 1430 4840 tenes
1453 4825 1468 4850 ,
1503 4785 1725 4841 alterius
1764 4786 1959 4852 locum,

378 4874 470 4941 qui
502 4877 778 4943 pecuniam
809 4876 1086 4944 duplicare.
1116 4885 1363 4944 poterat,
1395 4876 1694 4944 occupasti.
1729 4876 1840 4932 Hoc
1862 4893 1962 4946 ego

379 4969 552 5018 sancti
597 4966 692 5017 viri
738 4966 1066 5031 consilium,
1103 4966 1299 5030 fateor,
1350 4966 1583 5020 libenter
1617 4967 1853 5036 arripui;
1907 4977 1962 5022 et

373 5071 534 5118 onus,
566 5056 652 5110 cui
694 5058 1046 5111 succumbere
1081 5057 1460 5126 compellebar,
1497 5059 1687 5128 ahjeci.
1728 5060 1838 5113 lmo
1869 5077 1962 5129 pe-

374 5148 592 5200 cuniam
625 5187 640 5211 ,
669 5163 830 5215 quam
871 5148 1148 5217 duplicare
1197 5165 1302 5203 non
1340 5161 1583 5219 poterant
1609 5193 1622 5218 ,
1658 5155 1962 5222 negotiator

377 5236 605 5306 ignavus
631 5237 698 5290 ad
726 5237 896 5290 altare
931 5238 1171 5307 deposui.

448 5325 610 5391 Fuit,
649 5325 749 5380 fuit
793 5326 943 5393 olim,
986 5326 1214 5394 sedjatn
1247 5330 1485 5399 elapsum
1529 5343 1612 5386 est
1643 5343 1872 5402 tempus,
1906 5342 1962 5386 ιιι

376 5415 654 5469 modestiae
677 5416 870 5483 pudor.
900 5417 1333 5472 mortificationis
1361 5421 1590 5489 insigne,
1621 5423 1779 5490 digna
1811 5439 1963 5478 seve-

376 5504 532 5569 ritas,
573 5513 629 5558 et
679 5506 1031 5560 sacerdotalis
1060 5509 1200 5577 genii
1256 5509 1426 5563 valeat
1475 5523 1702 5565 censura
1734 5515 1962 5568 servari.

374 5594 514 5650 Nam
545 5606 604 5650 ut
631 5613 716 5652 me
751 5597 922 5652 solum
962 5599 1122 5669 digne
1151 5615 1462 5670 coarguant.
1493 5604 1683 5659 videtis
1715 5607 1814 5674 ipsi
1837 5608 1961 5674 quia

378 5687 648 5755 protinus,
678 5698 737 5740 ut
774 5690 841 5742 ad
871 5703 968 5744 vos
996 5690 1185 5754 venio;
1233 5705 1359 5746 ecce
1387 5692 1548 5754 Sales,
1583 5709 1708 5749 ecce
1735 5695 1958 5762 facetiae,

375 5778 607 5839 lepores,
642 5777 998 5840 urbanitates,
1026 5777 1361 5846 dicacitates,
1389 5780 1656 5837 volumina
1703 5785 1958 5852 quaestio-

2069 613 2381 674 erumpunt,
2407 621 2527 674 qua:
2559 621 2688 670 nos,
2719 620 2824 660 non
2852 606 2966 676 jam
2996 609 3324 673 sacerdotes,
3361 609 3455 665 sed
3484 613 3666 680 potius

2069 706 2316 750 oratores
2342 737 2356 760 ,
2390 711 2453 750 ac
2484 697 2731 751 rhetores
2757 737 2772 761 ,
2805 697 2918 751 sive
2944 738 2958 762 ,
2993 699 3136 767 quod
3167 700 3512 756 inhonestum
3538 713 3620 757 est
3647 744 3664 770 ,

2068 799 2284 838 scurras
2312 786 2620 840 ostendunt.
2668 787 2788 841 Mox
2817 788 2985 853 enim,
3023 797 3081 841 ut
3110 790 3274 843 verba
3301 806 3662 859 consertmus,

2069 875 2325 944 paulatim
2354 878 2598 946 quaedam
2634 879 2898 934 lenocinia
2943 881 3397 938 confabttlationis
3439 884 3666 941 alterna:

2069 967 2404 1037 subrepunt,
2440 987 2560 1039 qua:
2588 986 2803 1026 omnem
2853 973 3019 1026 animi
3067 974 3301 1044 rigorem
3354 977 3668 1034 indecenter

2069 1056 2370 1122 emolliant,
2402 1067 2458 1113 et
2497 1061 2808 1114 severitatis
2856 1063 3022 1116 robur
3068 1063 3120 1117 in
3154 1078 3440 1120 excussum
3472 1068 3665 1135 risum,

2069 1155 2122 1199 et
2156 1147 2330 1217 turpia
2359 1149 2478 1218 joca
2506 1150 2824 1206 dissolvant.
2859 1153 2996 1208 llinc
3026 1163 3128 1217 est,
3156 1159 3298 1226 quod
3323 1175 3475 1215 mens
3505 1172 3662 1217 extra

2070 1253 2128 1293 se
2162 1255 2346 1309 sparsa
2377 1243 2727 1298 confunditur
2748 1287 2762 1310 ,
2807 1247 2961 1302 acies
2994 1250 3174 1304 cordis
3203 1253 3542 1322 ohtunditttr,
3575 1257 3667 1311 lux

2069 1330 2233 1385 divini
2264 1335 2466 1389 antoris
2495 1338 2889 1406 exstinguitur,
2928 1349 3107 1396 terror
3136 1342 3190 1396 in
3227 1345 3392 1409 alios,
3423 1357 3477 1402 et
3515 1364 3668 1405 reve-

2070 1423 2241 1476 rentia
2292 1427 2647 1483 sacerdotalis
2686 1431 2990 1496 amittitur;
3019 1442 3072 1486 ct
3117 1435 3258 1504 quod
3306 1437 3664 1506 periculosius

2071 1523 2176 1580 est,
2206 1525 2355 1570 recte
2383 1520 2594 1573 vivendi
2623 1519 2787 1586 linea,
2814 1539 2934 1592 qua:
2961 1524 3081 1579 aliis
3104 1525 3170 1580 ad
3203 1529 3509 1599 exemplum
3537 1547 3666 1600 pro-

2069 1611 2314 1678 ponenda
2341 1611 2550 1678 fuerat,
2581 1630 2684 1667 non
2717 1625 2948 1670 tenetur.

2142 1703 2292 1767 Quod
2314 1703 2356 1756 si
2383 1719 2498 1770 nos,
2527 1705 2607 1758 vel
2635 1707 2860 1773 pudore,
2884 1709 2963 1762 vel
2993 1720 3139 1764 metu
3168 1711 3220 1764 in
3247 1712 3363 1767 haec
3383 1713 3663 1771 declinare

2069 1793 2485 1857 contemnimus,
2511 1811 2629 1848 mox
2659 1797 2958 1862 inhumani,
2984 1800 3140 1868 rigidi
3161 1809 3215 1854 et
3240 1817 3376 1870 quos
3396 1803 3661 1874 Hyrcanae

2077 1967 2337 2036 Reprimo
2377 1970 2668 2024 calamum.
2714 1970 2891 2038 Nam,
2928 1987 2987 2028 ut
3045 1978 3314 2046 turpiores
3355 1989 3666 2035 attexantur

2075 2055 2290 2126 ineptiae
2314 2099 2328 2122 ,
2361 2059 2565 2129 pudore
2587 2060 2890 2128 sull'undor,
2923 2065 3172 2120 videlicet
3199 2079 3461 2135 venatus,
3501 2090 3668 2127 aucu-

2073 2147 2242 2217 pium,
2277 2148 2514 2204 alearutn
2545 2151 2768 2221 insuper
2797 2152 2982 2216 furiae,
3023 2156 3105 2210 vel
3134 2159 3508 2223 scaccltorum,
3547 2179 3668 2233 qua:

2073 2238 2331 2292 nimirum
2355 2241 2422 2295 de
2447 2249 2561 2296 toto
2581 2245 2796 2311 quidem
2822 2249 3102 2303 sacerdote
3118 2250 3378 2305 exhibent
3400 2253 3622 2308 mimum
3645 2272 3658 2320 ;

2075 2331 2168 2384 sed
2202 2334 2476 2403 prmeipue
2504 2336 2691 2392 oculos
2719 2378 2732 2402 ,
2763 2354 2977 2405 manus,
3007 2350 3061 2395 et
3095 2341 3354 2414 linguam,
3387 2349 3538 2414 quasi
3569 2351 3670 2402 nti-

2074 2437 2220 2474 mum
2269 2438 2454 2477 vcrutn
2509 2426 2670 2479 simul
2715 2426 2995 2493 clliciunt,
3047 2431 3233 2500 sicque
3278 2436 3529 2492 conditos
3557 2480 3571 2501 ,
3613 2451 3669 2493 et

2074 2510 2164 2578 qui
2202 2513 2423 2568 suavius
2448 2516 2680 2583 sapiant,
2733 2519 2883 2572 cibos
2930 2520 3234 2576 dmmonum
3268 2528 3471 2581 mensis
3500 2545 3668 2598 appo-

2074 2611 2229 2655 nunt.
2261 2601 2422 2674 453
2473 2605 2571 2660 Hic
2603 2607 2781 2676 plane,
2828 2611 2871 2664 si
2918 2613 3048 2680 quid
3099 2617 3229 2670 mihi
3274 2618 3340 2671 de
3373 2622 3666 2676 venerabili

2075 2692 2402 2748 Florentinte
2423 2697 2566 2751 sedis
2590 2699 2844 2770 episcopo
2869 2703 3176 2774 contigerit,
3201 2707 3402 2773 recolo,
3431 2709 3666 2766 alienum

2075 2797 2200 2837 esse
2223 2783 2291 2837 ab
2319 2785 2684 2843 aedificatione
2712 2807 2818 2844 non
2847 2794 3032 2848 credo.

2146 2871 2284 2925 Dutn
2317 2873 2607 2944 aliquando
2629 2879 2728 2932 sibi
2762 2895 2936 2935 essent
2967 2898 3152 2938 comes
3188 2885 3414 2951 itineris,
3441 2904 3664 2961 chper-

2075 2961 2245 3015 tinum
2277 2964 2494 3016 tandem
2525 2965 2816 3023 subeuntes
2841 2969 3159 3040 hospitium,
3197 2989 3296 3042 ego
3330 2992 3415 3031 me
3464 2978 3516 3031 in
3539 2996 3666 3048 pre-

2073 3051 2274 3122 sbyteri
2297 3053 2490 3107 cellam
2524 3057 2771 3123 semovi;
2812 3059 2857 3113 is
2889 3069 3068 3114 autem
3119 3062 3173 3116 in
3223 3067 3458 3133 spatiosa
3507 3071 3666 3124 domo

2075 3157 2197 3195 cum
2238 3145 2655 3198 commeantium
2698 3149 2852 3202 turba
2894 3151 3113 3205 resedit.
3159 3153 3315 3210 Mane
3357 3166 3534 3211 autem
3582 3160 3666 3213 fa-

2001 3223 2044 3285 C
2075 3239 2185 3296 cto,
2239 3246 2269 3285 a
2306 3247 2427 3287 meo
2484 3235 2615 3288 mihi
2666 3235 2915 3305 Agasone
2960 3240 3320 3310 significatum
3367 3257 3467 3309 est,
3514 3252 3658 3317 quod

2072 3320 2361 3388 praedictus
2415 3323 2700 3393 episcopus
2763 3327 2888 3381 ludo
2949 3330 3224 3397 praefuerit
3288 3335 3662 3391 scacchornm.

2073 3410 2225 3476 Quod
2269 3413 2513 3482 profecto
2567 3415 2828 3482 verbum,
2879 3418 3027 3472 velut
3080 3423 3296 3490 sagitta,
3346 3442 3442 3480 cor
3485 3442 3664 3480 meum

2072 3503 2385 3556 acutissime
2439 3506 2685 3575 pupugit,
2730 3515 2784 3562 et
2812 3507 3198 3575 indignationis
3234 3512 3662 3570 vttlnusinliixit.

2073 3591 2216 3647 Hora
2254 3603 2454 3660 autem,
2515 3612 2638 3666 qua:
2682 3598 2816 3652 mihi
2861 3599 3146 3654 videbatur
3193 3602 3385 3667 electa,
3438 3609 3665 3660 conveni

2072 3683 2379 3750 hominem,
2425 3696 2479 3740 ct
2536 3688 2738 3742 acriter
2785 3689 3028 3744 inveltor.
3068 3690 3182 3746 lloc
3234 3693 3397 3763 igitur
3450 3695 3661 3749 initium

2071 3775 2340 3829 sermonis
2371 3778 2660 3849 arripiens,
2685 3781 2807 3834 aio:
2833 3781 3054 3836 Librata
3085 3800 3245 3837 manu
3276 3786 3452 3855 virgas
3474 3802 3664 3853 exero,

2071 3865 2255 3935 plagas
2299 3867 2521 3936 inligare
2546 3885 2730 3938 quaero
2777 3887 2821 3926 SI
2851 3874 2920 3926 sit
2953 3874 3045 3942 qui
3095 3884 3243 3945 terga
3298 3879 3565 3946 subjiciat.
3596 3880 3664 3933 Lt

2072 3958 2180 4022 ille,
2217 3958 2499 4026 inferatur,
2525 3963 2716 4032 inquit,
2759 3964 2937 4032 culpa,
2990 3981 3096 4020 non
3126 3969 3464 4022 recusabitur
3486 3972 3664 4038 poeni-

2073 4052 2258 4104 tentia.
2287 4051 2542 4116 Rectene,
2575 4055 2818 4124 inquam,
2855 4058 3036 4126 tuique
3076 4069 3192 4112 erat
3233 4059 3415 4125 oﬂicii,
3438 4077 3664 4134 vespere

2070 4142 2500 4197 inscaccbowm
2557 4147 2794 4200 vanitate
2847 4147 3138 4210 colludere,
3180 4158 3234 4203 et
3286 4167 3506 4205 manum
3555 4153 3662 4206 Do-

2070 4232 2254 4286 ntinici
2307 4235 2552 4299 corporis
2579 4235 2919 4297 oblatricem,
2965 4237 3202 4307 linguam
3237 4239 3376 4294 inter
3412 4242 3578 4295 Deunt
3610 4253 3666 4297 et

2069 4323 2324 4393 populum
2379 4327 2771 4391 tnediatricem,
2832 4328 3079 4398 sacrilegi
3129 4329 3345 4386 ludibrii
3401 4336 3664 4388 contami-

2071 4417 2287 4469 natione
2313 4416 2563 4470 foedare?
2613 4417 2916 4471 Praesertim
2969 4435 3089 4473 cum
3114 4423 3375 4477 canonica
3405 4425 3664 4480 decernat

2072 4508 2391 4571 auctoritas,
2421 4517 2479 4561 ut
2504 4508 2772 4563 aleatores
2793 4511 3032 4579 episcopi
3060 4513 3414 4580 deponantur.
3444 4515 3510 4569 Et
3529 4517 3661 4585 qttid

2074 4597 2292 4667 prodest
2319 4599 2385 4661 ei,
2411 4615 2568 4669 quem
2595 4601 2887 4656 elﬁcaciter
2907 4605 3204 4660 auctoritas
3227 4606 3468 4670 damnat,
3491 4610 3657 4661 etiam

2072 4684 2398 4754 sijudicium
2426 4691 2765 4746 extrinsecus
2811 4707 2916 4746 non
2961 4695 3199 4749 accedat.
3251 4696 3344 4749 ille
3378 4706 3556 4749 autetn
3588 4713 3658 4750 ex

2071 4775 2384 4830 diversitate
2429 4780 2731 4843 nominum,
2783 4783 3114 4837 defensionis
3141 4785 3240 4837 sibi
3286 4785 3489 4838 faciens
3535 4801 3661 4838 scu-

2071 4874 2206 4929 tum,
2256 4869 2365 4920 ait:
2399 4870 2542 4924 aliud
2572 4873 2867 4926 scacchutn
2919 4889 3063 4939 esse,
3087 4874 3230 4926 aliud
3273 4874 3465 4928 aleam.
3498 4875 3663 4930 Aleas

2067 4971 2196 5026 ergo
2252 4962 2545 5015 auctoritas
2594 4963 2682 5014 illa
2747 4964 3043 5031 prohibuit,
3102 4965 3357 5017 scacchos
3402 4980 3530 5020 vero
3577 4977 3659 5020 ta-

2067 5047 2238 5101 cendo
2259 5053 2546 5104 concessit.
2581 5053 2661 5104 Ad
2683 5053 2822 5121 quod
2847 5068 2945 5122 ego
2973 5070 2986 5105 :
3037 5052 3356 5117 Scaccltutn,
3406 5055 3655 5126 inquam,

2069 5143 2345 5210 Scriptura
2375 5159 2480 5195 non
2507 5145 2656 5212 ponit
2684 5160 2697 5208 ;
2727 5145 2819 5198 scd
2866 5145 3145 5212 utriusque
3180 5145 3287 5199 ludi
3329 5163 3498 5216 genus
3521 5150 3653 5204 alca:

2070 5232 2289 5285 nomine
2319 5233 2752 5302 comprehendit.

2141 5341 2476 5410 Quapropter
2504 5343 2630 5396 dum
2679 5342 2794 5395 alea
2840 5343 3178 5412 prohibetur,
3230 5355 3284 5400 et
3333 5348 3650 5402 nominatim

2069 5432 2134 5484 de
2162 5433 2390 5487 scaccho
2413 5432 2545 5485 nihil
2569 5432 2784 5496 dicitur,
2809 5441 3022 5492 constat
3046 5437 3230 5505 procul
3258 5437 3422 5492 dubio
3443 5451 3654 5493 utrum-

2067 5539 2170 5590 que
2193 5539 2360 5592 genus
2395 5537 2503 5577 uno
2534 5526 2795 5581 vocabulo
2822 5531 3297 5596 comprehensum.
3329 5532 3489 5587 unius
3527 5548 3655 5586 sen-

2066 5613 2250 5666 tentia:
2291 5615 2554 5667 auctorita
2585 5631 2615 5668 e
2655 5614 2995 5674 damnatum.
3047 5617 3199 5674 Tunc
3245 5620 3354 5681 ille.
3405 5630 3464 5675 ut
3504 5622 3654 5674 mitis

2063 5713 2146 5756 est
2169 5702 2354 5765 animi,
2379 5705 2704 5772 perspicacis
2730 5707 2951 5778 ingenii.
2978 5710 3200 5764 redditis
3224 5710 3524 5764 rationibus
3552 5710 3654 5762 ltu-

2067 5790 2266 5844 militcr
2294 5793 2582 5861 acquievit,
2607 5796 2818 5866 culpant
2852 5798 3156 5852 nullatenus
3180 5799 3475 5853 iterandam
3500 5807 3650 5852 certa
