4148 5358
536 374 646 436 159

920 383 923 386 ⁴
1002 380 1058 435 S.
1100 377 1304 434 PETRI
1346 342 1626 435 ilAMIANI
1667 375 1816 433 Ol’l’.
1860 373 2096 429 TOMUS
2135 374 2265 433 εει]
2307 380 2487 440 PARS
2525 385 2608 440 lll.
2638 382 3097 442 -—0PL"SC[§L.\
3144 386 3350 441 VARlA

3692 385 3810 444 168
3862 470 3873 483 '

528 482 759 553 necesse
800 505 884 552 est
930 495 1116 567 coquis
1161 495 1312 568 plura
1343 507 1507 568 atque
1536 482 1747 552 diverSa
1779 496 1869 552 uni
1898 496 2111 552 cuidam
2147 511 2187 559 Α
2290 493 2465 551 Umun
2493 505 2599 562 est,
2621 498 2763 566 quod
2790 512 2953 567 supcr
2973 499 3167 553 abbate
3194 508 3297 554 suo
3316 494 3566 553 monachi
3592 492 3807 570 magni»

535 588 712 642 ventri
741 587 917 641 edulia
950 603 1280 658 prtcparare.
1310 586 1444 643 Nam
1475 603 1698 658 gressus
1726 589 1897 652 cibus,
1929 588 2020 657 qui
2050 602 2114 661 cx

528 678 808 757 communi
850 677 1078 733 fratrum
1126 679 1298 734 lebete
1324 679 1681 749 depromitur,
1731 679 2005 748 indignum
2038 677 2118 747 pi-

432 834 438 845 ,
536 767 687 822 tuine
731 767 946 833 teneri,
998 776 1054 823 et
1100 768 1473 823 delicatissimi
1529 768 1763 823 hominis
1821 767 2112 838 judicatur.

529 857 719 927 Nuper
745 872 997 928 egressus
1037 859 1451 923 dormitorium,»
1471 859 1750 929 quiescere
1779 873 1885 913 non
1916 866 2116 928 potest,

442 927 449 948 ι
530 950 636 1005 nisi
665 960 936 1005 secretum
964 951 1179 1013 habeat.
1208 960 1262 1007 et
1304 952 1574 1022 singulare
1612 951 1937 1007 cubiculum.
1967 950 2118 1008 Licet

525 1038 867 1108 juvenculus,
899 1039 1028 1094 licet
1050 1038 1259 1096 validus
1287 1055 1534 1110 corpore,
1571 1041 1741 1096 nescit
1773 1041 2043 1108 incedere,
2071 1042 2116 1097 si

532 1129 672 1184 desit
696 1130 943 1196 baculus,
973 1148 1080 1202 quo
1106 1147 1166 1188 se
1193 1133 1387 1188 debeat
1414 1125 1742 1189 sustentare.

601 1219 658 1274 In
687 1219 773 1275 his
800 1221 1002 1290 itaque,
1031 1232 1087 1277 et
1132 1222 1254 1278 aliis
1282 1223 1526 1292 pluribus
1552 1240 1671 1295 quae
1708 1225 1968 1295 persequi
1999 1225 2118 1281 lon-

532 1325 657 1382 gum
685 1321 785 1378 est,
810 1312 880 1367 ita
912 1314 1091 1369 subito
1117 1316 1376 1386 magister
1402 1313 1650 1382 edicitur,
1682 1325 1737 1370 ut
1767 1316 1820 1371 in
1849 1325 1958 1372 tota
1982 1331 2120 1388 prac-

531 1406 739 1461 sideudi
791 1406 998 1476 regula,
1032 1407 1179 1461 velut
1210 1408 1465 1477 antiquus
1509 1408 1729 1478 quidam
1764 1407 1948 1474 Pater,
1985 1406 2118 1463 nihil

530 1494 807 1550 otl‘endere
851 1497 1124 1552 videatur.
1171 1497 1344 1565 Quam
1397 1498 1574 1563 docte,
1621 1514 1783 1569 quam
1828 1500 2117 1571 imperiose

533 1587 687 1640 novit
716 1596 931 1653 cuncta,
979 1587 1128 1642 velut
1156 1588 1391 1660 quadam
1441 1590 1742 1660 majestatis
1789 1591 2117 1646 auctoritate

529 1678 847 1747 pnecipere,
885 1679 975 1748 qui
1024 1679 1330 1735 diutissime
1360 1680 1608 1736 subditus
1635 1697 1910 1752 nunquam
1939 1686 2116 1754 sapuit

529 1771 645 1825 suis
694 1772 1119 1842 praeceptoribus
1154 1773 1418 1828 ‘obedire.
1467 1773 1796 1831 Praesidendi
1843 1777 2112 1847 siquidem

2221 586 2480 656 pendunt,
2529 595 2583 642 et
2611 587 2838 643 sunnnis
2867 588 3258 658 praeconiorum
3297 588 3548 643 laudibus
3573 587 3805 644 eﬂ‘eruul

2219 677 2488 744 videlicet,
2514 677 2559 732 si
2589 678 2729 748 apud
2760 686 3007 749 potentes
3028 679 3212 734 smculi
3238 670 3445 745 valeat;
3474 680 3520 733 si
3545 678 3807 746 nocendi,

2219 777 2273 824 et
2302 763 2592 838 adiuvandi
2626 770 2851 825 liberam
2883 768 3192 825 facultatem
3222 769 3454 835 habeat;
3495 771 3540 826 si
3573 770 3715 840 loqui
3745 771 3807 826 in

2227 858 2402 925 tui-ba,
2435 870 2485 915 et
2517 860 2763 930 proprias
2788 874 2983 915 causas
3008 874 3168 930 agere
3194 877 3297 915 non
3325 862 3630 916 erubescat.
3661 858 3810 917 ﬂint:

2216 960 2301 1005 est
2329 949 2472 1018 quod
2505 951 2606 1004 hoc
2633 959 2820 1005 nostro
2847 958 3089 1020 tempore
3120 951 3369 1006 monachi
3403 951 3672 1008 neminem
3699 944 3807 1006 sibi

2218 1056 2454 1111 pl‘mcsse
2501 1039 2709 1107 volunt,
2741 1041 2847 1095 nisi
2877 1050 2931 1096 et
2959 1040 3119 1095 validi
3167 1041 3410 1112 corporis
3438 1051 3649 1097 statura
3673 1054 3808 1114 pro-

2218 1147 2428 1195 cerum,
2460 1141 2513 1188 et
2544 1132 2708 1187 claris
2751 1149 3077 1203 proavorum
3121 1134 3291 1189 titulis
3334 1135 3668 1204 insignitum.
3718 1131 3807 1190 Sit

2217 1220 2343 1276 licet
2382 1230 2622 1287 sanctus,
2667 1222 2739 1277 sit
2785 1222 3025 1277 omnium
3056 1222 3318 1279 virtutum
3371 1224 3550 1279 nitore
3592 1216 3809 1294 conspi—

2216 1327 2386 1378 cuus;
2436 1313 2542 1367 illis
2579 1322 2757 1368 tamen
2787 1324 2994 1368 natura:
3027 1316 3337 1369 muneribus
3361 1329 3575 1378 careas,
3619 1315 3666 1370 si
3692 1315 3808 1370 Au-

2217 1405 2401 1460 tonius
2431 1404 2753 1471 deducatur,
2808 1420 3050 1460 consona
3101 1405 3343 1460 omnium
3389 1420 3523 1461 voce
3557 1404 3809 1477 indignus

2215 1496 2479 1551 electione
2506 1494 2838 1551 decernitur.
2886 1496 3037 1552 Adde
3064 1495 3263 1560 etiam,
3301 1495 3425 1566 quia
3461 1495 3663 1550 nullum
3699 1494 3809 1551 sibi

2216 1592 2483 1639 rectorem
2533 1583 2671 1649 dari,
2713 1584 2815 1639 nisi
2865 1584 2932 1639 de
2980 1583 3210 1654 propriae
3238 1583 3673 1654 congregationis
3702 1599 3801 1638 nu-

2217 1690 2368 1731 mero
2397 1677 2709 1745 patiuntur;
2742 1675 2899 1739 alias,
2935 1676 3099 1730 etiam
3131 1676 3174 1730 si
3201 1676 3567 1745 prodigiorum
3592 1674 3808 1753 virtuti-

2220 1770 2322 1826 bus
2348 1770 2632 1831 enitescat,
2662 1768 2768 1824 illis
2792 1768 3179 1824 obsistentibus
3206 1769 3272 1821 ad
3301 1771 3644 1838 capessendae
3668 1762 3805 1837 pne-

527 1867 703 1914 artem
731 1859 1016 1915 docibilem
1045 1860 1295 1927 dixerim,
1328 1878 1447 1931 qua:
1492 1871 1602 1918 tam
1646 1864 1808 1921 facile
1850 1866 2116 1936 discitur;

2225 1861 2442 1916 lationis
2471 1860 2706 1916 ollicimn
2733 1876 2841 1916 non
2869 1861 3091 1930 aspirat.
3118 1859 3359 1915 Metuant
3382 1858 3547 1925 enim,
3577 1873 3644 1914 ne
3670 1859 3811 1915 alios

524 1958 592 2003 ut
618 1948 844 2020 quilibet
866 1950 1028 2004 etiam
1060 1951 1127 2005 ad
1156 1950 1259 2005 alia
1289 1967 1500 2017 vecors,
1532 1953 1675 2009 hanc
1716 1970 1837 2010 mox
1865 1964 1925 2010 ut
1970 1957 2118 2012 ince-

528 2042 696 2111 perit,
728 2043 987 2112 magister
1016 2042 1068 2097 in
1121 2057 1183 2098 ea
1230 2043 1595 2114 peritissimus
1637 2049 1968 2119 approbctur
1996 2068 2009 2103 :
2041 2060 2114 2113 et,

536 2139 601 2185 ut
630 2133 832 2187 arctius
859 2140 1126 2201 teneatur,
1154 2148 1262 2188 non
1300 2135 1473 2189 solum
1501 2136 1581 2191 sui
1612 2137 1858 2192 notitiam
1891 2148 2120 2209 quanto-

526 2220 650 2287 eius
685 2229 936 2292 praestat,
970 2223 1064 2278 sed
1113 2223 1276 2277 etiam
1309 2224 1592 2280 obedicndi
1625 2236 1822 2291 artem,
1853 2244 1974 2299 qua:
2003 2245 2033 2282 a
2062 2243 2120 2284 se

528 2313 747 2367 diversa
775 2322 879 2378 est,
907 2330 976 2369 ex
1010 2312 1213 2368 alumni
1259 2316 1343 2369 sui
1398 2318 1658 2371 memoria
1704 2333 1931 2387 prorsus
1959 2320 2119 2375 oblit-

531 2412 695 2460 terat.
725 2403 1134 2475 Quamplurima
1178 2405 1361 2476 itaque
1408 2408 1864 2464 monasteriorum
1893 2411 2121 2466 rectori-

532 2495 638 2552 bus
664 2496 968 2562 imminent,
997 2510 1095 2568 per
1127 2511 1247 2567 quae
1275 2496 1355 2552 vel
1406 2496 1749 2555 lenocinante
1781 2501 1893 2570 ipsa
1924 2502 2117 2556 immu-

530 2591 721 2648 nitatis
764 2591 1023 2657 licentia,
1075 2602 1268 2661 sponte
1324 2604 1587 2648 corruunt
1638 2611 1653 2647 :
1700 2592 1787 2649 vel
1834 2595 2118 2650 mundana:

528 2669 954 2756 perturbationis
982 2683 1305 2739 necessitate
1333 2684 1530 2751 coacti,
1563 2684 1730 2741 etiam
1759 2683 2003 2741 nolentes
2035 2686 2113 2741 of-

530 2773 781 2831 fendunt.
1759 2836 1764 2842 ,

600 2865 708 2921 Sed
736 2873 875 2931 esto,
907 2873 967 2921 ut
995 2880 1089 2922 eos
1117 2865 1262 2921 nulla
1290 2864 1628 2922 saecularium
1659 2864 1904 2922 molestia
1932 2864 2115 2932 feriat,

527 2946 710 3012 omnis
752 2956 990 3025 undique
1042 2956 1302 3011 mundani
1350 2956 1545 3012 ﬂuctus
1578 2957 1814 3027 procella
1846 2956 2116 3027 quiescat,

536 3047 662 3116 quis
686 3045 864 3102 valeat
895 3047 1166 3103 intestina
1213 3047 1497 3104 seditionis
1542 3048 1684 3103 mala
1733 3046 1974 3120 perferre
2001 3089 2015 3114 ,
2062 3059 2118 3104 et

528 3137 646 3192 sola
674 3139 1070 3193 monachorum
1120 3138 1277 3194 taedia
1311 3139 1622 3196 sustinere?
1663 3139 1796 3208 Quis
1823 3147 1900 3195 tot
1925 3150 1980 3195 et
2007 3148 2115 3195 tam

2222 1952 2323 2008 sibi
2351 1953 2639 2022 aliquando
2664 1952 2950 2023 praeferat;
2979 1962 3299 2023 pavescunt.
3329 1967 3397 2009 ne
3425 1953 3491 2009 de
3514 1963 3811 2008 consuetu-

2216 2044 2368 2111 dine,
2414 2046 2468 2099 in
2499 2060 2603 2115 qua
2628 2044 2739 2112 jam
2768 2045 3049 2100 inveterati
3080 2053 3226 2111 sunt,
3266 2044 3368 2099 iste
3395 2044 3596 2114 aliquid
3623 2060 3809 2101 emen-

2220 2136 2353 2192 dare
2375 2148 2697 2206 praesumat;
2733 2153 2821 2203 ne,
2848 2139 2991 2207 quod
3018 2136 3181 2203 absit,
3212 2138 3682 2194 mortificationem
3712 2129 3810 2193 do-

2216 2238 2360 2294 ceat,
2394 2243 2462 2284 ne
2491 2244 2627 2284 vana
2675 2230 3059 2299 superstitione
3089 2246 3184 2284 eos
3222 2222 3471 2299 jcjnnare
3498 2229 3805 2298 compellat,

2221 2336 2290 2375 ne
2317 2321 2718 2378 extremitatem
2748 2321 2956 2392 diligat,
2983 2336 3049 2376 ne
3080 2332 3215 2376 nOVa
3247 2320 3552 2391 praecipiat;
3592 2334 3659 2374 ne
3687 2334 3808 2386 eos,

2221 2414 2364 2482 quod
2401 2415 2616 2469 cunctis
2644 2413 3032 2469 intolerabilius
3081 2422 3202 2479 est,
3238 2429 3268 2468 a
3299 2414 3515 2484 propria
3560 2412 3811 2469 fortassis

2220 2504 2498 2559 voluntate
2528 2513 2855 2576 compescat.
2885 2498 2976 2559 Sic
3011 2505 3090 2560 sic
3116 2504 3364 2560 videlicet
3389 2504 3593 2571 malunt
3624 2504 3690 2559 de
3719 2505 3804 2560 sui

2223 2595 2532 2666 quempiam
2579 2596 2719 2651 suini
2765 2597 2945 2666 gregis
2972 2596 3214 2651 custodia
3247 2596 3489 2665 dignum,
3516 2612 3676 2667 quam
3703 2611 3804 2652 ex-

2221 2690 2492 2746 trinsecus
2547 2690 2856 2747 venientem
2884 2691 2937 2747 in
2967 2694 3113 2748 omni
3143 2693 3407 2764 religiosas
3440 2692 3566 2747 vitm
3592 2703 3646 2750 et
3676 2708 3811 2748 san—

2216 2776 2423 2834 ctitatis
2448 2782 2915 2837 consummatione
2933 2782 3255 2852 perfectum.
3285 2784 3396 2849 Ille,
3430 2783 3519 2838 ille
3546 2784 3803 2840 nimirum

2219 2885 2364 2925 nunc
2409 2865 2574 2927 abbas
2620 2872 2920 2937 extollitur,
2968 2873 3057 2928 ille
3092 2875 3284 2946 dignus
3319 2876 3557 2947 percepti
3585 2860 3811 2932 honoris

2219 2957 2385 3015 infula
2413 2961 2711 3032 judicalur,
2748 2964 2840 3033 qui
2878 2965 3030 3020 novit
3079 2982 3333 3037 agrorum
3380 2968 3575 3025 fundos
3621 2978 3811 3025 exten-

2217 3052 2369 3116 dere,
2403 3053 2591 3107 turrita
2628 3055 2910 3108 domorum
2946 3055 3179 3111 culmina
3230 3058 3502 3114 fabricare
3526 3099 3542 3123 .
3595 3048 3805 3129 copiam

2220 3143 2745 3200 terrenaefacnltatis
2772 3144 3075 3216 acquirere,
3099 3148 3201 3203 sibi
3229 3150 3534 3206 commissis
3561 3166 3667 3206 non
3695 3159 3806 3205 tam

528 3226 697 3281 variis
720 3226 1090 3283 voluntatibus
1115 3225 1458 3283 satisfaciat?
1486 3226 1621 3295 Quis
1647 3229 1995 3299 semetipsum
2025 3242 2120 3294 per
2148 3215 2191 3277 C
2223 3237 2528 3291 necessaria
2584 3253 2746 3308 quam
2775 3246 2831 3293 et
2858 3215 3126 3309 superﬂua
3177 3240 3510 3297 ministrare.
3561 3241 3730 3297 Porro
3759 3234 3805 3297 si

531 3327 640 3372 tam
692 3317 906 3372 diversa
959 3317 1256 3372 formarum
1301 3316 1469 3390 459
1513 3326 1753 3372 monstra
1791 3315 2119 3386 componat?

528 3407 840 3465 Decernunt
867 3408 1133 3477 siquidem
1159 3424 1315 3463 suum
1344 3409 1690 3479 praepositum
1724 3408 1924 3463 debere
1954 3407 2117 3477 spiri~

532 3497 751 3555 tnaliter
775 3500 978 3564 vivere,
1006 3509 1206 3570 cogunt
1253 3509 1432 3555 tamen
1474 3514 1570 3569 per
1615 3508 1785 3553 totum
1812 3498 1958 3553 diem
1991 3512 2121 3553 cau-

531 3605 716 3645 sarum
760 3588 1101 3644 saecularium
1151 3590 1385 3659 negotiis
1413 3588 1703 3653 insudare;
1757 3604 1827 3644 ne
1869 3587 2121 3643 videlicet

529 3681 901 3738 ecclesiastica
930 3681 1072 3736 bona
1102 3682 1416 3751 depereant,
1445 3696 1512 3735 ne
1561 3681 1779 3736 domum
1827 3680 1946 3746 Dei,
1975 3681 2119 3750 quod

536 3778 706 3843 absit,
737 3776 805 3831 ab
852 3774 1238 3830 incolumitatis
1282 3790 1393 3830 suae
1426 3783 1568 3829 statu
1598 3773 1875 3830 declinare
1903 3774 2119 3828 contin-

533 3880 628 3941 gat
657 3888 672 3924 :
705 3877 759 3925 et
789 3867 1128 3924 tolerabilius
1157 3866 1358 3931 ierunt,
1385 3868 1428 3921 si
1456 3882 1552 3938 per
1580 3867 1793 3923 abbatis
1817 3866 2119 3922 absentiam

534 3968 731 4015 cuncta
780 3956 1047 4029 regularis
1091 3955 1450 4011 institutionis
1496 3955 1781 4026 disciplina
1829 3955 2118 4022 dilabatur,

533 4064 696 4120 quam
727 4060 787 4103 ut
814 4047 1204 4103 ecclesiastica:
1235 4046 1486 4102 utilitatis
1513 4046 1855 4102 commodum
1899 4046 2121 4117 dispen-

533 4144 622 4197 dia
654 4141 910 4213 patiatur.
961 4138 1017 4195 Si
1048 4139 1475 4209 delinquentium
1505 4139 1633 4194 vitia
1657 4139 1920 4194 districta:
1948 4139 2122 4193 anim-

533 4231 874 4286 adversionis
915 4228 1121 4299 judicio
1166 4231 1434 4300 corrigit,
1485 4229 1718 4300 impius;
1775 4229 1821 4283 si
1852 4230 1997 4283 circa
2025 4244 2121 4284 eos

533 4323 815 4379 remissius
843 4321 977 4393 agit,
1006 4321 1123 4376 zelo
1150 4321 1247 4377 Dei
1274 4321 1514 4376 creditur
1557 4320 1797 4387 alienus;
1850 4321 1893 4375 si
1921 4321 2122 4376 silentii

530 4428 598 4468 se
624 4413 914 4484 aliquando
941 4428 1171 4468 censura
1218 4413 1564 4484 constringit,
1594 4414 1810 4477 dicitur,
1846 4414 1971 4481 quia
1998 4428 2120 4467 cum

533 4518 725 4578 pastor
748 4506 1101 4573 obmutescit,
1132 4520 1352 4576 gregem
1382 4505 1541 4575 lupus
1581 4506 1807 4560 invadit.
1848 4504 2017 4559 Paulo
2059 4504 2125 4558 li-

534 4599 725 4655 berius
750 4597 964 4668 loquar.
1006 4596 1121 4664 Qua
1148 4597 1325 4652 fronte
1353 4595 1476 4650 aliis
1513 4594 1674 4650 silere
1703 4595 2000 4666 prtecipiat,
2032 4587 2125 4649 eu-

534 4692 629 4761 jus
661 4689 879 4763 garrula
927 4689 1108 4758 lingua
1154 4687 1411 4743 continua
1454 4685 1784 4742 verbositate
1817 4685 2128 4741 declamat?

537 4783 674 4836 Cum
711 4779 947 4852 jejunat,
979 4778 1155 4833 laudis
1204 4778 1453 4832 humanae
1481 4776 1717 4832 favorem
1748 4787 1969 4847 captare
1994 4775 2127 4831 dici-

538 4886 647 4940 tur,
678 4889 801 4929 eum
831 4873 1086 4938 comedit,
1119 4888 1218 4928 suo
1242 4879 1417 4942 pater,
1451 4871 1627 4925 alieno
1670 4870 1846 4927 ventri
1892 4884 2015 4926 esse
2048 4871 2128 4924 vi-

534 4968 709 5022 tricus
732 4966 1065 5037 perhibetur.
1095 4962 1339 5018 Lautiori
1390 4971 1544 5018 veste
1586 4971 1894 5028 contectus,
1928 4977 2127 5016 vanam

534 5054 764 5125 gloriam
790 5068 1069 5123 quaerere;
1105 5054 1449 5107 extremitate
1473 5060 1529 5107 et
1555 5052 1763 5108 vilitate
1815 5061 2123 5117 contentus,

2153 4564 2202 4624 D

2221 3327 2464 3381 curando
2490 3326 2637 3392 talia,
2674 3327 2977 3382 animarum
3008 3345 3139 3384 cura
3166 3332 3509 3400 postponitur
3539 3348 3553 3386 :
3586 3330 3806 3397 dicitur,

2220 3419 2343 3488 quia
2370 3417 2513 3473 inter
2538 3418 2812 3490 prtecipua
2841 3419 3009 3475 multa
3030 3421 3193 3487 bona,
3220 3421 3353 3477 levis
3378 3421 3630 3491 quaelibet
3648 3421 3805 3492 culpa

2222 3510 2649 3566 misericorditer
2679 3511 3007 3583 indulgetur.
3039 3510 3243 3569 Omnes
3275 3512 3536 3583 siquidem
3582 3523 3811 3586 possunt

2221 3605 2415 3659 animas
2445 3620 2556 3659 sum
2598 3601 2765 3677 460
2797 3605 3013 3660 utilitati
3059 3603 3343 3661 consulere
3376 3624 3390 3660 :
3423 3620 3528 3661 non
3554 3605 3810 3662 omnibus

2222 3696 2408 3750 datum
2439 3705 2542 3759 est,
2575 3704 2684 3751 tam
2733 3698 2939 3762 ardua,
2987 3708 3094 3752 tam
3143 3697 3452 3753 necessaria
3502 3696 3807 3767 providere.

2222 3787 2402 3843 Facile
2430 3787 2583 3844 locus
2613 3788 2869 3843 tribuitur
2895 3787 3085 3853 veniae,
3118 3788 3208 3842 ubi
3237 3786 3340 3843 hoc
3368 3788 3564 3842 intuitu
3591 3787 3804 3842 minora

2220 3877 2566 3947 negligimus,
2594 3887 2653 3932 ut
2686 3878 2755 3932 ad
2784 3879 2988 3949 majora
3035 3877 3331 3933 studiosius
3358 3880 3725 3948 accingamur.

2294 3970 2447 4037 Quod
2469 3971 2512 4024 si
2536 3971 2706 4025 abbas
2731 3970 2797 4025 ab
2817 3968 3179 4025 exterioribus
3204 3976 3539 4038 temperans,
3555 3969 3813 4038 spiritua-

2222 4063 2364 4117 libus
2393 4076 2451 4117 se
2476 4062 2673 4118 studiis
2704 4059 3112 4131 mancipaverit,
3142 4060 3400 4130 gemitur,
3428 4060 3730 4128 suspiratur
3751 4065 3808 4112 et

2223 4155 2595 4225 unusquisque
2644 4169 2708 4209 ex
2749 4152 3058 4206 domestica:
3105 4149 3376 4205 facultatis
3413 4150 3627 4220 jactura
3676 4164 3810 4203 con-

2223 4247 2487 4316 queritur.
2522 4246 2679 4308 Ecce,
2717 4242 2990 4313 inquiunt,
3037 4241 3227 4296 donms
3272 4249 3455 4295 sancta
3490 4239 3808 4304 destruitur,

2225 4338 2497 4407 possessio
2545 4346 2730 4391 nostra
2782 4335 3062 4397 minuitur,
3113 4344 3168 4388 et
3215 4348 3311 4404 per
3356 4332 3515 4387 unius
3545 4331 3812 4386 incuriam

2226 4437 2305 4483 tot
2334 4430 2573 4483 virorum
2606 4428 2886 4482 commoda
2918 4427 2987 4481 ad
3035 4424 3262 4480 nihilum
3308 4424 3646 4495 rediguntur.
3693 4422 3817 4477 Fiat

2229 4520 2593 4583 ratiocinium,
2618 4534 2884 4589 ponamus
2911 4518 3201 4584 calculum,
3227 4525 3509 4588 postquam
3539 4515 3628 4570 ille
3653 4528 3816 4585 super

2229 4625 2330 4667 nos
2352 4608 2587 4664 infausto
2614 4609 2857 4678 auspicio
2877 4609 2969 4680 jus
3000 4608 3230 4681 indignae
3252 4607 3534 4678 potestatis
3560 4604 3808 4673 accepit;

2228 4708 2401 4769 quot.
2450 4707 2507 4754 et
2535 4698 2713 4768 qualia
2758 4707 3076 4754 ornamenta
3107 4696 3363 4754 Ecclesia:
3407 4694 3816 4767 superaddidit?

2231 4790 2374 4860 Quot
2419 4791 2743 4862 praediorum
2795 4805 3017 4846 mansos
3063 4787 3393 4860 acquisivit?
3437 4786 3535 4843 Ubi
3580 4787 3815 4855 denique

2231 4880 2592 4952 possessionis
2639 4890 2839 4935 nostra;
2885 4881 3148 4935 terminos
3190 4878 3510 4948 ampliavit?
3555 4876 3720 4930 Plane
3765 4875 3809 4929 si

2233 4988 2320 5028 res
2346 4970 2632 5041 diligenter
2668 4968 2981 5039 inquiritur,
3008 4968 3160 5025 locus
3184 4969 3274 5024 hic
3303 4982 3402 5023 suo
3435 4979 3675 5035 tempore
3705 4980 3809 5019 non

2231 5058 2389 5114 modo
2417 5074 2522 5113 non
2556 5069 2767 5122 auctus,
2796 5060 2888 5112 sed
2921 5058 2973 5112 in
3006 5058 3192 5113 multis
3238 5057 3416 5128 potius
3443 5056 3687 5111 cernitur
3711 5053 3813 5108 ini-
