4132 6324
357 361 455 415 Ml

1169 359 1411 417 OPUSC.
1452 359 1592 416 XXI.
1626 391 1693 400 ——
1723 359 1813 414 DE-
1847 359 2032 416 FUGA
2063 361 2490 419 DlGNIT.\TUM
2540 365 2820 421 ECCLES.

3501 358 3609 416 ιοε

352 475 630 531 humiliter
674 475 979 532 oscula-ales
1026 478 1421 548 amplectimur,
1453 487 1508 533 et
1553 479 1604 531 in
1645 477 1724 530 eis
1770 476 1930 532 Cbri-
1963 484 2006 542 Α
2037 486 2123 530 tus
2151 475 2404 542 otﬁcinm,
2445 486 2607 532 tantis
2648 479 3003 533 tentationam
3043 477 3298 533 lluczibus
3334 483 3611 534 mstuants

351 577 518 624 etum.
542 575 706 636 prout
729 567 947 636 dignum
973 575 1070 628 est,
1099 569 1408 623 adoramus.
1443 569 1564 624 Illos
1591 571 1754 624 etiam
1784 569 1932 640 ipsos

351 675 691 728 nequaquam
742 660 904 715 livido
952 660 1305 716 detractionis
1368 662 1528 718 dente
1573 663 1930 726 corroditnus,

343 753 444 806 sed
472 767 661 806 eorum
712 753 890 822 potius
937 751 1176 806 fraterna
1221 755 1596 824 compassione
1636 755 1933 825 plecteudis

350 845 596 899 moribus
642 845 1023 912 condolemus;
1074 846 1166 915 qui
1220 847 1473 902 nimirum
1523 861 1620 915 per
1662 847 1933 902 dissoluta:

346 937 778 992 conversationis
804 938 1086 1001 incuriam,
1119 953 1222 992 non
1249 939 1420 993 solum
1444 941 1599 994 nobis
1620 940 1930 995 scandalum

349 1037 633 1100 generant,
663 1031 758 1084 sed
789 1030 920 1098 ipsis
945 1031 1109 1086 etiam
1138 1032 1490 1086 saecularibus
1516 1032 1856 1094 detrahendi,
1880 1043 1934 1088 et

337 1119 656 1175 detestandi
709 1135 926 1174 sacrum
996 1121 1282 1186 ordinem,
1336 1123 1618 1178 materiam
1670 1124 1932 1178 submini-

347 1217 548 1264 strant.

421 1299 781 1369 Quapmpter,
830 1299 1208 1364 dilectissime,
1266 1301 1398 1355 satis
1465 1300 1828 1365 laudabiliter,
1878 1310 1934 1354 et

351 1389 653 1460 prudenter
673 1390 853 1459 egisti,
885 1391 1136 1446 videlicet
1182 1401 1237 1444 ut
1285 1391 1556 1445 infecundi
1585 1391 1786 1446 laboris
1812 1407 1935 1459 gra-

347 1481 630 1535 vissimum
677 1482 888 1550 pondus
936 1483 1222 1552 abjiceres,
1251 1493 1305 1537 et
1336 1483 1584 1554 lcvigatis
1631 1485 1934 1540 cervicibus

346 1572 415 1624 ad
442 1570 732 1627 fructuosa:
760 1572 957 1640 quietis
983 1575 1152 1628 otium
1179 1575 1515 1628 couvolares.
1545 1575 1658 1629 Hoc
1681 1577 1774 1629 tibi
1805 1592 1934 1631 cou-

349 1660 530 1714 silium
559 1677 665 1715 non
702 1677 832 1716 caro
863 1662 943 1716 vel
972 1665 1191 1732 sanguis
1215 1665 1479 1728 attribuit;
1505 1665 1598 1719 sed
1631 1666 1808 1719 divina
1840 1682 1932 1737 po-

348 1753 458 1806 tius
504 1753 781 1806 miseratio
832 1753 1048 1807 cwlitus
1115 1755 1414 1824 inspiravit.
1481 1756 1929 1826 Quandoquidem

2036 576 2093 621 ut
2118 568 2500 625 violentissima
2527 584 2703 638 pugna
2729 584 2786 624 se
2819 583 3016 640 capere
3039 569 3091 624 in
3115 584 3304 625 eorum
3327 569 3490 625 corde
3517 569 3605 622 vix

2033 659 2222 728 possit.
2253 658 2559 728 Proponunt
2584 677 2814 730 namque
2851 662 2952 716 sibi
2988 662 3203 731 maligni
3233 662 3455 731 spiritus
3477 676 3609 729 qua-

2035 748 2104 802 lia
2129 757 2183 803 et
2206 764 2367 817 quant
2418 749 2733 818 multiplicia
2759 752 3060 805 animarum
3089 751 3234 806 lucra
3267 754 3376 806 Deo
3401 752 3610 821 potuis-

2033 847 2155 892 sent
2178 840 2460 908 acquirere
2486 881 2500 904 ,
2532 841 2578 894 si
2605 841 2879 908 patienter
2910 843 2961 894 in
2990 856 3076 904 eo,
3101 857 3209 909 quo
3237 841 3453 897 fuerant
3474 883 3488 904 ,
3518 858 3612 896 vo-

2033 925 2260 982 luissent
2291 929 2479 983 ordine
2509 944 2846 998 permanere.
2880 930 3049 996 Quam
3085 931 3266 1001 plures
3309 933 3454 986 enim
3481 975 3495 997 ,
3529 933 3610 986 in—

2035 1017 2248 1087 quiunt,
2282 1034 2344 1074 ex
2373 1020 2615 1076 saeculari
2640 1021 2824 1074 habitu
2848 1021 2914 1074 ad
2937 1022 3256 1075 servitutem
3286 1022 3488 1078 Christi
3519 1034 3607 1097 tua

2034 1112 2407 1166 exhortatione
2431 1123 2839 1176 concurrerent,
2859 1114 2958 1182 ipsi
2983 1113 3146 1168 etiam
3169 1114 3259 1183 qui
3289 1115 3458 1170 relicti
3483 1127 3613 1170 sunt

2034 1197 2292 1261 facile.se
2331 1217 2361 1254 a
2412 1202 2524 1256 suis
2574 1203 2931 1271 pravitatibus
2975 1204 3312 1259 cohiberent.
3347 1204 3453 1260 Sed
3499 1207 3612 1260 lure

2035 1291 2174 1344 bona
2210 1292 2420 1360 vagitus
2453 1292 2706 1356 abstulit,
2731 1294 2919 1347 vitium
2951 1294 3324 1362 instabiiitatis
3361 1296 3612 1350 exclusit.

2036 1379 2285 1450 Nunquid
2318 1382 2410 1435 tibi
2439 1382 2535 1436 soli
2563 1391 2722 1435 natus
2749 1399 2840 1446 es,
2883 1392 2943 1437 ut
2970 1384 3174 1437 nullum
3204 1385 3270 1438 de
3299 1397 3350 1437 te
3382 1388 3614 1454 proximi

2035 1471 2110 1522 tui
2153 1471 2402 1524 solatium
2435 1472 2698 1535 sentiant;
2743 1471 2876 1524 nulli
2920 1487 2988 1526 ex
3041 1483 3090 1528 te
3117 1513 3132 1537 ,
3167 1473 3310 1527 velut
3347 1490 3412 1528 ex
3442 1475 3613 1529 sterili

2036 1561 2232 1613 arbore
2261 1559 2473 1629 (Matth.
2499 1560 2652 1628 xxv),
2681 1576 2745 1614 ac
2768 1575 2864 1627 per
2893 1561 2994 1617 hoc
3020 1563 3233 1632 ignibus
3257 1563 3460 1627 debita,
3499 1564 3614 1618 frn-

2033 1661 2156 1702 cnis
2183 1650 2507 1718 erumpant?
2537 1648 2740 1705 Servus
2770 1651 2880 1716 ille,
2907 1653 2997 1720 qui
3025 1653 3079 1707 in
3107 1655 3325 1707 sudario
3353 1655 3610 1709 talentum

2036 1741 2202 1795 herile
2224 1741 2461 1808 reposuit
2485 1740 2637 1811 (Luc.
2665 1742 2802 1813 tux),
2840 1743 3097 1798 districta:
3126 1745 3613 1800 animadversionis

349 1858 494 1895 nunc
505 1852 686 1907 vacat,
707 1843 844 1898 etde
867 1845 1082 1914 propria
1104 1845 1278 1900 salute
1301 1845 1636 1915 propensiori
1661 1849 1776 1902 fieri
1794 1864 1925 1902 cura

2036 1833 2356 1886 sententiam
2391 1847 2497 1887 non
2526 1835 2718 1898 evasit,
2759 1844 2816 1888 et
2843 1849 2910 1888 ex
2939 1851 3004 1888 eo
3032 1835 3282 1890 ineantus
3309 1836 3361 1889 in
3392 1839 3615 1890 damna-

348 1930 658 1995 sollicitum,
686 1941 742 1986 et
770 1933 836 1987 de
865 1944 944 1987 tot
970 1935 1275 1988 animarum
1316 1951 1423 1990 non
1452 1938 1718 1992 reddenda
1752 1939 1932 1994 multi-

346 2023 473 2092 plici
507 2024 715 2079 ratione
739 2041 1010 2080 securum.
1053 2025 1438 2082 Verumtamen
1469 2029 1722 2098 quoniam
1754 2041 1934 2086 veter—

350 2131 519 2171 nosus
546 2117 765 2171 immani
815 2119 1027 2188 generis
1060 2118 1332 2183 inimicus,
1364 2120 1454 2188 qui
1488 2121 1632 2175 mille
1658 2131 1802 2176 artes
1832 2137 1931 2176 no-

346 2205 508 2260 ceudi
539 2216 739 2270 movet,
773 2219 983 2263 mentes
1013 2225 1293 2264 servorum
1328 2210 1420 2264 Dei
1452 2212 1670 2280 pulsare
1703 2229 1806 2266 non
1839 2214 1930 2268 dc-

348 2296 500 2364 sinit,
531 2305 584 2349 et
616 2297 778 2352 illatis
811 2300 1044 2354 diversis
1074 2301 1464 2356 tentationibus
1493 2303 1775 2371 quiescere
1822 2321 1928 2358 non

341 2371 649 2457 permittit;
681 2391 897 2457 expedit
928 2401 978 2444 te
1001 2399 1150 2444 tanto
1177 2392 1462 2448 sollicitius
1489 2395 1634 2448 circa
1657 2395 1927 2464 propriam

344 2479 648 2531 custodiam
699 2480 942 2548 vigilare,
975 2489 1177 2549 quanto
1226 2481 1353 2536 licet
1397 2481 1466 2536 ab
1515 2482 1702 2536 aliena:
1753 2484 1932 2552 provi-

348 2570 520 2634 siunis
566 2586 696 2624 cura
745 2571 1023 2626 desistere.
1070 2572 1273 2627 Locum
1319 2574 1518 2644 quippe
1554 2575 1798 2639 mutaSti,
1836 2575 1929 2630 sed

350 2676 458 2712 non
509 2660 717 2714 hostem
757 2679 770 2713 :
813 2673 868 2716 et
913 2678 1234 2733 quocunque
1281 2679 1509 2732 pergas,
1561 2665 1932 2734 corruptionis

349 2760 455 2805 tua:
488 2762 686 2816 tecum,
727 2754 880 2817 velis,
915 2754 1078 2818 nolis,
1122 2756 1395 2810 sarcinam
1442 2765 1666 2824 portas;
1713 2773 1780 2812 ex
1826 2774 1929 2826 qua

345 2855 575 2896 necesse
603 2854 686 2898 est
715 2844 918 2914 spinas,
941 2853 995 2898 et
1019 2846 1242 2900 tribulos
1268 2847 1604 2902 incessanter
1629 2865 1927 2920 emergere,

345 2936 404 2989 in
456 2936 654 3006 quibus
699 2937 1066 3008 exstirpandis
1123 2941 1376 3009 expediat
1420 2951 1472 2996 te
1527 2941 1932 3013 infatigabiliter

342 3041 623 3080 exercere.
655 3027 856 3082 Desunt
883 3029 1150 3095 homines,
1177 3033 1266 3099 qui
1297 3031 1392 3086 tibi
1426 3033 1800 3088 machinentur
1825 3034 1929 3090 lin-

343 3131 575 3184 guarum
606 3131 823 3172 suarum
869 3120 1092 3189 sagittas
1139 3120 1416 3192 inﬂigere;
1455 3125 1652 3179 adsunt
1683 3125 1930 3186 invisibi-

2037 1921 2198 1976 tionis
2221 1922 2516 1991 perieulum
2545 1924 2742 1978 cecidit
2765 1965 2780 1989 ,
2809 1925 2951 1979 unde
2979 1926 3132 1993 quasi
3159 1935 3347 1980 cautus
3372 1926 3471 1980 s.bi
3497 1943 3618 1996 pro-

2033 2015 2213 2070 videre
2251 2017 2477 2085 putavit.
2516 2017 2621 2070 Alii
2659 2018 2852 2072 dedisti
2897 2020 3202 2075 mercedem
3237 2031 3411 2086 tuam,
3439 2023 3617 2092 proje-

2032 2108 2152 2161 ciszi
2185 2117 2212 2160 a
2261 2119 2311 2162 te
2338 2117 2607 2178 perpetuac
2635 2111 3088 2165 remunerationis
3129 2112 3471 2182 acquirendae
3499 2131 3616 2167 ma-

2035 2200 2248 2253 teriam.

2103 2291 2247 2346 Inter
2291 2293 2406 2346 haec
2454 2293 2619 2347 etiam
2668 2294 2737 2349 ad
2784 2295 3100 2350 memoriam
3147 2303 3404 2348 revocant
3453 2295 3616 2364 hujus

2034 2383 2214 2435 mundi
2241 2383 2406 2448 bona,
2431 2385 2623 2452 quibus
2664 2395 2783 2439 erat
2823 2395 2948 2440 ante
2979 2385 3354 2453 circumfluus;
3385 2401 3616 2457 exagge-

2034 2482 2154 2525 rant
2184 2474 2518 2542 paupertatis
2545 2475 2778 2544 inopiam
2805 2514 2820 2538 ,
2854 2476 2906 2529 in
2955 2491 3061 2544 qua
3099 2490 3240 2528 nunc
3269 2475 3509 2530 cernitur
3533 2477 3615 2530 in-

2035 2560 2260 2616 feliciter
2286 2564 2640 2630 constitutus;
2674 2575 2745 2630 et,
2777 2575 2835 2617 ut
2869 2582 3082 2619 murum
3123 2567 3320 2622 mentis
3345 2567 3613 2636 impactus

2034 2657 2348 2711 tentationis
2397 2658 2541 2712 aries
2571 2658 2752 2713 acrius
2789 2657 2993 2724 feriat,
3045 2659 3284 2712 additur.
3333 2660 3613 2729 Perpende

2033 2764 2190 2818 ergo,
2227 2763 2433 2817 quanto
2478 2749 2675 2804 melius
2718 2751 2789 2804 sit
2827 2765 2948 2805 cum
2993 2751 3104 2805 Deo
3152 2751 3405 2805 omnibus
3448 2752 3614 2806 etiam

2034 2840 2422 2909 temporalibus
2442 2841 2598 2896 bouis
2617 2841 2854 2906 affluere,
2878 2858 3040 2912 quam
3062 2852 3251 2897 contra
3275 2843 3442 2899 Deum
3465 2845 3615 2898 omni

2034 2933 2278 2987 subsidio
2299 2933 2700 2987 sustentatoria:
2721 2933 2884 3005 462
2903 2934 3244 2988 necessitatis
3265 2949 3459 3003 egere:
3487 2935 3617 3004 quia

2033 3022 2204 3077 Deum
2234 3038 2340 3078 non
2387 3023 2634 3089 timuisti,
2690 3025 3036 3094 temetipsum
3070 3025 3374 3095 dejicieudo
3423 3036 3477 3080 et
3526 3028 3616 3081 de-

2036 3113 2413 3180 bonestando,
2463 3123 2850 3179 contemnere,
2907 3116 3143 3185 propriis
3194 3116 3384 3170 saltem
3427 3117 3618 3172 usibus

345 3207 428 3260 les
459 3207 682 3273 inimici,
707 3211 794 3277 qui
817 3209 1101 3265 adversum
1137 3221 1187 3266 te
1215 3189 1488 3282 nunquam
1512 3214 1762 3272 desinant
1790 3217 1932 3270 fero-
1961 3189 2004 3248 Ο
2037 3211 2304 3266 debueras
2331 3211 2646 3280 temporalia
2671 3209 2830 3278 hujus
2849 3211 2973 3264 vitae
3002 3211 3269 3280 stipendia
3297 3226 3614 3281 procurare.

346 3298 487 3352 citer
509 3299 789 3355 dimicare.
825 3300 901 3355 llli
931 3315 1062 3356 sane
1093 3312 1345 3372 poterant
1381 3314 1556 3360 tecum
1587 3307 1780 3376 sortitis
1803 3322 1935 3375 que-

345 3387 478 3442 relis
522 3387 665 3443 facili
714 3391 1160 3448 reconciliatione
1201 3395 1491 3462 componi;
1545 3395 1631 3449 isti
1683 3397 1934 3450 nesciunt

345 3481 672 3552 quandoque
703 3483 907 3538 homini
934 3499 1069 3552 pace
1093 3487 1393 3556 composita
1423 3486 1702 3542 foederari.
1732 3486 1812 3542 Illi
1839 3489 1929 3542 ad-

344 3589 566 3628 versum
598 3583 649 3628 te
678 3573 822 3627 nulla
855 3583 1087 3638 norunt,
1131 3575 1236 3630 nisi
1274 3577 1545 3631 exteriora
1578 3592 1729 3630 arma
1758 3577 1932 3631 corri-

346 3677 504 3731 pere;
531 3663 619 3717 isti
644 3665 695 3716 iu
724 3664 850 3732 ipsis
873 3666 1068 3719 mentis
1089 3674 1193 3720 tua:
1215 3667 1484 3721 mentibus
1506 3668 1930 3737 impiesazviunt,

347 3751 508 3824 46],
540 3753 592 3808 in
619 3753 832 3824 ipsa.tui
862 3756 1097 3824 pectoris
1126 3755 1259 3811 urbe
1303 3757 1618 3826 conﬂigunt.
1646 3759 1736 3826 Et,
1772 3769 1830 3813 ut
1859 3761 1932 3814 ita

347 3843 664 3913 congressio
707 3845 1060 3914 periculosior
1085 3847 1336 3901 videatur
1359 3887 1374 3912 ,
1408 3848 1458 3902 in
1506 3849 1619 3917 ipsa
1646 3865 1810 3904 carne
1843 3859 1931 3904 tua

344 3933 592 4002 qinedam
624 3935 775 4002 quasi
804 3935 1038 4002 perfidos
1069 3936 1164 3989 tibi
1196 3937 1594 3992 commilitones
1629 3938 1930 4003 inveniunt,

346 4042 486 4095 quos
514 4027 565 4078 in
603 4038 951 4097 augmentum
999 4043 1109 4082 sua:
1139 4029 1310 4098 partis
1359 4029 1688 4083 adsciscunt.
1716 4030 1772 4084 In
1825 4031 1930 4084 tuis

347 4117 554 4172 laribus
598 4119 747 4183 vivit,
778 4121 917 4173 unde
949 4121 1193 4175 hostibus
1221 4122 1328 4175 tuis
1356 4121 1523 4175 robur
1552 4124 1846 4187 accrescit;
1879 4133 1932 4177 et

345 4210 602 4264 vitiorum
642 4220 882 4266 monstra
911 4253 926 4275 ,
971 4227 1096 4266 cum
1140 4213 1478 4266 inimicorum
1512 4214 1798 4267 adversum
1835 4231 1932 4268 nos

342 4301 634 4370 spirituum
667 4302 801 4355 bella
830 4311 1202 4372 consurgunt,
1234 4302 1340 4358 illis
1380 4303 1584 4358 sociata
1615 4304 1933 4372 constipatis

346 4407 449 4448 nos
470 4393 658 4448 cuneis
687 4393 931 4448 feraliter
955 4402 1230 4465 premunt.

969 4505 1198 4562 CAPUT
1235 4505 1319 4562 ill.

347 4593 551 4660 Quibus
581 4594 781 4650 artibus
809 4596 1016 4671 daemon
1055 4599 1322 4671 impugnet
1347 4615 1433 4654 eos
1466 4600 1557 4670 qui
1603 4617 1656 4655 re
1685 4619 1715 4654 a
1741 4600 1932 4671 prosla-

888 4669 1016 4720 turis
1053 4669 1387 4723 abdicarunt.

421 4753 589 4810 Stude
613 4769 764 4826 ergo,
799 4755 1147 4812 dilectissime
1170 4798 1186 4822 ,
1217 4773 1314 4830 per
1341 4768 1544 4814 saneta:
1567 4761 1936 4816 conversatioe

347 4847 433 4900 nis
458 4847 767 4900 instantiam
791 4848 870 4902 sic
905 4847 958 4900 in
981 4847 1257 4902 anteriora
1279 4850 1624 4913 contendere,
1649 4858 1710 4904 ut
1730 4851 1935 4905 nesciat

347 4954 504 4993 lttetls
533 4949 621 4993 tua
647 4949 767 5010 post
803 4949 1011 5011 tergum
1039 4940 1224 4996 oculos
1249 4957 1526 4999 revocare.
1556 4942 1689 4998 lllud
1717 4954 1933 5012 aposto-

345 5028 514 5085 licum
541 5045 756 5102 semper
806 5033 861 5086 in
908 5033 1172 5088 memoria
1220 5043 1500 5098 teneatur,
1539 5051 1647 5105 quo
1688 5035 1935 5091 dicitur:

349 5141 374 5175 ι
409 5120 541 5189 Qua:
571 5133 717 5177 retro
742 5123 959 5187 oblitus,
989 5126 1041 5178 in
1064 5141 1126 5180 ea
1159 5167 1175 5189 ,
1203 5137 1324 5195 quae
1351 5128 1625 5181 anteriora
1656 5137 1810 5192 sunt,
1838 5143 1934 5183 cx-

345 5214 580 5268 tendens
627 5230 735 5280 me,
767 5230 968 5284 sequor
991 5216 1060 5270 ad
1091 5217 1335 5271 bravimn
1361 5233 1609 5286 superna:
1637 5219 1937 5274 vocationis

346 5302 607 5374 (Philipp.
637 5305 744 5373 ut).
779 5326 796 5358 ι
840 5307 962 5361 Sint
998 5308 1152 5376 ιπειίεε
1180 5310 1278 5372 tui,
1304 5309 1446 5362 sicut
1476 5324 1573 5378 per
1595 5309 1935 5364 Ezeebiclcm

347 5396 419 5448 de
438 5395 612 5449 sacris
632 5396 955 5452 animalibus
983 5398 1201 5464 dicitur,
1231 5419 1247 5448 ‹
1269 5399 1422 5467 pedes
1446 5399 1571 5452 recti
1593 5396 1810 5469 (Ezcclt.
1836 5402 1930 5467 1).»

347 5483 621 5540 Nimirum
645 5487 735 5558 qui
764 5489 844 5544 sic
868 5490 1117 5545 noverint
1140 5499 1428 5560 angustum
1450 5491 1574 5556 iter,
1599 5491 1741 5560 quod
1771 5491 1938 5545 semel

349 5585 632 5645 arreptum
661 5586 745 5632 est
766 5619 780 5644 ,
809 5593 1031 5650 carpere
1053 5621 1067 5643 ,
1100 5592 1160 5634 ut
1188 5581 1254 5634 ad
1294 5597 1412 5634 eam
1455 5595 1576 5651 (iure
1602 5580 1789 5635 relicta
1813 5591 1891 5635 es:
1921 5621 1936 5644 ,

350 5670 690 5738 retrogradis
716 5670 991 5740 gressibus
1015 5671 1374 5742 dedignentur
1397 5688 1454 5726 se
1484 5671 1822 5726 latitudinem
1851 5688 1936 5722 νει-ο

352 5769 630 5829 torquere.
665 5759 914 5816 Nonnulli
945 5762 1090 5817 enim
1139 5772 1260 5832 post
1287 5763 1588 5832 depositum
1623 5763 1701 5814 sui
1730 5763 1939 5831 priora-

1965 4533 2013 4592 D

2035 3302 2194 3358 Modo
2241 3304 2406 3358 etiam
2450 3302 2616 3358 falsus
2657 3318 2811 3357 amor
2845 3319 3032 3358 eorum
3066 3304 3290 3358 fratrum
3319 3345 3334 3369 ,
3385 3304 3619 3374 quorum

2035 3395 2230 3450 devoto
2264 3393 2443 3448 fuerat
2486 3409 2616 3449 usus
2661 3393 2922 3463 obsequio
2945 3434 2961 3459 ,
2995 3394 3229 3449 latenter
3277 3396 3618 3455 immittitur;

2035 3486 2194 3539 modo
2219 3485 2355 3538 livor
2376 3485 2430 3542 in
2451 3499 2546 3540 eos
2568 3485 2660 3554 qui
2683 3486 2952 3539 adversati
2984 3484 3204 3540 fuerunt
3234 3501 3340 3540 non
3375 3486 3620 3542 modicus

2033 3577 2321 3634 escimutr.
2357 3576 2492 3631 lstos
2535 3575 2716 3640 dolet,
2742 3577 2868 3645 quia
2911 3591 2970 3630 se
3000 3586 3407 3646 conqueruntur
3435 3579 3502 3632 ab
3529 3593 3616 3640 eo.

2035 3667 2088 3720 in
2127 3682 2291 3737 quem
2341 3676 2735 3737 Speraverant,
2784 3666 3114 3722 remansisse
3159 3667 3440 3736 deceptos;
3493 3668 3620 3723 illos

2033 3769 2238 3822 autem,
2269 3759 2396 3826 quia
2451 3773 2509 3814 se
2559 3758 2860 3829 gloriantur
2910 3758 2977 3813 de
3024 3773 3134 3812 sum
3179 3761 3621 3829 prtesumpttouis

2033 3848 2348 3902 excessibus
2391 3848 2705 3917 impunitos.
2753 3847 2890 3902 Istos
2916 3857 3070 3919 putat
3098 3851 3162 3904 de
3191 3865 3289 3904 sua
3322 3849 3623 3917 dejectione

2035 3941 2333 4004 tabescere,
2364 3939 2482 3994 illos
2505 3940 2652 3994 velut
2675 3941 2924 3995 inimicos
2953 3942 3066 3996 suis
3091 3944 3307 3997 casibus
3337 3943 3618 3998 insultare.

2034 4030 2171 4085 lstos
2193 4032 2452 4100 ,Opinatur
2480 4049 2509 4084 a
2541 4033 2655 4085 suis
2689 4031 2898 4086 teimilis
2923 4033 3233 4100 comprimi,
3267 4032 3385 4086 illos
3426 4045 3624 4088 niteret

2037 4122 2088 4174 in
2122 4120 2389 4190 superbiae
2411 4122 2669 4176 cornibus
2690 4131 3010 4191 arroganter
3037 4123 3244 4177 extolli.
3279 4122 3402 4177 Ηιιιο
3433 4132 3486 4178 et
3514 4125 3624 4180 alia

2037 4213 2203 4267 multa
2228 4213 2615 4282 cogitationum
2645 4213 3023 4282 phantasmata
3055 4213 3374 4282 nequissimi
3397 4214 3622 4283 spiritus

2036 4305 2286 4360 Immanis
2323 4305 2593 4359 mentibus
2642 4305 2929 4373 ingerunt,
2961 4305 3046 4358 his
3088 4305 3342 4359 nimirum
3378 4322 3497 4373 qua:
3530 4324 3626 4362 ne-

2034 4411 2303 4466 quaquam
2335 4411 2393 4450 se
2423 4395 2548 4449 forti
2593 4395 2990 4465 prosper-tionis
3017 4395 3260 4449 custodia
3295 4396 3624 4451 circumclu-

2039 4490 2191 4544 dunt.
2214 4488 2350 4542 lliuc
2370 4495 2455 4542 est
2474 4488 2620 4556 quod
2643 4486 2931 4541 nonnullos
2954 4487 3229 4542 cernimus
3255 4487 3625 4556 prmpOsitum

2041 4594 2162 4634 cum
2188 4593 2382 4649 magno
2403 4577 2555 4647 prius
2581 4575 2792 4631 fervore
2819 4577 3079 4632 desedere
3106 4575 3414 4650 [decedere]
3431 4618 3445 4640 ,
3477 4558 3626 4646 post-

2041 4671 2259 4724 modum
2293 4685 2421 4724 vero
2464 4669 2528 4724 ad
2570 4669 2820 4724 eumdem
2848 4669 3110 4723 vomitum
3151 4668 3626 4739 importunteamf

2039 4760 2265 4815 bitionis
2303 4761 2561 4814 instantia
2604 4759 2893 4824 festinare;
2935 4769 2991 4812 et
3036 4758 3409 4826 multiplicium
3447 4766 3623 4810 tenta-

2040 4852 2247 4906 tionum
2273 4852 2453 4906 vallati
2477 4851 2766 4914 densitate,
2788 4850 2870 4904 vel
2897 4851 2962 4902 ad
2991 4842 3277 4918 concupita
3309 4849 3624 4915 deveniunt,

2040 4943 2123 4996 vel
2175 4959 2204 4996 a
2248 4942 2422 4996 sancti
2468 4941 2650 5012 Operis
2691 4956 2800 5010 quo
2850 4938 3244 4994 incanducrnnt
3281 4938 3492 4992 fervore
3539 4949 3623 4993 te-

2040 5044 2287 5105 pescunt.

2113 5125 2190 5178 Tu
2240 5134 2445 5186 autem,
2480 5123 2846 5186 dilectissime,
2893 5119 3048 5189 juxta
3095 5120 3433 5189 prudentiam
3476 5128 3623 5174 tuam

2037 5215 2297 5270 virtutum
2345 5214 2511 5269 armis
2553 5213 2710 5268 fortis
2757 5212 3030 5282 praelfator
3070 5212 3352 5282 accingere
3379 5253 3392 5277 ,
3434 5221 3626 5267 contra

2041 5305 2215 5360 hostis
2236 5306 2437 5359 versuti
2458 5305 2680 5358 insidias
2706 5318 2920 5374 semper
2942 5303 2992 5358 in
3017 5302 3132 5358 acie
3157 5311 3376 5372 paratus
3403 5303 3623 5365 assiste.

2041 5410 2235 5448 vanam
2267 5395 2428 5464 hujus
2459 5396 2642 5448 mundi
2670 5394 2897 5463 gloriam
2945 5395 3163 5463 despice
3187 5435 3202 5459 ,
3254 5403 3482 5448 terrenae
3506 5389 3624 5447 feliv

2041 5487 2222 5540 citatis
2243 5485 2604 5539 blandimenta
2628 5495 2937 5551 contemne,
2958 5486 3216 5556 quidquid
3240 5485 3293 5539 in
3321 5486 3519 5540 steculo
3535 5500 3620 5539 ar-

2042 5577 2199 5641 ridet,
2229 5586 2482 5646 tauquam
2525 5575 2896 5630 Iudiflcatorim
2931 5575 3331 5646 imaginationis
3353 5576 3623 5628 somnium

2045 5669 2261 5736 deputa,
2296 5668 2361 5720 ad
2389 5680 2571 5720 verant
2597 5666 2739 5720 illam
2763 5666 2998 5722 cmlestis
3025 5665 3211 5735 patria:
3236 5665 3621 5718 beatitudinem

2048 5778 2143 5816 cor
2165 5769 2403 5815 erectum
2435 5761 2562 5812 totis
2591 5759 2887 5814 visceribus
2924 5757 3249 5812 inardescat.
3283 5756 3414 5810 Cum
3441 5769 3620 5824 pugna
