4132 6324
522 337 561 389 ’Δ
568 336 637 391 05

964 344 1023 399 S.
1064 342 1263 398 PETRI
1320 338 1597 396 DAMlANl
1637 335 1787 390 UPP.
1832 332 2067 387 TUMUS
2104 333 2234 388 SEU
2271 335 2452 391 PARS
2481 336 2567 392 ιιι.
2615 365 2685 376 --
2721 333 3084 395 OPUSCULA
3126 333 3354 389 VARIA.

3674 334 3789 392 ωε

531 464 750 527 crescit,
781 461 921 517 cum
941 459 1295 513 tentationum
1335 454 1592 524 strepitus
1617 453 1841 522 ingruit,
1870 451 2115 520 protinus
2141 456 2190 515 Α
2216 451 2388 521 eligis,
2419 442 2545 506 cum
2570 466 2637 506 eo
2664 449 2823 506 simul
2856 448 3249 504 immortalibus
3281 446 3482 502 divitiis
3508 446 3561 501 in
3596 450 3789 504 mterni

530 559 769 612 adhunc
817 560 1025 621 portum
1072 563 1227 603 meus
1256 548 1375 602 beta
1422 544 1737 615 confugiat,
1782 553 1835 598 et
1877 543 2018 598 velut
2054 543 2106 598 in

2214 542 2366 613 regni
2414 541 2583 611 gloria
2626 540 2955 611 perfruaris;
2984 549 3040 593 ct
3081 539 3222 592 inter
3245 536 3445 593 electos
3477 535 3698 593 abbates
3740 548 3798 593 te

531 646 764 717 quadam
813 639 1129 694 munitionis
1175 653 1301 692 arce
1347 635 1740 691 delectabiliter
1770 634 2110 702 requiescat,
2202 628 2393 700 jubeat
2421 630 2473 684 in
2511 628 2907 685 resurrectione
2955 626 3248 689 constitui,
3283 641 3382 695 pro
3412 623 3565 693 cujus
3605 641 3795 681 auore

529 745 590 790 ut
637 734 732 788 ﬁat
771 730 914 800 quod
961 744 1062 799 per
1103 725 1443 781 Psalmistam
1473 725 1669 780 dicitur
1701 742 1715 778 :
1756 743 1773 775 ι
1801 723 2114 777 Abscondes

452 828 464 844 '
530 839 625 879 eos
656 822 709 876 in
736 820 918 875 abdito
942 817 1124 872 vultus
1155 816 1229 870 tui
1270 831 1301 868 a
1341 813 1757 869 conturbatione
1787 811 2062 866 hominum
2089 850 2105 879 ,

531 920 756 983 protege
799 925 893 965 eos
938 909 998 963 in
1058 904 1405 962 tabernaculo
1450 912 1541 958 tuo
1591 917 1623 956 a
1675 900 2107 957 contradictione

528 1002 837 1072 linguarum
863 995 1034 1068 (Paul.
1060 995 1210 1065 χιι).
1250 1014 1270 1048 ο
1310 993 1593 1065 Proposita
1618 993 1779 1063 igitur
1807 991 1964 1047 inerti
1990 999 2105 1046 tor-

528 1093 682 1162 poris
727 1089 937 1160 ignavia
963 1128 979 1154 ,
1009 1087 1250 1143 omnium
1302 1085 1565 1140 virtutum
1595 1083 1790 1140 studiis
1818 1083 2112 1153 prudenter

530 1184 783 1255 iuvigila,
819 1183 872 1237 in
912 1196 978 1236 eo
1004 1180 1148 1249 quod
1177 1177 1387 1249 cmpisti
1427 1176 1773 1233 immobiliter
1799 1189 2107 1245 persevera.

466 1290 471 1296 '
528 1275 641 1329 Nec
669 1271 1057 1343 monasterium
1102 1270 1384 1341 reliquisse
1426 1269 1710 1339 poeniteat.
1766 1267 1862 1321 sed
1916 1280 2039 1321 sero
2064 1274 2116 1321 te

460 1345 466 1359 ³
531 1366 712 1435 potius
739 1370 1112 1435 experrectum
1140 1360 1469 1417 conscientia
1499 1357 1855 1428 reprehendat
1878 1396 1892 1418 ,
1924 1363 2112 1425 quate-

533 1472 634 1511 nus
659 1455 749 1527 qui
774 1469 921 1509 nunc
964 1468 1170 1525 pauper
1195 1466 1317 1508 esse
1339 1466 1461 1506 cum
1488 1449 1707 1506 Christo
1737 1447 2111 1518 temporaliter

2215 722 2269 776 in
2309 723 2410 779 hac
2445 722 2553 776 vita
2585 722 2653 778 de
2679 720 2931 777 abbatum
2971 729 3024 776 te
3061 719 3252 775 ordine
3291 719 3555 789 dejecisti.
3606 720 3748 776 Ecce
3772 764 3788 784 .

2216 812 2568 868 dilectissime
2597 812 2776 876 Pater,
2805 811 3005 866 amoris
3033 811 3113 867 tui
3139 810 3422 866 dulcedine
3444 820 3789 880 provocatus,

2214 905 2339 960 dum
2362 904 2513 975 plura
2544 903 2643 959 tibi
2681 904 2923 961 scribere
2951 902 3132 959 studui
3159 943 3173 967 ,
3223 903 3531 972 epistolaris
3572 904 3795 960 modum

2218 995 2501 1051 brevitatis
2545 996 2791 1061 excessi;
2822 996 2916 1051 sed
2967 1010 3099 1066 rogo
3136 995 3560 1066 omnipotentem
3614 980 3823 1051 Domi:

2216 1101 2371 1151 num,
2402 1095 2458 1140 ut
2507 1094 2562 1141 et
2608 1086 2723 1140 lucc
2754 1085 2848 1141 tibi
2881 1085 3083 1142 rustica
3110 1094 3166 1141 et
3196 1086 3443 1155 imperita
3473 1084 3635 1140 verba
3666 1098 3793 1154 pro-

2218 1175 2420 1241 ﬁciant,
2457 1184 2511 1230 et
2538 1176 2593 1230 in
2625 1189 2812 1230 eorum
2854 1175 3356 1245 recompensatione
3392 1182 3480 1228 tua
3509 1188 3608 1244 pro
3628 1188 3797 1229 servo

2221 1277 2314 1324 tuo
2339 1283 2497 1324 orare
2527 1267 2793 1324 sanctitas
2812 1281 2919 1322 non
2946 1267 3189 1322 desistat.

2534 1376 2621 1433 Sit
2652 1392 2835 1432 nomen
2869 1376 3082 1431 Domini
3124 1377 3466 1431 benedictum.

537 1634 3734 1679 MM

663 1784 1020 1861 463-464
1098 1793 1948 1913 OPUSCULUM
2008 1787 2813 1909 VICESIMUM
2876 1785 3643 1902 SECUNDUM

780 2020 1104 2081 CONTRA
1160 2013 1546 2078 CLERICOS
1609 2007 1989 2089 AULlCOSj,
2059 2009 2164 2073 UT
2211 2008 2322 2067 AD
2377 2005 2873 2099 DlGNlT’ATES
2921 2003 3554 2067 PROVEHANTUR.

534 2315 932 2370 Ancumenrun.
963 2337 1030 2351 -—
1058 2305 1339 2370 Invehitur
1357 2302 1410 2357 in
1434 2301 1660 2356 clericos
1686 2300 1802 2370 qui,
1827 2307 1888 2353 ut
1907 2298 2257 2370 episcopatus
2295 2294 2398 2350 sibi
2412 2293 2633 2370 possint
2653 2293 3016 2370 etdignitates
3032 2294 3430 2370 ecclesiasticas
3452 2310 3800 2370 comparare,

609 2364 947 2437 {mutilat-ium
977 2367 1281 2448 principum
1312 2388 1370 2427 se
1400 2371 1678 2448 famulatui
1706 2364 1980 2448 addi_cttni.
2013 2364 2380 2448 Docetautem
2411 2366 2545 2448 ill'os.
2566 2381 2674 2448 non
2703 2364 2907 2418 idcirco
2930 2366 2999 2448 ab
3027 2366 3250 2448 infando
3276 2364 3534 2448 Simunia:
3563 2364 3799 2447 Crimine

606 2434 877 2508 immunes
914 2434 1053 2511 esse,
1082 2434 1224 2515 quod
1255 2442 1481 2514 pecunia
1503 2440 1574 2515 ad
1606 2455 1701 2496 eas
1728 2440 1984 2515 scelestas
2026 2440 2327 2515 eruptiones
2355 2434 2721 2515 conﬁciendas
2753 2449 2857 2515 non
2891 2443 3129 2515 utantur,
3172 2436 3299 2515 iuno
3328 2437 3496 2515 multo
3537 2437 3708 2515 magis
3735 2452 3802 2515 ea

606 2505 763 2593 culpa
791 2505 1399 2593 irretitos'te'neri,'quia
1438 2512 1649 2593 scilipet
1684 2511 1909 2593 scipsos,
1929 2509 2085 2591 quod
2107 2505 2287 2593 majus
2313 2515 2414 2593 est,
2434 2505 3565 2593 agminatim!sacerdgtia'adipiscantura
3584 2506 3799 2593 Princi-

524 2596 527 2597 ⁷
607 2574 764 2662 piblts
792 2574 1007 2660 queque
1039 2574 1347 2662 cavendum
1376 2597 1496 2662 esse
1530 2581 1637 2645 ait,
1670 2596 1736 2634 ne
1764 2574 1889 2662 dum
1929 2574 2284 2662 improbiset
2327 2575 2631 2662 ﬂagitiosis
2658 2574 3388 2662 hominibusAEcclesiai-uip
3433 2575 3801 2662 guberpacula

607 2644 975 2726 commiltun't,
1005 2658 1179 2714 aliena
1210 2662 1435 2725 peccata
1468 2651 1521 2706 in
1549 2644 2172 2719 setransferantfqnod
2201 2644 2445 2718 pluribus
2474 2653 2767 2716 exaggerat
2786 2683 2801 2710 ,
2836 2644 3126 2714 multisque
3155 2645 3455 2700 rationibus
3487 2646 3798 2700 conﬁrmat.

608 2816 815 2870 Domno
829 2812 1118 2868 BONIFACIO
1144 2804 1597 2862 reverendissimo
1624 2803 1878 2873 episcopo
1899 2800 2116 2856 Pramus
2148 2806 2191 2866 Β
2222 2799 2375 2870 regni
2414 2798 2676 2853 oriundus
2716 2798 2780 2853 a.l
2814 2799 2977 2870 regiae
3013 2799 3304 2869 dignitatis
3348 2798 3555 2868 apicem
3583 2816 3801 2870 promo—

538 2916 793 2981 pcccator
819 2901 1117 2959 monachus
1146 2897 1489 2955 servitutem.

605 2997 875 3053 Admonet
918 2992 1001 3045 vir
1049 2988 1323 3057 Sapiens:
1360 3004 1378 3037 ι
1406 2983 1540 3040 Cum
1589 2991 1833 3054 emptore
1859 3021 1876 3048 ,
1915 2980 2116 3052 inquit,

536 3097 710 3145 tracta
756 3087 824 3142 de
858 3082 1166 3141 venditione
1194 3119 1210 3146 ,
1266 3093 1392 3134 cum
1440 3077 1556 3132 viro
1604 3075 1768 3132 livido
1817 3076 1884 3131 de
1931 3075 2120 3147 gratiis

540 3176 787 3250 agendis,
818 3188 942 3231 cum
973 3171 1137 3241 impio
1174 3170 1243 3226 de
1263 3169 1463 3241 pietate
1483 3207 1498 3233 ,
1525 3182 1650 3222 cum
1682 3166 1908 3221 honesto
1935 3167 2002 3220 de
2025 3164 2120 3219 ho-

540 3275 752 3324 nestate
780 3260 969 3333 (Eccli.
1004 3260 1232 3332 xxxvu).
1269 3278 1288 3310 ι
1324 3256 1529 3325 Quibus
1558 3256 1723 3312 etiam
1755 3266 1880 3311 ante
1907 3255 2122 3325 przemi—

536 3365 685 3413 serat
711 3372 725 3409 :
761 3373 780 3404 ι
816 3351 952 3408 Cum
982 3352 1097 3406 viro
1127 3349 1376 3420 religioso
1406 3356 1579 3403 tracta
1607 3347 1672 3400 de
1717 3344 2005 3400 sanctitate
2024 3384 2040 3410 ,
2067 3352 2123 3398 et

537 3464 661 3504 cum
686 3447 834 3518 justo
863 3444 929 3498 de
952 3442 1163 3512 justitia
1195 3439 1405 3513 (Ibid.).
1437 3458 1456 3492 ι
1492 3439 1568 3495 De
1595 3437 1965 3494 sacerdotibus
1990 3451 2121 3507 ergo

537 3536 669 3593 nulli
724 3532 1107 3604 congruentius
1153 3545 1334 3585 sermo
1362 3529 1612 3600 dirigitur
1639 3541 1802 3596 quam
1831 3526 2119 3599 sacerdoti.

539 3626 673 3680 Cum
709 3626 921 3692 itaque,
945 3620 1270 3676 venerabilis
1299 3619 1483 3683 Pater,
1515 3616 1583 3671 de
1612 3615 1886 3671 modernis
1913 3615 2122 3685 episco-

541 3716 626 3785 pis
676 3714 806 3768 mihi
838 3710 1089 3783 perplura
1120 3709 1465 3778 displiceant,
1513 3706 1639 3761 illud
1692 3705 2122 3761 intolerabilibus

541 3804 803 3869 arbitror,
831 3803 954 3872 quia
988 3799 1230 3856 nonnulli
1276 3799 1402 3854 dum
1445 3801 1683 3855 honores
1722 3797 2123 3853 ecclesiasticos

540 3895 759 3951 IEtncis
784 3892 1073 3964 vaporibus
1100 3890 1419 3946 :estuantius
1446 3889 1714 3955 ambiunt,
1741 3888 1794 3943 in
1818 3885 2122 3944 clientelam

540 3985 844 4057 potentium
891 3993 1147 4053 tanquam
1195 3996 1384 4037 servos
1438 3995 1495 4036 se
1554 3980 1829 4035 dedititios
1865 3979 2124 4034 obscmne

539 4076 916 4133 substernunt.
972 4071 1355 4129 Ecclesiastica
1398 4071 1593 4141 quippe
1642 4072 1938 4137 deserunt,
1995 4069 2122 4124 dum

2220 2900 2397 2956 vetttr,
2428 2890 2471 2945 si
2498 2891 2731 2960 denique
2755 2906 2819 2946 er;
2855 2892 3097 2962 ejusdem
3126 2892 3275 2946 l'unli
3304 2893 3501 2948 accolis
3528 2895 3799 2965 quispiam

2222 2981 2275 3035 in
2328 2980 2494 3035 rurali
2551 2981 2879 3037 villicatiune
2926 2985 3287 3054 praeponitur;
3334 3001 3443 3055 quo
3478 2997 3637 3055 pacto
3682 2990 3800 3044 sola

2220 3069 2419 3126 Christi
2445 3071 2686 3127 Ecclesia
2715 3085 2992 3139 extraneo,
3023 3074 3104 3129 vel
3130 3075 3313 3144 ignoro
3332 3076 3545 3131 cuilibet
3570 3077 3800 3144 homini,

2224 3171 2480 3232 tanquam
2512 3161 2618 3216 vile
2657 3162 2948 3228 stabulum,
3003 3164 3414 3220 committetur?
3474 3164 3530 3220 Si
3586 3176 3802 3222 terrena

2221 3265 2450 3320 quaeque
2472 3266 2568 3321 per
2593 3266 2720 3307 suos
2748 3251 3079 3308 domesticos
3122 3254 3503 3324 disponuntur,
3531 3258 3804 3325 quomodo

2220 3352 2408 3398 sancta
2461 3343 2697 3399 Ecclesia
2727 3385 2742 3411 ,
2782 3361 2904 3415 quae
2934 3356 3207 3416 sceptrum
3262 3347 3412 3417 regni
3455 3358 3511 3403 et
3552 3348 3675 3403 aula
3719 3359 3805 3404 est

2221 3437 2458 3493 caelestis
2497 3437 2730 3506 imperii,
2761 3438 2959 3508 spretis
2987 3440 3244 3509 propriis,
3271 3439 3323 3493 in
3374 3449 3593 3495 exteros
3623 3449 3803 3495 trans-

2222 3528 2431 3584 fertur?
2460 3528 2826 3602 Undecunque
2852 3540 3032 3585 tamen
3062 3532 3156 3594 sit,
3184 3531 3227 3586 si
3253 3531 3322 3586 ab
3344 3532 3475 3600 ipsis
3501 3532 3698 3601 quibus
3717 3542 3804 3589 est

2221 3620 2613 3688 praeponendus
2644 3619 2877 3690 cligitur,
2908 3636 3014 3675 non
3045 3630 3339 3677 extraneos
3362 3621 3656 3690 judicatur.

2730 3711 2958 3769 CAPUT
2998 3711 3290 3770 PRIMUM.

2255 3799 2333 3855 De
2362 3799 2562 3855 clericis
2601 3800 2843 3871 obsequio
2870 3800 3208 3857 swcularium
3232 3804 3524 3873 principum
3552 3805 3764 3860 deditis.

2294 3891 2400 3948 Sed
2420 3892 2543 3962 quis
2571 3892 2713 3948 ferat
2736 3892 2812 3947 illi
2851 3893 3220 3950 ecclesiastica
3247 3894 3369 3963 jura
3398 3896 3684 3960 committi,
3709 3912 3802 3966 qm

2223 3992 2281 4037 ut
2324 3983 2621 4041 Ecclesium
2657 3988 3031 4050 nanciscatur,
3068 3987 3352 4043 ecclesiam
3384 3987 3605 4054 deserit,
3630 3998 3683 4042 et
3709 3990 3809 4043 de-

2224 4074 2472 4146 dignatur
2499 4076 2817 4147 obsequium
2849 4078 3151 4148 dependere
3197 4078 3447 4147 propriae,
3484 4089 3544 4131 ut
3589 4078 3690 4132 sibi
3722 4094 3809 4132 re-

539 4169 814 4225 Ecclesias
853 4167 1243 4237 concupiscunt
1269 4181 1284 4231 ;
1314 4176 1371 4220 et
1400 4173 1458 4219 ut
1488 4163 1830 4235 tyrannidem
1859 4162 2124 4232 arripiant
2152 4165 2197 4228 C
2229 4165 2407 4237 gimen
2442 4176 2660 4238 arroget
2686 4168 2912 4223 alienae?
2939 4168 3208 4224 Prmterea
3237 4184 3361 4224 cum
3411 4170 3477 4224 de
3516 4170 3632 4224 viro
3656 4169 3807 4238 justo

539 4276 705 4330 super
728 4260 895 4325 cives,
927 4268 987 4313 ut
1035 4259 1108 4313 ita
1156 4256 1406 4322 dixerim,
1437 4256 1797 4327 dedignantur
1827 4269 1947 4309 esse
1991 4268 2122 4309 con-

541 4355 729 4406 c‘.ves:
764 4349 1011 4403 militiam
1043 4348 1253 4418 fugiunt
1277 4387 1291 4413 ,
1324 4357 1383 4401 ut
1432 4346 1690 4401 militibus
1727 4344 2123 4415 praeferantur;

540 4450 597 4495 ct
623 4442 748 4494 dum
781 4454 885 4493 non
912 4438 1242 4493 erubescunt
1264 4436 1462 4505 templo
1486 4437 1578 4490 Dei
1604 4445 1816 4490 mutare
1846 4435 2124 4504 palatium,

544 4533 611 4586 de
651 4530 911 4600 religione
953 4530 1216 4585 canonica
1266 4528 1319 4583 in
1371 4529 1618 4583 ordinem
1652 4535 1938 4582 transeunt
1964 4526 2129 4581 laico-

544 4636 686 4675 rum.
718 4618 988 4674 Virtutum
1014 4633 1165 4673 arma
1188 4619 1481 4688 deponunt,
1506 4617 1847 4688 procinctmn
1870 4616 2129 4687 spiritalis

543 4712 746 4767 militiaI
778 4711 1034 4766 deserunt
1062 4749 1078 4776 ,
1106 4716 1284 4763 castra
1315 4707 1677 4779 transfugiunt
1705 4747 1720 4773 ,
1748 4706 1985 4763 militare
2008 4709 2126 4763 cin—

540 4803 727 4875 gulum
771 4801 1004 4861 solvunt.
1054 4799 1423 4870 Dedignantnr
1450 4813 1573 4853 cum
1623 4798 1835 4853 caeteris
1875 4798 2128 4868 stipendii

542 4891 824 4965 percipere
848 4890 1189 4954 donativum,
1219 4889 1287 4944 ad
1319 4888 1489 4943 solius
1546 4887 1804 4943 anhelant
1847 4888 2130 4944 dictatura:

538 4983 625 5040 vel
660 4982 871 5053 imperii
902 4981 1289 5052 principatum.
1321 4978 1422 5045 Qui
1456 4979 1710 5033 nimirum
1742 4978 1866 5034 dum
1894 4994 1999 5032 non
2031 4994 2130 5048 per

540 5074 799 5131 Ecclesia:
852 5074 1229 5146 ingrediuntur
1288 5072 1528 5138 ostium,
1575 5071 1668 5126 sed
1721 5087 1817 5142 per
1872 5070 2130 5126 saeculare

542 5167 807 5237 posticum
826 5206 842 5231 ,
875 5181 980 5220 non
1012 5175 1258 5237 pastores
1285 5165 1489 5228 ovium,
1523 5164 1617 5218 sed
1646 5164 1790 5218 fures
1815 5172 1870 5216 et
1893 5162 2130 5217 latrones

543 5256 683 5313 ﬁunt
715 5274 728 5311 :
760 5257 999 5313 Veritate
1029 5257 1370 5328 perhibente,
1398 5271 1520 5327 qua:
1568 5255 1645 5309 ait
1677 5273 1690 5308 :
1725 5274 1744 5308 ι
1778 5254 1879 5322 Qui
1917 5270 2022 5310 non
2051 5256 2131 5310 in-

546 5352 657 5401 trat
687 5361 783 5417 per
806 5346 1005 5400 ostium
1037 5346 1089 5401 in
1120 5345 1262 5401 ovile
1306 5347 1508 5404 ovium,
1544 5344 1633 5398 ille
1664 5346 1748 5398 fur
1775 5354 1881 5408 est,
1912 5354 1967 5399 et
1992 5343 2131 5400 latro

546 5435 731 5510 (lacn.
764 5439 841 5508 ι).
877 5456 896 5492 ι
938 5437 1108 5492 Porro
1138 5438 1183 5491 si
1214 5453 1322 5492 non
1362 5452 1427 5491 ex
1460 5436 1633 5490 aliena
1664 5476 1678 5499 ,
1706 5435 1800 5491 sed
1833 5450 1900 5489 ex
1940 5438 2127 5491 eadem

546 5527 741 5584 militia
774 5528 1009 5583 miitum
1042 5526 1291 5581 tribunus
1316 5526 1554 5595 eligitur.
1587 5525 1635 5580 si
1666 5525 1863 5596 sapius
1886 5524 2125 5595 ejusdem

620 5672 846 5783 (κῆρε
879 5700 962 5757 his
992 5699 1155 5755 etiam
1179 5697 1402 5795 (Epistola
1432 5699 1453 5753 t
1489 5698 1608 5789 tum
1638 5714 1675 5754 ιι

2227 4259 2490 4327 propheta
2536 4259 2815 4328 perhibeat
2843 4278 2855 4313 :
2891 4280 2910 4312 ι
2940 4258 3076 4327 Quia
3102 4260 3310 4315 excutit
3345 4275 3538 4315 manus
3577 4275 3704 4315 suas
3738 4261 3808 4315 ab

2226 4348 2373 4402 omni
2406 4364 2629 4403 munere
2656 4349 2792 4420 (Ira.
2824 4351 3055 4421 nam);
3094 4369 3113 4404 ι
3150 4352 3273 4422 quis
3298 4367 3421 4406 cum
3463 4367 3492 4405 a
3521 4351 3815 4408 muneratr'

2225 4439 2403 4495 valeat
2448 4444 2794 4511 praestatione
2846 4444 3132 4502 defendere
3158 4487 3175 4515 ,
3216 4448 3306 4517 qui
3358 4455 3414 4501 et
3458 4448 3808 4518 semetipsum

2228 4530 2419 4586 alieme
2456 4534 2734 4592 servitutis
2786 4535 3014 4606 imperio
3056 4537 3255 4594 dedere
3282 4579 3296 4602 ,
3339 4550 3394 4593 et
3430 4540 3481 4593 in
3538 4540 3811 4594 diuturna:

2227 4623 2591 4692 expeditionis
2640 4626 2913 4696 impensas
2957 4627 3242 4684 facultates
3288 4644 3414 4684 suas
3467 4630 3811 4684 convincitur

2227 4716 2903 4789 proﬂigare?Prophetica
2950 4720 3109 4791 plane
3139 4720 3230 4775 illa
3276 4722 3543 4777 sententia
3592 4721 3671 4775 sic
3717 4737 3813 4775 cx-

2229 4810 2469 4879 ponitur,
2500 4817 2560 4863 ut
2586 4808 2689 4864 tria
2720 4809 2972 4864 dicantur
2993 4824 3114 4865 esse
3140 4826 3424 4865 munerum
3460 4825 3684 4880 genera,
3707 4810 3812 4863 sci-

2217 4897 2358 4958 licet
2383 4913 2580 4953 tnunus
2620 4916 2648 4953 a
2679 4914 2841 4954 manu
2867 4939 2883 4963 ,
2913 4916 3110 4955 munus
3134 4899 3203 4954 ab
3244 4900 3523 4969 obsequio,
3555 4916 3752 4954 munus
3778 4916 3809 4952 a

2230 4988 2407 5060 lingua
2436 4988 2571 5060 (l8).
2602 4989 2670 5044 Et
2697 5006 2890 5045 munus
2919 4990 3139 5060 quidem
3165 5004 3197 5044 a
3229 5004 3388 5044 manu
3419 4991 3666 5058 pecunia,
3701 5004 3812 5043 mu-

2216 5095 2330 5143 ,nus
2376 5080 2444 5132 ab
2490 5079 2750 5148 obsequio
2778 5080 3083 5135 obedientia
3137 5080 3487 5151 subjectiouis
3515 5120 3529 5146 ,
3557 5096 3754 5136 munus
3777 5097 3808 5135 a

2231 5168 2410 5239 lingua
2440 5167 2593 5225 lavor
2626 5185 2783 5225 assen
2793 5179 2841 5224 ta
2851 5170 3030 5225 tionis.
3368 5140 3382 5181 ί

2300 5258 2462 5332 465
2508 5258 2613 5314 Sed
2658 5260 2703 5314 si
2753 5259 2857 5315 rite
2899 5260 3308 5316 considerentur
3334 5260 3450 5315 bmc
3490 5260 3593 5315 tria
3626 5276 3813 5315 mune-

2231 5366 2350 5404 rum
2374 5363 2594 5419 gcnera,
2622 5348 2674 5403 in
2699 5364 2764 5403 eo
2784 5350 2927 5419 quod
2958 5350 3193 5406 medium
3215 5350 3456 5421 ponitur,
3478 5360 3533 5405 et
3554 5350 3810 5420 primum,

2232 5438 2393 5493 simul
2431 5447 2487 5494 et
2532 5440 2750 5493 tertium
2786 5440 3111 5496 continetur.
3156 5440 3216 5495 In
3259 5440 3563 5497 obedientia
3613 5441 3813 5511 quippe

2236 5529 2603 5604 subiectionis,
2651 5537 2706 5585 ct
2758 5544 2955 5585 munus
2984 5546 3014 5585 a
3057 5546 3243 5598 manu,
3276 5534 3419 5601 quod
3448 5541 3532 5587 est
3560 5535 3813 5602 pecunia,
