  <div class='ocr_page' id='page_1' title='image "/cluster/home/n/w/nwhite01/storage/ocr_20150623/145/hvd.32044015471824/240.png"; bbox 0 0 4132 6324; ppageno 0'>
   <div class='ocr_carea' id='block_1_1' title="bbox 339 398 447 458">
    <p class='ocr_par' dir='ltr' id='par_1_1' title="bbox 339 398 447 458">
     <span class='ocr_line' id='line_1_1' title="bbox 339 398 447 458; baseline 0.028 -3"><span class='ocrx_word' id='word_1_1' title='bbox 339 398 447 458; x_wconf 64' lang='grc'><strong>865</strong></span> 
     </span>
    </p>
   </div>
   <div class='ocr_carea' id='block_1_2' title="bbox 1122 381 2768 460">
    <p class='ocr_par' dir='ltr' id='par_1_2' title="bbox 1122 381 2768 460">
     <span class='ocr_line' id='line_1_2' title="bbox 1122 381 2768 460; baseline 0.001 -3"><span class='ocrx_word' id='word_1_2' title='bbox 1122 381 1389 457; x_wconf 72' lang='grc' dir='ltr'><strong>ὀρυεο.</strong></span> <span class='ocrx_word' id='word_1_3' title='bbox 1445 397 1609 454; x_wconf 79' lang='lat' dir='ltr'><strong>xxu.</strong></span> <span class='ocrx_word' id='word_1_4' title='bbox 1639 396 2009 453; x_wconf 72' lang='lat' dir='ltr'><strong>—CONTltA</strong></span> <span class='ocrx_word' id='word_1_5' title='bbox 2060 399 2768 460; x_wconf 71' lang='lat' dir='ltr'><strong>CLERICOS-AULICOS.</strong></span> 
     </span>
    </p>
   </div>
   <div class='ocr_carea' id='block_1_3' title="bbox 3478 409 3586 468">
    <p class='ocr_par' dir='ltr' id='par_1_3' title="bbox 3478 409 3586 468">
     <span class='ocr_line' id='line_1_3' title="bbox 3478 409 3586 468; baseline 0.037 -5"><span class='ocrx_word' id='word_1_6' title='bbox 3478 409 3586 468; x_wconf 69' lang='grc'><strong>466</strong></span> 
     </span>
    </p>
   </div>
   <div class='ocr_carea' id='block_1_4' title="bbox 339 515 3588 594">
    <p class='ocr_par' dir='ltr' id='par_1_4' title="bbox 339 515 3588 594">
     <span class='ocr_line' id='line_1_4' title="bbox 339 515 3588 594; baseline 0.001 -19"><span class='ocrx_word' id='word_1_7' title='bbox 339 529 396 575; x_wconf 87' lang='lat' dir='ltr'><strong>et</strong></span> <span class='ocrx_word' id='word_1_8' title='bbox 422 531 616 574; x_wconf 83' lang='lat' dir='ltr'><strong>munus</strong></span> <span class='ocrx_word' id='word_1_9' title='bbox 645 533 672 572; x_wconf 95' lang='lat' dir='ltr'><strong>a</strong></span> <span class='ocrx_word' id='word_1_10' title='bbox 704 516 909 589; x_wconf 79' lang='lat' dir='ltr'><strong>lingua,</strong></span> <span class='ocrx_word' id='word_1_11' title='bbox 940 515 1080 587; x_wconf 88' lang='lat' dir='ltr'><strong>quod</strong></span> <span class='ocrx_word' id='word_1_12' title='bbox 1109 527 1196 572; x_wconf 90' lang='lat' dir='ltr'><strong>est</strong></span> <span class='ocrx_word' id='word_1_13' title='bbox 1223 518 1373 572; x_wconf 76' lang='lat' dir='ltr'><strong>favor</strong></span> <span class='ocrx_word' id='word_1_14' title='bbox 1400 516 1726 572; x_wconf 76' lang='lat' dir='ltr'><strong>adulationis</strong></span> <span class='ocrx_word' id='word_1_15' title='bbox 1745 557 1760 582; x_wconf 93' lang='lat'><strong>,</strong></span> <span class='ocrx_word' id='word_1_16' title='bbox 1785 516 1912 572; x_wconf 86' lang='lat' dir='ltr'><strong>sub-</strong></span> <span class='ocrx_word' id='word_1_17' title='bbox 1941 515 1987 574; x_wconf 80' lang='grc' dir='ltr'>Α</span> <span class='ocrx_word' id='word_1_18' title='bbox 2015 528 2143 568; x_wconf 89' lang='lat' dir='ltr'><strong>suos</strong></span> <span class='ocrx_word' id='word_1_19' title='bbox 2164 515 2563 570; x_wconf 87' lang='lat' dir='ltr'><strong>adulationibus</strong></span> <span class='ocrx_word' id='word_1_20' title='bbox 2587 517 2788 586; x_wconf 83' lang='lat' dir='ltr'><strong>lingere</strong></span> <span class='ocrx_word' id='word_1_21' title='bbox 2813 535 2916 573; x_wconf 91' lang='lat' dir='ltr'><strong>non</strong></span> <span class='ocrx_word' id='word_1_22' title='bbox 2939 521 3214 576; x_wconf 91' lang='lat' dir='ltr'><strong>omittunt.</strong></span> <span class='ocrx_word' id='word_1_23' title='bbox 3241 520 3588 594; x_wconf 71' lang='lat' dir='ltr'><strong>Nequaquam</strong></span> 
     </span>
    </p>
   </div>
   <div class='ocr_carea' id='block_1_5' title="bbox 339 607 1915 680">
    <p class='ocr_par' dir='ltr' id='par_1_5' title="bbox 339 607 1915 680">
     <span class='ocr_line' id='line_1_5' title="bbox 339 607 1915 680; baseline 0 -18"><span class='ocrx_word' id='word_1_24' title='bbox 339 616 634 680; x_wconf 82' lang='lat' dir='ltr'><strong>sequenter</strong></span> <span class='ocrx_word' id='word_1_25' title='bbox 660 607 988 678; x_wconf 76' lang='lat' dir='ltr'><strong>agnoscitur.</strong></span> <span class='ocrx_word' id='word_1_26' title='bbox 1021 607 1153 674; x_wconf 86' lang='lat' dir='ltr'><strong>Quis</strong></span> <span class='ocrx_word' id='word_1_27' title='bbox 1183 608 1326 662; x_wconf 91' lang='lat' dir='ltr'><strong>enim</strong></span> <span class='ocrx_word' id='word_1_28' title='bbox 1356 607 1690 663; x_wconf 75' lang='lat' dir='ltr'><strong>manifestius</strong></span> <span class='ocrx_word' id='word_1_29' title='bbox 1717 624 1915 678; x_wconf 84' lang='lat' dir='ltr'><strong>appro-</strong></span> 
     </span>
    </p>
   </div>
   <div class='ocr_carea' id='block_1_6' title="bbox 342 699 1913 771">
    <p class='ocr_par' dir='ltr' id='par_1_6' title="bbox 342 699 1913 771">
     <span class='ocr_line' id='line_1_6' title="bbox 342 699 1913 771; baseline -0.004 -13"><span class='ocrx_word' id='word_1_30' title='bbox 342 705 504 758; x_wconf 90' lang='lat' dir='ltr'><strong>batur</strong></span> <span class='ocrx_word' id='word_1_31' title='bbox 521 715 620 771; x_wconf 93' lang='lat' dir='ltr'><strong>pro</strong></span> <span class='ocrx_word' id='word_1_32' title='bbox 643 699 1002 770; x_wconf 69' lang='lat' dir='ltr'><strong>adipiscendis</strong></span> <span class='ocrx_word' id='word_1_33' title='bbox 1020 699 1313 753; x_wconf 84' lang='lat' dir='ltr'><strong>honoribus</strong></span> <span class='ocrx_word' id='word_1_34' title='bbox 1330 707 1588 768; x_wconf 76' lang='lat' dir='ltr'><strong>przestare</strong></span> <span class='ocrx_word' id='word_1_35' title='bbox 1609 700 1913 768; x_wconf 91' lang='lat' dir='ltr'><strong>pecuniam,</strong></span> 
     </span>
    </p>
   </div>
   <div class='ocr_carea' id='block_1_7' title="bbox 340 788 1918 860">
    <p class='ocr_par' dir='ltr' id='par_1_7' title="bbox 340 788 1918 860">
     <span class='ocr_line' id='line_1_7' title="bbox 340 788 1918 860; baseline -0.002 -16"><span class='ocrx_word' id='word_1_36' title='bbox 340 805 502 860; x_wconf 90' lang='lat' dir='ltr'><strong>quam</strong></span> <span class='ocrx_word' id='word_1_37' title='bbox 534 790 578 844; x_wconf 91' lang='lat' dir='ltr'><strong>is</strong></span> <span class='ocrx_word' id='word_1_38' title='bbox 603 790 693 860; x_wconf 91' lang='lat' dir='ltr'><strong>qui</strong></span> <span class='ocrx_word' id='word_1_39' title='bbox 721 797 794 843; x_wconf 93' lang='lat' dir='ltr'><strong>tot</strong></span> <span class='ocrx_word' id='word_1_40' title='bbox 826 803 1088 859; x_wconf 83' lang='lat' dir='ltr'><strong>expensas</strong></span> <span class='ocrx_word' id='word_1_41' title='bbox 1111 788 1309 842; x_wconf 90' lang='lat' dir='ltr'><strong>utendo</strong></span> <span class='ocrx_word' id='word_1_42' title='bbox 1336 789 1619 854; x_wconf 82' lang='lat' dir='ltr'><strong>vehiculis,</strong></span> <span class='ocrx_word' id='word_1_43' title='bbox 1653 798 1730 842; x_wconf 93' lang='lat' dir='ltr'><strong>tot</strong></span> <span class='ocrx_word' id='word_1_44' title='bbox 1754 788 1918 844; x_wconf 86' lang='lat' dir='ltr'><strong>facul-</strong></span> 
     </span>
    </p>
   </div>
   <div class='ocr_carea' id='block_1_8' title="bbox 345 878 1919 947">
    <p class='ocr_par' dir='ltr' id='par_1_8' title="bbox 345 878 1919 947">
     <span class='ocr_line' id='line_1_8' title="bbox 345 878 1919 947; baseline 0.001 -14"><span class='ocrx_word' id='word_1_45' title='bbox 345 888 516 934; x_wconf 89' lang='lat' dir='ltr'><strong>tatum</strong></span> <span class='ocrx_word' id='word_1_46' title='bbox 544 894 782 933; x_wconf 92' lang='lat' dir='ltr'><strong>summas</strong></span> <span class='ocrx_word' id='word_1_47' title='bbox 831 879 882 931; x_wconf 93' lang='lat' dir='ltr'><strong>in</strong></span> <span class='ocrx_word' id='word_1_48' title='bbox 929 878 1248 933; x_wconf 88' lang='lat' dir='ltr'><strong>accurandis</strong></span> <span class='ocrx_word' id='word_1_49' title='bbox 1298 880 1654 947; x_wconf 88' lang='lat' dir='ltr'><strong>pretiosarum</strong></span> <span class='ocrx_word' id='word_1_50' title='bbox 1689 880 1919 934; x_wconf 91' lang='lat' dir='ltr'><strong>vestium</strong></span> 
     </span>
    </p>
   </div>
   <div class='ocr_carea' id='block_1_9' title="bbox 342 968 1920 1041">
    <p class='ocr_par' dir='ltr' id='par_1_9' title="bbox 342 968 1920 1041">
     <span class='ocr_line' id='line_1_9' title="bbox 342 968 1920 1041; baseline 0 -18"><span class='ocrx_word' id='word_1_51' title='bbox 342 969 578 1041; x_wconf 85' lang='lat' dir='ltr'><strong>prodigit</strong></span> <span class='ocrx_word' id='word_1_52' title='bbox 603 968 976 1023; x_wconf 90' lang='lat' dir='ltr'><strong>ornamentis?</strong></span> <span class='ocrx_word' id='word_1_53' title='bbox 1008 968 1190 1038; x_wconf 86' lang='lat' dir='ltr'><strong>quue</strong></span> <span class='ocrx_word' id='word_1_54' title='bbox 1235 978 1454 1038; x_wconf 90' lang='lat' dir='ltr'><strong>superat</strong></span> <span class='ocrx_word' id='word_1_55' title='bbox 1489 985 1612 1024; x_wconf 90' lang='lat' dir='ltr'><strong>eum</strong></span> <span class='ocrx_word' id='word_1_56' title='bbox 1640 971 1727 1040; x_wconf 87' lang='lat' dir='ltr'><strong>qui</strong></span> <span class='ocrx_word' id='word_1_57' title='bbox 1759 986 1920 1041; x_wconf 63' lang='lat' dir='ltr'><strong>pecu-</strong></span> 
     </span>
    </p>
   </div>
   <div class='ocr_carea' id='block_1_10' title="bbox 343 1060 1908 1130">
    <p class='ocr_par' dir='ltr' id='par_1_10' title="bbox 343 1060 1908 1130">
     <span class='ocr_line' id='line_1_10' title="bbox 343 1060 1908 1130; baseline 0.002 -15"><span class='ocrx_word' id='word_1_58' title='bbox 343 1062 491 1116; x_wconf 88' lang='lat' dir='ltr'><strong>niam</strong></span> <span class='ocrx_word' id='word_1_59' title='bbox 548 1060 716 1114; x_wconf 84' lang='lat' dir='ltr'><strong>semel</strong></span> <span class='ocrx_word' id='word_1_60' title='bbox 769 1060 1054 1130; x_wconf 83' lang='lat' dir='ltr'><strong>appendit,</strong></span> <span class='ocrx_word' id='word_1_61' title='bbox 1107 1061 1234 1130; x_wconf 84' lang='lat' dir='ltr'><strong>quia</strong></span> <span class='ocrx_word' id='word_1_62' title='bbox 1285 1077 1391 1116; x_wconf 90' lang='lat' dir='ltr'><strong>non</strong></span> <span class='ocrx_word' id='word_1_63' title='bbox 1471 1070 1758 1118; x_wconf 91' lang='lat' dir='ltr'><strong>contentus</strong></span> <span class='ocrx_word' id='word_1_64' title='bbox 1818 1079 1908 1118; x_wconf 90' lang='lat' dir='ltr'><strong>so-</strong></span> 
     </span>
    </p>
   </div>
   <div class='ocr_carea' id='block_1_11' title="bbox 345 1148 1921 1222">
    <p class='ocr_par' dir='ltr' id='par_1_11' title="bbox 345 1148 1921 1222">
     <span class='ocr_line' id='line_1_11' title="bbox 345 1148 1921 1222; baseline 0.003 -19"><span class='ocrx_word' id='word_1_65' title='bbox 345 1148 620 1204; x_wconf 89' lang='lat' dir='ltr'><strong>lummodo</strong></span> <span class='ocrx_word' id='word_1_66' title='bbox 652 1149 935 1205; x_wconf 79' lang='lat' dir='ltr'><strong>facultates</strong></span> <span class='ocrx_word' id='word_1_67' title='bbox 957 1151 1279 1220; x_wconf 86' lang='lat' dir='ltr'><strong>expendere,</strong></span> <span class='ocrx_word' id='word_1_68' title='bbox 1325 1152 1673 1222; x_wconf 91' lang='lat' dir='ltr'><strong>semetipsum</strong></span> <span class='ocrx_word' id='word_1_69' title='bbox 1706 1167 1921 1222; x_wconf 90' lang='lat' dir='ltr'><strong>quoque</strong></span> 
     </span>
    </p>
   </div>
   <div class='ocr_carea' id='block_1_12' title="bbox 346 1240 1920 1310">
    <p class='ocr_par' dir='ltr' id='par_1_12' title="bbox 346 1240 1920 1310">
     <span class='ocr_line' id='line_1_12' title="bbox 346 1240 1920 1310; baseline 0.002 -15"><span class='ocrx_word' id='word_1_70' title='bbox 346 1255 453 1295; x_wconf 89' lang='lat' dir='ltr'><strong>non</strong></span> <span class='ocrx_word' id='word_1_71' title='bbox 501 1240 711 1294; x_wconf 85' lang='lat' dir='ltr'><strong>dubitat</strong></span> <span class='ocrx_word' id='word_1_72' title='bbox 760 1249 1017 1310; x_wconf 90' lang='lat' dir='ltr'><strong>tanquam</strong></span> <span class='ocrx_word' id='word_1_73' title='bbox 1061 1256 1276 1296; x_wconf 86' lang='lat' dir='ltr'><strong>servum</strong></span> <span class='ocrx_word' id='word_1_74' title='bbox 1323 1243 1549 1298; x_wconf 91' lang='lat' dir='ltr'><strong>Domino</strong></span> <span class='ocrx_word' id='word_1_75' title='bbox 1595 1244 1920 1298; x_wconf 88' lang='lat' dir='ltr'><strong>vinditi.ium</strong></span> 
     </span>
    </p>
   </div>
   <div class='ocr_carea' id='block_1_13' title="bbox 271 1329 651 1400">
    <p class='ocr_par' dir='ltr' id='par_1_13' title="bbox 271 1329 651 1400">
     <span class='ocr_line' id='line_1_13' title="bbox 271 1329 651 1400; baseline 0 -16"><span class='ocrx_word' id='word_1_76' title='bbox 271 1387 288 1400; x_wconf 51' lang='grc' dir='ltr'><strong><em>ο</em></strong></span> <span class='ocrx_word' id='word_1_77' title='bbox 344 1329 651 1399; x_wconf 84' lang='lat' dir='ltr'><strong>subjugare.</strong></span> 
     </span>
    </p>
   </div>
   <div class='ocr_carea' id='block_1_14' title="bbox 417 1421 1922 1494">
    <p class='ocr_par' dir='ltr' id='par_1_14' title="bbox 417 1421 1922 1494">
     <span class='ocr_line' id='line_1_14' title="bbox 417 1421 1922 1494; baseline 0.003 -17"><span class='ocrx_word' id='word_1_78' title='bbox 417 1421 536 1477; x_wconf 80' lang='lat' dir='ltr'><strong>Jam</strong></span> <span class='ocrx_word' id='word_1_79' title='bbox 564 1436 698 1476; x_wconf 89' lang='lat' dir='ltr'><strong>vero</strong></span> <span class='ocrx_word' id='word_1_80' title='bbox 740 1422 862 1492; x_wconf 82' lang='lat' dir='ltr'><strong>quis</strong></span> <span class='ocrx_word' id='word_1_81' title='bbox 911 1423 1149 1494; x_wconf 76' lang='lat' dir='ltr'><strong>ambigat</strong></span> <span class='ocrx_word' id='word_1_82' title='bbox 1173 1440 1318 1489; x_wconf 89' lang='lat' dir='ltr'><strong>eum,</strong></span> <span class='ocrx_word' id='word_1_83' title='bbox 1342 1440 1464 1480; x_wconf 90' lang='lat' dir='ltr'><strong>cum</strong></span> <span class='ocrx_word' id='word_1_84' title='bbox 1494 1426 1654 1480; x_wconf 91' lang='lat' dir='ltr'><strong>datur</strong></span> <span class='ocrx_word' id='word_1_85' title='bbox 1682 1427 1922 1492; x_wconf 89' lang='lat' dir='ltr'><strong>occasio,</strong></span> 
     </span>
    </p>
   </div>
   <div class='ocr_carea' id='block_1_15' title="bbox 348 1513 1927 1585">
    <p class='ocr_par' dir='ltr' id='par_1_15' title="bbox 348 1513 1927 1585">
     <span class='ocr_line' id='line_1_15' title="bbox 348 1513 1927 1585; baseline 0.006 -19"><span class='ocrx_word' id='word_1_86' title='bbox 348 1513 737 1569; x_wconf 89' lang='lat' dir='ltr'><strong>favorabilibus</strong></span> <span class='ocrx_word' id='word_1_87' title='bbox 789 1515 1067 1570; x_wconf 89' lang='lat' dir='ltr'><strong>dominqu</strong></span> <span class='ocrx_word' id='word_1_88' title='bbox 1109 1532 1262 1572; x_wconf 93' lang='lat' dir='ltr'><strong>suum</strong></span> <span class='ocrx_word' id='word_1_89' title='bbox 1322 1520 1500 1574; x_wconf 85' lang='lat' dir='ltr'><strong>verbis</strong></span> <span class='ocrx_word' id='word_1_90' title='bbox 1546 1521 1809 1585; x_wconf 81' lang='lat' dir='ltr'><strong>oblinere,</strong></span> <span class='ocrx_word' id='word_1_91' title='bbox 1867 1530 1927 1576; x_wconf 91' lang='lat' dir='ltr'><strong>ut</strong></span> 
     </span>
    </p>
   </div>
   <div class='ocr_carea' id='block_1_16' title="bbox 345 1605 1926 1680">
    <p class='ocr_par' dir='ltr' id='par_1_16' title="bbox 345 1605 1926 1680">
     <span class='ocr_line' id='line_1_16' title="bbox 345 1605 1926 1680; baseline 0.004 -22"><span class='ocrx_word' id='word_1_92' title='bbox 345 1620 470 1658; x_wconf 86' lang='lat' dir='ltr'><strong>eum</strong></span> <span class='ocrx_word' id='word_1_93' title='bbox 516 1605 704 1660; x_wconf 90' lang='lat' dir='ltr'><strong>blanda</strong></span> <span class='ocrx_word' id='word_1_94' title='bbox 735 1607 908 1676; x_wconf 85' lang='lat' dir='ltr'><strong>possit</strong></span> <span class='ocrx_word' id='word_1_95' title='bbox 940 1608 1250 1663; x_wconf 82' lang='lat' dir='ltr'><strong>adulatione</strong></span> <span class='ocrx_word' id='word_1_96' title='bbox 1287 1609 1566 1665; x_wconf 84' lang='lat' dir='ltr'><strong>mulcere?</strong></span> <span class='ocrx_word' id='word_1_97' title='bbox 1612 1611 1782 1680; x_wconf 89' lang='lat' dir='ltr'><strong>thue</strong></span> <span class='ocrx_word' id='word_1_98' title='bbox 1807 1610 1926 1679; x_wconf 88' lang='lat' dir='ltr'><strong>ejus</strong></span> 
     </span>
    </p>
   </div>
   <div class='ocr_carea' id='block_1_17' title="bbox 348 1689 1926 1771">
    <p class='ocr_par' dir='ltr' id='par_1_17' title="bbox 348 1689 1926 1771">
     <span class='ocr_line' id='line_1_17' title="bbox 348 1689 1926 1771; baseline 0.004 -22"><span class='ocrx_word' id='word_1_99' title='bbox 348 1695 586 1750; x_wconf 88' lang='lat' dir='ltr'><strong>animum</strong></span> <span class='ocrx_word' id='word_1_100' title='bbox 641 1699 840 1767; x_wconf 88' lang='lat' dir='ltr'><strong>capiat,</strong></span> <span class='ocrx_word' id='word_1_101' title='bbox 889 1699 1032 1767; x_wconf 92' lang='lat' dir='ltr'><strong>quod</strong></span> <span class='ocrx_word' id='word_1_102' title='bbox 1074 1699 1175 1754; x_wconf 85' lang='lat' dir='ltr'><strong>sibi</strong></span> <span class='ocrx_word' id='word_1_103' title='bbox 1226 1701 1396 1771; x_wconf 86' lang='lat' dir='ltr'><strong>magis</strong></span> <span class='ocrx_word' id='word_1_104' title='bbox 1444 1689 1674 1771; x_wconf 83' lang='lat' dir='ltr'><strong>placeat,</strong></span> <span class='ocrx_word' id='word_1_105' title='bbox 1703 1701 1926 1756; x_wconf 84' lang='lat' dir='ltr'><strong>callidus</strong></span> 
     </span>
    </p>
   </div>
   <div class='ocr_carea' id='block_1_18' title="bbox 347 1789 1921 1863">
    <p class='ocr_par' dir='ltr' id='par_1_18' title="bbox 347 1789 1921 1863">
     <span class='ocr_line' id='line_1_18' title="bbox 347 1789 1921 1863; baseline 0.003 -20"><span class='ocrx_word' id='word_1_106' title='bbox 347 1789 664 1844; x_wconf 85' lang='lat' dir='ltr'><strong>observator</strong></span> <span class='ocrx_word' id='word_1_107' title='bbox 690 1790 954 1859; x_wconf 85' lang='lat' dir='ltr'><strong>explorat.</strong></span> <span class='ocrx_word' id='word_1_108' title='bbox 988 1791 1172 1847; x_wconf 91' lang='lat' dir='ltr'><strong>Oculis</strong></span> <span class='ocrx_word' id='word_1_109' title='bbox 1197 1791 1395 1862; x_wconf 78' lang='lat' dir='ltr'><strong>gliscit,</strong></span> <span class='ocrx_word' id='word_1_110' title='bbox 1434 1793 1673 1863; x_wconf 74' lang='lat' dir='ltr'><strong>gestibus</strong></span> <span class='ocrx_word' id='word_1_111' title='bbox 1724 1793 1921 1857; x_wconf 91' lang='lat' dir='ltr'><strong>innuit,</strong></span> 
     </span>
    </p>
   </div>
   <div class='ocr_carea' id='block_1_19' title="bbox 2021 603 3592 683">
    <p class='ocr_par' dir='ltr' id='par_1_19' title="bbox 2021 603 3592 683">
     <span class='ocr_line' id='line_1_19' title="bbox 2021 603 3592 683; baseline 0.004 -24"><span class='ocrx_word' id='word_1_112' title='bbox 2021 619 2151 674; x_wconf 78' lang='lat' dir='ltr'><strong>ergo</strong></span> <span class='ocrx_word' id='word_1_113' title='bbox 2185 603 2517 660; x_wconf 76' lang='lat' dir='ltr'><strong>ditiiteantur</strong></span> <span class='ocrx_word' id='word_1_114' title='bbox 2541 622 2600 661; x_wconf 90' lang='lat' dir='ltr'><strong>se</strong></span> <span class='ocrx_word' id='word_1_115' title='bbox 2633 609 2845 663; x_wconf 89' lang='lat' dir='ltr'><strong>dedisse</strong></span> <span class='ocrx_word' id='word_1_116' title='bbox 2871 613 3174 678; x_wconf 81' lang='lat' dir='ltr'><strong>pecuniam,</strong></span> <span class='ocrx_word' id='word_1_117' title='bbox 3204 615 3302 682; x_wconf 86' lang='lat' dir='ltr'><strong>qui</strong></span> <span class='ocrx_word' id='word_1_118' title='bbox 3327 616 3592 683; x_wconf 64' lang='lat' dir='ltr'><strong>praelatio-</strong></span> 
     </span>
    </p>
   </div>
   <div class='ocr_carea' id='block_1_20' title="bbox 2020 696 3592 773">
    <p class='ocr_par' dir='ltr' id='par_1_20' title="bbox 2020 696 3592 773">
     <span class='ocr_line' id='line_1_20' title="bbox 2020 696 3592 773; baseline 0.007 -25"><span class='ocrx_word' id='word_1_119' title='bbox 2020 696 2104 749; x_wconf 91' lang='lat' dir='ltr'><strong>nis</strong></span> <span class='ocrx_word' id='word_1_120' title='bbox 2142 697 2435 751; x_wconf 87' lang='lat' dir='ltr'><strong>ambitione</strong></span> <span class='ocrx_word' id='word_1_121' title='bbox 2462 696 2798 767; x_wconf 82' lang='lat' dir='ltr'><strong>principibus</strong></span> <span class='ocrx_word' id='word_1_122' title='bbox 2831 700 3086 755; x_wconf 82' lang='lat' dir='ltr'><strong>exhibent</strong></span> <span class='ocrx_word' id='word_1_123' title='bbox 3115 703 3442 759; x_wconf 83' lang='lat' dir='ltr'><strong>clientelam.</strong></span> <span class='ocrx_word' id='word_1_124' title='bbox 3489 707 3592 773; x_wconf 85' lang='lat' dir='ltr'><strong>Qui</strong></span> 
     </span>
    </p>
   </div>
   <div class='ocr_carea' id='block_1_21' title="bbox 2020 785 3594 860">
    <p class='ocr_par' dir='ltr' id='par_1_21' title="bbox 2020 785 3594 860">
     <span class='ocr_line' id='line_1_21' title="bbox 2020 785 3594 860; baseline 0.006 -22"><span class='ocrx_word' id='word_1_125' title='bbox 2020 785 2276 840; x_wconf 80' lang='lat' dir='ltr'><strong>nimirum</strong></span> <span class='ocrx_word' id='word_1_126' title='bbox 2329 788 2712 843; x_wconf 86' lang='lat' dir='ltr'><strong>dominationis</strong></span> <span class='ocrx_word' id='word_1_127' title='bbox 2765 789 3037 846; x_wconf 89' lang='lat' dir='ltr'><strong>desiderio</strong></span> <span class='ocrx_word' id='word_1_128' title='bbox 3084 795 3372 860; x_wconf 83' lang='lat' dir='ltr'><strong>serviunt;</strong></span> <span class='ocrx_word' id='word_1_129' title='bbox 3418 806 3472 850; x_wconf 89' lang='lat' dir='ltr'><strong>et</strong></span> <span class='ocrx_word' id='word_1_130' title='bbox 3535 805 3594 848; x_wconf 90' lang='lat' dir='ltr'><strong>ut</strong></span> 
     </span>
    </p>
   </div>
   <div class='ocr_carea' id='block_1_22' title="bbox 2021 875 3596 955">
    <p class='ocr_par' dir='ltr' id='par_1_22' title="bbox 2021 875 3596 955">
     <span class='ocr_line' id='line_1_22' title="bbox 2021 875 3596 955; baseline 0.005 -25"><span class='ocrx_word' id='word_1_131' title='bbox 2021 875 2224 932; x_wconf 83' lang='lat' dir='ltr'><strong>divitiis</strong></span> <span class='ocrx_word' id='word_1_132' title='bbox 2249 878 2487 942; x_wconf 78' lang='lat' dir='ltr'><strong>affluant,</strong></span> <span class='ocrx_word' id='word_1_133' title='bbox 2518 895 2641 933; x_wconf 92' lang='lat' dir='ltr'><strong>cum</strong></span> <span class='ocrx_word' id='word_1_134' title='bbox 2667 879 3013 936; x_wconf 78' lang='lat' dir='ltr'><strong>facultatibus</strong></span> <span class='ocrx_word' id='word_1_135' title='bbox 3039 885 3169 944; x_wconf 82' lang='lat' dir='ltr'><strong>suis,</strong></span> <span class='ocrx_word' id='word_1_136' title='bbox 3197 893 3250 938; x_wconf 93' lang='lat' dir='ltr'><strong>et</strong></span> <span class='ocrx_word' id='word_1_137' title='bbox 3277 887 3596 955; x_wconf 83' lang='lat' dir='ltr'><strong>semetipsos</strong></span> 
     </span>
    </p>
   </div>
   <div class='ocr_carea' id='block_1_23' title="bbox 2019 969 3596 1045">
    <p class='ocr_par' dir='ltr' id='par_1_23' title="bbox 2019 969 3596 1045">
     <span class='ocr_line' id='line_1_23' title="bbox 2019 969 3596 1045; baseline 0.004 -23"><span class='ocrx_word' id='word_1_138' title='bbox 2019 969 2346 1037; x_wconf 78' lang='lat' dir='ltr'><strong>expendunt.</strong></span> <span class='ocrx_word' id='word_1_139' title='bbox 2398 969 2798 1036; x_wconf 81' lang='lat' dir='ltr'><strong>Humiliantur,</strong></span> <span class='ocrx_word' id='word_1_140' title='bbox 2861 981 2920 1026; x_wconf 93' lang='lat' dir='ltr'><strong>ut</strong></span> <span class='ocrx_word' id='word_1_141' title='bbox 2977 973 3318 1042; x_wconf 84' lang='lat' dir='ltr'><strong>postmodum</strong></span> <span class='ocrx_word' id='word_1_142' title='bbox 3378 977 3596 1045; x_wconf 90' lang='lat' dir='ltr'><strong>impune</strong></span> 
     </span>
    </p>
   </div>
   <div class='ocr_carea' id='block_1_24' title="bbox 2023 1058 3596 1134">
    <p class='ocr_par' dir='ltr' id='par_1_24' title="bbox 2023 1058 3596 1134">
     <span class='ocr_line' id='line_1_24' title="bbox 2023 1058 3596 1134; baseline 0.006 -23"><span class='ocrx_word' id='word_1_143' title='bbox 2023 1058 2357 1126; x_wconf 84' lang='lat' dir='ltr'><strong>superbiant,</strong></span> <span class='ocrx_word' id='word_1_144' title='bbox 2391 1074 2447 1114; x_wconf 89' lang='lat' dir='ltr'><strong>se</strong></span> <span class='ocrx_word' id='word_1_145' title='bbox 2475 1061 2824 1130; x_wconf 88' lang='lat' dir='ltr'><strong>pedissequos</strong></span> <span class='ocrx_word' id='word_1_146' title='bbox 2859 1063 3136 1128; x_wconf 80' lang='lat' dir='ltr'><strong>exhibent,</strong></span> <span class='ocrx_word' id='word_1_147' title='bbox 3171 1073 3230 1117; x_wconf 94' lang='lat' dir='ltr'><strong>ut</strong></span> <span class='ocrx_word' id='word_1_148' title='bbox 3257 1066 3596 1134; x_wconf 65' lang='lat' dir='ltr'><strong>praecedant;</strong></span> 
     </span>
    </p>
   </div>
   <div class='ocr_carea' id='block_1_25' title="bbox 2023 1145 3594 1223">
    <p class='ocr_par' dir='ltr' id='par_1_25' title="bbox 2023 1145 3594 1223">
     <span class='ocr_line' id='line_1_25' title="bbox 2023 1145 3594 1223; baseline 0.005 -25"><span class='ocrx_word' id='word_1_149' title='bbox 2023 1145 2299 1202; x_wconf 84' lang='lat' dir='ltr'><strong>laboribus</strong></span> <span class='ocrx_word' id='word_1_150' title='bbox 2347 1157 2674 1214; x_wconf 87' lang='lat' dir='ltr'><strong>atteruntur,</strong></span> <span class='ocrx_word' id='word_1_151' title='bbox 2706 1160 2768 1204; x_wconf 90' lang='lat' dir='ltr'><strong>ut</strong></span> <span class='ocrx_word' id='word_1_152' title='bbox 2795 1151 3098 1220; x_wconf 75' lang='lat' dir='ltr'><strong>gaudeant;</strong></span> <span class='ocrx_word' id='word_1_153' title='bbox 3141 1153 3453 1223; x_wconf 86' lang='lat' dir='ltr'><strong>allliguntur</strong></span> <span class='ocrx_word' id='word_1_154' title='bbox 3508 1155 3594 1208; x_wconf 87' lang='lat' dir='ltr'><strong>in-</strong></span> 
     </span>
    </p>
   </div>
   <div class='ocr_carea' id='block_1_26' title="bbox 2024 1238 3596 1314">
    <p class='ocr_par' dir='ltr' id='par_1_26' title="bbox 2024 1238 3596 1314">
     <span class='ocr_line' id='line_1_26' title="bbox 2024 1238 3596 1314; baseline 0.004 -23"><span class='ocrx_word' id='word_1_155' title='bbox 2024 1238 2170 1307; x_wconf 91' lang='lat' dir='ltr'><strong>opia,</strong></span> <span class='ocrx_word' id='word_1_156' title='bbox 2199 1247 2257 1291; x_wconf 95' lang='lat' dir='ltr'><strong>ut</strong></span> <span class='ocrx_word' id='word_1_157' title='bbox 2287 1239 2546 1307; x_wconf 89' lang='lat' dir='ltr'><strong>nuptialis</strong></span> <span class='ocrx_word' id='word_1_158' title='bbox 2566 1240 2728 1294; x_wconf 91' lang='lat' dir='ltr'><strong>edulii</strong></span> <span class='ocrx_word' id='word_1_159' title='bbox 2757 1242 3010 1297; x_wconf 90' lang='lat' dir='ltr'><strong>continua</strong></span> <span class='ocrx_word' id='word_1_160' title='bbox 3038 1245 3378 1312; x_wconf 88' lang='lat' dir='ltr'><strong>postmodum</strong></span> <span class='ocrx_word' id='word_1_161' title='bbox 3409 1244 3596 1314; x_wconf 89' lang='lat' dir='ltr'><strong>epula-</strong></span> 
     </span>
    </p>
   </div>
   <div class='ocr_carea' id='block_1_27' title="bbox 2025 1329 3599 1402">
    <p class='ocr_par' dir='ltr' id='par_1_27' title="bbox 2025 1329 3599 1402">
     <span class='ocr_line' id='line_1_27' title="bbox 2025 1329 3599 1402; baseline 0.004 -20"><span class='ocrx_word' id='word_1_162' title='bbox 2025 1329 2170 1383; x_wconf 93' lang='lat' dir='ltr'><strong>tione</strong></span> <span class='ocrx_word' id='word_1_163' title='bbox 2193 1337 2518 1398; x_wconf 77' lang='lat' dir='ltr'><strong>turgescant;</strong></span> <span class='ocrx_word' id='word_1_164' title='bbox 2537 1339 2591 1384; x_wconf 90' lang='lat' dir='ltr'><strong>et</strong></span> <span class='ocrx_word' id='word_1_165' title='bbox 2609 1331 2754 1385; x_wconf 92' lang='lat' dir='ltr'><strong>velut</strong></span> <span class='ocrx_word' id='word_1_166' title='bbox 2773 1333 3045 1402; x_wconf 83' lang='lat' dir='ltr'><strong>preposita</strong></span> <span class='ocrx_word' id='word_1_167' title='bbox 3063 1333 3372 1388; x_wconf 89' lang='lat' dir='ltr'><strong>venalitalis</strong></span> <span class='ocrx_word' id='word_1_168' title='bbox 3385 1348 3599 1400; x_wconf 86' lang='lat' dir='ltr'><strong>mensa,</strong></span> 
     </span>
    </p>
   </div>
   <div class='ocr_carea' id='block_1_28' title="bbox 2026 1421 3604 1492">
    <p class='ocr_par' dir='ltr' id='par_1_28' title="bbox 2026 1421 3604 1492">
     <span class='ocr_line' id='line_1_28' title="bbox 2026 1421 3604 1492; baseline 0.001 -18"><span class='ocrx_word' id='word_1_169' title='bbox 2026 1421 2319 1475; x_wconf 87' lang='lat' dir='ltr'><strong>feneramlo</strong></span> <span class='ocrx_word' id='word_1_170' title='bbox 2366 1421 2670 1486; x_wconf 80' lang='lat' dir='ltr'><strong>servitium,</strong></span> <span class='ocrx_word' id='word_1_171' title='bbox 2717 1431 3029 1476; x_wconf 89' lang='lat' dir='ltr'><strong>mercantur</strong></span> <span class='ocrx_word' id='word_1_172' title='bbox 3055 1422 3376 1492; x_wconf 76' lang='lat' dir='ltr'><strong>imperium-</strong></span> <span class='ocrx_word' id='word_1_173' title='bbox 3403 1422 3604 1476; x_wconf 80' lang='lat' dir='ltr'><strong>Amant</strong></span> 
     </span>
    </p>
   </div>
   <div class='ocr_carea' id='block_1_29' title="bbox 2026 1511 3604 1583">
    <p class='ocr_par' dir='ltr' id='par_1_29' title="bbox 2026 1511 3604 1583">
     <span class='ocr_line' id='line_1_29' title="bbox 2026 1511 3604 1583; baseline 0.002 -17"><span class='ocrx_word' id='word_1_174' title='bbox 2026 1511 2171 1566; x_wconf 88' lang='lat' dir='ltr'><strong>enim</strong></span> <span class='ocrx_word' id='word_1_175' title='bbox 2193 1513 2396 1580; x_wconf 84' lang='lat' dir='ltr'><strong>primos</strong></span> <span class='ocrx_word' id='word_1_176' title='bbox 2424 1512 2696 1568; x_wconf 84' lang='lat' dir='ltr'><strong>reeubitus</strong></span> <span class='ocrx_word' id='word_1_177' title='bbox 2718 1513 2768 1566; x_wconf 94' lang='lat' dir='ltr'><strong>in</strong></span> <span class='ocrx_word' id='word_1_178' title='bbox 2792 1513 2984 1580; x_wconf 68' lang='lat' dir='ltr'><strong>caenis,</strong></span> <span class='ocrx_word' id='word_1_179' title='bbox 3007 1521 3060 1568; x_wconf 92' lang='lat' dir='ltr'><strong>et</strong></span> <span class='ocrx_word' id='word_1_180' title='bbox 3089 1513 3294 1583; x_wconf 85' lang='lat' dir='ltr'><strong>primas</strong></span> <span class='ocrx_word' id='word_1_181' title='bbox 3313 1513 3604 1569; x_wconf 84' lang='lat' dir='ltr'><strong>cathedras</strong></span> 
     </span>
    </p>
   </div>
   <div class='ocr_carea' id='block_1_30' title="bbox 2030 1601 3605 1672">
    <p class='ocr_par' dir='ltr' id='par_1_30' title="bbox 2030 1601 3605 1672">
     <span class='ocr_line' id='line_1_30' title="bbox 2030 1601 3605 1672; baseline 0.004 -18"><span class='ocrx_word' id='word_1_182' title='bbox 2030 1601 2082 1654; x_wconf 93' lang='lat' dir='ltr'><strong>in</strong></span> <span class='ocrx_word' id='word_1_183' title='bbox 2111 1603 2414 1672; x_wconf 80' lang='lat' dir='ltr'><strong>synagogis,</strong></span> <span class='ocrx_word' id='word_1_184' title='bbox 2443 1611 2497 1657; x_wconf 91' lang='lat' dir='ltr'><strong>et</strong></span> <span class='ocrx_word' id='word_1_185' title='bbox 2524 1603 2872 1659; x_wconf 83' lang='lat' dir='ltr'><strong>salutationes</strong></span> <span class='ocrx_word' id='word_1_186' title='bbox 2896 1605 2948 1658; x_wconf 92' lang='lat' dir='ltr'><strong>in</strong></span> <span class='ocrx_word' id='word_1_187' title='bbox 2974 1605 3109 1670; x_wconf 90' lang='lat' dir='ltr'><strong>foro,</strong></span> <span class='ocrx_word' id='word_1_188' title='bbox 3138 1614 3194 1659; x_wconf 92' lang='lat' dir='ltr'><strong>et</strong></span> <span class='ocrx_word' id='word_1_189' title='bbox 3215 1605 3394 1660; x_wconf 88' lang='lat' dir='ltr'><strong>vocari</strong></span> <span class='ocrx_word' id='word_1_190' title='bbox 3419 1605 3488 1659; x_wconf 88' lang='lat' dir='ltr'><strong>ab</strong></span> <span class='ocrx_word' id='word_1_191' title='bbox 3513 1606 3605 1660; x_wconf 89' lang='lat' dir='ltr'><strong>ho-</strong></span> 
     </span>
    </p>
   </div>
   <div class='ocr_carea' id='block_1_31' title="bbox 2028 1692 2890 1764">
    <p class='ocr_par' dir='ltr' id='par_1_31' title="bbox 2028 1692 2890 1764">
     <span class='ocr_line' id='line_1_31' title="bbox 2028 1692 2890 1764; baseline 0.005 -20"><span class='ocrx_word' id='word_1_192' title='bbox 2028 1693 2264 1747; x_wconf 87' lang='lat' dir='ltr'><strong>minibus</strong></span> <span class='ocrx_word' id='word_1_193' title='bbox 2293 1692 2442 1746; x_wconf 88' lang='lat' dir='ltr'><strong>rahhi</strong></span> <span class='ocrx_word' id='word_1_194' title='bbox 2468 1692 2683 1762; x_wconf 80' lang='lat' dir='ltr'><strong>(Matth.</strong></span> <span class='ocrx_word' id='word_1_195' title='bbox 2709 1698 2890 1764; x_wconf 86' lang='lat' dir='ltr'><strong>xxtu).</strong></span> 
     </span>
    </p>
   </div>
   <div class='ocr_carea' id='block_1_32' title="bbox 2100 1775 3652 1852">
    <p class='ocr_par' dir='ltr' id='par_1_32' title="bbox 2100 1775 3652 1852">
     <span class='ocr_line' id='line_1_32' title="bbox 2100 1775 3652 1852; baseline 0.002 -16"><span class='ocrx_word' id='word_1_196' title='bbox 2100 1782 2237 1837; x_wconf 82' lang='lat' dir='ltr'><strong>Dent</strong></span> <span class='ocrx_word' id='word_1_197' title='bbox 2275 1783 2362 1837; x_wconf 84' lang='lat' dir='ltr'><strong>alii</strong></span> <span class='ocrx_word' id='word_1_198' title='bbox 2408 1783 2734 1839; x_wconf 91' lang='lat' dir='ltr'><strong>insensibilis</strong></span> <span class='ocrx_word' id='word_1_199' title='bbox 2770 1784 2966 1839; x_wconf 85' lang='lat' dir='ltr'><strong>mctalli</strong></span> <span class='ocrx_word' id='word_1_200' title='bbox 2998 1799 3290 1852; x_wconf 83' lang='lat' dir='ltr'><strong>summam,</strong></span> <span class='ocrx_word' id='word_1_201' title='bbox 3342 1785 3604 1839; x_wconf 88' lang='lat' dir='ltr'><strong>trutinent</strong></span> <span class='ocrx_word' id='word_1_202' title='bbox 3650 1775 3652 1778; x_wconf 53' lang='grc'><em>’</em></span> 
     </span>
    </p>
   </div>
   <div class='ocr_carea' id='block_1_33' title="bbox 350 1864 1951 1952">
    <p class='ocr_par' dir='ltr' id='par_1_33' title="bbox 350 1877 1926 1952">
     <span class='ocr_line' id='line_1_33' title="bbox 350 1877 1926 1952; baseline 0.003 -20"><span class='ocrx_word' id='word_1_203' title='bbox 350 1877 696 1935; x_wconf 77' lang='lat' dir='ltr'><strong>festivitatem</strong></span> <span class='ocrx_word' id='word_1_204' title='bbox 736 1882 913 1935; x_wconf 87' lang='lat' dir='ltr'><strong>sereni</strong></span> <span class='ocrx_word' id='word_1_205' title='bbox 944 1881 1122 1937; x_wconf 85' lang='lat' dir='ltr'><strong>cordis</strong></span> <span class='ocrx_word' id='word_1_206' title='bbox 1162 1897 1258 1938; x_wconf 91' lang='lat' dir='ltr'><strong>ore</strong></span> <span class='ocrx_word' id='word_1_207' title='bbox 1293 1883 1597 1952; x_wconf 63' lang='lat' dir='ltr'><strong>praetendit.</strong></span> <span class='ocrx_word' id='word_1_208' title='bbox 1626 1881 1829 1936; x_wconf 86' lang='lat' dir='ltr'><strong>Pendet</strong></span> <span class='ocrx_word' id='word_1_209' title='bbox 1859 1882 1926 1936; x_wconf 88' lang='lat' dir='ltr'><strong>ad</strong></span> 
     </span>
    </p>
   </div>
   <div class='ocr_carea' id='block_1_34' title="bbox 2038 1864 3601 1952">
    <p class='ocr_par' dir='ltr' id='par_1_34' title="bbox 2038 1874 3601 1944">
     <span class='ocr_line' id='line_1_34' title="bbox 2038 1874 3601 1944; baseline 0 -16"><span class='ocrx_word' id='word_1_210' title='bbox 2038 1874 2240 1929; x_wconf 70' lang='lat' dir='ltr'><strong>stolida:</strong></span> <span class='ocrx_word' id='word_1_211' title='bbox 2269 1875 2509 1943; x_wconf 85' lang='lat' dir='ltr'><strong>pecuniae</strong></span> <span class='ocrx_word' id='word_1_212' title='bbox 2535 1875 2914 1944; x_wconf 87' lang='lat' dir='ltr'><strong>quantitatem,</strong></span> <span class='ocrx_word' id='word_1_213' title='bbox 2943 1884 3296 1930; x_wconf 87' lang='lat' dir='ltr'><strong>numerentur</strong></span> <span class='ocrx_word' id='word_1_214' title='bbox 3319 1891 3450 1938; x_wconf 60' lang='lat' dir='ltr'><strong>arra,</strong></span> <span class='ocrx_word' id='word_1_215' title='bbox 3472 1889 3601 1928; x_wconf 86' lang='lat' dir='ltr'><strong>vasa</strong></span> 
     </span>
    </p>
   </div>
   <div class='ocr_carea' id='block_1_35' title="bbox 352 1972 1927 2046">
    <p class='ocr_par' dir='ltr' id='par_1_35' title="bbox 352 1972 1927 2046">
     <span class='ocr_line' id='line_1_35' title="bbox 352 1972 1927 2046; baseline 0.003 -22"><span class='ocrx_word' id='word_1_216' title='bbox 352 1978 566 2036; x_wconf 87' lang='lat' dir='ltr'><strong>nutum,</strong></span> <span class='ocrx_word' id='word_1_217' title='bbox 595 1980 653 2025; x_wconf 92' lang='lat' dir='ltr'><strong>ut</strong></span> <span class='ocrx_word' id='word_1_218' title='bbox 683 1972 761 2025; x_wconf 91' lang='lat' dir='ltr'><strong>sic</strong></span> <span class='ocrx_word' id='word_1_219' title='bbox 785 1973 955 2027; x_wconf 88' lang='lat' dir='ltr'><strong>herile</strong></span> <span class='ocrx_word' id='word_1_220' title='bbox 981 1982 1329 2043; x_wconf 65' lang='lat' dir='ltr'><strong>prmeeptum,</strong></span> <span class='ocrx_word' id='word_1_221' title='bbox 1355 1984 1608 2044; x_wconf 90' lang='lat' dir='ltr'><strong>tanquam</strong></span> <span class='ocrx_word' id='word_1_222' title='bbox 1637 1990 1730 2044; x_wconf 84' lang='lat' dir='ltr'><strong>per</strong></span> <span class='ocrx_word' id='word_1_223' title='bbox 1751 1975 1927 2046; x_wconf 80' lang='lat' dir='ltr'><strong>Sibyl-</strong></span> 
     </span>
    </p>
   </div>
   <div class='ocr_carea' id='block_1_36' title="bbox 350 2062 1925 2135">
    <p class='ocr_par' dir='ltr' id='par_1_36' title="bbox 350 2062 1925 2135">
     <span class='ocr_line' id='line_1_36' title="bbox 350 2062 1925 2135; baseline 0.002 -18"><span class='ocrx_word' id='word_1_224' title='bbox 350 2062 520 2118; x_wconf 89' lang='lat' dir='ltr'><strong>linum</strong></span> <span class='ocrx_word' id='word_1_225' title='bbox 549 2079 612 2119; x_wconf 93' lang='lat' dir='ltr'><strong>os</strong></span> <span class='ocrx_word' id='word_1_226' title='bbox 650 2064 837 2118; x_wconf 76' lang='lat' dir='ltr'><strong>thbi</strong></span> <span class='ocrx_word' id='word_1_227' title='bbox 872 2065 1212 2135; x_wconf 76' lang='lat' dir='ltr'><strong>przcstoletur</strong></span> <span class='ocrx_word' id='word_1_228' title='bbox 1237 2066 1534 2121; x_wconf 87' lang='lat' dir='ltr'><strong>oraculum.</strong></span> <span class='ocrx_word' id='word_1_229' title='bbox 1575 2066 1655 2122; x_wconf 94' lang='lat' dir='ltr'><strong>lre</strong></span> <span class='ocrx_word' id='word_1_230' title='bbox 1683 2064 1925 2135; x_wconf 89' lang='lat' dir='ltr'><strong>jnbetur,</strong></span> 
     </span>
    </p>
   </div>
   <div class='ocr_carea' id='block_1_37' title="bbox 350 2153 1926 2228">
    <p class='ocr_par' dir='ltr' id='par_1_37' title="bbox 350 2153 1926 2228">
     <span class='ocr_line' id='line_1_37' title="bbox 350 2153 1926 2228; baseline 0.004 -22"><span class='ocrx_word' id='word_1_231' title='bbox 350 2153 562 2220; x_wconf 84' lang='lat' dir='ltr'><strong>evolat;</strong></span> <span class='ocrx_word' id='word_1_232' title='bbox 613 2163 760 2208; x_wconf 89' lang='lat' dir='ltr'><strong>stare</strong></span> <span class='ocrx_word' id='word_1_233' title='bbox 805 2157 1146 2226; x_wconf 79' lang='lat' dir='ltr'><strong>praecipitur,</strong></span> <span class='ocrx_word' id='word_1_234' title='bbox 1188 2156 1394 2212; x_wconf 86' lang='lat' dir='ltr'><strong>silicem</strong></span> <span class='ocrx_word' id='word_1_235' title='bbox 1444 2167 1812 2228; x_wconf 68' lang='lat' dir='ltr'><strong>reprteseutat.</strong></span> <span class='ocrx_word' id='word_1_236' title='bbox 1869 2159 1926 2213; x_wconf 91' lang='lat' dir='ltr'><strong>Si</strong></span> 
     </span>
    </p>
   </div>
   <div class='ocr_carea' id='block_1_38' title="bbox 355 2244 1927 2314">
    <p class='ocr_par' dir='ltr' id='par_1_38' title="bbox 355 2244 1927 2314">
     <span class='ocr_line' id='line_1_38' title="bbox 355 2244 1927 2314; baseline 0.003 -14"><span class='ocrx_word' id='word_1_237' title='bbox 355 2246 604 2300; x_wconf 89' lang='lat' dir='ltr'><strong>dominus</strong></span> <span class='ocrx_word' id='word_1_238' title='bbox 628 2244 819 2311; x_wconf 85' lang='lat' dir='ltr'><strong>fervet,</strong></span> <span class='ocrx_word' id='word_1_239' title='bbox 853 2247 957 2302; x_wconf 72' lang='lat' dir='ltr'><strong>iste</strong></span> <span class='ocrx_word' id='word_1_240' title='bbox 987 2247 1176 2314; x_wconf 88' lang='lat' dir='ltr'><strong>sudat;</strong></span> <span class='ocrx_word' id='word_1_241' title='bbox 1202 2248 1245 2302; x_wconf 91' lang='lat' dir='ltr'><strong>si</strong></span> <span class='ocrx_word' id='word_1_242' title='bbox 1275 2248 1363 2303; x_wconf 90' lang='lat' dir='ltr'><strong>ille</strong></span> <span class='ocrx_word' id='word_1_243' title='bbox 1381 2259 1596 2313; x_wconf 76' lang='lat' dir='ltr'><strong>aestum,</strong></span> <span class='ocrx_word' id='word_1_244' title='bbox 1620 2249 1707 2304; x_wconf 90' lang='lat' dir='ltr'><strong>hic</strong></span> <span class='ocrx_word' id='word_1_245' title='bbox 1737 2265 1927 2304; x_wconf 90' lang='lat' dir='ltr'><strong>cauma</strong></span> 
     </span>
    </p>
   </div>
   <div class='ocr_carea' id='block_1_39' title="bbox 353 2337 1930 2409">
    <p class='ocr_par' dir='ltr' id='par_1_39' title="bbox 353 2337 1930 2409">
     <span class='ocr_line' id='line_1_39' title="bbox 353 2337 1930 2409; baseline 0.001 -17"><span class='ocrx_word' id='word_1_246' title='bbox 353 2337 723 2405; x_wconf 85' lang='lat' dir='ltr'><strong>conqueritur.</strong></span> <span class='ocrx_word' id='word_1_247' title='bbox 772 2338 840 2391; x_wconf 78' lang='lat' dir='ltr'><strong>At</strong></span> <span class='ocrx_word' id='word_1_248' title='bbox 881 2337 924 2393; x_wconf 91' lang='lat' dir='ltr'><strong>si</strong></span> <span class='ocrx_word' id='word_1_249' title='bbox 974 2339 1055 2393; x_wconf 89' lang='lat' dir='ltr'><strong>vel</strong></span> <span class='ocrx_word' id='word_1_250' title='bbox 1096 2339 1288 2394; x_wconf 86' lang='lat' dir='ltr'><strong>leviter</strong></span> <span class='ocrx_word' id='word_1_251' title='bbox 1336 2338 1551 2409; x_wconf 78' lang='lat' dir='ltr'><strong>frigeat,</strong></span> <span class='ocrx_word' id='word_1_252' title='bbox 1587 2339 1675 2394; x_wconf 91' lang='lat' dir='ltr'><strong>hic</strong></span> <span class='ocrx_word' id='word_1_253' title='bbox 1709 2353 1930 2394; x_wconf 89' lang='lat' dir='ltr'><strong>necesse</strong></span> 
     </span>
    </p>
   </div>
   <div class='ocr_carea' id='block_1_40' title="bbox 352 2426 1935 2499">
    <p class='ocr_par' dir='ltr' id='par_1_40' title="bbox 352 2426 1935 2499">
     <span class='ocr_line' id='line_1_40' title="bbox 352 2426 1935 2499; baseline 0.002 -18"><span class='ocrx_word' id='word_1_254' title='bbox 352 2436 458 2492; x_wconf 91' lang='lat' dir='ltr'><strong>est,</strong></span> <span class='ocrx_word' id='word_1_255' title='bbox 497 2426 841 2482; x_wconf 70' lang='lat' dir='ltr'><strong>tremefactus</strong></span> <span class='ocrx_word' id='word_1_256' title='bbox 871 2427 1166 2484; x_wconf 88' lang='lat' dir='ltr'><strong>visceribus</strong></span> <span class='ocrx_word' id='word_1_257' title='bbox 1194 2431 1555 2499; x_wconf 86' lang='lat' dir='ltr'><strong>obtorpescat.</strong></span> <span class='ocrx_word' id='word_1_258' title='bbox 1589 2428 1644 2484; x_wconf 84' lang='lat' dir='ltr'><strong>Si</strong></span> <span class='ocrx_word' id='word_1_259' title='bbox 1691 2429 1778 2484; x_wconf 90' lang='lat' dir='ltr'><strong>ille</strong></span> <span class='ocrx_word' id='word_1_260' title='bbox 1804 2429 1935 2484; x_wconf 84' lang='lat' dir='ltr'><strong>dor-</strong></span> 
     </span>
    </p>
   </div>
   <div class='ocr_carea' id='block_1_41' title="bbox 355 2519 1930 2588">
    <p class='ocr_par' dir='ltr' id='par_1_41' title="bbox 355 2519 1930 2588">
     <span class='ocr_line' id='line_1_41' title="bbox 355 2519 1930 2588; baseline 0.002 -15"><span class='ocrx_word' id='word_1_261' title='bbox 355 2519 492 2573; x_wconf 91' lang='lat' dir='ltr'><strong>mire</strong></span> <span class='ocrx_word' id='word_1_262' title='bbox 532 2519 674 2583; x_wconf 89' lang='lat' dir='ltr'><strong>vnlt,</strong></span> <span class='ocrx_word' id='word_1_263' title='bbox 709 2520 797 2575; x_wconf 92' lang='lat' dir='ltr'><strong>hic</strong></span> <span class='ocrx_word' id='word_1_264' title='bbox 827 2521 1163 2586; x_wconf 85' lang='lat' dir='ltr'><strong>accidiatur;</strong></span> <span class='ocrx_word' id='word_1_265' title='bbox 1194 2522 1238 2576; x_wconf 92' lang='lat' dir='ltr'><strong>si</strong></span> <span class='ocrx_word' id='word_1_266' title='bbox 1264 2530 1416 2575; x_wconf 90' lang='lat' dir='ltr'><strong>satur</strong></span> <span class='ocrx_word' id='word_1_267' title='bbox 1437 2530 1553 2588; x_wconf 90' lang='lat' dir='ltr'><strong>est,</strong></span> <span class='ocrx_word' id='word_1_268' title='bbox 1588 2520 1677 2576; x_wconf 76' lang='lat' dir='ltr'><strong>hic</strong></span> <span class='ocrx_word' id='word_1_269' title='bbox 1716 2529 1930 2576; x_wconf 83' lang='lat' dir='ltr'><strong>ructare</strong></span> 
     </span>
    </p>
   </div>
   <div class='ocr_carea' id='block_1_42' title="bbox 351 2608 1928 2682">
    <p class='ocr_par' dir='ltr' id='par_1_42' title="bbox 351 2608 1928 2682">
     <span class='ocr_line' id='line_1_42' title="bbox 351 2608 1928 2682; baseline 0.001 -19"><span class='ocrx_word' id='word_1_270' title='bbox 351 2608 715 2678; x_wconf 87' lang='lat' dir='ltr'><strong>compellitur.</strong></span> <span class='ocrx_word' id='word_1_271' title='bbox 760 2609 958 2680; x_wconf 85' lang='lat' dir='ltr'><strong>Sicque.</strong></span> <span class='ocrx_word' id='word_1_272' title='bbox 1002 2626 1108 2666; x_wconf 93' lang='lat' dir='ltr'><strong>non</strong></span> <span class='ocrx_word' id='word_1_273' title='bbox 1168 2627 1298 2666; x_wconf 89' lang='lat' dir='ltr'><strong>suus</strong></span> <span class='ocrx_word' id='word_1_274' title='bbox 1352 2611 1426 2665; x_wconf 89' lang='lat' dir='ltr'><strong>nil</strong></span> <span class='ocrx_word' id='word_1_275' title='bbox 1472 2611 1616 2665; x_wconf 87' lang='lat' dir='ltr'><strong>aliud</strong></span> <span class='ocrx_word' id='word_1_276' title='bbox 1668 2611 1928 2682; x_wconf 89' lang='lat' dir='ltr'><strong>loquitur,</strong></span> 
     </span>
    </p>
   </div>
   <div class='ocr_carea' id='block_1_43' title="bbox 355 2697 1928 2772">
    <p class='ocr_par' dir='ltr' id='par_1_43' title="bbox 355 2697 1928 2772">
     <span class='ocr_line' id='line_1_43' title="bbox 355 2697 1928 2772; baseline 0.003 -20"><span class='ocrx_word' id='word_1_277' title='bbox 355 2697 458 2752; x_wconf 88' lang='lat' dir='ltr'><strong>nisi</strong></span> <span class='ocrx_word' id='word_1_278' title='bbox 484 2699 626 2767; x_wconf 84' lang='lat' dir='ltr'><strong>quod</strong></span> <span class='ocrx_word' id='word_1_279' title='bbox 658 2699 732 2752; x_wconf 92' lang='lat' dir='ltr'><strong>illi</strong></span> <span class='ocrx_word' id='word_1_280' title='bbox 758 2699 970 2768; x_wconf 88' lang='lat' dir='ltr'><strong>placere</strong></span> <span class='ocrx_word' id='word_1_281' title='bbox 991 2702 1316 2770; x_wconf 86' lang='lat' dir='ltr'><strong>suspicatur.</strong></span> <span class='ocrx_word' id='word_1_282' title='bbox 1342 2701 1578 2756; x_wconf 91' lang='lat' dir='ltr'><strong>Sieutde</strong></span> <span class='ocrx_word' id='word_1_283' title='bbox 1607 2701 1928 2772; x_wconf 86' lang='lat' dir='ltr'><strong>quibusdam</strong></span> 
     </span>
    </p>
   </div>
   <div class='ocr_carea' id='block_1_44' title="bbox 351 2792 1934 2865">
    <p class='ocr_par' dir='ltr' id='par_1_44' title="bbox 351 2792 1934 2865">
     <span class='ocr_line' id='line_1_44' title="bbox 351 2792 1934 2865; baseline 0.002 -19"><span class='ocrx_word' id='word_1_284' title='bbox 351 2806 460 2846; x_wconf 88' lang='lat' dir='ltr'><strong>non</strong></span> <span class='ocrx_word' id='word_1_285' title='bbox 491 2792 842 2847; x_wconf 88' lang='lat' dir='ltr'><strong>dissimilibus</strong></span> <span class='ocrx_word' id='word_1_286' title='bbox 880 2810 977 2865; x_wconf 91' lang='lat' dir='ltr'><strong>per</strong></span> <span class='ocrx_word' id='word_1_287' title='bbox 1020 2794 1212 2849; x_wconf 88' lang='lat' dir='ltr'><strong>Isaiam</strong></span> <span class='ocrx_word' id='word_1_288' title='bbox 1243 2795 1476 2850; x_wconf 90' lang='lat' dir='ltr'><strong>dicitur:</strong></span> <span class='ocrx_word' id='word_1_289' title='bbox 1523 2813 1542 2846; x_wconf 80' lang='grc' dir='ltr'>ι</span> <span class='ocrx_word' id='word_1_290' title='bbox 1593 2795 1692 2862; x_wconf 88' lang='lat' dir='ltr'><strong>Qui</strong></span> <span class='ocrx_word' id='word_1_291' title='bbox 1744 2794 1934 2850; x_wconf 80' lang='lat' dir='ltr'><strong>dicunt</strong></span> 
     </span>
    </p>
   </div>
   <div class='ocr_carea' id='block_1_45' title="bbox 352 2883 1932 2956">
    <p class='ocr_par' dir='ltr' id='par_1_45' title="bbox 352 2883 1932 2956">
     <span class='ocr_line' id='line_1_45' title="bbox 352 2883 1932 2956; baseline 0.004 -20"><span class='ocrx_word' id='word_1_292' title='bbox 352 2883 694 2949; x_wconf 84' lang='lat' dir='ltr'><strong>videntibus,</strong></span> <span class='ocrx_word' id='word_1_293' title='bbox 743 2886 909 2940; x_wconf 91' lang='lat' dir='ltr'><strong>nolite</strong></span> <span class='ocrx_word' id='word_1_294' title='bbox 956 2887 1156 2951; x_wconf 88' lang='lat' dir='ltr'><strong>videre,</strong></span> <span class='ocrx_word' id='word_1_295' title='bbox 1201 2897 1255 2942; x_wconf 92' lang='lat' dir='ltr'><strong>et</strong></span> <span class='ocrx_word' id='word_1_296' title='bbox 1299 2887 1716 2956; x_wconf 88' lang='lat' dir='ltr'><strong>aspicientibus,</strong></span> <span class='ocrx_word' id='word_1_297' title='bbox 1764 2887 1932 2942; x_wconf 82' lang='lat' dir='ltr'><strong>nolite</strong></span> 
     </span>
    </p>
   </div>
   <div class='ocr_carea' id='block_1_46' title="bbox 354 2975 1930 3048">
    <p class='ocr_par' dir='ltr' id='par_1_46' title="bbox 354 2975 1930 3048">
     <span class='ocr_line' id='line_1_46' title="bbox 354 2975 1930 3048; baseline 0.003 -19"><span class='ocrx_word' id='word_1_298' title='bbox 354 2975 596 3046; x_wconf 90' lang='lat' dir='ltr'><strong>aspicere</strong></span> <span class='ocrx_word' id='word_1_299' title='bbox 643 2977 796 3034; x_wconf 90' lang='lat' dir='ltr'><strong>nobis</strong></span> <span class='ocrx_word' id='word_1_300' title='bbox 825 2993 884 3033; x_wconf 90' lang='lat' dir='ltr'><strong>ea</strong></span> <span class='ocrx_word' id='word_1_301' title='bbox 917 2994 1036 3048; x_wconf 69' lang='lat' dir='ltr'><strong>qua:</strong></span> <span class='ocrx_word' id='word_1_302' title='bbox 1084 2988 1228 3033; x_wconf 89' lang='lat' dir='ltr'><strong>recta</strong></span> <span class='ocrx_word' id='word_1_303' title='bbox 1273 2988 1434 3032; x_wconf 90' lang='lat' dir='ltr'><strong>sunt:</strong></span> <span class='ocrx_word' id='word_1_304' title='bbox 1465 2979 1746 3048; x_wconf 91' lang='lat' dir='ltr'><strong>loquimini</strong></span> <span class='ocrx_word' id='word_1_305' title='bbox 1775 2979 1930 3034; x_wconf 85' lang='lat' dir='ltr'><strong>nobis</strong></span> 
     </span>
    </p>
   </div>
   <div class='ocr_carea' id='block_1_47' title="bbox 354 3065 1926 3135">
    <p class='ocr_par' dir='ltr' id='par_1_47' title="bbox 354 3065 1926 3135">
     <span class='ocr_line' id='line_1_47' title="bbox 354 3065 1926 3135; baseline 0.003 -17"><span class='ocrx_word' id='word_1_306' title='bbox 354 3065 622 3135; x_wconf 81' lang='lat' dir='ltr'><strong>placentia</strong></span> <span class='ocrx_word' id='word_1_307' title='bbox 644 3107 658 3131; x_wconf 92' lang='lat'><strong>,</strong></span> <span class='ocrx_word' id='word_1_308' title='bbox 696 3068 871 3122; x_wconf 70' lang='lat' dir='ltr'><strong>videte</strong></span> <span class='ocrx_word' id='word_1_309' title='bbox 901 3068 1055 3123; x_wconf 89' lang='lat' dir='ltr'><strong>nobis</strong></span> <span class='ocrx_word' id='word_1_310' title='bbox 1082 3083 1329 3133; x_wconf 91' lang='lat' dir='ltr'><strong>errores,</strong></span> <span class='ocrx_word' id='word_1_311' title='bbox 1357 3067 1562 3123; x_wconf 73' lang='lat' dir='ltr'><strong>auferte</strong></span> <span class='ocrx_word' id='word_1_312' title='bbox 1593 3084 1621 3122; x_wconf 90' lang='lat' dir='ltr'><strong>a</strong></span> <span class='ocrx_word' id='word_1_313' title='bbox 1645 3083 1731 3123; x_wconf 91' lang='lat' dir='ltr'><strong>me</strong></span> <span class='ocrx_word' id='word_1_314' title='bbox 1767 3068 1926 3134; x_wconf 90' lang='lat' dir='ltr'><strong>viam,</strong></span> 
     </span>
    </p>
   </div>
   <div class='ocr_carea' id='block_1_48' title="bbox 355 3155 1930 3224">
    <p class='ocr_par' dir='ltr' id='par_1_48' title="bbox 355 3155 1930 3224">
     <span class='ocr_line' id='line_1_48' title="bbox 355 3155 1930 3224; baseline 0.004 -15"><span class='ocrx_word' id='word_1_315' title='bbox 355 3155 620 3211; x_wconf 90' lang='lat' dir='ltr'><strong>deelinate</strong></span> <span class='ocrx_word' id='word_1_316' title='bbox 645 3173 672 3210; x_wconf 90' lang='lat' dir='ltr'><strong>a</strong></span> <span class='ocrx_word' id='word_1_317' title='bbox 705 3173 790 3212; x_wconf 92' lang='lat' dir='ltr'><strong>me</strong></span> <span class='ocrx_word' id='word_1_318' title='bbox 824 3161 1094 3224; x_wconf 84' lang='lat' dir='ltr'><strong>semitam,</strong></span> <span class='ocrx_word' id='word_1_319' title='bbox 1123 3169 1299 3215; x_wconf 85' lang='lat' dir='ltr'><strong>cesset</strong></span> <span class='ocrx_word' id='word_1_320' title='bbox 1333 3175 1361 3212; x_wconf 90' lang='lat' dir='ltr'><strong>a</strong></span> <span class='ocrx_word' id='word_1_321' title='bbox 1389 3159 1526 3216; x_wconf 89' lang='lat' dir='ltr'><strong>facie</strong></span> <span class='ocrx_word' id='word_1_322' title='bbox 1566 3175 1682 3215; x_wconf 92' lang='lat' dir='ltr'><strong>mea</strong></span> <span class='ocrx_word' id='word_1_323' title='bbox 1713 3168 1930 3216; x_wconf 88' lang='lat' dir='ltr'><strong>sanctus</strong></span> 
     </span>
    </p>
   </div>
   <div class='ocr_carea' id='block_1_49' title="bbox 353 3245 1935 3318">
    <p class='ocr_par' dir='ltr' id='par_1_49' title="bbox 353 3245 1935 3318">
     <span class='ocr_line' id='line_1_49' title="bbox 353 3245 1935 3318; baseline 0.004 -20"><span class='ocrx_word' id='word_1_324' title='bbox 353 3245 518 3301; x_wconf 87' lang='lat' dir='ltr'><strong>Israel</strong></span> <span class='ocrx_word' id='word_1_325' title='bbox 545 3246 678 3318; x_wconf 85' lang='lat' dir='ltr'><strong>(Isa.</strong></span> <span class='ocrx_word' id='word_1_326' title='bbox 701 3249 851 3316; x_wconf 82' lang='lat' dir='ltr'><strong>xxx).</strong></span> <span class='ocrx_word' id='word_1_327' title='bbox 885 3268 903 3301; x_wconf 77' lang='grc' dir='ltr'><strong>ι</strong></span> <span class='ocrx_word' id='word_1_328' title='bbox 924 3250 988 3304; x_wconf 87' lang='lat' dir='ltr'><strong>Et</strong></span> <span class='ocrx_word' id='word_1_329' title='bbox 1015 3250 1116 3305; x_wconf 91' lang='lat' dir='ltr'><strong>hoc</strong></span> <span class='ocrx_word' id='word_1_330' title='bbox 1138 3251 1237 3305; x_wconf 90' lang='lat' dir='ltr'><strong>iste</strong></span> <span class='ocrx_word' id='word_1_331' title='bbox 1259 3250 1581 3318; x_wconf 88' lang='lat' dir='ltr'><strong>modojuxta</strong></span> <span class='ocrx_word' id='word_1_332' title='bbox 1597 3249 1935 3306; x_wconf 83' lang='lat' dir='ltr'><strong>Psalmistam</strong></span> 
     </span>
    </p>
   </div>
   <div class='ocr_carea' id='block_1_50' title="bbox 355 3335 1938 3412">
    <p class='ocr_par' dir='ltr' id='par_1_50' title="bbox 355 3335 1938 3412">
     <span class='ocr_line' id='line_1_50' title="bbox 355 3335 1938 3412; baseline 0.004 -24"><span class='ocrx_word' id='word_1_333' title='bbox 355 3335 483 3389; x_wconf 90' lang='lat' dir='ltr'><strong>dum</strong></span> <span class='ocrx_word' id='word_1_334' title='bbox 509 3336 686 3391; x_wconf 89' lang='lat' dir='ltr'><strong>oleum</strong></span> <span class='ocrx_word' id='word_1_335' title='bbox 713 3339 850 3392; x_wconf 91' lang='lat' dir='ltr'><strong>male</strong></span> <span class='ocrx_word' id='word_1_336' title='bbox 872 3339 1199 3394; x_wconf 90' lang='lat' dir='ltr'><strong>blandientis</strong></span> <span class='ocrx_word' id='word_1_337' title='bbox 1226 3341 1604 3395; x_wconf 88' lang='lat' dir='ltr'><strong>assentatiouis</strong></span> <span class='ocrx_word' id='word_1_338' title='bbox 1625 3350 1938 3412; x_wconf 78' lang='lat' dir='ltr'><strong>exaggerat,</strong></span> 
     </span>
    </p>
   </div>
   <div class='ocr_carea' id='block_1_51' title="bbox 287 3427 1937 3502">
    <p class='ocr_par' dir='ltr' id='par_1_51' title="bbox 287 3427 1937 3502">
     <span class='ocr_line' id='line_1_51' title="bbox 287 3427 1937 3502; baseline 0.004 -22"><span class='ocrx_word' id='word_1_339' title='bbox 287 3454 293 3460; x_wconf 88' lang='lat'><strong>-</strong></span> <span class='ocrx_word' id='word_1_340' title='bbox 358 3436 595 3482; x_wconf 90' lang='lat' dir='ltr'><strong>mentem</strong></span> <span class='ocrx_word' id='word_1_341' title='bbox 623 3427 789 3492; x_wconf 88' lang='lat' dir='ltr'><strong>illius,</strong></span> <span class='ocrx_word' id='word_1_342' title='bbox 821 3445 940 3498; x_wconf 78' lang='lat' dir='ltr'><strong>qua:</strong></span> <span class='ocrx_word' id='word_1_343' title='bbox 986 3440 1148 3501; x_wconf 87' lang='lat' dir='ltr'><strong>caput</strong></span> <span class='ocrx_word' id='word_1_344' title='bbox 1199 3440 1283 3486; x_wconf 68' lang='lat' dir='ltr'><strong>Cal</strong></span> <span class='ocrx_word' id='word_1_345' title='bbox 1326 3433 1688 3502; x_wconf 85' lang='lat' dir='ltr'><strong>cogitationis,</strong></span> <span class='ocrx_word' id='word_1_346' title='bbox 1748 3432 1937 3500; x_wconf 80' lang='lat' dir='ltr'><strong>impin—</strong></span> 
     </span>
    </p>
   </div>
   <div class='ocr_carea' id='block_1_52' title="bbox 357 3517 1939 3592">
    <p class='ocr_par' dir='ltr' id='par_1_52' title="bbox 357 3517 1939 3592">
     <span class='ocr_line' id='line_1_52' title="bbox 357 3517 1939 3592; baseline 0.005 -24"><span class='ocrx_word' id='word_1_347' title='bbox 357 3527 506 3587; x_wconf 86' lang='lat' dir='ltr'><strong>guat.</strong></span> <span class='ocrx_word' id='word_1_348' title='bbox 565 3536 583 3570; x_wconf 89' lang='grc' dir='ltr'>ι</span> <span class='ocrx_word' id='word_1_349' title='bbox 616 3517 824 3584; x_wconf 87' lang='lat' dir='ltr'><strong>Oleum,</strong></span> <span class='ocrx_word' id='word_1_350' title='bbox 879 3520 1074 3588; x_wconf 90' lang='lat' dir='ltr'><strong>inquit,</strong></span> <span class='ocrx_word' id='word_1_351' title='bbox 1131 3523 1433 3591; x_wconf 89' lang='lat' dir='ltr'><strong>peccatoris</strong></span> <span class='ocrx_word' id='word_1_352' title='bbox 1486 3537 1591 3575; x_wconf 92' lang='lat' dir='ltr'><strong>non</strong></span> <span class='ocrx_word' id='word_1_353' title='bbox 1644 3522 1939 3592; x_wconf 91' lang='lat' dir='ltr'><strong>impinguet</strong></span> 
     </span>
    </p>
   </div>
   <div class='ocr_carea' id='block_1_53' title="bbox 358 3611 1936 3686">
    <p class='ocr_par' dir='ltr' id='par_1_53' title="bbox 358 3611 1936 3686">
     <span class='ocr_line' id='line_1_53' title="bbox 358 3611 1936 3686; baseline 0.003 -24"><span class='ocrx_word' id='word_1_354' title='bbox 358 3617 522 3677; x_wconf 88' lang='lat' dir='ltr'><strong>caput</strong></span> <span class='ocrx_word' id='word_1_355' title='bbox 603 3626 780 3665; x_wconf 89' lang='lat' dir='ltr'><strong>meum</strong></span> <span class='ocrx_word' id='word_1_356' title='bbox 840 3611 1013 3683; x_wconf 70' lang='lat' dir='ltr'><strong>(Paul.</strong></span> <span class='ocrx_word' id='word_1_357' title='bbox 1075 3614 1221 3686; x_wconf 86' lang='lat' dir='ltr'><strong>ch).</strong></span> <span class='ocrx_word' id='word_1_358' title='bbox 1259 3632 1277 3665; x_wconf 77' lang='grc' dir='ltr'><strong>ι</strong></span> <span class='ocrx_word' id='word_1_359' title='bbox 1357 3614 1424 3669; x_wconf 87' lang='lat' dir='ltr'><strong>Et</strong></span> <span class='ocrx_word' id='word_1_360' title='bbox 1480 3613 1734 3669; x_wconf 87' lang='lat' dir='ltr'><strong>Salomon</strong></span> <span class='ocrx_word' id='word_1_361' title='bbox 1822 3615 1936 3668; x_wconf 88' lang='lat' dir='ltr'><strong>ait:</strong></span> 
     </span>
    </p>
   </div>
   <div class='ocr_carea' id='block_1_54' title="bbox 364 3703 1940 3778">
    <p class='ocr_par' dir='ltr' id='par_1_54' title="bbox 364 3703 1940 3778">
     <span class='ocr_line' id='line_1_54' title="bbox 364 3703 1940 3778; baseline 0.006 -24"><span class='ocrx_word' id='word_1_362' title='bbox 364 3721 383 3754; x_wconf 81' lang='grc' dir='ltr'><strong>ι</strong></span> <span class='ocrx_word' id='word_1_363' title='bbox 417 3703 516 3756; x_wconf 86' lang='lat' dir='ltr'><strong>Fili</strong></span> <span class='ocrx_word' id='word_1_364' title='bbox 553 3705 646 3769; x_wconf 90' lang='lat' dir='ltr'><strong>mi,</strong></span> <span class='ocrx_word' id='word_1_365' title='bbox 675 3706 718 3758; x_wconf 94' lang='lat' dir='ltr'><strong>si</strong></span> <span class='ocrx_word' id='word_1_366' title='bbox 745 3715 795 3760; x_wconf 91' lang='lat' dir='ltr'><strong>te</strong></span> <span class='ocrx_word' id='word_1_367' title='bbox 825 3705 1142 3761; x_wconf 88' lang='lat' dir='ltr'><strong>lactaverint</strong></span> <span class='ocrx_word' id='word_1_368' title='bbox 1166 3717 1501 3778; x_wconf 88' lang='lat' dir='ltr'><strong>peccatores,</strong></span> <span class='ocrx_word' id='word_1_369' title='bbox 1536 3724 1602 3762; x_wconf 86' lang='lat' dir='ltr'><strong>ne.</strong></span> <span class='ocrx_word' id='word_1_370' title='bbox 1625 3709 1940 3777; x_wconf 88' lang='lat' dir='ltr'><strong>acquiescas</strong></span> 
     </span>
    </p>
   </div>
   <div class='ocr_carea' id='block_1_55' title="bbox 360 3791 1941 3866">
    <p class='ocr_par' dir='ltr' id='par_1_55' title="bbox 360 3791 1941 3866">
     <span class='ocr_line' id='line_1_55' title="bbox 360 3791 1941 3866; baseline 0.002 -18"><span class='ocrx_word' id='word_1_371' title='bbox 360 3794 440 3848; x_wconf 87' lang='lat' dir='ltr'><strong>eis</strong></span> <span class='ocrx_word' id='word_1_372' title='bbox 467 3791 646 3863; x_wconf 84' lang='lat' dir='ltr'><strong>(Prov.</strong></span> <span class='ocrx_word' id='word_1_373' title='bbox 688 3797 748 3866; x_wconf 92' lang='grc' dir='ltr'><strong>ι).</strong></span> <span class='ocrx_word' id='word_1_374' title='bbox 790 3815 810 3848; x_wconf 72' lang='grc' dir='ltr'><strong>ι</strong></span> <span class='ocrx_word' id='word_1_375' title='bbox 861 3795 1180 3851; x_wconf 84' lang='lat' dir='ltr'><strong>Peecatores</strong></span> <span class='ocrx_word' id='word_1_376' title='bbox 1221 3798 1422 3852; x_wconf 91' lang='lat' dir='ltr'><strong>ctenim</strong></span> <span class='ocrx_word' id='word_1_377' title='bbox 1456 3797 1678 3860; x_wconf 89' lang='lat' dir='ltr'><strong>lactant,</strong></span> <span class='ocrx_word' id='word_1_378' title='bbox 1710 3813 1832 3851; x_wconf 91' lang='lat' dir='ltr'><strong>cum</strong></span> <span class='ocrx_word' id='word_1_379' title='bbox 1854 3797 1941 3851; x_wconf 87' lang='lat' dir='ltr'><strong>vel</strong></span> 
     </span>
    </p>
   </div>
   <div class='ocr_carea' id='block_1_56' title="bbox 360 3888 1941 3959">
    <p class='ocr_par' dir='ltr' id='par_1_56' title="bbox 360 3888 1941 3959">
     <span class='ocr_line' id='line_1_56' title="bbox 360 3888 1941 3959; baseline 0.001 -17"><span class='ocrx_word' id='word_1_380' title='bbox 360 3889 716 3958; x_wconf 86' lang='lat' dir='ltr'><strong>perpetranda</strong></span> <span class='ocrx_word' id='word_1_381' title='bbox 752 3888 890 3942; x_wconf 90' lang='lat' dir='ltr'><strong>mala</strong></span> <span class='ocrx_word' id='word_1_382' title='bbox 926 3888 1310 3945; x_wconf 87' lang='lat' dir='ltr'><strong>blandimentis</strong></span> <span class='ocrx_word' id='word_1_383' title='bbox 1340 3888 1603 3955; x_wconf 87' lang='lat' dir='ltr'><strong>inferunt,</strong></span> <span class='ocrx_word' id='word_1_384' title='bbox 1643 3889 1723 3943; x_wconf 90' lang='lat' dir='ltr'><strong>vel</strong></span> <span class='ocrx_word' id='word_1_385' title='bbox 1754 3903 1941 3959; x_wconf 86' lang='lat' dir='ltr'><strong>perpe-</strong></span> 
     </span>
    </p>
   </div>
   <div class='ocr_carea' id='block_1_57' title="bbox 363 3979 1101 4035">
    <p class='ocr_par' dir='ltr' id='par_1_57' title="bbox 363 3979 1101 4035">
     <span class='ocr_line' id='line_1_57' title="bbox 363 3979 1101 4035; baseline 0.001 -1"><span class='ocrx_word' id='word_1_386' title='bbox 363 3989 503 4034; x_wconf 89' lang='lat' dir='ltr'><strong>trata</strong></span> <span class='ocrx_word' id='word_1_387' title='bbox 544 3979 790 4035; x_wconf 86' lang='lat' dir='ltr'><strong>laudibus</strong></span> <span class='ocrx_word' id='word_1_388' title='bbox 818 3981 1101 4035; x_wconf 81' lang='lat' dir='ltr'><strong>extollunt.</strong></span> 
     </span>
    </p>
   </div>
   <div class='ocr_carea' id='block_1_58' title="bbox 435 4066 1946 4142">
    <p class='ocr_par' dir='ltr' id='par_1_58' title="bbox 435 4066 1946 4142">
     <span class='ocr_line' id='line_1_58' title="bbox 435 4066 1946 4142; baseline 0.003 -22"><span class='ocrx_word' id='word_1_389' title='bbox 435 4066 639 4134; x_wconf 72' lang='lat' dir='ltr'><strong>Quibus</strong></span> <span class='ocrx_word' id='word_1_390' title='bbox 684 4069 938 4123; x_wconf 86' lang='lat' dir='ltr'><strong>nimirum</strong></span> <span class='ocrx_word' id='word_1_391' title='bbox 991 4069 1290 4139; x_wconf 72' lang='lat' dir='ltr'><strong>Scriptum</strong></span> <span class='ocrx_word' id='word_1_392' title='bbox 1335 4070 1656 4127; x_wconf 90' lang='lat' dir='ltr'><strong>testimoniis</strong></span> <span class='ocrx_word' id='word_1_393' title='bbox 1694 4079 1946 4142; x_wconf 84' lang='lat' dir='ltr'><strong>patenter</strong></span> 
     </span>
    </p>
   </div>
   <div class='ocr_carea' id='block_1_59' title="bbox 360 4161 1942 4232">
    <p class='ocr_par' dir='ltr' id='par_1_59' title="bbox 360 4161 1942 4232">
     <span class='ocr_line' id='line_1_59' title="bbox 360 4161 1942 4232; baseline -0.001 -18"><span class='ocrx_word' id='word_1_394' title='bbox 360 4161 683 4226; x_wconf 90' lang='lat' dir='ltr'><strong>ostenditur,</strong></span> <span class='ocrx_word' id='word_1_395' title='bbox 713 4163 835 4229; x_wconf 90' lang='lat' dir='ltr'><strong>quia</strong></span> <span class='ocrx_word' id='word_1_396' title='bbox 877 4163 1121 4232; x_wconf 89' lang='lat' dir='ltr'><strong>quisquis</strong></span> <span class='ocrx_word' id='word_1_397' title='bbox 1159 4162 1427 4225; x_wconf 87' lang='lat' dir='ltr'><strong>adulatur,</strong></span> <span class='ocrx_word' id='word_1_398' title='bbox 1460 4164 1706 4232; x_wconf 86' lang='lat' dir='ltr'><strong>generale</strong></span> <span class='ocrx_word' id='word_1_399' title='bbox 1751 4178 1942 4232; x_wconf 77' lang='lat' dir='ltr'><strong>pecca-</strong></span> 
     </span>
    </p>
   </div>
   <div class='ocr_carea' id='block_1_60' title="bbox 363 4251 1945 4324">
    <p class='ocr_par' dir='ltr' id='par_1_60' title="bbox 363 4251 1945 4324">
     <span class='ocr_line' id='line_1_60' title="bbox 363 4251 1945 4324; baseline 0.003 -20"><span class='ocrx_word' id='word_1_400' title='bbox 363 4251 500 4306; x_wconf 90' lang='lat' dir='ltr'><strong>toris</strong></span> <span class='ocrx_word' id='word_1_401' title='bbox 532 4267 724 4306; x_wconf 92' lang='lat' dir='ltr'><strong>nomen</strong></span> <span class='ocrx_word' id='word_1_402' title='bbox 763 4268 857 4321; x_wconf 91' lang='lat' dir='ltr'><strong>per</strong></span> <span class='ocrx_word' id='word_1_403' title='bbox 887 4255 1113 4308; x_wconf 88' lang='lat' dir='ltr'><strong>auxesin</strong></span> <span class='ocrx_word' id='word_1_404' title='bbox 1143 4254 1454 4322; x_wconf 84' lang='lat' dir='ltr'><strong>specialiter</strong></span> <span class='ocrx_word' id='word_1_405' title='bbox 1483 4263 1844 4324; x_wconf 86' lang='lat' dir='ltr'><strong>promeretur.</strong></span> <span class='ocrx_word' id='word_1_406' title='bbox 1877 4256 1945 4309; x_wconf 86' lang='lat' dir='ltr'><strong>Et</strong></span> 
     </span>
    </p>
   </div>
   <div class='ocr_carea' id='block_1_61' title="bbox 362 4338 1941 4415">
    <p class='ocr_par' dir='ltr' id='par_1_61' title="bbox 362 4338 1941 4415">
     <span class='ocr_line' id='line_1_61' title="bbox 362 4338 1941 4415; baseline 0.004 -21"><span class='ocrx_word' id='word_1_407' title='bbox 362 4356 486 4394; x_wconf 89' lang='lat' dir='ltr'><strong>cum</strong></span> <span class='ocrx_word' id='word_1_408' title='bbox 539 4338 827 4397; x_wconf 83' lang='lat' dir='ltr'><strong>Psalmista</strong></span> <span class='ocrx_word' id='word_1_409' title='bbox 875 4342 1019 4398; x_wconf 88' lang='lat' dir='ltr'><strong>dicat</strong></span> <span class='ocrx_word' id='word_1_410' title='bbox 1049 4363 1060 4397; x_wconf 90' lang='lat'><strong>:</strong></span> <span class='ocrx_word' id='word_1_411' title='bbox 1096 4343 1231 4411; x_wconf 90' lang='lat' dir='ltr'><strong>Quia</strong></span> <span class='ocrx_word' id='word_1_412' title='bbox 1270 4363 1287 4396; x_wconf 88' lang='grc' dir='ltr'>ι</span> <span class='ocrx_word' id='word_1_413' title='bbox 1324 4343 1574 4398; x_wconf 89' lang='lat' dir='ltr'><strong>laudatur</strong></span> <span class='ocrx_word' id='word_1_414' title='bbox 1610 4356 1862 4415; x_wconf 84' lang='lat' dir='ltr'><strong>peccator</strong></span> <span class='ocrx_word' id='word_1_415' title='bbox 1891 4347 1941 4400; x_wconf 93' lang='lat' dir='ltr'><strong>in</strong></span> 
     </span>
    </p>
   </div>
   <div class='ocr_carea' id='block_1_62' title="bbox 363 4433 1944 4508">
    <p class='ocr_par' dir='ltr' id='par_1_62' title="bbox 363 4433 1944 4508">
     <span class='ocr_line' id='line_1_62' title="bbox 363 4433 1944 4508; baseline 0.003 -22"><span class='ocrx_word' id='word_1_416' title='bbox 363 4433 652 4489; x_wconf 85' lang='lat' dir='ltr'><strong>desideriis</strong></span> <span class='ocrx_word' id='word_1_417' title='bbox 707 4435 900 4490; x_wconf 76' lang='lat' dir='ltr'><strong>anima:</strong></span> <span class='ocrx_word' id='word_1_418' title='bbox 950 4453 1059 4490; x_wconf 71' lang='lat' dir='ltr'><strong>sua:</strong></span> <span class='ocrx_word' id='word_1_419' title='bbox 1102 4435 1273 4508; x_wconf 72' lang='lat' dir='ltr'><strong>(Prol.</strong></span> <span class='ocrx_word' id='word_1_420' title='bbox 1334 4436 1444 4507; x_wconf 83' lang='lat' dir='ltr'><strong>tx);</strong></span> <span class='ocrx_word' id='word_1_421' title='bbox 1486 4455 1503 4488; x_wconf 76' lang='grc' dir='ltr'>ι</span> <span class='ocrx_word' id='word_1_422' title='bbox 1540 4444 1594 4491; x_wconf 92' lang='lat' dir='ltr'><strong>et</strong></span> <span class='ocrx_word' id='word_1_423' title='bbox 1625 4435 1714 4506; x_wconf 91' lang='lat' dir='ltr'><strong>qui</strong></span> <span class='ocrx_word' id='word_1_424' title='bbox 1762 4435 1944 4506; x_wconf 86' lang='lat' dir='ltr'><strong>iniqua</strong></span> 
     </span>
    </p>
   </div>
   <div class='ocr_carea' id='block_1_63' title="bbox 364 4522 2020 4616">
    <p class='ocr_par' dir='ltr' id='par_1_63' title="bbox 364 4522 2020 4616">
     <span class='ocr_line' id='line_1_63' title="bbox 364 4522 2020 4616; baseline 0.001 -40"><span class='ocrx_word' id='word_1_425' title='bbox 364 4522 525 4616; x_wconf 72' lang='lat' dir='ltr'><strong>gerit,</strong></span> <span class='ocrx_word' id='word_1_426' title='bbox 582 4524 950 4590; x_wconf 88' lang='lat' dir='ltr'><strong>bcuedicitur;</strong></span> <span class='ocrx_word' id='word_1_427' title='bbox 1004 4534 1052 4579; x_wconf 92' lang='lat' dir='ltr'><strong>et</strong></span> <span class='ocrx_word' id='word_1_428' title='bbox 1088 4525 1134 4579; x_wconf 91' lang='lat' dir='ltr'><strong>is</strong></span> <span class='ocrx_word' id='word_1_429' title='bbox 1185 4525 1274 4594; x_wconf 92' lang='lat' dir='ltr'><strong>qui</strong></span> <span class='ocrx_word' id='word_1_430' title='bbox 1309 4525 1510 4588; x_wconf 89' lang='lat' dir='ltr'><strong>laudat,</strong></span> <span class='ocrx_word' id='word_1_431' title='bbox 1542 4533 1596 4578; x_wconf 84' lang='lat' dir='ltr'><strong>et</strong></span> <span class='ocrx_word' id='word_1_432' title='bbox 1623 4524 1714 4593; x_wconf 90' lang='lat' dir='ltr'><strong>qni</strong></span> <span class='ocrx_word' id='word_1_433' title='bbox 1755 4535 1944 4592; x_wconf 89' lang='lat' dir='ltr'><strong>sponte</strong></span> <span class='ocrx_word' id='word_1_434' title='bbox 1977 4558 2020 4616; x_wconf 77' lang='grc' dir='ltr'>ο</span> 
     </span>
    </p>
   </div>
   <div class='ocr_carea' id='block_1_64' title="bbox 363 4611 1940 4689">
    <p class='ocr_par' dir='ltr' id='par_1_64' title="bbox 363 4611 1940 4689">
     <span class='ocr_line' id='line_1_64' title="bbox 363 4611 1940 4689; baseline 0.003 -24"><span class='ocrx_word' id='word_1_435' title='bbox 363 4611 635 4684; x_wconf 84' lang='lat' dir='ltr'><strong>laudatur,</strong></span> <span class='ocrx_word' id='word_1_436' title='bbox 681 4631 790 4670; x_wconf 90' lang='lat' dir='ltr'><strong>non</strong></span> <span class='ocrx_word' id='word_1_437' title='bbox 826 4616 1026 4687; x_wconf 91' lang='lat' dir='ltr'><strong>dispari</strong></span> <span class='ocrx_word' id='word_1_438' title='bbox 1078 4626 1261 4672; x_wconf 90' lang='lat' dir='ltr'><strong>reatus</strong></span> <span class='ocrx_word' id='word_1_439' title='bbox 1299 4616 1628 4689; x_wconf 82' lang='lat' dir='ltr'><strong>obligatione</strong></span> <span class='ocrx_word' id='word_1_440' title='bbox 1668 4617 1940 4672; x_wconf 87' lang='lat' dir='ltr'><strong>constrin-</strong></span> 
     </span>
    </p>
   </div>
   <div class='ocr_carea' id='block_1_65' title="bbox 364 4701 529 4772">
    <p class='ocr_par' dir='ltr' id='par_1_65' title="bbox 364 4701 529 4772">
     <span class='ocr_line' id='line_1_65' title="bbox 364 4701 529 4772; baseline 0.012 -18"><span class='ocrx_word' id='word_1_441' title='bbox 364 4701 529 4772; x_wconf 89' lang='lat' dir='ltr'><strong>gitur.</strong></span> 
     </span>
    </p>
   </div>
   <div class='ocr_carea' id='block_1_66' title="bbox 987 4803 1314 4860">
    <p class='ocr_par' dir='ltr' id='par_1_66' title="bbox 987 4803 1314 4860">
     <span class='ocr_line' id='line_1_66' title="bbox 987 4803 1314 4860; baseline -0.009 0"><span class='ocrx_word' id='word_1_442' title='bbox 987 4804 1214 4860; x_wconf 78' lang='lat' dir='ltr'><strong>CAPUT</strong></span> <span class='ocrx_word' id='word_1_443' title='bbox 1253 4803 1314 4859; x_wconf 90' lang='lat' dir='ltr'><strong>ll.</strong></span> 
     </span>
    </p>
   </div>
   <div class='ocr_carea' id='block_1_67' title="bbox 592 4892 1710 4959">
    <p class='ocr_par' dir='ltr' id='par_1_67' title="bbox 592 4892 1710 4959">
     <span class='ocr_line' id='line_1_67' title="bbox 592 4892 1710 4959; baseline 0.003 -12"><span class='ocrx_word' id='word_1_444' title='bbox 592 4892 746 4959; x_wconf 85' lang='lat' dir='ltr'><strong>Quod</strong></span> <span class='ocrx_word' id='word_1_445' title='bbox 775 4895 1010 4948; x_wconf 82' lang='lat' dir='ltr'><strong>adulatio</strong></span> <span class='ocrx_word' id='word_1_446' title='bbox 1042 4897 1093 4948; x_wconf 84' lang='lat' dir='ltr'><strong>in</strong></span> <span class='ocrx_word' id='word_1_447' title='bbox 1120 4896 1320 4950; x_wconf 84' lang='lat' dir='ltr'><strong>clericis</strong></span> <span class='ocrx_word' id='word_1_448' title='bbox 1358 4897 1422 4949; x_wconf 81' lang='lat' dir='ltr'><strong>sit</strong></span> <span class='ocrx_word' id='word_1_449' title='bbox 1464 4896 1710 4950; x_wconf 82' lang='lat' dir='ltr'><strong>simonia.</strong></span> 
     </span>
    </p>
   </div>
   <div class='ocr_carea' id='block_1_68' title="bbox 438 4981 1946 5058">
    <p class='ocr_par' dir='ltr' id='par_1_68' title="bbox 438 4981 1946 5058">
     <span class='ocr_line' id='line_1_68' title="bbox 438 4981 1946 5058; baseline 0.003 -22"><span class='ocrx_word' id='word_1_450' title='bbox 438 4981 551 5039; x_wconf 89' lang='lat' dir='ltr'><strong>lloc</strong></span> <span class='ocrx_word' id='word_1_451' title='bbox 572 5000 701 5055; x_wconf 91' lang='lat' dir='ltr'><strong>ergo</strong></span> <span class='ocrx_word' id='word_1_452' title='bbox 725 5002 890 5058; x_wconf 90' lang='lat' dir='ltr'><strong>genus</strong></span> <span class='ocrx_word' id='word_1_453' title='bbox 919 4987 1161 5042; x_wconf 89' lang='lat' dir='ltr'><strong>muneris</strong></span> <span class='ocrx_word' id='word_1_454' title='bbox 1182 4989 1390 5043; x_wconf 63' lang='lat' dir='ltr'><strong>caneris</strong></span> <span class='ocrx_word' id='word_1_455' title='bbox 1432 4988 1746 5043; x_wconf 88' lang='lat' dir='ltr'><strong>muneribus</strong></span> <span class='ocrx_word' id='word_1_456' title='bbox 1776 4995 1833 5042; x_wconf 87' lang='lat' dir='ltr'><strong>et</strong></span> <span class='ocrx_word' id='word_1_457' title='bbox 1856 4986 1946 5040; x_wconf 89' lang='lat' dir='ltr'><strong>de-</strong></span> 
     </span>
    </p>
   </div>
   <div class='ocr_carea' id='block_1_69' title="bbox 365 5076 1946 5151">
    <p class='ocr_par' dir='ltr' id='par_1_69' title="bbox 365 5076 1946 5151">
     <span class='ocr_line' id='line_1_69' title="bbox 365 5076 1946 5151; baseline 0.003 -23"><span class='ocrx_word' id='word_1_458' title='bbox 365 5076 539 5130; x_wconf 90' lang='lat' dir='ltr'><strong>terius</strong></span> <span class='ocrx_word' id='word_1_459' title='bbox 566 5087 650 5131; x_wconf 92' lang='lat' dir='ltr'><strong>est</strong></span> <span class='ocrx_word' id='word_1_460' title='bbox 694 5078 758 5131; x_wconf 89' lang='lat' dir='ltr'><strong>ad</strong></span> <span class='ocrx_word' id='word_1_461' title='bbox 805 5079 1158 5148; x_wconf 85' lang='lat' dir='ltr'><strong>peccandum,</strong></span> <span class='ocrx_word' id='word_1_462' title='bbox 1204 5087 1258 5135; x_wconf 91' lang='lat' dir='ltr'><strong>et</strong></span> <span class='ocrx_word' id='word_1_463' title='bbox 1293 5080 1508 5151; x_wconf 89' lang='lat' dir='ltr'><strong>gravius</strong></span> <span class='ocrx_word' id='word_1_464' title='bbox 1536 5080 1600 5133; x_wconf 90' lang='lat' dir='ltr'><strong>ad</strong></span> <span class='ocrx_word' id='word_1_465' title='bbox 1633 5079 1946 5150; x_wconf 80' lang='lat' dir='ltr'><strong>persolven-</strong></span> 
     </span>
    </p>
   </div>
   <div class='ocr_carea' id='block_1_70' title="bbox 365 5165 1948 5239">
    <p class='ocr_par' dir='ltr' id='par_1_70' title="bbox 365 5165 1948 5239">
     <span class='ocr_line' id='line_1_70' title="bbox 365 5165 1948 5239; baseline 0.004 -22"><span class='ocrx_word' id='word_1_466' title='bbox 365 5166 518 5218; x_wconf 90' lang='lat' dir='ltr'><strong>dnm.</strong></span> <span class='ocrx_word' id='word_1_467' title='bbox 547 5165 811 5232; x_wconf 89' lang='lat' dir='ltr'><strong>Quoniam</strong></span> <span class='ocrx_word' id='word_1_468' title='bbox 842 5169 933 5224; x_wconf 92' lang='lat' dir='ltr'><strong>illa</strong></span> <span class='ocrx_word' id='word_1_469' title='bbox 967 5178 1195 5238; x_wconf 87' lang='lat' dir='ltr'><strong>utraque</strong></span> <span class='ocrx_word' id='word_1_470' title='bbox 1224 5171 1344 5224; x_wconf 90' lang='lat' dir='ltr'><strong>sine</strong></span> <span class='ocrx_word' id='word_1_471' title='bbox 1393 5171 1496 5224; x_wconf 91' lang='lat' dir='ltr'><strong>isto</strong></span> <span class='ocrx_word' id='word_1_472' title='bbox 1527 5178 1750 5239; x_wconf 89' lang='lat' dir='ltr'><strong>possunt</strong></span> <span class='ocrx_word' id='word_1_473' title='bbox 1790 5169 1948 5225; x_wconf 89' lang='lat' dir='ltr'><strong>facile</strong></span> 
     </span>
    </p>
   </div>
   <div class='ocr_carea' id='block_1_71' title="bbox 367 5258 1948 5327">
    <p class='ocr_par' dir='ltr' id='par_1_71' title="bbox 367 5258 1948 5327">
     <span class='ocr_line' id='line_1_71' title="bbox 367 5258 1948 5327; baseline 0.001 -15"><span class='ocrx_word' id='word_1_474' title='bbox 367 5258 615 5327; x_wconf 90' lang='lat' dir='ltr'><strong>reperiri,</strong></span> <span class='ocrx_word' id='word_1_475' title='bbox 679 5259 782 5314; x_wconf 89' lang='lat' dir='ltr'><strong>hoc</strong></span> <span class='ocrx_word' id='word_1_476' title='bbox 835 5270 1014 5316; x_wconf 89' lang='lat' dir='ltr'><strong>autem</strong></span> <span class='ocrx_word' id='word_1_477' title='bbox 1067 5261 1182 5317; x_wconf 90' lang='lat' dir='ltr'><strong>sine</strong></span> <span class='ocrx_word' id='word_1_478' title='bbox 1231 5262 1442 5316; x_wconf 89' lang='lat' dir='ltr'><strong>duobus</strong></span> <span class='ocrx_word' id='word_1_479' title='bbox 1474 5262 1580 5317; x_wconf 92' lang='lat' dir='ltr'><strong>illis</strong></span> <span class='ocrx_word' id='word_1_480' title='bbox 1627 5262 1712 5317; x_wconf 89' lang='lat' dir='ltr'><strong>vel</strong></span> <span class='ocrx_word' id='word_1_481' title='bbox 1748 5263 1834 5316; x_wconf 91' lang='lat' dir='ltr'><strong>vix</strong></span> <span class='ocrx_word' id='word_1_482' title='bbox 1867 5261 1948 5317; x_wconf 89' lang='lat' dir='ltr'><strong>vel</strong></span> 
     </span>
    </p>
   </div>
   <div class='ocr_carea' id='block_1_72' title="bbox 366 5353 1954 5423">
    <p class='ocr_par' dir='ltr' id='par_1_72' title="bbox 366 5353 1954 5423">
     <span class='ocr_line' id='line_1_72' title="bbox 366 5353 1954 5423; baseline 0.003 -19"><span class='ocrx_word' id='word_1_483' title='bbox 366 5366 645 5420; x_wconf 89' lang='lat' dir='ltr'><strong>nunquam</strong></span> <span class='ocrx_word' id='word_1_484' title='bbox 687 5353 829 5408; x_wconf 92' lang='lat' dir='ltr'><strong>valet</strong></span> <span class='ocrx_word' id='word_1_485' title='bbox 860 5353 1088 5423; x_wconf 88' lang='lat' dir='ltr'><strong>impleri.</strong></span> <span class='ocrx_word' id='word_1_486' title='bbox 1120 5353 1252 5409; x_wconf 85' lang='lat' dir='ltr'><strong>Nam</strong></span> <span class='ocrx_word' id='word_1_487' title='bbox 1281 5355 1653 5410; x_wconf 89' lang='lat' dir='ltr'><strong>venditoribus</strong></span> <span class='ocrx_word' id='word_1_488' title='bbox 1681 5355 1954 5410; x_wconf 82' lang='lat' dir='ltr'><strong>Ecclesia-</strong></span> 
     </span>
    </p>
   </div>
   <div class='ocr_carea' id='block_1_73' title="bbox 366 5441 1943 5514">
    <p class='ocr_par' dir='ltr' id='par_1_73' title="bbox 366 5441 1943 5514">
     <span class='ocr_line' id='line_1_73' title="bbox 366 5441 1943 5514; baseline 0.003 -21"><span class='ocrx_word' id='word_1_489' title='bbox 366 5457 510 5504; x_wconf 92' lang='lat' dir='ltr'><strong>rum,</strong></span> <span class='ocrx_word' id='word_1_490' title='bbox 540 5441 583 5496; x_wconf 92' lang='lat' dir='ltr'><strong>si</strong></span> <span class='ocrx_word' id='word_1_491' title='bbox 609 5444 755 5497; x_wconf 87' lang='lat' dir='ltr'><strong>avari</strong></span> <span class='ocrx_word' id='word_1_492' title='bbox 789 5452 935 5509; x_wconf 89' lang='lat' dir='ltr'><strong>sunt,</strong></span> <span class='ocrx_word' id='word_1_493' title='bbox 968 5443 1160 5499; x_wconf 86' lang='lat' dir='ltr'><strong>sullleit</strong></span> <span class='ocrx_word' id='word_1_494' title='bbox 1191 5445 1418 5514; x_wconf 89' lang='lat' dir='ltr'><strong>pecunia</strong></span> <span class='ocrx_word' id='word_1_495' title='bbox 1446 5459 1567 5498; x_wconf 91' lang='lat' dir='ltr'><strong>eum</strong></span> <span class='ocrx_word' id='word_1_496' title='bbox 1595 5445 1943 5514; x_wconf 87' lang='lat' dir='ltr'><strong>appenditnr:</strong></span> 
     </span>
    </p>
   </div>
   <div class='ocr_carea' id='block_1_74' title="bbox 359 5521 1946 5605">
    <p class='ocr_par' dir='ltr' id='par_1_74' title="bbox 359 5521 1946 5605">
     <span class='ocr_line' id='line_1_74' title="bbox 359 5521 1946 5605; baseline 0.003 -21"><span class='ocrx_word' id='word_1_497' title='bbox 359 5521 412 5585; x_wconf 11' lang='lat' dir='ltr'><strong>isi</strong></span> <span class='ocrx_word' id='word_1_498' title='bbox 451 5533 692 5602; x_wconf 88' lang='lat' dir='ltr'><strong>gloriosi,</strong></span> <span class='ocrx_word' id='word_1_499' title='bbox 729 5533 876 5589; x_wconf 90' lang='lat' dir='ltr'><strong>solus</strong></span> <span class='ocrx_word' id='word_1_500' title='bbox 924 5534 1246 5589; x_wconf 87' lang='lat' dir='ltr'><strong>adulationis</strong></span> <span class='ocrx_word' id='word_1_501' title='bbox 1297 5533 1452 5589; x_wconf 87' lang='lat' dir='ltr'><strong>favor</strong></span> <span class='ocrx_word' id='word_1_502' title='bbox 1497 5535 1800 5605; x_wconf 18' lang='lat' dir='ltr'><strong>aliquando,</strong></span> <span class='ocrx_word' id='word_1_503' title='bbox 1828 5535 1946 5589; x_wconf 89' lang='lat' dir='ltr'><strong>vice</strong></span> 
     </span>
    </p>
   </div>
   <div class='ocr_carea' id='block_1_75' title="bbox 369 5626 1946 5699">
    <p class='ocr_par' dir='ltr' id='par_1_75' title="bbox 369 5626 1946 5699">
     <span class='ocr_line' id='line_1_75' title="bbox 369 5626 1946 5699; baseline 0 -19"><span class='ocrx_word' id='word_1_504' title='bbox 369 5626 538 5699; x_wconf 65' lang='grc'><strong>466</strong></span> <span class='ocrx_word' id='word_1_505' title='bbox 576 5627 734 5697; x_wconf 91' lang='lat' dir='ltr'><strong>pretii</strong></span> <span class='ocrx_word' id='word_1_506' title='bbox 765 5636 1167 5696; x_wconf 91' lang='lat' dir='ltr'><strong>compensatur.</strong></span> <span class='ocrx_word' id='word_1_507' title='bbox 1203 5627 1304 5694; x_wconf 90' lang='lat' dir='ltr'><strong>Qui</strong></span> <span class='ocrx_word' id='word_1_508' title='bbox 1331 5641 1460 5682; x_wconf 84' lang='lat' dir='ltr'><strong>vero</strong></span> <span class='ocrx_word' id='word_1_509' title='bbox 1487 5642 1546 5682; x_wconf 90' lang='lat' dir='ltr'><strong>se</strong></span> <span class='ocrx_word' id='word_1_510' title='bbox 1581 5626 1762 5681; x_wconf 90' lang='lat' dir='ltr'><strong>mundi</strong></span> <span class='ocrx_word' id='word_1_511' title='bbox 1794 5627 1946 5696; x_wconf 90' lang='lat' dir='ltr'><strong>prin-</strong></span> 
     </span>
    </p>
   </div>
   <div class='ocr_carea' id='block_1_76' title="bbox 370 5715 1952 5787">
    <p class='ocr_par' dir='ltr' id='par_1_76' title="bbox 370 5715 1952 5787">
     <span class='ocr_line' id='line_1_76' title="bbox 370 5715 1952 5787; baseline -0.002 -15"><span class='ocrx_word' id='word_1_512' title='bbox 370 5717 582 5785; x_wconf 86' lang='lat' dir='ltr'><strong>cipibus</strong></span> <span class='ocrx_word' id='word_1_513' title='bbox 622 5733 721 5787; x_wconf 91' lang='lat' dir='ltr'><strong>pro</strong></span> <span class='ocrx_word' id='word_1_514' title='bbox 770 5717 1146 5772; x_wconf 87' lang='lat' dir='ltr'><strong>nanciscendis</strong></span> <span class='ocrx_word' id='word_1_515' title='bbox 1177 5715 1470 5772; x_wconf 89' lang='lat' dir='ltr'><strong>honoribus</strong></span> <span class='ocrx_word' id='word_1_516' title='bbox 1497 5716 1734 5779; x_wconf 89' lang='lat' dir='ltr'><strong>tradunt,</strong></span> <span class='ocrx_word' id='word_1_517' title='bbox 1775 5725 1828 5771; x_wconf 90' lang='lat' dir='ltr'><strong>et</strong></span> <span class='ocrx_word' id='word_1_518' title='bbox 1866 5731 1952 5786; x_wconf 73' lang='lat' dir='ltr'><strong>pe~</strong></span> 
     </span>
    </p>
   </div>
   <div class='ocr_carea' id='block_1_77' title="bbox 375 5807 1950 5882">
    <p class='ocr_par' dir='ltr' id='par_1_77' title="bbox 375 5807 1950 5882">
     <span class='ocr_line' id='line_1_77' title="bbox 375 5807 1950 5882; baseline -0.001 -18"><span class='ocrx_word' id='word_1_519' title='bbox 375 5809 565 5866; x_wconf 82' lang='lat' dir='ltr'><strong>euuias</strong></span> <span class='ocrx_word' id='word_1_520' title='bbox 592 5809 899 5866; x_wconf 85' lang='lat' dir='ltr'><strong>necessario</strong></span> <span class='ocrx_word' id='word_1_521' title='bbox 944 5809 1339 5882; x_wconf 12' lang='lat' dir='ltr'><strong>prodigunt,let</strong></span> <span class='ocrx_word' id='word_1_522' title='bbox 1383 5807 1664 5864; x_wconf 84' lang='lat' dir='ltr'><strong>deliuifleis</strong></span> <span class='ocrx_word' id='word_1_523' title='bbox 1696 5815 1950 5877; x_wconf 84' lang='lat' dir='ltr'><strong>patro::os</strong></span> 
     </span>
    </p>
   </div>
   <div class='ocr_carea' id='block_1_78' title="bbox 2030 1966 3682 2038">
    <p class='ocr_par' dir='ltr' id='par_1_78' title="bbox 2030 1966 3682 2038">
     <span class='ocr_line' id='line_1_78' title="bbox 2030 1966 3682 2038; baseline 0.001 -18"><span class='ocrx_word' id='word_1_524' title='bbox 2030 1967 2399 2038; x_wconf 73' lang='lat' dir='ltr'><strong>ponderentur</strong></span> <span class='ocrx_word' id='word_1_525' title='bbox 2421 1966 2737 2038; x_wconf 86' lang='lat' dir='ltr'><strong>anaglypba.</strong></span> <span class='ocrx_word' id='word_1_526' title='bbox 2764 1968 2921 2034; x_wconf 91' lang='lat' dir='ltr'><strong>Dent,</strong></span> <span class='ocrx_word' id='word_1_527' title='bbox 2945 1968 3188 2037; x_wconf 88' lang='lat' dir='ltr'><strong>inquam,</strong></span> <span class='ocrx_word' id='word_1_528' title='bbox 3203 1967 3598 2031; x_wconf 71' lang='lat' dir='ltr'><strong>aliinummos;</strong></span> <span class='ocrx_word' id='word_1_529' title='bbox 3672 1997 3682 2007; x_wconf 86' lang='lat'><strong>-</strong></span> 
     </span>
    </p>
   </div>
   <div class='ocr_carea' id='block_1_79' title="bbox 2032 2057 3602 2128">
    <p class='ocr_par' dir='ltr' id='par_1_79' title="bbox 2032 2057 3602 2128">
     <span class='ocr_line' id='line_1_79' title="bbox 2032 2057 3602 2128; baseline 0 -16"><span class='ocrx_word' id='word_1_530' title='bbox 2032 2057 2120 2112; x_wconf 90' lang='lat' dir='ltr'><strong>isti</strong></span> <span class='ocrx_word' id='word_1_531' title='bbox 2149 2058 2280 2112; x_wconf 89' lang='lat' dir='ltr'><strong>dant</strong></span> <span class='ocrx_word' id='word_1_532' title='bbox 2323 2059 2553 2127; x_wconf 89' lang='lat' dir='ltr'><strong>pretium</strong></span> <span class='ocrx_word' id='word_1_533' title='bbox 2588 2058 2926 2128; x_wconf 83' lang='lat' dir='ltr'><strong>semetipsos.</strong></span> <span class='ocrx_word' id='word_1_534' title='bbox 2979 2059 3062 2114; x_wconf 81' lang='lat' dir='ltr'><strong>An</strong></span> <span class='ocrx_word' id='word_1_535' title='bbox 3096 2075 3202 2114; x_wconf 90' lang='lat' dir='ltr'><strong>non</strong></span> <span class='ocrx_word' id='word_1_536' title='bbox 3239 2069 3322 2114; x_wconf 88' lang='lat' dir='ltr'><strong>est</strong></span> <span class='ocrx_word' id='word_1_537' title='bbox 3370 2060 3602 2127; x_wconf 88' lang='lat' dir='ltr'><strong>pretimn</strong></span> 
     </span>
    </p>
   </div>
   <div class='ocr_carea' id='block_1_80' title="bbox 2031 2149 3605 2224">
    <p class='ocr_par' dir='ltr' id='par_1_80' title="bbox 2031 2149 3605 2224">
     <span class='ocr_line' id='line_1_80' title="bbox 2031 2149 3605 2224; baseline 0.001 -19"><span class='ocrx_word' id='word_1_538' title='bbox 2031 2150 2274 2205; x_wconf 88' lang='lat' dir='ltr'><strong>sedulum</strong></span> <span class='ocrx_word' id='word_1_539' title='bbox 2308 2149 2658 2219; x_wconf 87' lang='lat' dir='ltr'><strong>subjectionis</strong></span> <span class='ocrx_word' id='word_1_540' title='bbox 2685 2153 3037 2222; x_wconf 86' lang='lat' dir='ltr'><strong>obsequium?</strong></span> <span class='ocrx_word' id='word_1_541' title='bbox 3065 2153 3199 2208; x_wconf 84' lang='lat' dir='ltr'><strong>Nam</strong></span> <span class='ocrx_word' id='word_1_542' title='bbox 3237 2163 3296 2208; x_wconf 92' lang='lat' dir='ltr'><strong>ut</strong></span> <span class='ocrx_word' id='word_1_543' title='bbox 3336 2155 3402 2210; x_wconf 92' lang='lat' dir='ltr'><strong>de</strong></span> <span class='ocrx_word' id='word_1_544' title='bbox 3448 2155 3605 2224; x_wconf 85' lang='lat' dir='ltr'><strong>spiri-</strong></span> 
     </span>
    </p>
   </div>
   <div class='ocr_carea' id='block_1_81' title="bbox 2033 2241 3606 2316">
    <p class='ocr_par' dir='ltr' id='par_1_81' title="bbox 2033 2241 3606 2316">
     <span class='ocr_line' id='line_1_81' title="bbox 2033 2241 3606 2316; baseline 0.004 -22"><span class='ocrx_word' id='word_1_545' title='bbox 2033 2241 2123 2294; x_wconf 87' lang='lat' dir='ltr'><strong>tali</strong></span> <span class='ocrx_word' id='word_1_546' title='bbox 2173 2251 2554 2296; x_wconf 83' lang='lat' dir='ltr'><strong>ronvertamur</strong></span> <span class='ocrx_word' id='word_1_547' title='bbox 2598 2243 2664 2296; x_wconf 91' lang='lat' dir='ltr'><strong>ad</strong></span> <span class='ocrx_word' id='word_1_548' title='bbox 2727 2244 2943 2300; x_wconf 84' lang='lat' dir='ltr'><strong>carnale</strong></span> <span class='ocrx_word' id='word_1_549' title='bbox 2993 2245 3323 2316; x_wconf 91' lang='lat' dir='ltr'><strong>conjugium,</strong></span> <span class='ocrx_word' id='word_1_550' title='bbox 3364 2247 3606 2314; x_wconf 90' lang='lat' dir='ltr'><strong>nunquid</strong></span> 
     </span>
    </p>
   </div>
   <div class='ocr_carea' id='block_1_82' title="bbox 2031 2331 3605 2404">
    <p class='ocr_par' dir='ltr' id='par_1_82' title="bbox 2031 2331 3605 2404">
     <span class='ocr_line' id='line_1_82' title="bbox 2031 2331 3605 2404; baseline 0.001 -18"><span class='ocrx_word' id='word_1_551' title='bbox 2031 2331 2198 2386; x_wconf 85' lang='lat' dir='ltr'><strong>Jacoh</strong></span> <span class='ocrx_word' id='word_1_552' title='bbox 2229 2372 2243 2397; x_wconf 96' lang='lat'><strong>,</strong></span> <span class='ocrx_word' id='word_1_553' title='bbox 2300 2334 2391 2402; x_wconf 90' lang='lat' dir='ltr'><strong>qui</strong></span> <span class='ocrx_word' id='word_1_554' title='bbox 2440 2332 2704 2388; x_wconf 90' lang='lat' dir='ltr'><strong>vieennali</strong></span> <span class='ocrx_word' id='word_1_555' title='bbox 2735 2347 2832 2404; x_wconf 92' lang='lat' dir='ltr'><strong>pro</strong></span> <span class='ocrx_word' id='word_1_556' title='bbox 2880 2335 3138 2390; x_wconf 88' lang='lat' dir='ltr'><strong>uxoribus</strong></span> <span class='ocrx_word' id='word_1_557' title='bbox 3171 2345 3331 2390; x_wconf 83' lang='lat' dir='ltr'><strong>:etatc</strong></span> <span class='ocrx_word' id='word_1_558' title='bbox 3359 2337 3605 2398; x_wconf 83' lang='lat' dir='ltr'><strong>servivit,</strong></span> 
     </span>
    </p>
   </div>
   <div class='ocr_carea' id='block_1_83' title="bbox 2032 2423 3605 2494">
    <p class='ocr_par' dir='ltr' id='par_1_83' title="bbox 2032 2423 3605 2494">
     <span class='ocr_line' id='line_1_83' title="bbox 2032 2423 3605 2494; baseline 0.002 -17"><span class='ocrx_word' id='word_1_559' title='bbox 2032 2423 2291 2478; x_wconf 89' lang='lat' dir='ltr'><strong>dicendus</strong></span> <span class='ocrx_word' id='word_1_560' title='bbox 2321 2433 2407 2478; x_wconf 88' lang='lat' dir='ltr'><strong>est</strong></span> <span class='ocrx_word' id='word_1_561' title='bbox 2452 2424 2682 2494; x_wconf 86' lang='lat' dir='ltr'><strong>pretium</strong></span> <span class='ocrx_word' id='word_1_562' title='bbox 2714 2440 2821 2479; x_wconf 83' lang='lat' dir='ltr'><strong>non</strong></span> <span class='ocrx_word' id='word_1_563' title='bbox 2851 2425 3084 2489; x_wconf 88' lang='lat' dir='ltr'><strong>dedisse,</strong></span> <span class='ocrx_word' id='word_1_564' title='bbox 3115 2427 3240 2494; x_wconf 88' lang='lat' dir='ltr'><strong>quia</strong></span> <span class='ocrx_word' id='word_1_565' title='bbox 3293 2425 3476 2481; x_wconf 87' lang='lat' dir='ltr'><strong>Laban</strong></span> <span class='ocrx_word' id='word_1_566' title='bbox 3513 2442 3605 2480; x_wconf 83' lang='lat' dir='ltr'><strong>so-</strong></span> 
     </span>
    </p>
   </div>
   <div class='ocr_carea' id='block_1_84' title="bbox 2033 2516 3610 2587">
    <p class='ocr_par' dir='ltr' id='par_1_84' title="bbox 2033 2516 3610 2587">
     <span class='ocr_line' id='line_1_84' title="bbox 2033 2516 3610 2587; baseline 0.001 -19"><span class='ocrx_word' id='word_1_567' title='bbox 2033 2529 2158 2569; x_wconf 90' lang='lat' dir='ltr'><strong>eero</strong></span> <span class='ocrx_word' id='word_1_568' title='bbox 2185 2530 2284 2570; x_wconf 89' lang='lat' dir='ltr'><strong>suo</strong></span> <span class='ocrx_word' id='word_1_569' title='bbox 2313 2516 2591 2586; x_wconf 90' lang='lat' dir='ltr'><strong>pecuniam</strong></span> <span class='ocrx_word' id='word_1_570' title='bbox 2639 2532 2745 2571; x_wconf 93' lang='lat' dir='ltr'><strong>non</strong></span> <span class='ocrx_word' id='word_1_571' title='bbox 2782 2518 3072 2587; x_wconf 89' lang='lat' dir='ltr'><strong>appendit?</strong></span> <span class='ocrx_word' id='word_1_572' title='bbox 3111 2517 3218 2573; x_wconf 86' lang='lat' dir='ltr'><strong>Sed</strong></span> <span class='ocrx_word' id='word_1_573' title='bbox 3255 2518 3414 2583; x_wconf 89' lang='lat' dir='ltr'><strong>audi,</strong></span> <span class='ocrx_word' id='word_1_574' title='bbox 3463 2517 3610 2572; x_wconf 88' lang='lat' dir='ltr'><strong>Scri-</strong></span> 
     </span>
    </p>
   </div>
   <div class='ocr_carea' id='block_1_85' title="bbox 2034 2606 3603 2679">
    <p class='ocr_par' dir='ltr' id='par_1_85' title="bbox 2034 2606 3603 2679">
     <span class='ocr_line' id='line_1_85' title="bbox 2034 2606 3603 2679; baseline 0 -20"><span class='ocrx_word' id='word_1_575' title='bbox 2034 2615 2188 2676; x_wconf 91' lang='lat' dir='ltr'><strong>ptura</strong></span> <span class='ocrx_word' id='word_1_576' title='bbox 2216 2616 2374 2673; x_wconf 92' lang='lat' dir='ltr'><strong>teste,</strong></span> <span class='ocrx_word' id='word_1_577' title='bbox 2399 2608 2527 2679; x_wconf 89' lang='lat' dir='ltr'><strong>quid</strong></span> <span class='ocrx_word' id='word_1_578' title='bbox 2553 2606 2670 2677; x_wconf 88' lang='lat' dir='ltr'><strong>ejus</strong></span> <span class='ocrx_word' id='word_1_579' title='bbox 2693 2617 2934 2679; x_wconf 82' lang='lat' dir='ltr'><strong>utraeque</strong></span> <span class='ocrx_word' id='word_1_580' title='bbox 2957 2618 3362 2678; x_wconf 88' lang='lat' dir='ltr'><strong>conquerantur</strong></span> <span class='ocrx_word' id='word_1_581' title='bbox 3387 2621 3603 2662; x_wconf 88' lang='lat' dir='ltr'><strong>uxores:</strong></span> 
     </span>
    </p>
   </div>
   <div class='ocr_carea' id='block_1_86' title="bbox 2041 2697 3608 2770">
    <p class='ocr_par' dir='ltr' id='par_1_86' title="bbox 2041 2697 3608 2770">
     <span class='ocr_line' id='line_1_86' title="bbox 2041 2697 3608 2770; baseline -0.001 -19"><span class='ocrx_word' id='word_1_582' title='bbox 2041 2717 2061 2751; x_wconf 75' lang='grc' dir='ltr'>ι</span> <span class='ocrx_word' id='word_1_583' title='bbox 2094 2699 2367 2768; x_wconf 82' lang='lat' dir='ltr'><strong>Nunquid,</strong></span> <span class='ocrx_word' id='word_1_584' title='bbox 2397 2701 2670 2768; x_wconf 88' lang='lat' dir='ltr'><strong>inquiunt,</strong></span> <span class='ocrx_word' id='word_1_585' title='bbox 2694 2699 2954 2755; x_wconf 91' lang='lat' dir='ltr'><strong>habemus</strong></span> <span class='ocrx_word' id='word_1_586' title='bbox 2997 2699 3192 2754; x_wconf 81' lang='lat' dir='ltr'><strong>residui</strong></span> <span class='ocrx_word' id='word_1_587' title='bbox 3223 2699 3515 2770; x_wconf 82' lang='lat' dir='ltr'><strong>quidquam</strong></span> <span class='ocrx_word' id='word_1_588' title='bbox 3553 2697 3608 2750; x_wconf 91' lang='lat' dir='ltr'><strong>in</strong></span> 
     </span>
    </p>
   </div>
   <div class='ocr_carea' id='block_1_87' title="bbox 2034 2787 3605 2859">
    <p class='ocr_par' dir='ltr' id='par_1_87' title="bbox 2034 2787 3605 2859">
     <span class='ocr_line' id='line_1_87' title="bbox 2034 2787 3605 2859; baseline -0.003 -17"><span class='ocrx_word' id='word_1_589' title='bbox 2034 2789 2402 2853; x_wconf 88' lang='lat' dir='ltr'><strong>facultatibus,</strong></span> <span class='ocrx_word' id='word_1_590' title='bbox 2430 2798 2484 2843; x_wconf 92' lang='lat' dir='ltr'><strong>et</strong></span> <span class='ocrx_word' id='word_1_591' title='bbox 2515 2789 2566 2844; x_wconf 93' lang='lat' dir='ltr'><strong>in</strong></span> <span class='ocrx_word' id='word_1_592' title='bbox 2594 2789 2907 2845; x_wconf 66' lang='lat' dir='ltr'><strong>haereditate</strong></span> <span class='ocrx_word' id='word_1_593' title='bbox 2937 2790 3128 2844; x_wconf 87' lang='lat' dir='ltr'><strong>domus</strong></span> <span class='ocrx_word' id='word_1_594' title='bbox 3153 2789 3322 2859; x_wconf 86' lang='lat' dir='ltr'><strong>patris</strong></span> <span class='ocrx_word' id='word_1_595' title='bbox 3344 2787 3553 2842; x_wconf 83' lang='lat' dir='ltr'><strong>nostri?</strong></span> <span class='ocrx_word' id='word_1_596' title='bbox 3587 2807 3605 2838; x_wconf 72' lang='grc' dir='ltr'>ι</span> 
     </span>
    </p>
   </div>
   <div class='ocr_carea' id='block_1_88' title="bbox 2035 2875 3614 2948">
    <p class='ocr_par' dir='ltr' id='par_1_88' title="bbox 2035 2875 3614 2948">
     <span class='ocr_line' id='line_1_88' title="bbox 2035 2875 3614 2948; baseline -0.004 -16"><span class='ocrx_word' id='word_1_597' title='bbox 2035 2893 2266 2948; x_wconf 82' lang='lat' dir='ltr'><strong>moxque</strong></span> <span class='ocrx_word' id='word_1_598' title='bbox 2291 2877 2546 2946; x_wconf 87' lang='lat' dir='ltr'><strong>subjicit:</strong></span> <span class='ocrx_word' id='word_1_599' title='bbox 2602 2893 2623 2929; x_wconf 72' lang='grc' dir='ltr'><strong>ι</strong></span> <span class='ocrx_word' id='word_1_600' title='bbox 2678 2877 2866 2933; x_wconf 84' lang='lat' dir='ltr'><strong>Nonne</strong></span> <span class='ocrx_word' id='word_1_601' title='bbox 2893 2879 3050 2948; x_wconf 92' lang='lat' dir='ltr'><strong>quasi</strong></span> <span class='ocrx_word' id='word_1_602' title='bbox 3090 2879 3297 2932; x_wconf 87' lang='lat' dir='ltr'><strong>alienas</strong></span> <span class='ocrx_word' id='word_1_603' title='bbox 3343 2875 3614 2944; x_wconf 82' lang='lat' dir='ltr'><strong>reputavit</strong></span> 
     </span>
    </p>
   </div>
   <div class='ocr_carea' id='block_1_89' title="bbox 2035 2964 3615 3039">
    <p class='ocr_par' dir='ltr' id='par_1_89' title="bbox 2035 2964 3615 3039">
     <span class='ocr_line' id='line_1_89' title="bbox 2035 2964 3615 3039; baseline -0.006 -15"><span class='ocrx_word' id='word_1_604' title='bbox 2035 2984 2152 3034; x_wconf 89' lang='lat' dir='ltr'><strong>nos,</strong></span> <span class='ocrx_word' id='word_1_605' title='bbox 2221 2978 2274 3025; x_wconf 92' lang='lat' dir='ltr'><strong>et</strong></span> <span class='ocrx_word' id='word_1_606' title='bbox 2315 2969 2597 3035; x_wconf 90' lang='lat' dir='ltr'><strong>vendidit,</strong></span> <span class='ocrx_word' id='word_1_607' title='bbox 2649 2971 2986 3039; x_wconf 90' lang='lat' dir='ltr'><strong>comeditque</strong></span> <span class='ocrx_word' id='word_1_608' title='bbox 3040 2969 3269 3039; x_wconf 89' lang='lat' dir='ltr'><strong>pretium</strong></span> <span class='ocrx_word' id='word_1_609' title='bbox 3329 2964 3615 3020; x_wconf 80' lang='lat' dir='ltr'><strong>nostrum?</strong></span> 
     </span>
    </p>
   </div>
   <div class='ocr_carea' id='block_1_90' title="bbox 2037 3057 3611 3131">
    <p class='ocr_par' dir='ltr' id='par_1_90' title="bbox 2037 3057 3611 3131">
     <span class='ocr_line' id='line_1_90' title="bbox 2037 3057 3611 3131; baseline -0.004 -17"><span class='ocrx_word' id='word_1_610' title='bbox 2037 3057 2189 3131; x_wconf 80' lang='lat' dir='ltr'><strong>(Gen.</strong></span> <span class='ocrx_word' id='word_1_611' title='bbox 2247 3060 2422 3130; x_wconf 90' lang='lat' dir='ltr'><strong>xxxt.)</strong></span> <span class='ocrx_word' id='word_1_612' title='bbox 2452 3079 2470 3111; x_wconf 76' lang='grc' dir='ltr'>ι</span> <span class='ocrx_word' id='word_1_613' title='bbox 2499 3061 2633 3116; x_wconf 88' lang='lat' dir='ltr'><strong>Cum</strong></span> <span class='ocrx_word' id='word_1_614' title='bbox 2662 3059 2904 3129; x_wconf 84' lang='lat' dir='ltr'><strong>profecto</strong></span> <span class='ocrx_word' id='word_1_615' title='bbox 2931 3058 3098 3114; x_wconf 71' lang='lat' dir='ltr'><strong>Iacob</strong></span> <span class='ocrx_word' id='word_1_616' title='bbox 3128 3059 3324 3113; x_wconf 88' lang='lat' dir='ltr'><strong>nullam</strong></span> <span class='ocrx_word' id='word_1_617' title='bbox 3353 3071 3448 3126; x_wconf 91' lang='lat' dir='ltr'><strong>pro</strong></span> <span class='ocrx_word' id='word_1_618' title='bbox 3480 3069 3611 3108; x_wconf 78' lang='lat' dir='ltr'><strong>uxo-</strong></span> 
     </span>
    </p>
   </div>
   <div class='ocr_carea' id='block_1_91' title="bbox 2039 3147 3613 3222">
    <p class='ocr_par' dir='ltr' id='par_1_91' title="bbox 2039 3147 3613 3222">
     <span class='ocr_line' id='line_1_91' title="bbox 2039 3147 3613 3222; baseline -0.004 -16"><span class='ocrx_word' id='word_1_619' title='bbox 2039 3153 2190 3206; x_wconf 89' lang='lat' dir='ltr'><strong>ribus</strong></span> <span class='ocrx_word' id='word_1_620' title='bbox 2216 3153 2495 3222; x_wconf 85' lang='lat' dir='ltr'><strong>pecuniam</strong></span> <span class='ocrx_word' id='word_1_621' title='bbox 2540 3153 2765 3217; x_wconf 89' lang='lat' dir='ltr'><strong>dederit,</strong></span> <span class='ocrx_word' id='word_1_622' title='bbox 2814 3153 2917 3208; x_wconf 92' lang='lat' dir='ltr'><strong>nisi</strong></span> <span class='ocrx_word' id='word_1_623' title='bbox 2948 3153 3208 3207; x_wconf 90' lang='lat' dir='ltr'><strong>duntaxat</strong></span> <span class='ocrx_word' id='word_1_624' title='bbox 3266 3149 3390 3219; x_wconf 88' lang='lat' dir='ltr'><strong>quia</strong></span> <span class='ocrx_word' id='word_1_625' title='bbox 3424 3147 3613 3202; x_wconf 83' lang='lat' dir='ltr'><strong>soceri</strong></span> 
     </span>
    </p>
   </div>
   <div class='ocr_carea' id='block_1_92' title="bbox 2039 3240 3617 3316">
    <p class='ocr_par' dir='ltr' id='par_1_92' title="bbox 2039 3240 3617 3316">
     <span class='ocr_line' id='line_1_92' title="bbox 2039 3240 3617 3316; baseline -0.004 -17"><span class='ocrx_word' id='word_1_626' title='bbox 2039 3259 2234 3316; x_wconf 87' lang='lat' dir='ltr'><strong>pecora</strong></span> <span class='ocrx_word' id='word_1_627' title='bbox 2309 3243 2616 3301; x_wconf 90' lang='lat' dir='ltr'><strong>custodivit.</strong></span> <span class='ocrx_word' id='word_1_628' title='bbox 2676 3246 2920 3316; x_wconf 87' lang='lat' dir='ltr'><strong>Dumque</strong></span> <span class='ocrx_word' id='word_1_629' title='bbox 2989 3243 3129 3314; x_wconf 89' lang='lat' dir='ltr'><strong>apud</strong></span> <span class='ocrx_word' id='word_1_630' title='bbox 3192 3256 3313 3296; x_wconf 90' lang='lat' dir='ltr'><strong>eum</strong></span> <span class='ocrx_word' id='word_1_631' title='bbox 3364 3240 3617 3310; x_wconf 87' lang='lat' dir='ltr'><strong>opilionis</strong></span> 
     </span>
    </p>
   </div>
   <div class='ocr_carea' id='block_1_93' title="bbox 2038 3329 3610 3406">
    <p class='ocr_par' dir='ltr' id='par_1_93' title="bbox 2038 3329 3610 3406">
     <span class='ocr_line' id='line_1_93' title="bbox 2038 3329 3610 3406; baseline -0.004 -18"><span class='ocrx_word' id='word_1_632' title='bbox 2038 3334 2220 3388; x_wconf 79' lang='lat' dir='ltr'><strong>cilicio</strong></span> <span class='ocrx_word' id='word_1_633' title='bbox 2266 3333 2538 3406; x_wconf 89' lang='lat' dir='ltr'><strong>fungitur,</strong></span> <span class='ocrx_word' id='word_1_634' title='bbox 2597 3335 2865 3405; x_wconf 91' lang='lat' dir='ltr'><strong>geminam</strong></span> <span class='ocrx_word' id='word_1_635' title='bbox 2914 3333 3144 3388; x_wconf 89' lang='lat' dir='ltr'><strong>filiarum</strong></span> <span class='ocrx_word' id='word_1_636' title='bbox 3191 3332 3309 3400; x_wconf 88' lang='lat' dir='ltr'><strong>ejus</strong></span> <span class='ocrx_word' id='word_1_637' title='bbox 3361 3329 3610 3398; x_wconf 88' lang='lat' dir='ltr'><strong>copulam</strong></span> 
     </span>
    </p>
   </div>
   <div class='ocr_carea' id='block_1_94' title="bbox 2039 3417 3619 3495">
    <p class='ocr_par' dir='ltr' id='par_1_94' title="bbox 2039 3417 3619 3495">
     <span class='ocr_line' id='line_1_94' title="bbox 2039 3417 3619 3495; baseline -0.001 -20"><span class='ocrx_word' id='word_1_638' title='bbox 2039 3433 2404 3494; x_wconf 81' lang='lat' dir='ltr'><strong>promeretur.</strong></span> <span class='ocrx_word' id='word_1_639' title='bbox 2433 3426 2524 3480; x_wconf 88' lang='lat' dir='ltr'><strong>Vis</strong></span> <span class='ocrx_word' id='word_1_640' title='bbox 2557 3426 2742 3494; x_wconf 89' lang='lat' dir='ltr'><strong>itaque</strong></span> <span class='ocrx_word' id='word_1_641' title='bbox 2765 3425 2998 3495; x_wconf 89' lang='lat' dir='ltr'><strong>pretium</strong></span> <span class='ocrx_word' id='word_1_642' title='bbox 3034 3439 3100 3478; x_wconf 84' lang='lat' dir='ltr'><strong>ex</strong></span> <span class='ocrx_word' id='word_1_643' title='bbox 3133 3436 3228 3476; x_wconf 91' lang='lat' dir='ltr'><strong>ore</strong></span> <span class='ocrx_word' id='word_1_644' title='bbox 3251 3420 3418 3476; x_wconf 68' lang='lat' dir='ltr'><strong>Iacob</strong></span> <span class='ocrx_word' id='word_1_645' title='bbox 3449 3417 3619 3487; x_wconf 83' lang='lat' dir='ltr'><strong>ipsius</strong></span> 
     </span>
    </p>
   </div>
   <div class='ocr_carea' id='block_1_95' title="bbox 2039 3512 3617 3586">
    <p class='ocr_par' dir='ltr' id='par_1_95' title="bbox 2039 3512 3617 3586">
     <span class='ocr_line' id='line_1_95' title="bbox 2039 3512 3617 3586; baseline -0.004 -16"><span class='ocrx_word' id='word_1_646' title='bbox 2039 3517 2270 3570; x_wconf 88' lang='lat' dir='ltr'><strong>audire?</strong></span> <span class='ocrx_word' id='word_1_647' title='bbox 2321 3536 2338 3568; x_wconf 86' lang='grc' dir='ltr'><strong>ι</strong></span> <span class='ocrx_word' id='word_1_648' title='bbox 2369 3517 2489 3581; x_wconf 89' lang='lat' dir='ltr'><strong>Die,</strong></span> <span class='ocrx_word' id='word_1_649' title='bbox 2542 3517 2736 3586; x_wconf 88' lang='lat' dir='ltr'><strong>inquit,</strong></span> <span class='ocrx_word' id='word_1_650' title='bbox 2785 3524 3090 3584; x_wconf 87' lang='lat' dir='ltr'><strong>noctuque,</strong></span> <span class='ocrx_word' id='word_1_651' title='bbox 3135 3523 3268 3568; x_wconf 67' lang='lat' dir='ltr'><strong>testu</strong></span> <span class='ocrx_word' id='word_1_652' title='bbox 3315 3512 3514 3566; x_wconf 88' lang='lat' dir='ltr'><strong>urebar</strong></span> <span class='ocrx_word' id='word_1_653' title='bbox 3560 3519 3617 3563; x_wconf 88' lang='lat' dir='ltr'><strong>et</strong></span> 
     </span>
    </p>
   </div>
   <div class='ocr_carea' id='block_1_96' title="bbox 2040 3599 3618 3678">
    <p class='ocr_par' dir='ltr' id='par_1_96' title="bbox 2040 3599 3618 3678">
     <span class='ocr_line' id='line_1_96' title="bbox 2040 3599 3618 3678; baseline -0.004 -19"><span class='ocrx_word' id='word_1_654' title='bbox 2040 3607 2189 3677; x_wconf 85' lang='lat' dir='ltr'><strong>gelu;</strong></span> <span class='ocrx_word' id='word_1_655' title='bbox 2242 3606 2480 3678; x_wconf 86' lang='lat' dir='ltr'><strong>fugiebat</strong></span> <span class='ocrx_word' id='word_1_656' title='bbox 2510 3621 2734 3661; x_wconf 86' lang='lat' dir='ltr'><strong>somnus</strong></span> <span class='ocrx_word' id='word_1_657' title='bbox 2776 3607 2844 3661; x_wconf 92' lang='lat' dir='ltr'><strong>ab</strong></span> <span class='ocrx_word' id='word_1_658' title='bbox 2891 3605 3062 3660; x_wconf 90' lang='lat' dir='ltr'><strong>oculis</strong></span> <span class='ocrx_word' id='word_1_659' title='bbox 3103 3604 3268 3667; x_wconf 57' lang='lat' dir='ltr'><strong>meis;</strong></span> <span class='ocrx_word' id='word_1_660' title='bbox 3297 3603 3376 3657; x_wconf 91' lang='lat' dir='ltr'><strong>sic</strong></span> <span class='ocrx_word' id='word_1_661' title='bbox 3415 3616 3510 3670; x_wconf 87' lang='lat' dir='ltr'><strong>per</strong></span> <span class='ocrx_word' id='word_1_662' title='bbox 3540 3599 3618 3653; x_wconf 81' lang='lat' dir='ltr'><strong>vi-</strong></span> 
     </span>
    </p>
   </div>
   <div class='ocr_carea' id='block_1_97' title="bbox 2041 3690 3621 3768">
    <p class='ocr_par' dir='ltr' id='par_1_97' title="bbox 2041 3690 3621 3768">
     <span class='ocr_line' id='line_1_97' title="bbox 2041 3690 3621 3768; baseline -0.007 -17"><span class='ocrx_word' id='word_1_663' title='bbox 2041 3698 2173 3768; x_wconf 88' lang='lat' dir='ltr'><strong>ginti</strong></span> <span class='ocrx_word' id='word_1_664' title='bbox 2218 3713 2389 3752; x_wconf 91' lang='lat' dir='ltr'><strong>annos</strong></span> <span class='ocrx_word' id='word_1_665' title='bbox 2431 3697 2627 3753; x_wconf 83' lang='lat' dir='ltr'><strong>servivi</strong></span> <span class='ocrx_word' id='word_1_666' title='bbox 2672 3697 2768 3752; x_wconf 87' lang='lat' dir='ltr'><strong>tibi</strong></span> <span class='ocrx_word' id='word_1_667' title='bbox 2816 3697 2870 3751; x_wconf 92' lang='lat' dir='ltr'><strong>in</strong></span> <span class='ocrx_word' id='word_1_668' title='bbox 2921 3698 3080 3750; x_wconf 90' lang='lat' dir='ltr'><strong>domo</strong></span> <span class='ocrx_word' id='word_1_669' title='bbox 3109 3703 3196 3747; x_wconf 92' lang='lat' dir='ltr'><strong>tua</strong></span> <span class='ocrx_word' id='word_1_670' title='bbox 3221 3691 3428 3764; x_wconf 57' lang='lat' dir='ltr'><strong>(Ibid).</strong></span> <span class='ocrx_word' id='word_1_671' title='bbox 3466 3709 3482 3741; x_wconf 74' lang='grc' dir='ltr'><strong>ι</strong></span> <span class='ocrx_word' id='word_1_672' title='bbox 3520 3690 3621 3744; x_wconf 79' lang='lat' dir='ltr'><strong>Da.-</strong></span> 
     </span>
    </p>
   </div>
   <div class='ocr_carea' id='block_1_98' title="bbox 2040 3781 3634 3860">
    <p class='ocr_par' dir='ltr' id='par_1_98' title="bbox 2040 3781 3634 3860">
     <span class='ocr_line' id='line_1_98' title="bbox 2040 3781 3634 3860; baseline -0.006 -15"><span class='ocrx_word' id='word_1_673' title='bbox 2040 3792 2129 3846; x_wconf 86' lang='lat' dir='ltr'><strong>vid</strong></span> <span class='ocrx_word' id='word_1_674' title='bbox 2158 3805 2373 3860; x_wconf 86' lang='lat' dir='ltr'><strong>quoque</strong></span> <span class='ocrx_word' id='word_1_675' title='bbox 2412 3806 2517 3846; x_wconf 90' lang='lat' dir='ltr'><strong>non</strong></span> <span class='ocrx_word' id='word_1_676' title='bbox 2551 3789 2696 3845; x_wconf 86' lang='lat' dir='ltr'><strong>aliud</strong></span> <span class='ocrx_word' id='word_1_677' title='bbox 2734 3787 2884 3843; x_wconf 89' lang='lat' dir='ltr'><strong>Sauli</strong></span> <span class='ocrx_word' id='word_1_678' title='bbox 2912 3802 3018 3857; x_wconf 89' lang='lat' dir='ltr'><strong>pro</strong></span> <span class='ocrx_word' id='word_1_679' title='bbox 3039 3786 3143 3840; x_wconf 85' lang='lat' dir='ltr'><strong>tilia</strong></span> <span class='ocrx_word' id='word_1_680' title='bbox 3178 3785 3409 3854; x_wconf 82' lang='lat' dir='ltr'><strong>pretium</strong></span> <span class='ocrx_word' id='word_1_681' title='bbox 3448 3781 3634 3844; x_wconf 83' lang='lat' dir='ltr'><strong>dedit,_</strong></span> 
     </span>
    </p>
   </div>
   <div class='ocr_carea' id='block_1_99' title="bbox 2043 3870 3622 3950">
    <p class='ocr_par' dir='ltr' id='par_1_99' title="bbox 2043 3870 3622 3950">
     <span class='ocr_line' id='line_1_99' title="bbox 2043 3870 3622 3950; baseline -0.006 -16"><span class='ocrx_word' id='word_1_682' title='bbox 2043 3881 2142 3934; x_wconf 90' lang='lat' dir='ltr'><strong>nisi</strong></span> <span class='ocrx_word' id='word_1_683' title='bbox 2189 3881 2313 3950; x_wconf 90' lang='lat' dir='ltr'><strong>quia</strong></span> <span class='ocrx_word' id='word_1_684' title='bbox 2363 3880 2625 3935; x_wconf 57' lang='lat' dir='ltr'><strong>duntaxat</strong></span> <span class='ocrx_word' id='word_1_685' title='bbox 2680 3877 2799 3948; x_wconf 86' lang='lat' dir='ltr'><strong>ejus</strong></span> <span class='ocrx_word' id='word_1_686' title='bbox 2840 3877 3092 3932; x_wconf 85' lang='lat' dir='ltr'><strong>militiam</strong></span> <span class='ocrx_word' id='word_1_687' title='bbox 3141 3873 3418 3942; x_wconf 81' lang='lat' dir='ltr'><strong>bajulavit.</strong></span> <span class='ocrx_word' id='word_1_688' title='bbox 3467 3870 3622 3926; x_wconf 79' lang='lat' dir='ltr'><strong>Unde</strong></span> 
     </span>
    </p>
   </div>
   <div class='ocr_carea' id='block_1_100' title="bbox 2042 3962 3618 4041">
    <p class='ocr_par' dir='ltr' id='par_1_100' title="bbox 2042 3962 3618 4041">
     <span class='ocr_line' id='line_1_100' title="bbox 2042 3962 3618 4041; baseline -0.006 -17"><span class='ocrx_word' id='word_1_689' title='bbox 2042 3971 2211 4026; x_wconf 92' lang='lat' dir='ltr'><strong>leviro</strong></span> <span class='ocrx_word' id='word_1_690' title='bbox 2242 3985 2341 4024; x_wconf 87' lang='lat' dir='ltr'><strong>suo</strong></span> <span class='ocrx_word' id='word_1_691' title='bbox 2364 3970 2604 4025; x_wconf 89' lang='lat' dir='ltr'><strong>lsboseth</strong></span> <span class='ocrx_word' id='word_1_692' title='bbox 2633 3983 2731 4041; x_wconf 89' lang='lat' dir='ltr'><strong>per</strong></span> <span class='ocrx_word' id='word_1_693' title='bbox 2769 3969 2988 4023; x_wconf 88' lang='lat' dir='ltr'><strong>nuntios</strong></span> <span class='ocrx_word' id='word_1_694' title='bbox 3015 3966 3146 4022; x_wconf 90' lang='lat' dir='ltr'><strong>dicit</strong></span> <span class='ocrx_word' id='word_1_695' title='bbox 3173 3983 3186 4018; x_wconf 91' lang='lat'><strong>:</strong></span> <span class='ocrx_word' id='word_1_696' title='bbox 3223 3982 3244 4015; x_wconf 81' lang='grc' dir='ltr'><strong>ι</strong></span> <span class='ocrx_word' id='word_1_697' title='bbox 3275 3962 3458 4017; x_wconf 79' lang='lat' dir='ltr'><strong>Redde</strong></span> <span class='ocrx_word' id='word_1_698' title='bbox 3481 3975 3618 4016; x_wconf 78' lang='lat' dir='ltr'><strong>uxo-</strong></span> 
     </span>
    </p>
   </div>
   <div class='ocr_carea' id='block_1_101' title="bbox 2043 4041 3620 4129">
    <p class='ocr_par' dir='ltr' id='par_1_101' title="bbox 2043 4041 3620 4129">
     <span class='ocr_line' id='line_1_101' title="bbox 2043 4041 3620 4129; baseline -0.006 -15"><span class='ocrx_word' id='word_1_699' title='bbox 2043 4076 2157 4114; x_wconf 88' lang='lat' dir='ltr'><strong>rem</strong></span> <span class='ocrx_word' id='word_1_700' title='bbox 2204 4076 2376 4114; x_wconf 87' lang='lat' dir='ltr'><strong>meam</strong></span> <span class='ocrx_word' id='word_1_701' title='bbox 2421 4059 2615 4114; x_wconf 78' lang='lat' dir='ltr'><strong>Michol</strong></span> <span class='ocrx_word' id='word_1_702' title='bbox 2644 4100 2659 4123; x_wconf 94' lang='lat'><strong>,</strong></span> <span class='ocrx_word' id='word_1_703' title='bbox 2705 4074 2866 4129; x_wconf 90' lang='lat' dir='ltr'><strong>quam</strong></span> <span class='ocrx_word' id='word_1_704' title='bbox 2910 4041 3170 4126; x_wconf 57' lang='lat' dir='ltr'><strong>dcsp&#39;ondi</strong></span> <span class='ocrx_word' id='word_1_705' title='bbox 3224 4054 3355 4108; x_wconf 92' lang='lat' dir='ltr'><strong>mihi</strong></span> <span class='ocrx_word' id='word_1_706' title='bbox 3400 4063 3620 4106; x_wconf 90' lang='lat' dir='ltr'><strong>cenunn</strong></span> 
     </span>
    </p>
   </div>
   <div class='ocr_carea' id='block_1_102' title="bbox 2045 4141 3624 4219">
    <p class='ocr_par' dir='ltr' id='par_1_102' title="bbox 2045 4141 3624 4219">
     <span class='ocr_line' id='line_1_102' title="bbox 2045 4141 3624 4219; baseline -0.006 -16"><span class='ocrx_word' id='word_1_707' title='bbox 2045 4150 2322 4219; x_wconf 62' lang='lat' dir='ltr'><strong>prmputiis</strong></span> <span class='ocrx_word' id='word_1_708' title='bbox 2355 4149 2676 4204; x_wconf 79' lang='lat' dir='ltr'><strong>Philisthiim</strong></span> <span class='ocrx_word' id='word_1_709' title='bbox 2709 4148 2792 4219; x_wconf 83' lang='lat' dir='ltr'><strong>(Il</strong></span> <span class='ocrx_word' id='word_1_710' title='bbox 2827 4148 2956 4218; x_wconf 80' lang='lat' dir='ltr'><strong>Reg.</strong></span> <span class='ocrx_word' id='word_1_711' title='bbox 2989 4148 3094 4217; x_wconf 85' lang='grc' dir='ltr'>ιιι).</span> <span class='ocrx_word' id='word_1_712' title='bbox 3129 4163 3148 4197; x_wconf 71' lang='grc' dir='ltr'><strong>ο</strong></span> <span class='ocrx_word' id='word_1_713' title='bbox 3177 4143 3400 4198; x_wconf 88' lang='lat' dir='ltr'><strong>Laboris</strong></span> <span class='ocrx_word' id='word_1_714' title='bbox 3423 4141 3624 4209; x_wconf 77' lang='lat' dir='ltr'><strong>quippe</strong></span> 
     </span>
    </p>
   </div>
   <div class='ocr_carea' id='block_1_103' title="bbox 2045 4229 3621 4306">
    <p class='ocr_par' dir='ltr' id='par_1_103' title="bbox 2045 4229 3621 4306">
     <span class='ocr_line' id='line_1_103' title="bbox 2045 4229 3621 4306; baseline -0.008 -11"><span class='ocrx_word' id='word_1_715' title='bbox 2045 4241 2128 4295; x_wconf 89' lang='lat' dir='ltr'><strong>sui</strong></span> <span class='ocrx_word' id='word_1_716' title='bbox 2175 4241 2456 4295; x_wconf 88' lang='lat' dir='ltr'><strong>victoriam</strong></span> <span class='ocrx_word' id='word_1_717' title='bbox 2504 4241 2684 4294; x_wconf 88' lang='lat' dir='ltr'><strong>dotem</strong></span> <span class='ocrx_word' id='word_1_718' title='bbox 2732 4239 2974 4306; x_wconf 87' lang='lat' dir='ltr'><strong>deputat,</strong></span> <span class='ocrx_word' id='word_1_719' title='bbox 3017 4251 3180 4306; x_wconf 90' lang='lat' dir='ltr'><strong>quam</strong></span> <span class='ocrx_word' id='word_1_720' title='bbox 3225 4243 3282 4288; x_wconf 89' lang='lat' dir='ltr'><strong>et</strong></span> <span class='ocrx_word' id='word_1_721' title='bbox 3311 4230 3440 4286; x_wconf 86' lang='lat' dir='ltr'><strong>Saul</strong></span> <span class='ocrx_word' id='word_1_722' title='bbox 3477 4229 3621 4282; x_wconf 75' lang='lat' dir='ltr'><strong>velut</strong></span> 
     </span>
    </p>
   </div>
   <div class='ocr_carea' id='block_1_104' title="bbox 2046 4325 3620 4401">
    <p class='ocr_par' dir='ltr' id='par_1_104' title="bbox 2046 4325 3620 4401">
     <span class='ocr_line' id='line_1_104' title="bbox 2046 4325 3620 4401; baseline -0.007 -18"><span class='ocrx_word' id='word_1_723' title='bbox 2046 4332 2330 4401; x_wconf 90' lang='lat' dir='ltr'><strong>quamdam</strong></span> <span class='ocrx_word' id='word_1_724' title='bbox 2389 4331 2670 4400; x_wconf 90' lang='lat' dir='ltr'><strong>pecuniam</strong></span> <span class='ocrx_word' id='word_1_725' title='bbox 2722 4327 3051 4399; x_wconf 89' lang='lat' dir='ltr'><strong>sponsalium</strong></span> <span class='ocrx_word' id='word_1_726' title='bbox 3127 4325 3244 4379; x_wconf 87' lang='lat' dir='ltr'><strong>vice</strong></span> <span class='ocrx_word' id='word_1_727' title='bbox 3290 4329 3620 4388; x_wconf 73' lang='lat' dir='ltr'><strong>susceperat.</strong></span> 
     </span>
    </p>
   </div>
   <div class='ocr_carea' id='block_1_105' title="bbox 2048 4409 3622 4490">
    <p class='ocr_par' dir='ltr' id='par_1_105' title="bbox 2048 4409 3622 4490">
     <span class='ocr_line' id='line_1_105' title="bbox 2048 4409 3622 4490; baseline -0.006 -16"><span class='ocrx_word' id='word_1_728' title='bbox 2048 4421 2160 4483; x_wconf 91' lang='lat' dir='ltr'><strong>Sic,</strong></span> <span class='ocrx_word' id='word_1_729' title='bbox 2205 4419 2396 4490; x_wconf 90' lang='lat' dir='ltr'><strong>inquit,</strong></span> <span class='ocrx_word' id='word_1_730' title='bbox 2450 4417 2727 4487; x_wconf 88' lang='lat' dir='ltr'><strong>loquimini</strong></span> <span class='ocrx_word' id='word_1_731' title='bbox 2761 4417 2827 4471; x_wconf 91' lang='lat' dir='ltr'><strong>ad</strong></span> <span class='ocrx_word' id='word_1_732' title='bbox 2878 4415 3080 4471; x_wconf 87' lang='lat' dir='ltr'><strong>David:</strong></span> <span class='ocrx_word' id='word_1_733' title='bbox 3115 4431 3136 4464; x_wconf 79' lang='grc' dir='ltr'><strong>ι</strong></span> <span class='ocrx_word' id='word_1_734' title='bbox 3174 4411 3288 4468; x_wconf 87' lang='grc' dir='ltr'><strong>Νοιι</strong></span> <span class='ocrx_word' id='word_1_735' title='bbox 3337 4409 3498 4465; x_wconf 86' lang='lat' dir='ltr'><strong>habet</strong></span> <span class='ocrx_word' id='word_1_736' title='bbox 3522 4421 3622 4464; x_wconf 83' lang='lat' dir='ltr'><strong>ue-</strong></span> 
     </span>
    </p>
   </div>
   <div class='ocr_carea' id='block_1_106' title="bbox 2048 4501 3621 4581">
    <p class='ocr_par' dir='ltr' id='par_1_106' title="bbox 2048 4501 3621 4581">
     <span class='ocr_line' id='line_1_106' title="bbox 2048 4501 3621 4581; baseline -0.007 -16"><span class='ocrx_word' id='word_1_737' title='bbox 2048 4525 2197 4567; x_wconf 90' lang='lat' dir='ltr'><strong>eesse</strong></span> <span class='ocrx_word' id='word_1_738' title='bbox 2242 4527 2336 4565; x_wconf 83' lang='lat' dir='ltr'><strong>rex</strong></span> <span class='ocrx_word' id='word_1_739' title='bbox 2366 4509 2634 4581; x_wconf 89' lang='lat' dir='ltr'><strong>sponsalia</strong></span> <span class='ocrx_word' id='word_1_740' title='bbox 2659 4549 2673 4574; x_wconf 94' lang='lat'><strong>,</strong></span> <span class='ocrx_word' id='word_1_741' title='bbox 2713 4509 2816 4562; x_wconf 87' lang='lat' dir='ltr'><strong>nisi</strong></span> <span class='ocrx_word' id='word_1_742' title='bbox 2869 4509 3073 4562; x_wconf 84' lang='lat' dir='ltr'><strong>tantum</strong></span> <span class='ocrx_word' id='word_1_743' title='bbox 3114 4514 3329 4562; x_wconf 90' lang='lat' dir='ltr'><strong>centum</strong></span> <span class='ocrx_word' id='word_1_744' title='bbox 3362 4501 3621 4573; x_wconf 73' lang='lat' dir='ltr'><strong>prmputia</strong></span> 
     </span>
    </p>
   </div>
   <div class='ocr_carea' id='block_1_107' title="bbox 2052 4591 3618 4667">
    <p class='ocr_par' dir='ltr' id='par_1_107' title="bbox 2052 4591 3618 4667">
     <span class='ocr_line' id='line_1_107' title="bbox 2052 4591 3618 4667; baseline -0.007 -13"><span class='ocrx_word' id='word_1_745' title='bbox 2052 4600 2516 4667; x_wconf 83' lang='lat' dir='ltr'><strong>Philisthinorum,</strong></span> <span class='ocrx_word' id='word_1_746' title='bbox 2539 4608 2600 4654; x_wconf 94' lang='lat' dir='ltr'><strong>ut</strong></span> <span class='ocrx_word' id='word_1_747' title='bbox 2619 4599 2713 4655; x_wconf 85' lang='lat' dir='ltr'><strong>fiat</strong></span> <span class='ocrx_word' id='word_1_748' title='bbox 2731 4599 2862 4654; x_wconf 87' lang='lat' dir='ltr'><strong>ultio</strong></span> <span class='ocrx_word' id='word_1_749' title='bbox 2883 4599 2948 4653; x_wconf 87' lang='lat' dir='ltr'><strong>de</strong></span> <span class='ocrx_word' id='word_1_750' title='bbox 2969 4595 3205 4652; x_wconf 85' lang='lat' dir='ltr'><strong>inimicis</strong></span> <span class='ocrx_word' id='word_1_751' title='bbox 3237 4592 3472 4666; x_wconf 83' lang='lat' dir='ltr'><strong>regis(ll</strong></span> <span class='ocrx_word' id='word_1_752' title='bbox 3493 4591 3618 4661; x_wconf 81' lang='lat' dir='ltr'><strong>Reg.</strong></span> 
     </span>
    </p>
   </div>
   <div class='ocr_carea' id='block_1_108' title="bbox 2050 4693 2286 4763">
    <p class='ocr_par' dir='ltr' id='par_1_108' title="bbox 2050 4693 2286 4763">
     <span class='ocr_line' id='line_1_108' title="bbox 2050 4693 2286 4763; baseline -0.013 -15"><span class='ocrx_word' id='word_1_753' title='bbox 2050 4693 2228 4763; x_wconf 79' lang='lat' dir='ltr'><strong>xvttt).</strong></span> <span class='ocrx_word' id='word_1_754' title='bbox 2270 4712 2286 4745; x_wconf 80' lang='grc' dir='ltr'><strong>ι</strong></span> 
     </span>
    </p>
   </div>
   <div class='ocr_carea' id='block_1_109' title="bbox 2122 4791 3628 4866">
    <p class='ocr_par' dir='ltr' id='par_1_109' title="bbox 2122 4791 3628 4866">
     <span class='ocr_line' id='line_1_109' title="bbox 2122 4791 3628 4866; baseline -0.008 -17"><span class='ocrx_word' id='word_1_755' title='bbox 2122 4793 2272 4849; x_wconf 88' lang='lat' dir='ltr'><strong>Sicut</strong></span> <span class='ocrx_word' id='word_1_756' title='bbox 2321 4810 2450 4866; x_wconf 89' lang='lat' dir='ltr'><strong>ergo</strong></span> <span class='ocrx_word' id='word_1_757' title='bbox 2497 4795 2678 4850; x_wconf 87' lang='lat' dir='ltr'><strong>Laban</strong></span> <span class='ocrx_word' id='word_1_758' title='bbox 2710 4796 2846 4850; x_wconf 86' lang='lat' dir='ltr'><strong>tilias</strong></span> <span class='ocrx_word' id='word_1_759' title='bbox 2871 4794 3128 4856; x_wconf 86' lang='lat' dir='ltr'><strong>vendidit,</strong></span> <span class='ocrx_word' id='word_1_760' title='bbox 3158 4791 3498 4861; x_wconf 84' lang='lat' dir='ltr'><strong>pretiumque</strong></span> <span class='ocrx_word' id='word_1_761' title='bbox 3534 4800 3628 4840; x_wconf 55' lang='lat' dir='ltr'><strong>eo.</strong></span> 
     </span>
    </p>
   </div>
   <div class='ocr_carea' id='block_1_110' title="bbox 2051 4877 3628 4956">
    <p class='ocr_par' dir='ltr' id='par_1_110' title="bbox 2051 4877 3628 4956">
     <span class='ocr_line' id='line_1_110' title="bbox 2051 4877 3628 4956; baseline -0.007 -15"><span class='ocrx_word' id='word_1_762' title='bbox 2051 4887 2237 4949; x_wconf 87' lang='lat' dir='ltr'><strong>medit,</strong></span> <span class='ocrx_word' id='word_1_763' title='bbox 2294 4888 2561 4956; x_wconf 89' lang='lat' dir='ltr'><strong>nonquia</strong></span> <span class='ocrx_word' id='word_1_764' title='bbox 2614 4886 2912 4940; x_wconf 86' lang='lat' dir='ltr'><strong>recondidit</strong></span> <span class='ocrx_word' id='word_1_765' title='bbox 2964 4884 3204 4952; x_wconf 72' lang='lat' dir='ltr'><strong>pecunia:</strong></span> <span class='ocrx_word' id='word_1_766' title='bbox 3257 4880 3485 4942; x_wconf 88' lang='lat' dir='ltr'><strong>lucrum,</strong></span> <span class='ocrx_word' id='word_1_767' title='bbox 3531 4877 3628 4930; x_wconf 83' lang='lat' dir='ltr'><strong>sed</strong></span> 
     </span>
    </p>
   </div>
   <div class='ocr_carea' id='block_1_111' title="bbox 2051 4967 3630 5045">
    <p class='ocr_par' dir='ltr' id='par_1_111' title="bbox 2051 4967 3630 5045">
     <span class='ocr_line' id='line_1_111' title="bbox 2051 4967 3630 5045; baseline -0.003 -18"><span class='ocrx_word' id='word_1_768' title='bbox 2051 4975 2178 5042; x_wconf 89' lang='lat' dir='ltr'><strong>quia</strong></span> <span class='ocrx_word' id='word_1_769' title='bbox 2230 4975 2509 5030; x_wconf 75' lang='lat' dir='ltr'><strong>laboriosa:</strong></span> <span class='ocrx_word' id='word_1_770' title='bbox 2555 4977 2829 5030; x_wconf 82' lang='lat' dir='ltr'><strong>servitutis</strong></span> <span class='ocrx_word' id='word_1_771' title='bbox 2874 4974 3114 5045; x_wconf 80' lang='lat' dir='ltr'><strong>percepit</strong></span> <span class='ocrx_word' id='word_1_772' title='bbox 3160 4969 3507 5040; x_wconf 90' lang='lat' dir='ltr'><strong>impendium.</strong></span> <span class='ocrx_word' id='word_1_773' title='bbox 3559 4967 3630 5022; x_wconf 77' lang='lat' dir='ltr'><strong>Et</strong></span> 
     </span>
    </p>
   </div>
   <div class='ocr_carea' id='block_1_112' title="bbox 2052 5059 3629 5136">
    <p class='ocr_par' dir='ltr' id='par_1_112' title="bbox 2052 5059 3629 5136">
     <span class='ocr_line' id='line_1_112' title="bbox 2052 5059 3629 5136; baseline -0.005 -16"><span class='ocrx_word' id='word_1_774' title='bbox 2052 5067 2192 5120; x_wconf 86' lang='lat' dir='ltr'><strong>sicut</strong></span> <span class='ocrx_word' id='word_1_775' title='bbox 2229 5065 2356 5120; x_wconf 90' lang='lat' dir='ltr'><strong>Saul</strong></span> <span class='ocrx_word' id='word_1_776' title='bbox 2387 5075 2631 5136; x_wconf 77' lang='lat' dir='ltr'><strong>nuptura:</strong></span> <span class='ocrx_word' id='word_1_777' title='bbox 2658 5067 2778 5120; x_wconf 73' lang='lat' dir='ltr'><strong>filim</strong></span> <span class='ocrx_word' id='word_1_778' title='bbox 2807 5081 2911 5119; x_wconf 90' lang='lat' dir='ltr'><strong>nou</strong></span> <span class='ocrx_word' id='word_1_779' title='bbox 2944 5064 3084 5129; x_wconf 90' lang='lat' dir='ltr'><strong>auri,</strong></span> <span class='ocrx_word' id='word_1_780' title='bbox 3118 5062 3202 5117; x_wconf 89' lang='lat' dir='ltr'><strong>vel</strong></span> <span class='ocrx_word' id='word_1_781' title='bbox 3246 5059 3453 5130; x_wconf 85' lang='lat' dir='ltr'><strong>argenti</strong></span> <span class='ocrx_word' id='word_1_782' title='bbox 3487 5059 3629 5112; x_wconf 85' lang='lat' dir='ltr'><strong>dona</strong></span> 
     </span>
    </p>
   </div>
   <div class='ocr_carea' id='block_1_113' title="bbox 2051 5149 3628 5228">
    <p class='ocr_par' dir='ltr' id='par_1_113' title="bbox 2051 5149 3628 5228">
     <span class='ocr_line' id='line_1_113' title="bbox 2051 5149 3628 5228; baseline -0.006 -18"><span class='ocrx_word' id='word_1_783' title='bbox 2051 5158 2316 5228; x_wconf 76' lang='lat' dir='ltr'><strong>quzesivit,</strong></span> <span class='ocrx_word' id='word_1_784' title='bbox 2348 5160 2440 5214; x_wconf 89' lang='lat' dir='ltr'><strong>sed</strong></span> <span class='ocrx_word' id='word_1_785' title='bbox 2492 5160 2730 5213; x_wconf 87' lang='lat' dir='ltr'><strong>laborem</strong></span> <span class='ocrx_word' id='word_1_786' title='bbox 2771 5157 2916 5220; x_wconf 88' lang='lat' dir='ltr'><strong>belli,</strong></span> <span class='ocrx_word' id='word_1_787' title='bbox 2963 5156 3044 5209; x_wconf 89' lang='lat' dir='ltr'><strong>vel</strong></span> <span class='ocrx_word' id='word_1_788' title='bbox 3089 5155 3296 5224; x_wconf 82' lang='lat' dir='ltr'><strong>insigne</strong></span> <span class='ocrx_word' id='word_1_789' title='bbox 3347 5149 3628 5219; x_wconf 79' lang='lat' dir='ltr'><strong>triutrphi,</strong></span> 
     </span>
    </p>
   </div>
   <div class='ocr_carea' id='block_1_114' title="bbox 2052 5243 3631 5319">
    <p class='ocr_par' dir='ltr' id='par_1_114' title="bbox 2052 5243 3631 5319">
     <span class='ocr_line' id='line_1_114' title="bbox 2052 5243 3631 5319; baseline -0.008 -15"><span class='ocrx_word' id='word_1_790' title='bbox 2052 5253 2170 5306; x_wconf 90' lang='lat' dir='ltr'><strong>vice</strong></span> <span class='ocrx_word' id='word_1_791' title='bbox 2198 5252 2341 5305; x_wconf 89' lang='lat' dir='ltr'><strong>dotis</strong></span> <span class='ocrx_word' id='word_1_792' title='bbox 2367 5252 2611 5319; x_wconf 88' lang='lat' dir='ltr'><strong>accepit;</strong></span> <span class='ocrx_word' id='word_1_793' title='bbox 2644 5250 2724 5304; x_wconf 92' lang='lat' dir='ltr'><strong>sic</strong></span> <span class='ocrx_word' id='word_1_794' title='bbox 2760 5249 2849 5303; x_wconf 90' lang='lat' dir='ltr'><strong>ille</strong></span> <span class='ocrx_word' id='word_1_795' title='bbox 2880 5246 3186 5302; x_wconf 91' lang='lat' dir='ltr'><strong>necessario</strong></span> <span class='ocrx_word' id='word_1_796' title='bbox 3218 5243 3472 5298; x_wconf 71' lang='lat' dir='ltr'><strong>Ecclesia:</strong></span> <span class='ocrx_word' id='word_1_797' title='bbox 3501 5256 3631 5293; x_wconf 81' lang='lat' dir='ltr'><strong>vcn-</strong></span> 
     </span>
    </p>
   </div>
   <div class='ocr_carea' id='block_1_115' title="bbox 2053 5330 3626 5408">
    <p class='ocr_par' dir='ltr' id='par_1_115' title="bbox 2053 5330 3626 5408">
     <span class='ocr_line' id='line_1_115' title="bbox 2053 5330 3626 5408; baseline -0.01 -11"><span class='ocrx_word' id='word_1_798' title='bbox 2053 5343 2196 5398; x_wconf 92' lang='lat' dir='ltr'><strong>ditor</strong></span> <span class='ocrx_word' id='word_1_799' title='bbox 2220 5357 2339 5397; x_wconf 90' lang='lat' dir='ltr'><strong>esse</strong></span> <span class='ocrx_word' id='word_1_800' title='bbox 2384 5341 2750 5405; x_wconf 88' lang='lat' dir='ltr'><strong>convincitur,</strong></span> <span class='ocrx_word' id='word_1_801' title='bbox 2783 5339 2872 5408; x_wconf 90' lang='lat' dir='ltr'><strong>qui</strong></span> <span class='ocrx_word' id='word_1_802' title='bbox 2921 5336 3272 5407; x_wconf 89' lang='lat' dir='ltr'><strong>subjectionis</strong></span> <span class='ocrx_word' id='word_1_803' title='bbox 3307 5330 3626 5401; x_wconf 84' lang='lat' dir='ltr'><strong>obsequium</strong></span> 
     </span>
    </p>
   </div>
   <div class='ocr_carea' id='block_1_116' title="bbox 2055 5419 3633 5502">
    <p class='ocr_par' dir='ltr' id='par_1_116' title="bbox 2055 5419 3633 5502">
     <span class='ocr_line' id='line_1_116' title="bbox 2055 5419 3633 5502; baseline -0.008 -15"><span class='ocrx_word' id='word_1_804' title='bbox 2055 5435 2120 5489; x_wconf 92' lang='lat' dir='ltr'><strong>dc</strong></span> <span class='ocrx_word' id='word_1_805' title='bbox 2151 5434 2286 5489; x_wconf 89' lang='lat' dir='ltr'><strong>male</strong></span> <span class='ocrx_word' id='word_1_806' title='bbox 2311 5441 2522 5502; x_wconf 87' lang='lat' dir='ltr'><strong>sperata</strong></span> <span class='ocrx_word' id='word_1_807' title='bbox 2550 5432 2667 5501; x_wconf 87' lang='lat' dir='ltr'><strong>ejus</strong></span> <span class='ocrx_word' id='word_1_808' title='bbox 2702 5429 2986 5500; x_wconf 87' lang='lat' dir='ltr'><strong>largitione</strong></span> <span class='ocrx_word' id='word_1_809' title='bbox 3011 5443 3143 5480; x_wconf 64' lang='lat' dir='ltr'><strong>meri</strong></span> <span class='ocrx_word' id='word_1_810' title='bbox 3163 5437 3305 5479; x_wconf 89' lang='lat' dir='ltr'><strong>atur.</strong></span> <span class='ocrx_word' id='word_1_811' title='bbox 3332 5423 3398 5476; x_wconf 86' lang='lat' dir='ltr'><strong>Et</strong></span> <span class='ocrx_word' id='word_1_812' title='bbox 3421 5437 3544 5475; x_wconf 88' lang='lat' dir='ltr'><strong>cum</strong></span> <span class='ocrx_word' id='word_1_813' title='bbox 3585 5419 3633 5475; x_wconf 79' lang='lat' dir='ltr'><strong>is</strong></span> 
     </span>
    </p>
   </div>
   <div class='ocr_carea' id='block_1_117' title="bbox 2007 5513 3636 5595">
    <p class='ocr_par' dir='ltr' id='par_1_117' title="bbox 2007 5513 3636 5595">
     <span class='ocr_line' id='line_1_117' title="bbox 2007 5513 3636 5595; baseline -0.009 -17"><span class='ocrx_word' id='word_1_814' title='bbox 2007 5586 2018 5595; x_wconf 40' lang='grc' dir='ltr'><strong>ο</strong></span> <span class='ocrx_word' id='word_1_815' title='bbox 2056 5527 2145 5594; x_wconf 89' lang='lat' dir='ltr'><strong>qui</strong></span> <span class='ocrx_word' id='word_1_816' title='bbox 2175 5543 2251 5595; x_wconf 74' lang='lat' dir='ltr'><strong>pr.</strong></span> <span class='ocrx_word' id='word_1_817' title='bbox 2274 5525 2403 5578; x_wconf 90' lang='lat' dir='ltr'><strong>tium</strong></span> <span class='ocrx_word' id='word_1_818' title='bbox 2449 5525 2674 5592; x_wconf 88' lang='lat' dir='ltr'><strong>accipit,</strong></span> <span class='ocrx_word' id='word_1_819' title='bbox 2721 5529 3000 5576; x_wconf 88' lang='lat' dir='ltr'><strong>asseratnr</strong></span> <span class='ocrx_word' id='word_1_820' title='bbox 3030 5518 3323 5573; x_wconf 84' lang='lat' dir='ltr'><strong>Ecclesiam</strong></span> <span class='ocrx_word' id='word_1_821' title='bbox 3354 5513 3587 5568; x_wconf 81' lang='lat' dir='ltr'><strong>vendere</strong></span> <span class='ocrx_word' id='word_1_822' title='bbox 3613 5525 3636 5577; x_wconf 59' lang='grc' dir='ltr'><strong>ί</strong></span> 
     </span>
    </p>
   </div>
   <div class='ocr_carea' id='block_1_118' title="bbox 2059 5606 3644 5686">
    <p class='ocr_par' dir='ltr' id='par_1_118' title="bbox 2059 5606 3644 5686">
     <span class='ocr_line' id='line_1_118' title="bbox 2059 5606 3644 5686; baseline -0.008 -13"><span class='ocrx_word' id='word_1_823' title='bbox 2059 5621 2160 5673; x_wconf 91' lang='lat' dir='ltr'><strong>istc</strong></span> <span class='ocrx_word' id='word_1_824' title='bbox 2207 5617 2592 5686; x_wconf 87' lang='lat' dir='ltr'><strong>congruentius</strong></span> <span class='ocrx_word' id='word_1_825' title='bbox 2641 5615 2836 5668; x_wconf 76' lang='lat' dir='ltr'><strong>dicitur</strong></span> <span class='ocrx_word' id='word_1_826' title='bbox 2890 5612 3205 5674; x_wconf 86' lang='lat' dir='ltr'><strong>venditare;</strong></span> <span class='ocrx_word' id='word_1_827' title='bbox 3262 5609 3386 5678; x_wconf 90' lang='lat' dir='ltr'><strong>quia</strong></span> <span class='ocrx_word' id='word_1_828' title='bbox 3441 5606 3644 5661; x_wconf 64' lang='lat' dir='ltr'><strong>venale</strong></span> 
     </span>
    </p>
   </div>
   <div class='ocr_carea' id='block_1_119' title="bbox 2059 5687 3659 5776">
    <p class='ocr_par' dir='ltr' id='par_1_119' title="bbox 2059 5687 3659 5776">
     <span class='ocr_line' id='line_1_119' title="bbox 2059 5687 3659 5776; baseline -0.008 -12"><span class='ocrx_word' id='word_1_829' title='bbox 2059 5708 2464 5768; x_wconf 86' lang='lat' dir='ltr'><strong>commercium,</strong></span> <span class='ocrx_word' id='word_1_830' title='bbox 2506 5705 2645 5776; x_wconf 88' lang='lat' dir='ltr'><strong>quod</strong></span> <span class='ocrx_word' id='word_1_831' title='bbox 2695 5706 2780 5759; x_wconf 90' lang='lat' dir='ltr'><strong>ille</strong></span> <span class='ocrx_word' id='word_1_832' title='bbox 2818 5687 2982 5760; x_wconf 84' lang='lat' dir='ltr'><strong>semel</strong></span> <span class='ocrx_word' id='word_1_833' title='bbox 3029 5704 3177 5766; x_wconf 85' lang='lat' dir='ltr'><strong>iniit,</strong></span> <span class='ocrx_word' id='word_1_834' title='bbox 3208 5700 3297 5756; x_wconf 85' lang='lat' dir='ltr'><strong>hic</strong></span> <span class='ocrx_word' id='word_1_835' title='bbox 3348 5699 3526 5767; x_wconf 84' lang='lat' dir='ltr'><strong>longa,</strong></span> <span class='ocrx_word' id='word_1_836' title='bbox 3575 5705 3659 5752; x_wconf 59' lang='lat' dir='ltr'><strong>ut!</strong></span> 
     </span>
    </p>
   </div>
   <div class='ocr_carea' id='block_1_120' title="bbox 2063 5785 3659 5868">
    <p class='ocr_par' dir='ltr' id='par_1_120' title="bbox 2063 5785 3659 5868">
     <span class='ocr_line' id='line_1_120' title="bbox 2063 5785 3659 5868; baseline -0.011 -14"><span class='ocrx_word' id='word_1_837' title='bbox 2063 5803 2132 5856; x_wconf 85' lang='lat' dir='ltr'><strong>ita</strong></span> <span class='ocrx_word' id='word_1_838' title='bbox 2164 5801 2370 5868; x_wconf 90' lang='lat' dir='ltr'><strong>loquar,</strong></span> <span class='ocrx_word' id='word_1_839' title='bbox 2405 5815 2467 5854; x_wconf 87' lang='lat' dir='ltr'><strong>ae</strong></span> <span class='ocrx_word' id='word_1_840' title='bbox 2510 5798 2757 5854; x_wconf 72' lang='lat' dir='ltr'><strong>diuturni</strong></span> <span class='ocrx_word' id='word_1_841' title='bbox 2809 5796 3169 5867; x_wconf 75' lang='lat' dir='ltr'><strong>nrgoziatione</strong></span> <span class='ocrx_word' id='word_1_842' title='bbox 3219 5788 3508 5862; x_wconf 79' lang='lat' dir='ltr'><strong>protraxit.</strong></span> <span class='ocrx_word' id='word_1_843' title='bbox 3544 5785 3659 5849; x_wconf 40' lang='lat' dir='ltr'><strong>Et,.</strong></span> 
     </span>
    </p>
   </div>
  </div>
