4132 6324
492 369 599 428 ιθτ

923 376 983 433 s.
1026 373 1229 431 PETRI
1265 373 1549 432 DAMIANI
1584 372 1740 432 ore.
1775 373 2009 432 TOMUS
2050 375 2181 435 seu
2223 375 2403 434 PARS
2442 376 2529 433 ιιι.
2571 356 2641 419 ὲ-
2678 373 3043 435 OPUSCULA
3086 360 3337 436 vanu.“

3646 372 3754 437 £68

494 463 678 541 infelix
708 486 959 556 clericus,
997 497 1130 557 quot
1165 488 1386 543 servitia
1413 486 1577 560 537
1629 487 1825 544 fucatae
1863 489 2076 546 humili-
2103 497 2150 552 Α
2180 491 2297 562 lega
2329 490 2617 547 venalitate
2639 500 2931 547 mercatur.
2962 491 3130 565 468
3159 491 3542 548 Verumtamen
3574 494 3627 549 in
3656 494 3761 551 hoc

492 573 622 633 tatis
678 576 944 642 exhibuit,
988 577 1255 646 quasi-tot
1302 576 1657 645 pecuniarum
1704 592 1945 633 summas
1983 593 2078 648 ap-

494 663 699 733 pendit.
742 665 844 733 Qui
881 667 1138 721 nimirum
1174 667 1638 723 assentationibus
1670 668 1944 724 suisdum
1979 685 2076 723 an-

489 762 722 825 cupatur
751 770 948 811 nomen
979 757 1243 828 episcopi,
1286 756 1496 813 larvam
1529 758 1706 814 induit
1736 760 1982 829 parasiti.
2012 761 2080 815 Et

488 844 619 907 dum
654 845 828 915 spirat
853 848 1155 903 ambitione
1177 848 1518 918 pontificem,
1552 850 1831 906 scenicum
1857 852 2078 908 exhibet

490 931 850 1002 histrionem;
876 944 1043 1006 atque
1078 936 1201 992 ideo
1229 936 1320 991 hic
1349 952 1455 991 non
1481 936 1731 1007 simplex,
1760 937 1856 995 sed
1904 941 2080 995 omni-

490 1043 629 1096 gcna
679 1029 942 1085 dicendus
980 1040 1066 1087 est
1091 1030 1462 1098 Simouiaeus,
1508 1032 1636 1101 quia
1665 1033 1925 1104 quidquid
1970 1044 2074 1102 est,

490 1130 588 1184 per
615 1119 761 1189 quod
808 1119 1050 1176 Ecclesia
1093 1121 1253 1181 vendi
1282 1124 1478 1192 potuit,
1528 1123 1616 1178 hic
1641 1123 1838 1193 triplici
1869 1126 2093 1181 venali-.

491 1214 603 1262 tate
632 1209 928 1267 commisit.
957 1209 1069 1265 Nec
1096 1211 1358 1283 glorietur
1397 1212 1597 1268 metalli
1629 1229 1689 1269 se
1717 1229 1821 1270 non
1862 1217 2081 1275 dedisse

490 1300 810 1369 pecuniam,
853 1304 975 1372 qui,
1025 1306 1169 1375 quod
1217 1306 1511 1376 pretiosius
1570 1308 2080 1375 babebat,,semet-

490 1390 667 1459 ipsum
692 1392 939 1450 venalem
989 1396 1252 1466 praebuit:
1290 1398 1385 1468 qui
1415 1396 1705 1469 naufragio
1735 1414 1796 1455 se
1821 1409 1931 1457 tam
1955 1401 2095 1456 duri.

491 1483 694 1539 laboris
725 1485 1029 1552 immersit,
1060 1497 1117 1543 et
1144 1488 1197 1542 iu
1229 1488 1392 1559 bujus
1429 1490 1790 1560 expeditionis
1834 1501 2080 1563 sumptus

491 1574 740 1633 notutihil
765 1589 833 1630 ex
855 1576 1092 1645 propriis
1117 1576 1475 1635 facultatibus
1502 1579 1827 1650 proﬂigavit.

562 1665 861 1731 Ponamus,
914 1667 1065 1723 verbi
1110 1669 1308 1739 gratia,
1358 1670 1493 1726 duos
1535 1671 1767 1729 clericos
1818 1684 2097 1730 centenas.

492 1770 840 1810 nummorum
885 1755 1053 1812 libras
1084 1773 1191 1814 non
1239 1759 1441 1828 dispari
1478 1759 1690 1830 peculio
1717 1763 2076 1833 possidentes,

2177 585 2259 638 sui
2297 584 2530 640 sceleris
2584 586 2971 656 turpitudinem
3023 586 3230 657 palliat,
3278 586 3403 658 quia
3449 587 3550 642 sub
3579 588 3765 646 colone

2178 673 2455 732 fide-litatis
2484 676 2868 732 ecclesiastica:
2915 676 3216 747 municipes
3260 664 3377 749 per.
3401 676 3760 749 jnrisjurandi

2178 777 2516 822 sacramenta
2570 767 2881 823 confirmat.
2911 767 3045 823 Cum
3092 783 3254 825 nemo
3291 752 3530 825 deterius
3576 768 3763 824 Eccle-

2177 857 2317 913 siam
2344 857 2713 927 laetlat,,quam
2759 858 2921 913 iidem
2954 857 3054 928 ipsi
3103 857 3255 913 infidi
3284 857 3488 924 fideles,
3521 859 3612 929 qui
3643 858 3763 927 ejus

2178 947 2415 1018 diripere
2444 947 2729 1004 facultates
2756 948 3034 1007 anhelant.
3075 948 3208 1003 Cum
3250 949 3352 1004 illis
3380 965 3511 1018 ergo
3536 965 3760 1005 munera

2180 1039 2391 1104 tribuit,
2419 1054 2544 1095 cum
2573 1040 2676 1094 sub
2706 1039 2941 1095 nomine.
2956 1039 3101 1094 velut
3130 1038 3388 1105 Ecclesia
3414 1039 3521 1094 sibi
3543 1039 3764 1109 potissi-

2178 1147 2325 1186 mum
2348 1130 2539 1198 jurare
2581 1131 2889 1202 compellit,
2918 1148 3026 1188 non
3062 1131 3318 1188 Ecclesiae
3346 1131 3618 1199 consulit,
3665 1130 3764 1187 sed

2180 1221 2284 1283 sibi
2322 1223 2504 1292 quiete
2530 1222 2838 1292 possidendi
2882 1223 3135 1282 culminis
3164 1222 3601 1293 aditumpandit.
3632 1220 3763 1277 Sive

2179 1328 2311 1384 ergo
2344 1322 2470 1368 ante
2501 1314 2968 1370 consecrationem
2997 1315 3134 1381 hoc,
3165 1315 3279 1370 sive
3312 1324 3598 1384 postquam
3628 1329 3765 1369 cou-

2180 1415 2427 1466 secratus
2453 1414 2560 1471 est,
2614 1405 2798 1469 faciat,
2850 1406 3009 1462 valde
3051 1407 3155 1462 sibi
3197 1407 3493 1462 timendum
3517 1413 3620 1469 est,
3652 1420 3762 1460 non

2179 1513 2279 1571 pro
2302 1498 2556 1554 Ecclesia:
2584 1497 2820 1553 utilitate
2840 1538 2855 1565 ,
2885 1499 2979 1553 sed
3008 1513 3112 1569 pro
3136 1513 3237 1563 sua
3259 1499 3453 1567 potius.
3472 1496 3766 1555 confirma—

2184 1591 2349 1654 tione,
2394 1589 2535 1644 sacri
2584 1590 2685 1644 loci
2724 1590 2862 1645 bona
2909 1589 3188 1659 dilapidat,
3241 1590 3294 1644 in
3340 1589 3654 1661 voraginem
3702 1604 3788 1645 se.

2183 1677 2509 1733 Simoniacae
2541 1678 2835 1742 hzereseos,
2883 1678 3008 1733 dum
3037 1678 3221 1734 extolli
3264 1686 3515 1743 conatur,
3544 1679 3785 1733 immen.

2181 1776 2313 1838 gat:
2355 1776 2421 1825 et.
2463 1767 2593 1823 hinc
2647 1767 2952 1837 perniciose
3016 1782 3197 1831 coram
3245 1759 3450 1826 divinis
3485 1768 3788 1827 obtutibus,

489 1860 721 1914 quorum
768 1845 909 1903 alter
955 1847 1165 1903 curiam
1221 1849 1367 1920 regis
1418 1851 1614 1914 adeat,
1668 1853 1980 1925 sensimque
2027 1845 2156 1911 in.”
2184 1865 2425 1923 corruat,
2455 1857 2599 1921 unde
2624 1856 2855 1912 seinter
2893 1855 3155 1913 homines
3194 1856 3783 1928 arroganterexaltat.

487 1937 739 2007 proprios
774 1955 927 2003 usus,
951 1940 1101 2009 .quod
1126 1941 1183 1995 in
1208 1942 1429 1999 sudario
1458 1942 1611 2010 latet,
1641 1946 1909 2012 insumat;
1939 1947 2085 2003 alter.

491 2044 616 2082 cum
641 2027 812 2084 Jacob
850 2030 903 2083 in
935 2031 1305 2091 tabernaculis
1331 2041 1570 2097 maneat,
1598 2034 1931 2091 necalutam
1972 2051 2081 2092 mre

494 2126 800 2188 turgentem
848 2118 1037 2174 fallere
1096 2121 1406 2191 compellat.
1459 2122 1688 2194 Utrique
1734 2128 2098 2195 postmodum

491 2226 604 2267 uno
633 2212 721 2267 die
749 2212 1072 2281 sua-cuique
1104 2213 1386 2285 delegetur
1412 2215 1693 2272 Ecclesia:
1732 2225 1788 2272 et
1826 2218 1916 2274 hic
1960 2219 2076 2288 qni-

489 2302 613 2358 dem
645 2309 815 2356 totum
846 2318 940 2366 tes,
976 2303 1120 2372 quod
1147 2319 1406 2361 crumena
1439 2306 1734 2373 servabat,
1770 2308 1823 2367 in
1854 2309 2080 2363 sacrile-

487 2392 828 2462 gii'pretium
856 2393 1115 2451 funestus
1146 2396 1451 2465 negotiator
1476 2395 1919 2463 eﬂ‘undat;.alter
1952 2413 2082 2454 vero

489 2484 619 2553 quia
661 2484 892 2541 servivit
927 2484 984 2541 in
1029 2486 1179 2542 curia
1207 2526 1223 2551 ,
1264 2487 1341 2540 nil
1376 2488 1595 2543 noviter.
1630 2489 1860 2552 tribuat,
1888 2491 1982 2546 sed
2011 2491 2101 2551 ad,

498 2575 907 2645 percipiendum
939 2576 1196 2637 Ecclesia:
1215 2578 1513 2635 villicatmn
1538 2589 1793 2649 tanquam
1816 2582 2083 2651 gratuitus

491 2677 766 2724 mercator
791 2669 1032 2726 accedat.
1059 2669 1438 2737 Quishorum,
1471 2687 1674 2742 quaeso,
1703 2673 1926 2729 cbarius
1941 2674 2098 2729 emit.

491 2760 835 2818 Ecclesiam?
881 2762 1136 2832 Nunquid
1164 2764 1409 2822 noniile.
1453 2766 1543 2834 qui
1575 2765 1702 2820 licet
1731 2768 1956 2835 patrono
2007 2766 2101 2821 nil“

488 2852 726 2921 dederit,
758 2863 836 2908 tot
862 2856 1122 2914 aerumnis
1150 2864 1207 2909 et
1250 2856 1532 2913 laboribus
1563 2873 1785 2926 pressus
1817 2858 2100 2928 quidquid

494 2943 753 3009 habebat,
803 2945 879 2999 in.
918 2954 1026 2999 tam
1074 2947 1257 3018 gravis
1302 2958 1359 3001 ct
1410 2949 1681 3007 diuturna:
1717 2950 2102 3019 expeditionis-

490 3047 740 3106 sumptus
790 3038 1088 3106 expendit;
1136 3046 1195 3093 et
1248 3039 1352 3095 iste
1398 3040 1580 3106 vilius,
1629 3040 1724 3110 qui
1748 3042 1864 3096 sine
1896 3042 2103 3099 labore.

494 3144 649 3184 suam
672 3131 938 3186 venditori
950 3132 1248 3202 pecuniam
1277 3133 1616 3189 numeravit?
1635 3133 1767 3189 Nam
1791 3136 2074 3205 perspicua

2183 1945 2337 2006 Sicut
2363 1946 2627 2018 scriptum
2647 1957 2769 2004 est.:
2802 1966 2820 2001 ι
2846 1945 3097 2018 Dejecisti
3121 1950 3363 2009 modum
3401 1949 3788 2007 allevarenture

2184 2034 2359 2109 (Psal.
2391 2042 2565 2105 LXXI).
2606 2057 2626 2091 ο

2254 2131 2361 2187 Sed
2397 2133 2579 2189 ethoc
2605 2135 3039 2204 praetereundum
3069 2142 3339 2200 nonest,
3363 2135 3488 2206 quia
3527 2136 3669 2192 sicut
3697 2136 3784 2201 is,

2182 2224 2275 2294 qui
2301 2223 2580 2295 regiminis
2606 2225 2816 2292 apicem
2840 2224 3041 2281 invitus
3070 2225 3402 2296 assequitur,
3430 2227 3478 2281 si
3501 2227 3631 2298 quid
3656 2228 3769 2283 illic

2183 2329 2487 2385 asperum,
2507 2315 2554 2370 si
2588 2317 2719 2386 quid
2755 2316 2998 2386 patiatur
3041 2317 3328 2373 adversum
3349 2356 3366 2383 ,
3396 2317 3464 2371 ad
3488 2320 3790 2377 cumulum.

2184 2406 2286 2461 sibi
2314 2406 2562 2475 provenit
2603 2407 2923 2462 meritorum
2949 2424 2964 2461 :
2995 2414 3051 2463 et
3087 2422 3187 2476 pro
3217 2406 3577 2471 tribulatione,
3602 2424 3789 2480 quam.

2186 2495 2420 2561 tolerat,
2467 2511 2574 2553 non
2618 2495 2913 2552 incassum
2949 2496 3333 2553 exsultationis
3371 2507 3589 2559 aeternae
3625 2515 3783 2570 prata

2185 2587 2353 2642 mium
2385 2596 2586 2657 sperat.
2614 2586 2708 2641 Sic
2737 2587 2845 2652 ille,
2877 2587 2969 2657 qui
3015 2587 3293 2647 ultroneus
3312 2589 3503 2656 ambit,
3531 2589 3617 2644 vel
3659 2591 3763 2645 im-

2183 2687 2449 2747 portunus
2489 2677 2791 2748 ingeritur,
2822 2678 2930 2743 vix,
2962 2692 3063 2748 pro
3110 2678 3463 2744 adversitate,
3506 2694 3668 2749 quam
3706 2680 3781 2739 in.

2185 2768 2447 2836 regimine
2464 2769 2694 2838 patitur,
2722 2769 3006 2839 premium
3031 2778 3415 2839 consmnetur.
3445 2768 3528 2829 Ad
3564 2784 3645 2828 se.
3666 2770 3770 2825 ita-

2166 2873 2293 2928 que
2319 2857 2463 2928 quod
2486 2858 2712 2928 patitur,
2745 2858 2980 2925 referat;
3009 2858 3223 2929 sibique
3242 2873 3425 2924 omne,
3450 2859 3594 2929 quod
3625 2858 3781 2916 lacc-.

2184 2958 2360 3014 ratur,
2389 2949 2648 3007 ascribat.
2690 2949 2949 3014 Laborcs,
3002 2965 3139 3020 quos
3183 2951 3436 3015 sustinet,
3469 2951 3783 3011 honoribus.

2184 3049 2579 3110 recompenset,
2611 3039 2960 3110 fructumque
3008 3040 3251 3095 laborum
3281 3040 3461 3110 potius
3490 3040 3543 3094 in
3572 3040 3787 3111 adepta.

2188 3129 2453 3200 dignitate
2482 3131 2804 3193 constituat,
2835 3144 2997 3198 quam
3024 3127 3091 3183 de
3122 3127 3289 3183 futuri
3324 3128 3568 3183 muneris
3606 3130 3783 3183 retri-.

499 3222 642 3276 ratio
670 3198 980 3292 persuadet,
1004 3223 1128 3293 quia
1159 3223 1332 3293 pluris
1360 3225 1494 3280 emit
1513 3198 1833 3290 Ecclesiani,
1864 3198 1956 3294 qui
1980 3243 2077 3281 sua
2106 3198 2152 3261 θ
2183 3198 2773 3292 butioneprmsumat,
2803 3221 3036 3279 Domino
3085 3221 3159 3276 de
3189 3221 3385 3285 talibus
3430 3230 3727 3277 attestante
3752 3238 3789 3275 :-

492 3314 676 3366 omnia
703 3328 824 3366 cum
855 3312 1132 3368 laboribus
1161 3314 1720 3383 perdidit;‘quam-is,
1749 3317 1841 3386 qui
1864 3316 2099 3387 quietus.

489 3411 549 3460 et
570 3405 781 3459 otiosus
800 3405 1035 3474 praefixa:
1057 3405 1381 3475 quantitatis
1406 3419 1561 3474 pacta
1586 3406 1864 3476 persolvit.

563 3492 738 3550 Porro
761 3509 884 3548 cum
914 3504 971 3549 et
1015 3493 1323 3550 forensibus
1370 3494 1578 3565 legibus
1616 3504 1834 3550 cautum
1886 3496 1978 3562 sit,
2023 3505 2098 3554 ut;

488 3585 715 3642 curialis
738 3586 970 3655 quisque
1004 3585 1249 3641 funditus
1284 3596 1540 3640 arceatur
1585 3601 1615 3640 a
1670 3585 1846 3651 clero;
1880 3587 1984 3641 iste
2013 3588 2085 3642 de

490 3673 735 3729 Ecclesia
784 3674 1034 3743 migravit
1083 3674 1152 3728 ad
1203 3674 1451 3733 curiam,
1479 3674 1582 3737 Et,
1624 3674 1728 3738 heu
1775 3675 2097 3745 prodigiosa,

489 3764 715 3821 vesania
736 3766 769 3820 l-
797 3774 857 3818 ut
882 3764 1204 3836 praeferatur
1230 3765 1473 3831 clericis,
1513 3765 1604 3835 qui
1642 3765 1713 3820 de
1738 3765 1940 3821 clerico
1968 3766 2087 3822 eﬂi-.

489 3853 636 3908 citur
669 3854 933 3909 curialis:
971 3853 1145 3910 factus
1171 3865 1258 3910 est
1288 3870 1480 3911 servus
1508 3855 1729 3919 mundi,
1761 3865 1820 3910 ut
1842 3854 1945 3924 ius.
1976 3858 2089 3911 ῡοο.

470 3945 653 4011 mini,
696 3946 1161 4001 imocathedram
1202 3946 1531 4015 pestilentia-
1574 3955 1799 4016 usurpet
1840 3947 1892 4002 in
1920 3947 2083 4003 domo

492 4033 612 4090 Dei.
655 4036 757 4102 Qui
807 4036 873 4090 si.
898 4036 1067 4091 semel
1111 4036 1490 4100 investituram
1518 4039 1588 4092 de
1616 4053 1778 4092 manu
1805 4038 2083 4109 largitoris

490 4127 784 4197 acceperit,
814 4126 898 4208 vel
923 4127 1165 4197 quolibet
1194 4142 1420 4197 prorsus
1448 4128 1913 4199 ingenioculmen
1941 4130 2083 4202 regi-

494 4217 656 4271 minis
702 4216 928 4285 adeptus
968 4218 1299 4283 ascenderit,
1350 4232 1474 4273 mox
1514 4227 1575 4273 ut
1606 4219 1710 4275 sibi
1734 4218 1976 4276 fautores
1999 4221 2084 4277 in,

490 4307 696 4374 veniat,
726 4307 875 4380 larga
900 4309 989 4364 de.
1012 4307 1384 4367 facultatibus,
1409 4308 1673 4372 Ecclesiae
1692 4310 2085 4383 donadispen-

491 4405 603 4454 sat.

1103 4490 1331 4549 CAPUT
1390 4493 1474 4548 111.

798 4577 878 4637 De
914 4580 1155 4650 episcopo
1181 4584 1408 4651 quodam
1437 4583 1777 4639 Bononiensi.

565 4670 782 4728 Nostris
823 4679 976 4726 certe
1025 4673 1358 4743 temporibus
1418 4675 1775 4749 Bononiensis
1827 4676 2085 4733 Ecclesiae

490 4761 716 4833 quidam
754 4761 1008 4832 praesedit
1055 4763 1362 4830 episcopus,
1400 4765 1710 4819 eo-sciticet
1745 4765 1927 4830 modo,
1975 4782 2082 4837 quo

494 4855 753 4920 diximus,
780 4855 1042 4910 curialis:
1089 4855 1180 4925 qui
1209 4856 1462 4916 nimirum
1509 4866 1795 4927 postquam
1821 4858 2085 4917 latissima

492 4947 844 5002 ecclesiastici
897 4947 1041 5017 juris
1095 4947 1295 5017 praedia
1354 4948 1409 5002 in
1475 4948 1736 5005 suburbio
1787 4950 2083 5007 constituta.

494 5035 789 5100 distraxit,
826 5038 1220 5106 subsequenter
1263 5036 1552 5092 obmutuit.
1603 5036 1801 5107 Sicque
1832 5038 1945 5092 fere
1986 5055 2089 5107 per.

494 5129 832 5196 septtnniuni
881 5129 1053 5184 donec
1099 5128 1326 5192 advixit,
1375 5128 1803 5200 paralyticuset
1849 5129 2083 5199 elinguis

494 5215 757 5287 elanguit.
787 5215 940 5273 Iuste
967 5220 1464 5290 scilicet,.superno
1484 5220 1833 5289 dispensante
1848 5219 2078 5288 judicio,

454 5336 457 5337 ν
497 5314 557 5361 ut
582 5307 673 5376 qui
702 5306 939 5375 linguam
966 5324 1122 5364 suam
1148 5309 1354 5366 fecerat
1374 5310 1576 5381 negotii
1602 5309 2082 5379 feralisiuterpree

499 5404 630 5459 tem,
663 5411 787 5451 eum
818 5396 931 5466 ipsa
957 5413 1175 5468 quoque
1211 5414 1434 5469 prorsus
1464 5401 2078 5461 amitteret,totius.elo—,

496 5487 608 5556 quii
640 5486 970 5542 facultatem.
1012 5487 1250 5554 Quilibet
1296 5492 1480 5562 itaque
1521 5490 2078 5566 curialisepiscopus

499 5579 601 5635 bos
649 5577 985 5638 muneribus.
1011 5580 1266 5646 attrahit,
1300 5582 1407 5643 illis
1437 5581 1699 5645 beneficia
1728 5581 1917 5636 latiora
1944 5596 2078 5637 con-
2110 5573 2123 5585 ’

495 5670 677 5736 cedit;
718 5670 797 5725 sic
825 5686 856 5725 a
885 5670 1082 5740 quibus
1110 5685 1215 5726 non
1248 5683 1365 5727 erat
1391 5674 1616 5738 electus,
1653 5673 1900 5744 eligitur;
1933 5680 2083 5726 etut

494 5761 596 5819 sibi
625 5762 690 5818 de
724 5760 946 5818 Simone
977 5759 1111 5821 nihil
1140 5762 1298 5830 desit,
1334 5762 1857 5834 ipsamclectioumn
1906 5761 2078 5818 sacri-

2110 4545 2160 4605 Il

2189 3329 2207 3361 ι
2241 3310 2374 3377 Quia
2429 3317 2750 3381 receperunt
2800 3311 3108 3367 mercedem
3157 3324 3311 3371 suam
3361 3310 3577 3379 (Matth.
3616 3311 3711 3380 vr).
3746 3331 3782 3372 ι,

2182 3401 2316 3459 Nam
2338 3403 2439 3458 sibi
2471 3403 2585 3473 ipse
2611 3402 2896 3465 conscivit,
2946 3402 3087 3467 unde
3118 3416 3272 3457 mens
3309 3400 3426 3470 ejus
3452 3412 3531 3457 tot
3556 3402 3785 3457 casibus
3844 3454 3847 3457 η

2181 3507 2451 3549 concussa,
2492 3492 3145 3557 succumbitaEnimvcro
3168 3491 3259 3560 qui
3306 3491 3375 3547 ad
3404 3490 3789 3553 ministerium,

2183 3592 2413 3637 terrenae
2462 3581 2888 3651 dispensationis
2935 3589 3166 3636 coactus
3202 3581 3518 3645 attrahitur,
3563 3595 3685 3634 cum
3716 3580 3785 3640 in.

2180 3670 2624 3734 exsecutiouibus
2660 3668 2776 3738 ejus
2822 3671 3050 3725 adversa
3089 3670 3408 3739 pertulerit;
3438 3669 3641 3733 laboris
3686 3668 3771 3735 sui

2180 3761 2405 3835 praemio
2422 3777 2534 3819 non
2566 3761 2794 3825 carebit.
2825 3762 2899 3815 At
2933 3761 2977 3815 si
3012 3760 3283 3816 villicatus
3305 3760 3615 3830 pretiohvel
3649 3774 3778 3827 pre-.

2180 3856 2339 3918 cibus
2361 3856 2679 3927 obtineturh
2712 3857 2986 3926 erubescit
3018 3873 3117 3928 pro
3162 3857 3436 3916 laboribus
3466 3856 3578 3911 suis
3619 3871 3785 3911 como.

2183 3945 2401 4001 modum
2446 3946 2819 4001 retributionis
2854 3946 3095 4016 exigere,
3127 3947 3309 4016 quise
3341 3945 3619 4000 laborandi
3660 3960 3770 4010 ma:

2184 4036 2376 4093 teriam
2407 4036 2653 4093 meminit
2692 4036 3018 4106 importunis
3059 4036 3427 4103 anxietatibus
3452 4033 3770 4089 extorsisse.

2257 4127 2382 4187 llaec
2407 4128 2590 4198 itaque
2614 4127 2872 4194 diximus,
2897 4137 2958 4195 ut
2984 4143 3091 4183 non
3121 4128 3246 4195 sibi.
3266 4126 3577 4197 glorientur.
3593 4124 3769 4191 Simo-5

2184 4219 2392 4285 uincam
2407 4219 2596 4279 deesse
2615 4218 2983 4285 venalitatem,
3002 4218 3093 4287 qui
3113 4216 3420 4287 fantulando
3439 4216 3791 4287 principibus,

2181 4312 2605 4373 ecclesiasticam
2635 4311 2816 4380 adepti
2845 4317 2973 4366 sunt
2997 4306 3481 4380 dignitatemrNec
3519 4307 3621 4361 sibi
3672 4322 3763 4359 re-

2185 4406 2363 4476 gulam
2410 4406 2660 4476 gratuita:
2709 4402 3065 4474 prumotionis
3107 4402 3477 4472 applaudant,
3529 4415 3652 4453 cum
3710 4412 3771 4451 se

2190 4495 2504 4560 redemisse,
2561 4494 2707 4564 quod
2747 4491 3299 4565 possidetur,‘duris_
3337 4489 3613 4557 laboribus
3662 4505 3769 4544 non

2185 4584 2454 4658 ignorant,
2612 4568 2615 4575 ἱ

2798 4674 3025 4733 CAPUT
3065 4674 3153 4731 Ν.

2190 4785 2343 4854 Quod
2360 4797 2573 4858 peccata
2595 4789 2822 4857 ep'smpi
2841 4803 2946 4841 non
2972 4797 3102 4840 recte
3126 4783 3359 4839 ordinati
3378 4782 3431 4835 in
3455 4779 3772 4851 promotoris

2667 4887 2677 4893 ~
2723 4868 2878 4927 caput
2921 4859 3231 4911 redundent.

2189 4950 2197 4960 '
2258 4948 2601 5018 Principibus
2626 4963 2862 5018 quoque,
2915 4956 2971 5002 et
3011 4944 3338 5015 quibuslibet
3367 4939 3772 4997 ordinatoribus

2188 5036 2548 5095 ecclesiarum
2597 5051 2942 5105 summopere
2991 5034 3288 5109 cavendum
3330 5038 3443 5093 est,
3501 5043 3570 5083 ne
3616 5041 3772 5081 sacra

2189 5126 2328 5191 loca,
2366 5142 2472 5192 non
2515 5128 2859 5193 considerato
2893 5126 3079 5191 divino
3098 5123 3331 5195 judicio,
3360 5121 3455 5176 sed
3488 5134 3588 5190 pro
3622 5117 3773 5171 arbi-

2192 5218 2379 5284 trioct
2405 5218 2471 5277 ad
2486 5217 2734 5284 libitum,
2763 5218 3079 5287 prgnbeaut,
3107 5230 3177 5279 ue
3212 5214 3279 5268 ad
3314 5227 3468 5267 suam
3497 5207 3775 5266 confusio-

2190 5323 2315 5373 nem
2339 5307 2534 5373 divina:
2564 5305 2697 5379 legis
2738 5307 3008 5374 ordinem,
3050 5319 3328 5371 sacrorum
3366 5315 3635 5371 canonum
3664 5309 3775 5353 sta-

2195 5408 2307 5452 tuta
2355 5397 2705 5464 confundant.
2753 5396 2889 5451 Nam
2918 5395 3162 5466 quisquis
3192 5392 3490 5459 Ecclesiam
3520 5388 3615 5448 Dei
3666 5403 3771 5441 non

2185 5468 2649 5557 regulariterLsed
2671 5482 3300 5556 potentialiter‘erdinat,
3317 5479 3379 5547 in
3404 5474 3775 5549 promoventis

2185 5585 2349 5646 caput
2374 5576 2556 5642 omnia
2595 5573 3311 5645 illius,'qui,prontotusest
3335 5610 3371 5640 ,κ
3395 5566 3535 5638 mala
3573 5564 3774 5620 redun-

2185 5668 2335 5722 dant.
2365 5666 2520 5722 Unde
2543 5666 2863 5738 praedicator
2883 5664 3135 5735 egregius
3158 5660 3575 5732 cumdixisset;
3613 5674 3630 5707 ι
3666 5654 3772 5708 lla.

2187 5775 2288 5814 nus
2335 5760 2447 5815 cito
2495 5756 2693 5815 nemini
2737 5755 3057 5840 imposueris
3104 5752 3155 5825 (1
3190 5752 3341 5817 Tim.
3376 5751 3540 5831 VB".
3570 5754 3789 5829 prwsto,
