4132 6324
1724 230 1752 242 ι.

410 267 522 352 ῐσό

1235 289 1479 348 oecsc.
1521 286 1664 344 xxu
1727 317 1788 325 -
1823 284 2100 343 CONTRA
2140 284 2474 342 CLcntcos
2514 271 2851 345 amicos;

3557 293 3664 349 ΠΟ

407 403 688 476 subjuaxit
711 444 724 456 .
775 421 796 455 ‹
848 399 956 456 Nec
1002 403 1490 459 cmttu'tunicaveris
1537 399 1774 473 peccatis
2009 404 2051 459 Λ
2085 397 2289 468 impera
2325 401 2497 454 nobis.
2530 402 2656 468 Quae
2675 400 2946 472 respondit
2978 419 2990 456 :
3019 401 3153 457 Num
3181 419 3395 473 possunt
3419 395 3685 466 deserere

406 496 598 552 alienis
648 493 865 565 (Epltes.
931 491 1125 562 xxxii).
1163 511 1180 542 ι
1241 491 1446 548 Alienis
1491 491 1688 561 quippe
1752 489 1986 562 peccatis

405 569 814 643 communicare
860 583 1238 646 convincitur,
1284 585 1528 654 quisquis
1579 583 1887 654 indignum,
1935 586 1990 632 et

408 677 717 748 improbum.
766 684 931 748 atque
979 674 1101 729 ideo
1151 675 1402 745 cupidum
1434 674 1498 727 ad
1531 675 1765 745 regimen
1806 687 1990 743 prove-

408 767 538 826 ltere
575 780 682 822 non
714 775 955 819 veretur.
994 764 1059 819 Et
1106 780 1227 818 cum
1262 764 1498 820 Ecclesia
1530 763 1729 818 Christi
1763 777 1864 816 non
1899 762 1991 815 ba-

411 855 548 912 lteus
588 852 881 918 maculam,
925 867 1100 922 neque
1143 868 1371 922 rugam,
1425 855 1652 925 reproba
1707 851 1992 922 cujuslibet

407 945 751 1002 ordinatione
781 942 1046 1008 findatur,
1069 943 1118 998 in
1166 945 1470 1003 ordinantis
1522 945 1761 1000 animam
1811 945 1991 1001 omnis

407 1034 502 1092 illa
531 1033 794 1088 lcthiferae
815 1034 1153 1107 contagionis
1183 1033 1328 1110 lepra
1363 1034 1774 1091 transfunditur.

481 1122 843 1177 Romanorum
877 1137 1069 1191 nempe
1116 1123 1282 1177 tradit
1324 1122 1546 1178 historia
1597 1120 1834 1193 (pAULUS
1863 1121 1994 1179 DM-

407 1227 531 1268 coa.
567 1210 706 1264 Hist.
735 1210 883 1268 Rom-
923 1210 992 1267 (τά
1034 1209 1256 1280 Eutrap.
1293 1211 1385 1265 lib.
1415 1227 1474 1276 tt,
1510 1213 1558 1265 in
1589 1211 1840 1282 princip.)
1869 1214 1993 1282 quia

413 1306 725 1378 petentibus
776 1305 966 1361 Gothis
1009 1315 1067 1360 ut
1099 1305 1182 1360 eis.
1222 1304 1515 1376 imperator
1563 1306 1758 1362 Valens
1788 1309 1995 1378 episco-

411 1414 508 1473 pos
539 1398 854 1462 destinaret,
882 1412 913 1451 a
944 1399 1140 1470 quibus
1177 1396 1501 1452 Christianae
1537 1397 1658 1453 fidei
1691 1399 1995 1453 rudimenta

410 1489 791 1556 susciperent;
835 1488 921 1542 ille
967 1489 1215 1543 doctores
1258 1490 1323 1542 ad
1356 1502 1449 1543 eos
1493 1504 1600 1545 non
1644 1488 2000 1556 orlhodoxos,

408 1579 504 1636 sed
533 1579 722 1638 Ariani
749 1579 1015 1648 dogmatis
1043 1578 1206 1643 misit,
1243 1578 1546 1648 rudemque
1581 1579 1854 1648 populum,
1877 1580 1997 1653 qui-

411 1671 512 1730 bus
557 1669 825 1724 involutus
872 1678 1020 1734 erat,
1069 1669 1377 1733 erroribus,
1421 1669 1736 1740 implicavit.
1787 1668 1916 1733 Sed,
1960 1686 2024 1724 o-

2093 487 2273 543 vinum
2308 503 2505 553 meum,
2547 492 2686 559 quod
2734 493 2969 547 laetificat
2998 493 3163 548 Deum
3223 504 3278 550 et
3316 497 3583 563 homines,
3615 511 3673 556 et

2092 575 2233 629 inter
2268 577 2409 647 ligna
2442 588 2635 632 caetera
2688 582 3038 650 promoveri?
3074 603 3092 634 ι
3141 584 3341 640 Deinde
3390 585 3672 658 Scriptura
3756 570 3772 578 ’

2089 664 2363 737 subjungit
2413 683 2426 720 :
2481 686 2499 719 ι
2556 667 2923 740 Dixeruntque
2974 673 3153 727 omnia
3196 674 3361 747 470
3413 676 3551 747 ligna
3601 683 3673 736 ad

2091 754 2375 809 rbamnum
2411 773 2424 809 :
2467 753 2619 823 Veni,
2675 767 2727 812 et
2779 759 2982 828 impera
3035 763 3208 818 nobis.
3259 763 3359 832 Qui
3395 770 3676 836 respondit

2091 846 2170 900 eis
2197 863 2211 900 :
2244 845 2300 900 Si
2332 861 2454 901 vere
2483 862 2664 917 regem
2705 864 2792 904 me
2823 852 2976 906 vobis
3011 854 3360 922 constituitis,
3388 857 3592 926 venite,
3617 867 3678 917 et

2091 937 2193 991 sub
2225 937 2416 991 umbra
2446 954 2565 994 mea
2596 941 2920 1008 requiescite
2944 942 3154 1015 (Ibid.).
3189 963 3208 998 ι

2162 1024 2400 1097 Longum
2431 1037 2532 1092 est»,
2573 1029 2615 1084 si
2649 1031 2893 1086 dicamus
2931 1032 3235 1090 Gedeonem
3268 1043 3450 1108 typum
3490 1049 3676 1094 tenere

2093 1115 2389 1173 Salvatoris
2424 1118 2624 1189 (ludio.
2682 1122 2817 1192 vm).
2849 1121 2952 1177 Per
2990 1123 3250 1192 plurimas
3289 1126 3411 1196 ejus
3449 1143 3670 1191 uxores,

2095 1209 2334 1264 diversas
2356 1211 2554 1266 debere
2578 1212 2824 1268 nationes
2851 1215 3097 1286 intelligi,
3123 1233 3242 1286 qua:
3271 1217 3374 1272 sibi
3403 1221 3674 1275 adhaesere

2093 1313 2190 1368 per
2219 1298 2399 1354 fidem.
2425 1301 2528 1356 Per
2555 1304 2891 1373 septuaginta
2922 1304 3079 1370 ﬁlios,
3116 1309 3334 1362 totidem
3367 1310 3674 1380 linguarum

2094 1387 2337 1457 populos.
2390 1389 2496 1444 Per
2546 1394 2928 1460 concubinam,
2987 1394 3346 1468 Synagogam.
3397 1399 3500 1455 Per
3548 1401 3679 1457 Abi-

2095 1479 2321 1542 melech,
2353 1481 2860 1552 antichristum,qui
2888 1486 3186 1557 Synagogzc
3210 1488 3349 1544 illius
3373 1491 3495 1543 erit.
3523 1489 3676 1547 Unde

2093 1575 2150 1621 et
2193 1568 2244 1621 in
2285 1569 2604 1640 Apocalypsi
2653 1573 2736 1626 his
2782 1574 2871 1642 qui
2923 1576 3184 1630 credituri
3232 1587 3377 1642 sunt,
3429 1578 3673 1637 dicitur:

2101 1676 2118 1706 ε
2152 1655 2252 1722 Qui
2283 1657 2470 1711 dicunt
2507 1658 2801 1715 seJudaeos
2845 1676 2983 1728 esse,
3020 1672 3075 1718 et
3111 1679 3215 1718 non
3252 1675 3400 1731 sunt,
3431 1669 3522 1723 sed
3551 1678 3677 1725 sunt

409 1760 827 1830 praedicandam,
877 1774 1106 1829 vereque
1143 1759 1462 1814 laudabilem
1503 1760 1681 1814 divini.
1727 1759 1990 1813 examinis

2096 1759 2364 1816 synagoga
2395 1747 2607 1801 Satanae
2641 1749 2823 1819 (Apoc.
2851 1749 2932 1821 ιι).
2974 1769 2996 1803 ι
3033 1752 3101 1806 Ει
3148 1754 3286 1807 sicut
3323 1755 3411 1809 ille
3445 1756 3680 1826 peremit

407 1850 764 1922 aequitatem!
822 1849 955 1903 Nam
1011 1865 1132 1904 cum
1183 1849 1344 1904 Gothi
1394 1849 1506 1921 jam
1554 1850 1620 1905 ab
1673 1847 1988 1909 Hunnorum

409 1941 716 2010 agminibus
737 1955 801 1994 ex
829 1941 1065 2010 antiquis
1093 1940 1310 1995 sedibus
1341 1939 1569 1994 fuissent
1597 1939 1864 1994 violenter
1885 1939 1993 2009 eje-

407 2033 502 2108 eti,
535 2041 584 2084 et
614 2031 748 2085 citra
782 2030 1106 2094 Danubium,
1136 2031 1273 2083 intra
1305 2029 1579 2083 Romanos
1602 2029 1807 2083 scilicet
1831 2027 1994 2094 fines,

409 2137 441 2176 a
479 2119 698 2173 Valente
748 2119 864 2174 sine
897 2118 998 2171 ulla
1043 2118 1260 2173 foederis
1301 2119 1550 2189 pactione
1594 2119 1822 2186 benigne
1866 2133 1988 2176 sus.-

406 2209 588 2278 cepti;
625 2208 806 2263 divino
837 2217 1015 2262 tamen
1065 2205 1268 2275 judicio
1294 2207 1633 2278 postmodum
1665 2215 1853 2264 contra
1892 2206 1992 2260 Va-

408 2299 605 2356 lentem
676 2299 728 2352 in
798 2312 948 2352 arma
1006 2307 1353 2367 consurgunt,
1425 2299 1649 2368 ejusque
1692 2298 1992 2356 exercitum

407 2391 675 2447 acerrima
720 2389 864 2444 caede
895 2399 1263 2460 prosternunt.
1305 2389 1511 2458 Quibus
1544 2389 1773 2459 cognitis
1797 2388 1994 2442 Valens

406 2496 659 2554 egressus
689 2480 996 2546 Antiochia,
1029 2490 1218 2540 contra
1248 2479 1449 2536 Getbos
1501 2480 1797 2535 innumeris
1820 2478 1991 2532 valla.

409 2581 496 2627 tus
534 2573 857 2640 agminibus,
911 2579 1206 2641 properat:
1262 2585 1383 2625 sera
1426 2570 1619 2627 ductus
1655 2570 1991 2639 paenitentia,

409 2670 626 2716 sanctos
655 2675 896 2730 quosque
938 2659 1180 2723 revocari
1233 2660 1298 2714 de
1344 2658 1551 2714 exsiliis
1577 2659 1838 2728 imperat;
1870 2671 1994 2710 mox

409 2758 588 2801 tamen
615 2748 903 2801 committit
922 2755 981 2801 et"
1001 2748 1198 2817 perdit.
1249 2745 1384 2800 Nam
1412 2748 1478 2801 ad
1506 2747 1756 2816 'primum
1785 2746 1994 2800 Gotho-

411 2854 529 2892 rum
555 2839 810 2907 impetum
846 2839 1208 2903 Ilomanorum
1242 2839 1484 2909 equitum
1509 2839 1651 2893 acies
1677 2837 1994 2907 perturbatio

410 2937 518 2992 tur,
549 2931 884 2998 nudatosque
908 2929 1117 2999 pedites
1147 2929 1426 2983 deserunt.
1455 2928 1557 2994 Qui
1594 2942 1717 2981 mox
1749 2927 1990 2995 equitatu

407 3023 643 3075 hostium
670 3023 828 3102 septi,
887 3039 949 3076 ac
992 3022 1310 3092 sagittarum
1357 3019 1587 3074 nubibtts
1628 3019 1827 3082 obruti,
1864 3019 1990 3072 dum

2093 1840 2432 1909 septuaginta
2465 1839 2701 1907 fratres;
2745 1842 2825 1896 sic
2871 1843 3386 1912 iste-persecuturus
3431 1855 3512 1900 cst
3551 1862 3674 1902 om-

2092 1945 2210 1996 nes,
2235 1947 2356 2001 quae
2394 1932 2495 1987 sibi
2550 1950 2657 1989 non
2704 1938 3062 2001 consentient,
3110 1937 3379 1994 nationes.
3431 1941 3545 2004 His,
3588 1941 3674 1994 in-

2092 2037 2279 2093 quam,
2309 2025 2548 2091 omissis,
2594 2041 2715 2096 qua:
2769 2025 3025 2098 longioris
3070 2028 3190 2098 styli
3220 2029 3472 2084 videntur
3518 2046 3680 2101 cgere

2093 2123 2346 2180 tractatu,
2372 2116 2424 2169 in
2449 2126 2707 2185 quantum
2738 2119 2940 2187 patitur
2964 2119 3255 2190 epistolare
3275 2121 3674 2192 compendium,

2091 2206 2456 2260 ita~duntaxat
2490 2218 2681 2278 empta:
2710 2209 3058 2278 disputationi
3087 2226 3384 2282 congruere
3411 2213 3676 2280 videatur,

2092 2294 2315 2364 prolixae
2354 2297 2596 2350 historia:
2635 2296 2862 2368 ﬁgurant
2911 2299 3188 2356 succincte
3241 2301 3675 2372 perstringimue.

2155 2385 2303 2448 {uid
2354 2399 2484 2454 ergo
2536 2401 2632 2455 per
2674 2385 2932 2452 Joathan,
2981 2389 3072 2458 qui
3111 2389 3500 2460 interpretatur
3548 2405 3679 2445 con-

2092 2483 2412 2537 summatus,
2453 2475 2568 2529 sive
2615 2473 2911 2544 perfectus,
2961 2477 3066 2532 nisi
3103 2487 3346 2533 sanctum
3374 2487 3430 2533 et
3457 2480 3675 2534 doctum

2093 2564 2397 2632 quempiam
2429 2563 2841 2632 praedicatorem
2887 2565 3147 2621 debemus
3169 2567 3446 2636 accipere?
3483 2567 3584 2622 llic
3623 2570 3675 2624 it.

2094 2664 2331 2709 montem
2357 2652 2594 2708 Garizim
2635 2655 2881 2709 ascendit
2920 2665 2977 2710 et
3024 2671 3160 2711 voce
3187 2672 3379 2729 magna
3423 2658 3680 2714 clamavit

2095 2744 2273 2816 (Deut.
2299 2747 2490 2814 xxvii).
2525 2745 2682 2803 Prius
2708 2748 2996 2813 ascendit,
3017 2758 3072 2802 et
3109 2751 3447 2816 postmodum
3477 2751 3680 2804 statua-

2093 2836 2190 2888 vit.
2221 2836 2659 2905 Antecousurgit
2684 2837 2748 2892 in
2770 2846 3032 2902 montem,
3077 2847 3134 2892 et
3161 2839 3240 2892 sic
3265 2837 3438 2894 elevat
3467 2853 3671 2892 vocent.

2093 2925 2228 2993 Quia
2280 2927 2382 2982 nisi
2433 2928 2624 2981 doctor
2664 2929 2920 2982 virtutum
2956 2929 3108 2998 prius
3151 2929 3362 2984 culmen
3410 2928 3680 2991 ascendit,

2095 3018 2330 3073 inaniter
2353 3019 2569 3073 clamat.
2623 3019 2776 3074 Sicut
2813 3036 2907 3091 per
2942 3021 3135 3075 lsaiam
3153 3021 3400 3076 dicitur:
3447 3040 3466 3072 ι
3503 3022 3684 3090 Super

409 3115 516 3167 huc
553 3113 786 3192 illucque
814 3113 956 3175 velut
994 3120 1236 3166 amentes
1269 3111 1520 3181 pallando
1557 3108 1860 3186 diffugiunt,
1890 3110 1989 3164 hor-
2019 3109 2063 3171 C
2096 3118 2335 3162 montem
2365 3110 2637 3164 excelsum
2665 3112 3000 3176 ascendetu,
3031 3113 3123 3182 qui
3145 3113 3484 3184 evangelizas
3511 3113 3678 3168 Sion:

409 3202 620 3258 stilibus
669 3203 858 3278 gladiis
898 3203 1137 3257 funditus
1189 3201 1563 3272 perimuntur;
1615 3202 1730 3270 ipse
1779 3215 1994 3270 quoque

411 3295 711 3364 imperator.
746 3296 940 3366 sagitta
973 3294 1270 3358 sauciatus,
1309 3307 1448 3362 equo
1491 3292 1798 3356 delabitur;
1829 3293 1890 3345 in
1911 3291 1992 3344 vi-

412 3385 671 3438 lissimam
701 3369 952 3461 tegetem,
993 3384 1161 3437 milite
1189 3391 1456 3454 gestante,
1503 3382 1779 3446 defertur;
1810 3381 1995 3451 sicque

412 3474 914 3542 supervenientibus
947 3471 1156 3536 Gothis,
1202 3471 1413 3542 ignibus
1471 3472 1992 3526 atrociter’concre-

413 3576 610 3624 matur.
640 3562 793 3618 Justo
822 3563 1018 3633 quippe
1059 3562 1152 3618 Dei
1173 3560 1376 3630 judicio
1417 3562 1485 3616 ab
1514 3561 1718 3617 eisdem
1749 3576 1996 3616 consum-

410 3664 533 3726 ptus
582 3662 669 3708 est
720 3652 934 3708 ﬂannua
983 3651 1254 3717 vindictae,
1311 3665 1447 3718 quos
1494 3649 1608 3718 ipse
1655 3659 1996 3719 percusserat

412 3751 549 3819 igne.
587 3748 846 3820 perﬁdiae,
900 3747 1023 3813 Sic,
1081 3747 1235 3815 iuxta
1301 3744 1598 3814 Scriptura:
1650 3745 1995 3809 sententiam,

412 3822 664 3910 egressus
691 3847 773 3894 est
818 3838 955 3910 ignis
983 3838 1049 3892 de
1082 3837 1333 3903 rhamno,
1389 3845 1442 3890 et
1471 3835 1998 3892 devoravit-cedrum

415 3933 603 3992 Libani
633 3931 831 4003 (Judic.
868 3930 968 4000 Ix).
1322 3926 1324 3929 ’

489 4022 593 4076 Sed
618 4031 671 4076 et
700 4038 795 4091 per
811 4023 911 4074 hoc
937 4018 1263 4088 exemplum,
1285 4020 1600 4087 quodnunc
1622 4017 1691 4073 de
1717 4017 1996 4087 Scriptura
2023 4051 2026 4054 ~

414 4110 718 4180 posuimus,
752 4109 877 4162 illud
910 4107 1074 4162 etiam
1108 4122 1217 4164 non
1261 4107 1702 4161 inconvenienter
1737 4108 1994 4170 occurrit,

418 4198 562 4269 quod
589 4198 785 4252 ibidem
815 4198 867 4252 in
919 4196 1056 4252 libro
1081 4195 1328 4252 Judicum
1356 4196 1587 4263 positum
1616 4209 1996 4249 memoramus.

416 4287 554 4342 Nam
577 4289 701 4344 dum
727 4289 829 4343 hoe
851 4286 1025 4341 ferreo
1051 4286 1266 4354 saeculo,
1289 4295 1344 4341 et
1379 4287 1412 4339 ii
1446 4286 1535 4356 qui
1566 4286 1828 4356 regimine
1855 4287 1998 4354 digni

419 4388 578 4443 sunt,
617 4376 866 4453 fugiant;
905 4385 959 4432 et
1004 4376 1104 4440 illi,
1136 4376 1226 4456 qui
1267 4375 1462 4430 merito
1502 4377 1821 4444 reprobandi
1857 4386 1995 4440 sunt,

2093 3200 2274 3254 exalta
2322 3202 2375 3255 in
2409 3201 2727 3258 fortitudine
2769 3218 2957 3259 vocem
3001 3203 3172 3269 tuam,
3203 3205 3298 3273 qui
3331 3205 3681 3273 evangelizaa

2093 3287 2387 3345 Jerusalem
2416 3289 2571 3359 ,(Isa.
2613 3292 2722 3351 xc).
2761 3311 2782 3344 ι
2834 3293 2938 3346 Per
2984 3294 3223 3348 Garizitn
3275 3303 3454 3349 autem
3489 3302 3686 3349 sancta

2094 3377 2411 3447 designatur
2461 3379 2733 3448 Ecclesia,
2789 3396 2910 3451 qua:
2964 3392 3052 3437 est
3111 3383 3369 3437 virtutum
3437 3385 3681 3438 oumium

2094 3469 2300 3534 schola,
2331 3479 2386 3524 et
2419 3470 2728 3525 cmlestium
2749 3481 2990 3541 segetum
3021 3474 3268 3529 ubertate
3299 3475 3548 3532 feetmda.
3580 3478 3682 3532 llic

2095 3571 2179 3617 est
2204 3563 2348 3617 enim
2395 3579 2570 3627 mons,
2613 3565 2704 3633 qui
2740 3565 2932 3622 dandis
2966 3582 3064 3636 per
3099 3568 3315 3638 Moysen
3354 3569 3690 3624 benedictio.

2096 3651 2254 3704 nibus
2283 3652 2580 3719 deputatus
2597 3665 2680 3707 est
2709 3670 2722 3706 :
2753 3665 2808 3708 et
2835 3654 3075 3710 Ecclesia
3104 3671 3258 3710 Inous
3290 3658 3680 3712 benedictionis

2095 3750 2195 3803 est.
2229 3743 2384 3812 cujus
2409 3742 2533 3798 filiis
2557 3759 2654 3813 per
2698 3746 3000 3814 apostolum
3046 3747 3283 3802 dicitur:
3327 3767 3345 3800 ε
3378 3748 3434 3802 1η
3467 3749 3688 3803 Ιιοωω-

2097 3833 2201 3886 cati
2251 3835 2401 3898 estis,
2450 3841 2509 3887 ut
2546 3834 2972 3890 be:.edictioueut
3006 3838 3321 3893 hiereditate
3354 3840 3684 3908 ipossideatis

2097 3922 2148 3991 (1
2178 3922 2322 3977 Petr.
2369 3924 2474 3993 ut).
2519 3924 2738 3979 illane
2793 3926 3164 3981 ba-reditatem
3216 3943 3247 3981 a
3297 3927 3451 3982 vidua
3505 3938 3685 3982 matre

2100 4015 2457 4083 suscepimus,
2490 4030 2587 4081 pro
2613 4030 2718 4083 qua
2744 4016 2826 4068 vir
2849 4015 2965 4083 ejus
2991 4017 3125 4071 mori
3167 4018 3540 4086 dignatusest
3569 4034 3584 4081 ;
3611 4021 3680 4071 de

2100 4120 2204 4173 qua
2233 4117 2288 4158 et
2317 4121 2413 4174 per
2450 4106 2790 4160 Psalmistam
2827 4108 3063 4161 dicitur:
3111 4127 3127 4158 ι
3166 4107 3392 4162 Viduam
3444 4107 3561 4176 ejus
3583 4110 3681 4166 be-

2101 4197 2374 4261 nedicens,
2419 4196 2735 4251 benedieam
2788 4195 2962 4267 (Ρεαι.
3015 4199 3224 4268 cxxxt).
3267 4216 3287 4250 ι
3340 4199 3404 4251 Et
3447 4214 3697 4268 congrue

2101 4284 2362 4352 Garizim,
2385 4286 2472 4354 qui
2515 4286 2902 4355 interpretatur
2925 4286 3135 4350 divisio,
3181 4285 3283 4340 vel-
3301 4287 3524 4351 adreua,
3549 4304 3678 4341 san-

2104 4387 2246 4431 ctam
2275 4377 2470 4447 figurat
2496 4375 2790 4430 Ecclesiam
2824 4392 2838 4440 ;
2875 4377 3128 4446 quoniam
3157 4376 3394 4431 Ecclesia
3417 4377 3677 4446 gentium,

417 4440 778 4532 irreverenft-er
807 4440 1105 4533 accedant;
1279 4469 1372 4538 agi,
1417 4440 1630 4522 videtur
1662 4483 1768 4537 per.
1802 4483 1992 4535 opera.-
2031 4440 2082 4498 θ
2104 4481 2224 4538 qua:
2250 4440 2405 4543 prius
2422 4468 2630 4527 exstitit
2669 4440 2908 4526 funditus
2947 4468 3102 4529 a,Dei
3143 4468 3258 4539 lege
3277 4440 3469 4532 divisa,
3498 4469 3548 4522 in
3571 4440 3667 4538 pt‘ii

421 4560 585 4614 tionis
607 4559 873 4624 eﬂ‘ectum,
904 4561 1045 4626 quod
1075 4557 1182 4612 illic
1225 4557 1422 4627 legitur
1451 4573 1543 4627 per
1575 4557 1839 4627 allegoria:
1877 4572 1998 4626 my-

416 4649 1152 4716 sterium.Aitenitanuia
1189 4667 1207 4699 ι
1253 4648 1399 4702 stetit
1424 4647 1652 4707 Joathan
1695 4648 2008 4708 inwvcrticc.»

419 4742 620 4796 montis
643 4741 906 4805 Garizim,
947 4739 1264 4807 elevataque
1314 4752 1444 4792 voce
1475 4737 1733 4798 clamavit
1757 4753 1770 4766 °
1804 4738 1998 4793 Audite

420 4849 530 4899 me,
575 4835 675 4889 viri
732 4835 971 4900 Sichem,
1011 4835 1082 4888 ita
1133 4843 1191 4887 ut
1225 4833 1410 4886 audiat
1458 4847 1550 4885 vos
1595 4831 1780 4884 Deus:
1822 4830 1998 4884 lerunt

420 4921 593 4992 ligna,
649 4932 706 4977 ut
757 4933 1016 4994 ungerent
1059 4937 1222 4992 super
1279 4935 1336 4977 se
1380 4934 1592 4990 regem,
1639 4920 1997 4996 dixeruntque

422 5013 576 5069 oliva:
603 5031 616 5067 :
642 5013 850 5083 Impera
879 5013 1512 5085 nobisaQuaelrespondit
1546 5029 1558 5065 :
1593 5010 1843 5081 Nunquid
1876 5026 1998 5080 pos-
2033 5055 2036 5058 .

423 5120 541 5158 sum
572 5105 818 5159 deserere
840 5105 1216 5175 pinguedinem
1242 5117 1438 5166 meam,
1467 5117 1572 5170 qua
1595 5110 1650 5154 et
1663 5101 1746 5155 .dii
1775 5109 1999 5154 utuntur
2020 5141 2027 5146 μ

420 5205 476 5250 et
524 5197 769 5259 homines
799 5215 835 5263 ;~
864 5209 916 5252 ct
957 5199 1162 5261 venire,
1197 5203 1256 5256 ut
1287 5196 1426 5252 inter
1464 5195 1606 5264 ligna
1634 5192 1999 5264 promovear?
2029 5227 2037 5254 ί

428 5286 790 5357 Dixeruntque
839 5287 980 5358 ligna
1009 5287 1076 5341 ad
1109 5287 1358 5341 arborem
1398 5285 1595 5343 licunt:
1637 5285 1794 5348 Veni,
1821 5293 1875 5338 et
1903 5299 1992 5336 su-

422 5393 520 5448 per
545 5391 640 5432 nos
666 5392 888 5448 regnum
921 5378 1121 5446 accipe.
1146 5376 1276 5443 Qua:
1302 5375 1673 5445 respouditeis
1704 5392 1716 5428 :
1751 5374 2001 5444 Nunquid

424 5482 644 5536 possum
699 5469 1035 5523 dulcedinem
1096 5483 1271 5522 meam
1330 5468 1581 5521 deserere
1611 5506 1625 5532 ,
1688 5465 2002 5534 fructusque

426 5559 794 5623 suavissimos,
821 5559 989 5624 etire,
1013 5566 1072 5612 ut
1101 5559 1242 5618 inter
1271 5567 1464 5613 caatera
1496 5557 1634 5627 ligna
1658 5557 2002 5633 promoveat-1

427 5647 628 5732 Leonta
652 5707 654 5709 ,
679 5657 802 5706 sunt
832 5664 1044 5725 «pioque
1093 5649 1270 5724 ligna;
1305 5656 1357 5705 ct
1379 5647 1464 5709 .ad
1499 5649 1690 5706 vitem:
1745 5647 1900 5707 Veni.
1935 5655 2004 5710 _ct

2106 4574 2190 4611 ma
2218 4558 2498 4612 vocatione
2542 4558 2684 4613 facta
2734 4569 2817 4613 est
2845 4560 3073 4624 advena,
3115 4558 3336 4628 jamque
3371 4574 3466 4628 per
3503 4561 3655 4616 inero

2104 4657 2350 4702 mentum
2399 4651 2582 4716 gratia:
2636 4648 2775 4703 facta
2808 4658 2892 4703 est
2923 4651 3142 4704 omnino
3176 4651 3492 4705 domestica.
3526 4650 3678 4706 Unda

2098 4736 2212 4803 jam
2261 4738 2488 4792 firmiter
2531 4741 2804 4804 radicatis,
2830 4750 2886 4793 et
2931 4741 3076 4794 velut
3127 4741 3180 4794 iit
3215 4740 3347 4794 urbe
3365 4743 3679 4809 compositis

2102 4827 2299 4882 Paulus
2333 4830 2447 4882 ait:
2487 4848 2505 4879 ι
2539 4830 2657 4884 Jam
2699 4847 2804 4885 non
2843 4831 2976 4885 estis
3030 4831 3291 4900 hospites,
3329 4840 3384 4883 et
3412 4831 3674 4898 advenio;

2100 4919 2194 4978 sed
2260 4920 2392 4975 estis
2459 4920 2640 4989 cives.
2672 4921 3031 4987 Sanctorum,
3113 4930 3167 4976 et
3227 4921 3510 4976 domestici
3582 4921 3694 4987 Deli

2100 5009 2314 5081 (Ephes.
2339 5011 2419 5078 η).
2455 5031 2473 5064 ι

2172 5101 2278 5155 Sed
2306 5111 2364 5154 ut
2393 5101 2701 5156 omittentes
2735 5101 2983 5171 plurima,
3032 5101 3184 5170 quod
3202 5102 3539 5171 propositum
3573 5113 3695 5170 est;

2103 5193 2452 5253 transiliendo
2479 5191 2734 5246 celeriter
2779 5205 3182 5259 percurraums,
3207 5191 3526 5262 lignasilvae
3556 5191 3693 5246 sunti

2102 5281 2348 5342 homines
2373 5283 2516 5346 vani,
2563 5290 2616 5343 et
2646 5279 2984 5345 infructuosi,
3033 5295 3096 5334 ac
3131 5280 3360 5336 ﬂammis
3397 5281 3679 5335 ultricibus

2104 5372 2298 5429 merito
2318 5386 2428 5426 sua:
2450 5370 2751 5425 sterilitatis
2764 5371 2979 5424 obnoxii
3007 5389 3018 5423 :
3057 5389 3076 5422 ι
3112 5371 3299 5426 Omnis
3317 5372 3461 5426 enim
3492 5371 3704 5425 arbor.-

2103 5477 2223 5531 quae
2276 5477 2382 5516 non
2437 5459 2564 5514 facit
2611 5460 2845 5515 fructum
2876 5463 3127 5526 bonum,
3173 5463 3472 5526 excidetur,
3525 5472 3580 5518 et
3625 5465 3675 5515 iu

2105 5552 2282 5623 ignem
2322 5551 2566 5606 mittetur
2611 5550 2824 5621 (Matth.
2855 5551 2954 5622 Ill).
2995 5573 3012 5604 ι
3039 5553 3139 5619 Qui
3188 5568 3314 5607 vero
3341 5566 3434 5622 per
3459 5552 3680 5616 olivam,

2103 5655 2224 5697 una:
2262 5650 2316 5698 et
2344 5641 2554 5716 signum
2585 5642 2732 5719 pacis
2757 5643 3010 5711 ostendit,
3056 5643 3269 5716 oleique
3302 5643 3704 5715 pittgttedittt'ttt..
