4148 5358
498 362 597 419 ιτι
945 362 1003 418 S.
1040 362 1246 419 PETRI
1282 363 1568 419 DAMIANI
1607 364 1760 421 OPP.
1803 363 2039 422 TOMUS
2079 363 2209 421 SEU
2245 364 2426 421 PARS
2460 364 2548 420 ill.
2586 394 2656 407 --
2689 360 3055 420 OPUSCCLA
3098 363 3329 443 VARlAt
3403 399 3408 403 -
3660 363 3781 420 4ῒὶ

494 475 694 557 fundit,
741 475 841 530 nisi
908 475 982 529 illi
1042 476 1412 548 designantur,
1470 479 1562 547 qui
1621 477 1858 548 Spiritus
1903 477 2073 533 sancti
2104 485 2285 545 Aest,
2337 476 2643 549 spirituales
2691 476 2791 530 viri
2845 475 3002 546 lignis
3052 491 3284 545 praeesse
3325 477 3681 543 silvestribus,
3718 479 3777 534 id

496 567 820 637 pinguedine
852 565 1073 622 delibuti
1112 568 1539 637 evangelizando
1597 584 1808 639 pacem,
1841 570 2086 626 reconci-
2186 578 2293 632 est,
2324 566 2555 622 terrenis
2583 566 2917 630 hominibus,
2944 575 3106 634 atque
3138 566 3449 622 carnalibus
3468 568 3777 625 nullatenus

494 660 626 714 liaut
668 659 917 715 homines
965 659 1258 717 Creatori?
1302 680 1321 713 ι
1374 661 1566 729 Quam,
1614 662 1809 734 inquit,
1856 664 2084 733 speciosi

493 751 657 818 pedes
677 750 1163 823 evangelizantium
1191 762 1378 821 pacem
1403 752 1581 823 (Rom.
1607 757 1662 823 κ)
1689 754 1703 807 l
1746 773 1765 807 ι
1798 753 1960 811 Ficus
1994 769 2086 810 au-

494 853 598 895 tent
627 855 796 897 sacra:
827 841 958 911 legis
980 842 1267 913 imaginem
1313 852 1482 909 tenet,
1514 844 1654 900 unde
1675 845 1809 900 etin
1841 845 2085 917 Evange~

490 935 563 987 lio
615 933 857 988 dicitur:
891 932 1027 1002 Quia
1073 951 1092 984 ι
1133 933 1353 1003 quidam
1395 936 1788 1005 paterfamilias
1823 935 2084 1006 p‘autavit

489 1025 729 1090 vineam,
756 1024 811 1078 in
840 1040 944 1092 qua
998 1023 1209 1080 scilicet
1250 1024 1511 1095 plantavit
1542 1035 1600 1081 et
1639 1027 1822 1084 ﬁcum.
1854 1026 2019 1083 Vinea
2059 1047 2077 1079 θ

492 1115 695 1189 quippe
751 1114 912 1187 471
949 1133 968 1166 ι
1002 1114 1215 1170 Domini
1249 1114 1489 1170 Sabaoth
1538 1116 1731 1171 demus
1774 1126 1860 1172 est
1918 1116 2084 1172 lsrael

497 1206 711 1278 (Matth.
740 1224 869 1270 xxi;
921 1206 1033 1262 Isa.
1084 1208 1158 1278 v).
1191 1226 1211 1259 ο
1252 1207 1314 1262 lu
1355 1223 1462 1277 qua
1511 1207 1770 1263 nimi-nim
1820 1207 2085 1277 plantavit

499 1297 679 1351 divina
758 1312 973 1372 manus.
1012 1296 1337 1369 Decalogum
1392 1297 1546 1368 legis.
1610 1295 1718 1353 Sed
1776 1298 1892 1352 lta-c
1948 1297 2084 1352 ﬁcus

494 1385 730 1454 priorem
759 1385 1014 1456 p0pulutu
1041 1387 1196 1457 quasi
1225 1400 1444 1456 grossos
1469 1401 1618 1451 suos,
1661 1386 1845 1443 aridos
1873 1387 2085 1443 scilicet

494 1485 550 1536 et
577 1476 796 1530 inutiles
835 1476 1082 1547 protulit,
1131 1487 1189 1533 et
1229 1476 1465 1546 abiecit;
1499 1493 1700 1534 novum
1751 1493 1882 1534 vero
1927 1478 2084 1534 Chri-

493 1565 685 1639 stiana:
735 1564 858 1621 ﬁdei
903 1581 1127 1637 germen
1171 1568 1240 1623 ad
1282 1572 1649 1627 maturitatem
1691 1568 1920 1625 interna:
1964 1569 2082 1639 piu-

492 1656 756 1727 guedinis,
786 1657 1223 1729 suavitatemque
1274 1659 1549 1729 perduxit.
1596 1659 1672 1715 De
1701 1661 1899 1731 quibus
1924 1660 2080 1717 lere-

492 1746 630 1801 uiias
657 1747 733 1801 ait
764 1762 781 1800 :
814 1765 833 1801 σ
875 1747 1039 1804 Video
1086 1748 1244 1815 ﬁcus,
1271 1749 1408 1806 ﬁcus
1425 1750 1619 1815 bonas,
1648 1751 1819 1806 bonas
1849 1750 2003 1807 valde
2023 1760 2081 1806 et

2187 659 2582 727 acquiescant;
2630 656 2786 712 oll'ert
2834 670 2892 711 se
2943 657 3220 722 rbamnus,
3274 667 3331 713 et
3376 659 3443 712 ab
3475 660 3555 714 eis
3576 674 3778 715 censu;

2187 747 2450 802 utendus:
2484 761 2536 801 et
2568 746 2754 802 eadem
2803 746 2886 800 vel
2932 760 3110 815 prava:
3138 748 3564 802 conversationis
3586 764 3778 805 exeni-

2183 835 2296 908 plo,
2317 836 2483 910 472
2513 836 2825 907 γριιεττοιιθί
2853 834 3123 907 dogmatis
3149 835 3399 890 incendio
3424 847 3776 907 consumptué

2185 945 2297 983 rus.
2347 927 2627 982 lihanmus
2666 926 2809 980 enim
2859 925 3030 995 spinis
3065 926 3531 981 crebrescentibus
3560 926 3773 991 horret,

2184 1034 2282 1090 per
2320 1034 2481 1089 quem
2525 1017 2734 1072 scilicet
2757 1014 2998 1086 ,quilibct
3031 1029 3319 1086 pervorsus
3346 1016 3645 1081 invenitur,
3679 1016 3773 1086 qui

2184 1115 2264 1169 sic
2303 1122 2648 1183 peccatorum
2678 1119 2935 1180 tanquam
2970 1110 3214 1179 veprium
3245 1110 3537 1180 asperitate
3572 1111 3773 1166 densa-

2187 1215 2291 1260 tur.
2321 1202 2475 1261 Unde
2522 1213 2577 1259 et
2603 1203 2779 1272 primo
2806 1201 3011 1256 homini
3044 1201 3245 1256 dictum
3271 1210 3390 1256 est:
3434 1219 3453 1253 ι
3485 1201 3649 1257 Terra
3679 1210 3773 1256 tua

2182 1297 2367 1368 Spinas
2410 1304 2465 1351 et
2512 1293 2741 1350 tribulos
2787 1291 3113 1364 germinabit
3159 1292 3253 1347 tibi
3298 1289 3449 1362 (Gen.
3496 1290 3618 1361 Ill);
3655 1311 3675 1344 υ
3718 1289 3773 1345 id

2181 1400 2288 1454 est,
2323 1404 2518 1458 corpus
2559 1396 2707 1441 tuum
2752 1383 3014 1440 aculeatis
3072 1382 3327 1438 vitiorum
3382 1382 3773 1453 punctionibus

2183 1479 2500 1548 subjacebit.
2547 1476 2616 1532 Et
2663 1491 2761 1547 per
2795 1474 3109 1546 prophetam
3149 1471 3447 1528 Dominus:
3488 1491 3505 1523 ι
3564 1472 3772 1543 Spiuis,

2185 1569 2388 1638 inquit,
2454 1575 2799 1639 peccatorum
2868 1580 3089 1619 suorum
3152 1564 3621 1643 circumdederunt
3684 1579 3775 1617 me

2183 1658 2531 1734 (Thr-emt”).
2574 1677 2592 1710 ι
2647 1657 2828 1729 Lignis
2883 1656 3065 1726 itaque
3120 1654 3428 1726 petentibus
3479 1669 3678 1726 regem,
3716 1655 3773 1710 id

2180 1759 2282 1814 est,
2306 1750 2489 1820 pravis
2532 1748 2833 1820 quibusque
2886 1745 3180 1802 carnaliter
3216 1744 3539 1816 cligentihus
3570 1760 3777 1815 praesu-

490 1838 680 1907 malas,
729 1838 909 1896 ιιιειιςιε
946 1840 1126 1906 valde,
1165 1857 1289 1912 quae
1327 1844 1538 1899 comedi
1579 1858 1690 1899 non
1740 1854 1989 1914 possunt,
2013 1859 2085 1900 eo
2113 1842 2154 1901 Β
2182 1842 2321 1907 lem;
2353 1842 2611 1895 rhamnus
2635 1838 2848 1894 accedit
2874 1838 2926 1892 in
2959 1837 3218 1900 medium,
3258 1835 3487 1907 quilibet
3519 1834 3773 1890 videlicet

488 1930 630 1998 quod
656 1931 774 1985 sint
798 1930 952 1987 luela:
980 1930 1117 2002 (Jer.
1152 1922 1328 2004 sxw).
1366 1951 1388 1987 ι

500 2082 506 2089 ,
561 2018 666 2075 Per
693 2020 828 2076 ﬁcus
859 2035 995 2092 ergo
1024 2021 1097 2077 illi
1123 2031 1350 2093 possunt
1386 2039 1495 2079 non
1526 2025 1974 2082 inconvenienter
1999 2026 2081 2082 iu-

490 2110 681 2182 telligi,
704 2114 803 2183 qui
849 2129 1021 2169 sacra:
1051 2114 1187 2185 legis
1232 2116 1540 2173 eruditione
1585 2128 1712 2174 sunt
1752 2119 2080 2175 sullicienter

490 2201 766 2258 instructi.
793 2202 930 2260 Vitis
950 2206 1114 2261 etiam
1139 2206 1372 2277 idipsum
1407 2223 1543 2279 pene
1569 2209 1780 2266 videtur
1807 2211 2081 2281 signiﬁca-

490 2306 553 2361 re
602 2296 748 2364 quod
794 2295 949 2352 licus.
1014 2298 1157 2355 Dicit
1194 2300 1339 2354 enim
1380 2300 1683 2358 Dominus:
1720 2322 1739 2355 ι
1802 2304 1916 2375 Ego
1958 2320 2078 2360 sum

488 2383 621 2445 vitis
639 2395 868 2453 vera,et
913 2404 1015 2445 vos
1048 2389 1301 2459 palmites
1346 2391 1527 2463 (Iona.
1559 2393 1674 2463 xv).
1709 2412 1728 2445 ι
1765 2394 1835 2448 Et
1860 2395 1986 2464 quia
2006 2396 2080 2450 de

490 2477 802 2547 palmitibus
831 2479 968 2539 ﬁunt
1012 2481 1171 2549 vites,
1200 2483 1330 2553 quid
1380 2484 1576 2539 mirum
1622 2486 1665 2540 si
1694 2494 1751 2542 et
1777 2487 1951 2542 sanc:i
1984 2487 2079 2542 do-

489 2578 675 2626 ctores
693 2581 1009 2631 asseruntur
1031 2573 1173 2629 vites
1197 2589 1218 2639 ',
1243 2584 1301 2628 ut
1329 2575 1475 2643 quod
1496 2574 1746 2630 Salvator
1769 2576 1951 2631 mundi
1982 2592 2079 2646 per

488 2667 763 2726 naturam,
822 2661 923 2719 hoc
969 2664 1046 2723 illi
1084 2665 1391 2735 glorientur
1420 2667 1623 2723 habere
1662 2676 1759 2737 per
1803 2668 2078 2737 gratiam?

488 2748 590 2815 Qui
642 2750 898 2807 nimirum
936 2752 1062 2809 dum
1110 2754 1442 2824 triumphum
1490 2756 1785 2812 Dominicze
1809 2758 2077 2827 passionis

488 2839 788 2909 praedicare
819 2857 926 2897 non
957 2853 1195 2907 cessant,
1220 2845 1378 2915 quasi
1415 2862 1513 2915 per
1556 2847 1816 2903 doctrina:
1845 2863 1955 2905 sua:
1974 2849 2076 2905 bo—

491 2944 605 2987 tros
617 2934 826 2989 arentia
847 2936 1011 2992 corda
1034 2945 1218 2992 nostra
1241 2938 1369 2994 vino
1393 2938 1532 2997 bendi
1548 2941 1758 2997 cruoris
1779 2941 2069 2999 inebriant.

2183 1932 2465 2002 reprobus,
2490 1930 2581 2000 qui
2619 1939 2673 1984 et
2707 1928 2884 2000 ignem
2911 1925 3275 1983 damnationis
3304 1926 3358 1980 in
3402 1939 3461 1980 se
3489 1932 3770 1979 ex'eorunt

2180 2023 2537 2096 pravitatibus
2561 2029 2776 2094 augeat,
2808 2029 2861 2076 et
2883 2034 2976 2073 eos
2999 2032 3256 2089 perverse
3296 2016 3533 2081 vivendi,
3561 2016 3643 2071 vcl
3676 2016 3776 2070 ilo:

2181 2114 2339 2171 cendi
2369 2114 2645 2182 reciproca
2667 2110 3043 2168 combustione
3071 2118 3376 2166 consumat.
3406 2107 3559 2163 Unde
3585 2117 3639 2162 et
3662 2106 3770 2163 illic

2180 2206 2414 2262 dicitur:
2454 2223 2473 2256 ι
2504 2203 2824 2274 Egrediatur
2869 2202 3010 2272 ignis
3038 2215 3104 2255 ex
3152 2214 3237 2263 eo,
3270 2206 3331 2253 ut
3363 2206 3648 2253 consumat
3672 2196 3770 2249 ba-

2180 2296 2443 2353 bitatores
2474 2294 2713 2358 Sichem.
2759 2301 2814 2347 et
2838 2291 3095 2363 Oppidum
3146 2288 3321 2351 Mella,
3350 2287 3771 2359 egrediaturque

2180 2385 2321 2457 ignis
2349 2387 2416 2442 de
2442 2385 2572 2441 viris
2594 2383 2838 2447 Sichom,
2861 2392 2918 2436 ct
2946 2382 3012 2435 de
3058 2379 3259 2451 Oppido
3287 2377 3466 2444 ltlello,
3508 2387 3565 2432 et
3595 2378 3761 2431 devo-

2180 2489 2262 2536 ret
2300 2478 2611 2534 Abimelech
2665 2476 2868 2544 (ludic.
2910 2473 3009 2541 rx).
3069 2492 3089 2525 ι
3138 2472 3264 2527 Haec
3308 2479 3489 2526 autem
3538 2468 3764 2525 Joathas

2178 2571 2510 2626 constitutus
2553 2570 2605 2624 in
2659 2568 2863 2622 vertice
2926 2562 3125 2621 montis
3172 2563 3489 2633 eloquitur;
3528 2562 3621 2632 qui
3671 2576 3770 2632 per

2177 2670 2398 2719 sanctos
2437 2660 2489 2715 in
2520 2657 2756 2714 Ecclesia
2800 2655 3190 2725 pranlicatores
3234 2651 3582 2713 addiscimus,
3620 2666 3763 2720 quo-

2177 2750 2338 2805 modo
2364 2748 2668 2817 quibusque
2703 2743 2974 2815 perversis
3011 2757 3075 2796 ac
3114 2739 3361 2811 reprobis
3390 2755 3527 2794 vana
3575 2746 3768 2810 peten-

2176 2839 2322 2899 tibus
2352 2836 2694 2892 resistamus.

2246 2918 2402 3003 Ecce.
2426 2937 2751 2995 venerabilis
2799 2935 2984 3002 frater,
3026 2949 3190 2990 unam
3239 2934 3502 2989 duntaxat
3534 2929 3745 3000 Episto-

487 3023 564 3079 θα
586 3024 686 3078 hoc
712 3024 833 3083 VilIO
857 3040 957 3094 Per
999 3026 1168 3083 Jacob
1203 3043 1366 3099 super
1402 3029 1684 3089 Salvatore
1730 3042 1919 3089 nostra
1944 3032 2073 3090 alle-
2173 3039 2280 3095 lam
2310 3031 2516 3100 petisti.
2550 3029 2649 3084 sed
2682 3029 2904 3098 insuper
2951 3035 3005 3083 et
3054 3026 3279 3080 alteram
3328 3022 3602 3093 recepisti.
3643 3021 3763 3090 Ipse

486 3116 669 3185 gorice
692 3115 895 3176 dicitur
924 3136 938 3173 :
989 3137 1015 3172 ι
1045 3119 1274 3179 Lavabit
1307 3120 1362 3177 in
1413 3123 1537 3181 vino
1569 3123 1763 3181 stolam
1809 3140 1987 3191 suam,
2013 3135 2069 3182 et

2176 3135 2392 3193 quoque
2424 3132 2580 3176 versa
2627 3119 2746 3174 vice
2775 3122 3040 3187 deposco;
3065 3127 3123 3171 ut
3147 3117 3275 3171 dum
3304 3114 3512 3185 integra
3561 3121 3769 3166 nostrae

486 3206 541 3263 in
571 3207 831 3278 sanguine
856 3209 1075 3279 pallium
1100 3220 1257 3268 suum
1294 3210 1449 3281 (Gen.
1483 3218 1656 3285 sua).
1685 3233 1705 3268 ι
1739 3213 1889 3271 Stola
1916 3189 2075 3273 Chri-
2101 3189 2146 3254 (ἶ
2174 3189 2486 3273 dilectionis
2508 3225 2619 3264 una
2646 3207 2915 3278 dirigitur,
2947 3205 3013 3261 ad
3044 3220 3144 3260 nos
3166 3201 3500 3270 etiamjuxta
3526 3207 3754 3256 vetustae

486 3295 562 3354 sti
593 3298 699 3355 fuit
746 3300 801 3355 in
846 3302 1124 3371 apostolis,
1158 3312 1214 3358 et
1262 3305 1473 3360 caeteris
1523 3306 1872 3362 credentibus
1934 3307 2075 3379 Syn-

486 3402 664 3460 agoga
685 3403 709 3456 ς
732 3389 887 3458 cuius
907 3391 1071 3448 etiam
1103 3393 1324 3461 pallium
1348 3395 1567 3465 gentilis
1595 3405 1679 3451 est
1718 3397 1963 3465 populus.
1997 3398 2076 3453 De

486 3478 804 3549 quibussibi
819 3497 915 3552 per
926 3485 1246 3553 prophetam
1262 3486 1459 3541 dicitur
1473 3506 1494 3541 ι
1508 3507 1527 3538 ι
1549 3488 1684 3543 Vivo
1696 3503 1823 3556 ego,
1834 3489 2076 3545 dieitDo-

482 3572 842 3641 .minus,quia
873 3575 960 3630 bis
1001 3576 1252 3632 omnibus
1291 3577 1440 3632 velut
1463 3589 1782 3634 ornamento
1827 3580 2076 3635 vestieris

482 3661 627 3732 .(Isa.
654 3665 864 3733 rem.»
892 3665 1001 3721 Hos
1022 3667 1206 3737 itaque
1226 3668 1475 3724 Christus
1497 3669 1551 3725 in
1577 3670 1838 3739 sanguine
1858 3685 1976 3726 uva:
1999 3670 2079 3726 la-

490 3753 588 3819 vit,
614 3769 776 3823 quem
801 3755 869 3810 de
898 3757 1191 3827 semetipso
1214 3760 1480 3814 contritus
1504 3759 1562 3814 in
1586 3759 1772 3829 praelio
1794 3758 1858 3832 υ.
1887 3759 2074 3834 prrelo]

490 3843 669 3897 crucis
689 3846 974 3913 expressit.
1005 3844 1158 3903 Unde
1190 3856 1248 3902 et
1286 3847 1528 3904 Joannes
1558 3848 1668 3907 ait;
1700 3866 1724 3899 ι
1760 3848 1865 3915 Qui
1886 3849 2077 3905 dilexit

491 3946 610 3995 nos,
638 3941 694 3987 et
724 3933 855 3988 lavit
894 3951 994 3989 nos
1016 3951 1047 3990 a
1080 3937 1317 4006 peccatis
1342 3938 1545 3994 nostris
1590 3938 1644 3993 in
1686 3938 1948 4008 sanguine
1975 3952 2075 3993 suo

494 4022 677 4093 (Apoc.
707 4024 775 4093 ι).
804 4043 823 4077 ι
877 4025 1010 4081 Cum
1062 4027 1227 4097 igitur
1265 4027 1429 4094 oliva,
1478 4027 1637 4095 licus,
1680 4042 1744 4082 ac
1793 4027 1943 4093 vitis.
1971 4027 2074 4085 hoc

566 4137 678 4207 (l9)
708 4139 943 4209 Epistoia
981 4141 1008 4194 1
1032 4139 1172 4194 ‘libri
1194 4156 1253 4195 tt.

2178 3301 2566 3373 disputationis
2611 3299 2821 3354 ethicos
2849 3297 3062 3366 gemina
3093 3303 3417 3351 revertatur.
3461 3291 3613 3358 Quod
3634 3289 3677 3345 si
3711 3302 3765 3344 te

2180 3392 2249 3447 de
2279 3389 2572 3446 eiu-ialibus
2598 3387 2867 3459 episcopis
2895 3388 3073 3441 adhuc
3102 3385 3266 3439 latius
3289 3383 3476 3437 audire
3504 3380 3765 3446 delectat,

2178 3482 2427 3554 ejusdem
2475 3480 2731 3537 thematis
2781 3477 3066 3548 epistolam
3113 3476 3248 3550 (l9),
3289 3491 3452 3548 quam
3476 3474 3761 3530 concardi-

2184 3570 2397 3628 nalibus
2434 3571 2543 3625 tuis
2580 3568 2708 3624 olim
2761 3569 2905 3635 misi,
2932 3578 2984 3623 te
3021 3569 3206 3623 videre
3253 3582 3357 3622 non
3392 3566 3592 3635 pigeat.
3623 3562 3760 3619 lllud

2181 3663 2347 3719 etiam
2392 3662 2451 3717 iu
2507 3660 2748 3731 epistolae
2796 3660 2944 3716 calce
3001 3661 3287 3723 subnecte,
3340 3665 3401 3712 ut
3441 3656 3655 3720 amodo,
3705 3651 3763 3709 et

2184 3756 2459 3826 deinceps,
2486 3756 2629 3810 sicut
2672 3755 2729 3819 ii,
2775 3754 2867 3825 qui
2905 3752 3158 3808 Ecclesia:
3204 3749 3486 3805 militando
3522 3745 3764 3817 promoti

2181 3855 2330 3912 sunt,
2378 3854 2641 3900 vocantur
2670 3859 2737 3898 cx
2783 3859 2932 3898 more
2972 3839 3283 3912 pontiﬁces;
3314 3839 3389 3896 ita
3441 3838 3530 3907 qui
3587 3835 3765 3890 fama-

2181 3936 2342 3993 laudo
2369 3937 2705 4008 principibus
2732 3936 2888 3999 ﬁunt,
2916 3936 3166 3990 dicantur
3198 3949 3225 3986 a
3251 3932 3402 3986 curia
3432 3926 3686 4007 curiales.

2520 4025 2603 4083 Si!
2630 4042 2818 4081 nomen
2842 4024 3054 4081 Domini
3074 4022 3435 4093 benedictum.)

500 4318 3742 4347 MW

666 4461 1019 4538 “3'4"
1076 4483 1926 4599 OPUSCULUM
2003 4481 2807 4621 VICESIMUM
2890 4475 3584 4590 TERTIUM.

570 4699 683 4762 DE
726 4688 1184 4761 ΒΒΕἮΤᾹΤΕ
1233 4700 1449 4762 ΥΙΤᾹΞ
1486 4698 1985 4763 PONTIFICUM
2013 4701 2079 4761 Rt

2181 4700 2531 4763 {ANORUM
2551 4745 2567 4774 ,
2602 4698 2707 4760 ET
2760 4696 3068 4775 DlVlNA_
3098 4693 3670 4757 PROVIDENTIA.

490 4991 893 5045 Attonitas-run.
918 5021 988 5032 —
1014 4989 1324 5046 Alexandro
1363 5004 1575 5045 summo
1609 4970 2233 5059 pontimhlantuano
2265 4997 2489 5059 patrum
2526 4995 2790 5059 conventu
2841 4985 3234 5059 redeuntighas
3274 4966 3487 5059 litteras
3535 4985 3748 5041 obviam

566 5061 752 5120 mittit,
783 5060 833 5112 in
862 5061 1058 5128 quibus
1083 5061 1257 5116 eidem
1285 5060 1586 5115 sciscitanti
1612 5055 1622 5059 ⁷
1646 5061 1909 5115 rationem
1942 5058 2141 5123 reddit,
2180 5055 2280 5113 cur
2307 5057 3030 5128 pontiﬁcuml‘lomauomm
3067 5056 3178 5110 vita
3219 5056 3399 5109 brevis
3435 5055 3751 5124 plerumque

565 5141 620 5202 et
647 5126 998 5202 angustafsit.
1035 5131 1238 5185 Deinde
1268 5131 1320 5184 in
1355 5129 1765 5202 admirationem
1795 5130 1991 5183 divina:
2043 5126 2404 5202 providentia:
2431 5135 2495 5202 et
2522 5127 2783 5202 bonitatis
2821 5126 3134 5187 eﬁ‘unditur,
3170 5143 3201 5181 a
3225 5141 3337 5202 qua
3375 5132 3456 5202 tot
3491 5135 3752 5202 tantaque
