4132 6324
284 376 411 437 473

991 385 1234 442 OPUSC.
1283 386 1466 440 XXlll.
1494 417 1565 425 —-
1604 384 1692 439 DE
1722 377 2118 437 BREVITATB
2161 376 2341 432 ῐίτιιΕ
2380 378 2483 431 Pl‘.
2527 377 2669 441 IUL,
2710 373 2866 432 ETC.

3445 384 3506 426 4':
3522 384 3552 426 ι

282 514 487 568 quare;
532 512 830 569 congruum
878 498 1115 567 judicavi
1161 497 1352 552 exenio
1391 497 1694 551 litterarum
1747 493 1864 554 libi,
1896 490 2055 561 Ajus
2100 489 2266 559 stirpe
2311 489 2561 557 dignatus
2613 496 2695 542 est
2746 485 3059 556 propagari;
3105 481 3241 537 alter
3279 482 3550 551 quinqua-

280 604 393 658 quo
423 587 536 642 vide
550 588 673 642 licet
698 588 839 643 dono
866 588 1203 657 potissimum
1226 588 1531 648 delectaris,
1556 599 1863 641 occurrere.

283 677 392 735 Sed
433 692 489 734 et
521 696 669 743 mox,
715 689 771 733 ut
802 680 866 733 ad
899 696 992 734 vos
1018 680 1244 749 impiger
1270 681 1372 733 iter
1399 680 1721 748 arriperem,
1753 675 1869 729 dul-

279 773 359 826 cis
389 770 529 825 fama
560 772 808 841 percivit.
835 770 999 825 Iacob
1030 771 1316 840 siquidem,
1346 771 1411 825 de
1440 783 1546 839 quo
1575 768 1856 838 Scriptura

278 862 432 925 dicit,
467 863 591 930 quia
629 881 645 912 ι
668 861 895 931 simplex
924 861 1206 915 habitabat
1229 862 1280 914 in
1310 858 1678 915 tabernaculis
1710 854 1861 927 (Ceu.

277 951 433 1020 xxv),
459 971 478 1003 ι
513 951 715 1004 idcirco
746 950 977 1004 terrenis
999 949 1319 1019 placandum
1347 963 1469 1003 esse
1496 946 1720 1000 fratrem
1749 961 1867 997 inu-

278 1040 509 1095 neribus
545 1039 884 1111 duxit,‘quia
914 1040 1026 1094 sola
1055 1040 1321 1095 duntaxat
1349 1055 1471 1095 eum
1505 1040 1726 1109 diligere
1759 1046 1865 1091 ter-

276 1146 410 1185 rena
452 1133 723 1200 cognovit.
776 1133 888 1201 Ego
936 1146 1170 1200 quoque,
1205 1132 1296 1201 qui
1347 1147 1467 1186 cum
1513 1130 1678 1185 Jacob
1718 1127 1862 1183 domi

277 1222 600 1292 simpliciter
624 1224 883 1288 habitavi,
913 1225 1040 1293 quia
1080 1224 1172 1279 tibi
1200 1224 1320 1294 plus
1346 1222 1669 1294 spiritualia,
1700 1238 1862 1290 quam

277 1313 518 1365 carnalia
561 1328 788 1382 quaeque
816 1313 1030 1383 placere
1062 1330 1166 1368 non
1192 1315 1428 1383 ambigo,
1470 1312 1736 1384 spirituali
1778 1311 1862 1365 fa-

274 1403 417 1456 ciem
462 1413 605 1456 tuam
660 1420 883 1459 munere
928 1405 1147 1474 placare
1198 1405 1483 1459 contendo.
1540 1405 1859 1473 Quanquam

274 1506 399 1544 cum
430 1492 598 1547 David
630 1493 836 1564 fugeret
861 1512 889 1547 a
919 1495 1054 1549 faeie
1090 1495 1350 1560 Absalon,
1402 1497 1575 1564 magis
1602 1494 1701 1549 sibi
1736 1509 1863 1564 pro-

274 1582 442 1638 fuerit
486 1584 686 1639 Chusai
747 1585 1034 1640 Arachites
1079 1586 1171 1654 qui
1204 1586 1261 1639 iu
1306 1585 1605 1641 Jerusalem
1657 1586 1855 1665 rediit,

272 1691 435 1743 quam
487 1677 664 1741 Ethai,
713 1679 804 1746 qui
852 1678 1152 1733 videliceta
1182 1678 1422 1749 fugiente
1455 1679 1620 1733 David
1659 1677 1859 1731 indivi—

269 1769 411 1821 duus
440 1770 645 1823 assecla
674 1787 778 1823 non
809 1771 1032 1824 recessit
1057 1769 1141 1840 (Il
1172 1769 1304 1840 Reg.
1331 1771 1441 1841 xv).
1472 1771 1615 1825 Idem
1641 1783 1856 1839 quoque

1970 582 2116 652 ginta
2165 596 2279 643 sex,
2319 580 2456 634 alter
2483 578 2835 648 quadraginta
2888 590 3151 629 annorum
3190 572 3458 627 curricula
3492 572 3547 625 in

1971 675 2135 745 regali
2173 673 2389 743 fastigio
2419 672 2754 725 floruerunt:
2800 677 2922 739 post
2962 682 3117 737 quos,
3152 677 3206 720 et
3236 665 3326 718 alii
3360 663 3550 717 videli-

1968 775 2053 821 cet
2101 765 2382 832 utriusque
2431 762 2578 833 regni
2624 759 2914 829 principes,
2948 757 3048 812 etsi
3082 753 3400 815 minuscule,
3437 768 3545 807 non

1969 868 2147 911 tamen
2179 856 2244 908 ad
2276 855 2449 909 instar
2471 853 2841 906 Romanorum
2865 848 3201 919 pontificum,
3230 845 3547 900 brevissima

1968 953 2331 1017 regnaverunt
2378 952 2678 1013 temporum
2724 940 3048 1010 quantitate.
3094 936 3174 990 Ad
3216 934 3358 1004 quod
3392 933 3550 990 facile

1968 1041 2365 1111 respondetur;
2429 1036 2558 1105 quia
2602 1051 2725 1089 cum
2776 1048 2915 1087 unus
2967 1030 3114 1085 omni
3156 1027 3355 1083 mundo
3411 1040 3548 1095 papa

1966 1133 2281 1205 przesideat,
2330 1146 2487 1200 reges
2536 1137 2718 1182 autem
2747 1126 3010 1196 plurimos
3044 1123 3095 1177 in
3118 1121 3249 1177 orbe
3280 1129 3548 1175 terrarum

1966 1243 2060 1281 sua
2108 1226 2369 1295 cujusque
2406 1222 2555 1292 regni
2600 1230 2741 1274 meta
2793 1216 3102 1279 concludat,
3151 1213 3275 1282 quia
3328 1210 3576 1280 quilibet.

1966 1317 2260 1385 imperator
2298 1313 2362 1366 ad
2409 1327 2556 1381 papa:
2596 1310 2820 1379 vestigia
2874 1307 3100 1371 corruit,
3153 1314 3407 1371 tanquam
3452 1316 3574 1355 rex.

1930 1406 1933 1411 ’
1966 1422 2170 1477 regum,
2201 1414 2254 1459 et
2301 1405 2554 1474 princeps
2598 1403 3012 1470 imperatorum,
3050 1404 3274 1450 cunctos
3303 1394 3355 1447 in
3386 1406 3551 1446 carne

1963 1497 2207 1551 viventes
2237 1494 2463 1556 honore,
2497 1507 2562 1545 ac
2591 1490 2855 1557 dignitate
2892 1484 3171 1555 prtecellit.
3223 1480 3376 1537 Unde
3416 1496 3552 1549 quo-

1978 1585 2106 1639 libet
2154 1597 2280 1654 rege
2321 1580 2597 1642 defuncto,
2630 1576 3107 1633 administratione
3158 1574 3276 1643 ejus
3318 1585 3547 1639 regnum

1965 1674 2357 1736 tantummodo,
2410 1672 2496 1726 cui
2542 1678 2794 1739 praeerat,
2852 1667 3189 1728 destituitur;
3244 1679 3370 1717 cum
3412 1677 3543 1716 vero

1962 1766 2107 1821 sedis
2155 1763 2467 1833 apostolica:
2508 1759 2750 1832 pontifex
2795 1758 3045 1819 moritur,
3091 1756 3395 1817 universus,
3427 1761 3547 1806 tam-

271 1858 442 1914 David
491 1861 662 1931 legem
715 1863 998 1917 constituit
1045 1864 1096 1916 in
1141 1862 1335 1927 Israel,
1377 1872 1587 1931 utzequa
1634 1863 1705 1916 sit
1734 1876 1860 1931 pars
1891 1854 1936 1912 Β
1962 1872 2125 1928 quam
2168 1854 2441 1911 communi
2490 1863 2643 1923 patre
2689 1849 2922 1906 mundus
2951 1852 3193 1903 orbator.
3234 1844 3371 1911 Quid
3401 1843 3546 1898 enim

268 1950 651 2008 descendentis
688 1956 752 2009 ad
787 1956 1057 2023 prmlium,
1106 1965 1160 2008 et
1203 1956 1531 2010 remanentis
1571 1957 1635 2009 ad
1682 1955 1852 2009 sarci-

269 2060 371 2098 nas
423 2044 474 2115 (I
508 2045 632 2115 Reg.
676 2047 855 2117 xxx):
902 2056 957 2101 et
997 2048 1270 2117 potentius
1312 2048 1451 2117 juvit
1499 2046 1854 2101 lsraeliticum

266 2133 525 2204 populum
576 2136 786 2207 Moyses
829 2138 883 2191 in
935 2138 1286 2207 Rhapbidim,
1326 2138 1450 2193 dum
1476 2136 1621 2191 velut
1650 2136 1856 2190 otiosus

154 2244 173 2253 ο
267 2236 473 2292 oraret,
517 2245 679 2299 quam
720 2229 904 2297 Josue,
959 2229 1085 2285 licet
1137 2231 1472 2284 irruentibus
1519 2229 1854 2295 Amalecitis,

270 2320 585 2376 terribiliter
614 2332 854 2377 armatus
879 2332 1209 2377 occurreret.
1244 2324 1395 2389 Quod
1426 2322 1708 2392 perspicue
1734 2337 1857 2391 per-

268 2408 422 2463 bibet
451 2410 751 2480 Scriptura,
784 2427 907 2465 cum
938 2411 1067 2466 dicit
1100 2429 1113 2464 :
1155 2430 1172 2459 ι
1205 2412 1338 2477 Quia
1368 2427 1489 2465 cum
1521 2411 1725 2465 levaret
1749 2427 1858 2464 ma-

268 2514 375 2553 nus
421 2499 654 2571 Moyses,
703 2503 952 2556 vincebat
999 2502 1202 2569 Israel;
1248 2502 1330 2557 sin
1364 2512 1543 2557 autem
1576 2499 1853 2571 paululum

266 2588 589 2655 remisisset,
621 2592 907 2662 superabat
929 2591 1209 2646 Amalech.
1242 2611 1260 2645 ι
1295 2592 1401 2648 Sed
1425 2592 1629 2645 nullum
1659 2607 1855 2646 munus

264 2678 522 2746 cuiquam
574 2682 958 2749 congruentius
996 2681 1177 2748 datur,
1210 2697 1373 2751 quam
1410 2682 1484 2746 id,
1516 2682 1659 2752 quod
1690 2682 1760 2737 ab
1788 2695 1855 2736 co

265 2765 407 2840 ipso,
439 2768 525 2822 cui
557 2769 738 2836 datur,
766 2771 1023 2841 exigitur.

787 2904 1015 2961 CAPUT
1053 2905 1339 2960 PRIMUM.

421 3016 529 3071 Cur
555 3017 916 3071 Romanorum
944 3018 1246 3093 pontiﬁcum
1280 3018 1383 3071 vita
1410 3016 1578 3071 brevis
1607 3017 1696 3071 sit.

340 3126 645 3196 Aliquando
672 3136 839 3192 certe,
887 3127 929 3181 si
972 3128 1071 3181 rite
1121 3136 1297 3193 teneo,
1329 3143 1357 3179 a
1389 3143 1475 3181 me
1500 3127 1732 3182 sollicite
1761 3143 1852 3183 reo

1960 1947 2141 2003 Africa
2167 1948 2231 2003 de
2271 1946 2487 2016 regibus
2518 1944 2684 2007 Asiae.
2716 1951 2811 1998 aut
2836 1940 2963 2009 quid
2997 1936 3273 2005 AithiOpia
3305 1936 3369 1990 de
3399 1934 3549 2003 prin-

1959 2039 2168 2108 cipibus
2196 2037 2361 2091 sentit
2396 2034 2708 2103 llesperim?
2741 2031 2896 2093 Nam,
2935 2029 3049 2083 sive
3081 2027 3402 2089 moriantur,
3435 2023 3549 2077 sive

1958 2131 2162 2192 vivant,
2191 2128 2317 2198 quia
2347 2125 2591 2197 procula
2622 2140 2683 2180 se
2724 2122 2918 2179 remoti
2958 2128 3104 2184 sunt,
3149 2128 3439 2186 utrumque
3469 2115 3548 2169 iu-

1958 2219 2269 2275 diﬂ‘erenter
2302 2218 2575 2287 ignorant.

2028 2326 2123 2382 Est
2164 2335 2217 2380 et
2266 2324 2437 2388 aliud,
2496 2338 2618 2378 cum
2674 2336 2821 2376 mors
2878 2320 3169 2391 cujuslibet
3226 2317 3370 2387 regis
3429 2330 3561 2369 noui

1957 2432 2283 2488 magnopere
2307 2417 2377 2471 sit
2403 2415 2627 2480 terrori;
2660 2413 2916 2484 quoniam
2945 2411 3231 2467 saaculares
3254 2407 3563 2478 principes,

1956 2510 2049 2579 qui
2092 2508 2262 2563 turbis
2309 2507 2661 2578 popularibus
2702 2512 2960 2576 prazsunt,
3011 2517 3154 2572 stepe
3184 2500 3375 2573 gladiis
3404 2498 3548 2569 peri-

1957 2610 2198 2657 muntur.
2228 2600 2384 2664 Nam,
2414 2608 2472 2653 ut
2504 2599 2570 2653 de
2596 2597 2782 2653 multis
2813 2612 3013 2667 paucos
3044 2597 3351 2657 adhibeam,
3382 2594 3546 2647 (Laius

1955 2694 2232 2756 Claudius,
2285 2692 2447 2756 Nero,
2494 2691 2685 2755 Galba,
2715 2690 2879 2757 Otho,
2920 2688 3190 2751 Vitellius,
3234 2686 3545 2763 omnes‘isti

1957 2784 2322 2853 imperatores
2366 2797 2465 2852 per
2516 2783 2827 2836 continuam
2871 2789 2999 2834 sunt
3026 2780 3220 2834 seriem
3254 2792 3393 2832 unus
3424 2785 3548 2846 post

1957 2873 2187 2927 alterum
2216 2872 2523 2942 principali,
2551 2880 2605 2925 et
2636 2880 2865 2939 excepto
2894 2869 3142 2933 Claudio,
3177 2868 3356 2922 cuncti
3389 2874 3543 2932 sunt,

1956 2963 2039 3016 vel
2068 2962 2206 3027 suis,
2247 2961 2329 3016 vel
2366 2962 2655 3016 hostilibus
2682 2961 2874 3031 gladiis
2913 2960 3243 3028 interempti.
3297 2958 3545 3010 Postmo-y

1957 3052 2085 3106 dum
2118 3067 2354 3121 quoque,
2389 3051 2532 3105 sicut
2564 3050 2804 3105 Romana
2838 3050 3018 3104 tradit
3057 3048 3306 3111 historia,
3350 3045 3547 3099 Macri-

1958 3159 2076 3207 nus,
2122 3142 2449 3205 Antoninus,
2494 3140 2818 3204 Alexander,
2879 3139 3164 3199 Maximus,
3213 3136 3543 3198 Gordianus,

262 3219 532 3290 quisistis,
573 3235 693 3289 qua:
722 3220 851 3273 mihi
889 3234 1051 3273 causa
1085 3220 1382 3283 videretur,
1412 3234 1509 3272 cur
1541 3220 1850 3288 apostolica:

1956 3233 2172 3297 Det-ius,
2201 3231 2408 3296 Gallus,
2438 3230 2759 3286 Volusianus
2789 3249 2801 3259 ·
2830 3244 3020 3284 omnes
3050 3230 3103 3282 hi
3129 3227 3369 3282 seriatim
3409 3225 3547 3279 sibi-

262 3313 413 3366 sedis
463 3310 723 3373 antistes,
778 3324 1053 3378 nunquam
1102 3310 1303 3364 diutius
1353 3310 1521 3375 vivat,
1575 3311 1668 3364 sed
1705 3310 1875 3365 intra'

260 3401 428 3457 breve
480 3402 736 3471 temporis
783 3401 1016 3469 spatium
1065 3400 1206 3455 diem
1255 3400 1474 3454 claudat
1522 3410 1848 3467 extremum,

264 3493 402 3546 adeo
434 3502 491 3545 ut
520 3501 641 3562 post
680 3492 736 3545 Β.
767 3491 987 3546 Petrum
1019 3490 1344 3561 apostolum,
1373 3493 1464 3561 qui
1490 3507 1587 3561 per
1612 3492 1853 3561 quinque

266 3584 490 3639 circiter
514 3599 778 3639 annorum
807 3584 977 3637 lustra
1010 3584 1283 3652 praesedit,
1317 3597 1475 3638 nemo
1503 3586 1848 3654 postmodum

264 3676 637 3730 Romanorum
690 3676 1006 3745 pontificum
1075 3677 1177 3731 hoc
1240 3677 1475 3745 spatium
1528 3677 1851 3746 praesulatus

263 3768 600 3838 mquaverit;
651 3768 930 3822 modernis
966 3768 1075 3823 imo
1115 3769 1446 3839 temporibus
1470 3770 1556 3823 vix
1585 3770 1851 3839 quispiam

262 3857 317 3911 in
346 3858 619 3927 prazdictae
648 3857 797 3911 sedis
826 3857 1039 3911 culmen
1070 3859 1318 3912 evehitur
1351 3859 1443 3928 qui
1484 3868 1683 3912 metam
1715 3874 1850 3927 qua-

264 3952 407 4009 tuor,
440 3945 524 3999 vel
555 3957 611 3999 ut
635 3946 883 4011 inultum,
915 3947 1156 4017 quinque
1185 3949 1533 4003 transcendat
1558 3964 1848 4003 annorum.

261 4036 418 4104 Quod
472 4038 944 4094 couisiderantibus
999 4040 1338 4111 prodigialis,
1395 4050 1455 4095 ut
1506 4042 1579 4095 ita
1636 4042 1845 4110 loquar,

261 4136 454 4198 stupor
484 4128 753 4193 oboritur,
786 4132 1045 4197 quoniam
1089 4131 1203 4184 lucc
1245 4132 1483 4185 breviter
1511 4132 1723 4185 vivendi
1755 4146 1850 4186 ne-

258 4222 513 4282 cessitas,
564 4231 826 4289 quantmn
872 4223 939 4275 ad
988 4233 1230 4276 nostram
1286 4223 1557 4288 notitiam,
1606 4224 1658 4276 in
1701 4222 1847 4277 nulla

259 4307 365 4361 alia
398 4310 564 4362 totius
599 4309 748 4363 orbis
779 4309 1018 4364 Ecclesia
1050 4311 1338 4380 reperitur.
1365 4310 1472 4364 Sed
1504 4311 1556 4364 in
1586 4321 1849 4381 quantutn

260 4400 587 4454 mortalibus
639 4402 834 4455 divina:
883 4403 1306 4471 dispensationis
1361 4402 1635 4457 revelatur
1688 4418 1845 4457 arca-

259 4505 411 4555 num,
442 4490 652 4545 videtur
679 4493 856 4557 nobis,
882 4493 1009 4561 quia
1043 4493 1248 4546 idcirco
1274 4493 1579 4563 hocjudicii
1609 4493 1848 4548 caelestis

256 4579 391 4632 ordo
433 4579 690 4650 disponit,
725 4590 778 4633 ut
814 4583 1052 4635 humano
1083 4582 1269 4653 generi
1308 4592 1507 4637 metum
1541 4584 1732 4638 mortis
1760 4584 1843 4638 iu-
1875 4555 1925 4613 D

257 4670 462 4735 cutiat;
523 4681 581 4726 et
625 4689 789 4741 quam
842 4673 1187 4743 despicienda
1236 4674 1308 4728 sit
1360 4675 1670 4744 temporalis
1720 4675 1846 4729 vita:

259 4761 456 4830 gloria,
486 4762 537 4815 in
568 4762 681 4830 ipso
704 4763 889 4831 gloria:
919 4765 1224 4834 principatu
1248 4764 1528 4819 evidenter
1557 4766 1846 4832 ostendat,

258 4863 528 4921 quatenus
587 4855 715 4909 dum
769 4860 1075 4927 pnecipuus
1130 4858 1408 4912 hominum
1469 4867 1576 4911 tam
1626 4865 1843 4929 angusti

258 4953 522 5015 temporis
567 4949 891 5017 compendio
939 4949 1189 5012 moritur,
1235 4949 1585 5005 tremefactus
1614 4952 1844 5021 quisque

253 5034 324 5088 ad
356 5036 704 5103 praestolandi
746 5038 828 5092 sui
867 5039 1047 5093 obitus
1076 5037 1375 5095 custodiam
1404 5051 1746 5108 provocetur,
1786 5049 1843 5096 et

253 5125 423 5177 arbor
464 5124 684 5178 humani
730 5127 967 5194 generis,
1000 5127 1125 5181 dum
1176 5143 1436 5182 cacumen
1480 5143 1545 5183 ac
1577 5128 1836 5181 verticem

252 5230 415 5269 suum
462 5226 569 5269 tam
618 5217 775 5271 facile
820 5219 1091 5273 corruisse
1140 5219 1468 5281 considerat,
1526 5228 1671 5272 statu
1711 5234 1841 5273 cun-

252 5321 418 5359 cussa
443 5306 768 5373 formidinis,
796 5309 847 5363 in
872 5310 985 5364 suis
1014 5311 1250 5379 undique
1273 5308 1596 5364 ramusculis
1619 5318 1837 5364 contre~

256 5399 472 5452 ntiscat.

324 5490 488 5562 475
520 5491 625 5546 Sed
676 5493 943 5564 quispiam
987 5491 1233 5547 fortassis
1275 5491 1520 5561 objiciat,
1550 5506 1648 5545 cur
1678 5499 1731 5544 et
1759 5506 1844 5544 re-

254 5584 415 5652 gibus
447 5585 560 5639 hinc
609 5585 794 5639 eadem
848 5587 1059 5641 vivendi
1107 5585 1348 5640 brevitas
1393 5600 1498 5639 non
1547 5583 1843 5638 occurrat?

256 5673 390 5727 Nam
423 5684 478 5727 et
513 5675 844 5731 Octavianus
882 5678 1179 5747 Augustus,
1211 5692 1319 5746 quo
1355 5676 1674 5745 imperante,
1710 5672 1842 5727 Sal-

258 5775 412 5822 vator
440 5769 636 5824 mundi
673 5770 741 5826 de
777 5769 997 5841 Virgine
1046 5770 1218 5838 nasci,
1247 5778 1300 5826 et
1333 5768 1496 5825 David
1526 5784 1619 5824 rex
1658 5767 1725 5827 de
1754 5782 1869 5851 (ιιι-,⁵

1952 3334 2064 3379 met
2112 3340 2208 3393 per
2255 3324 2570 3378 continuum
2629 3322 2874 3375 ordinem
2924 3318 3309 3380 succedentes.
3362 3315 3545 3386 gladio

1951 3410 2281 3481 trui-idante,
2316 3416 2576 3486 prostrati
2624 3424 2772 3468 sunt.
2829 3412 3131 3468 Saeculares
3178 3425 3307 3480 ergo
3340 3410 3543 3479 princi-

1950 3524 2066 3578 pes,
2109 3508 2232 3576 quia
2281 3508 2509 3561 divcrsa:
2554 3506 2746 3559 mortis
2792 3503 3011 3558 casibus
3056 3508 3421 3570 exponuntur,
3445 3514 3541 3554 cor

1951 3600 2284 3654 audientium
2309 3600 2457 3653 exitu
2481 3613 2583 3651 non
2608 3596 2893 3659 atteritur;
2923 3610 3074 3665 papa:
3100 3608 3225 3647 vero
3249 3594 3381 3650 vita.
3410 3590 3540 3660 quia

1952 3692 2063 3746 sola
2108 3690 2372 3744 natm-alis
2409 3690 2591 3744 obitus
2628 3687 2743 3757 lege
2779 3685 3144 3748 concluditur,
3190 3682 3309 3750 ejus
3338 3696 3405 3736 ex
3438 3683 3541 3735 hac

1952 3784 2061 3837 vita
2115 3783 2376 3837 transitus
2427 3782 2544 3836 sine
2592 3780 2742 3851 gravi
2794 3778 3083 3833 formidine
3133 3791 3238 3829 nou
3293 3774 3537 3828 auditur.

1951 3871 2144 3935 Porro,
2189 3870 2313 3937 quia
2364 3868 2564 3922 terreni
2602 3868 2874 3937 principes
2908 3864 3059 3934 regni
3091 3864 3174 3918 sui
3199 3863 3451 3931 quisque,
3481 3868 3540 3914 ut

1951 3964 2152 4017 dictum
2179 3971 2282 4023 est,
2315 3959 2574 4013 limitibus
2604 3958 2973 4019 includuntur,
3005 3970 3170 4010 causa
3203 3968 3307 4007 non
3335 3962 3418 4006 est
3441 3966 3540 4005 cur

1950 4067 2047 4123 per
2093 4052 2297 4105 alienas
2340 4050 2525 4103 mundi
2568 4046 2875 4118 provincias
2911 4059 3098 4099 eorum
3135 4042 3317 4096 obitus
3344 4039 3543 4094 diffun-

1952 4143 2138 4203 datur;
2178 4154 2313 4209 papa
2347 4154 2499 4199 vero,
2534 4137 2659 4206 quia
2701 4135 2850 4189 solus
2880 4143 2963 4187 est
2996 4132 3235 4186 omnium
3267 4129 3539 4183 Ecclesia-

1952 4244 2070 4284 rum
2095 4226 2421 4281 universalis
2445 4226 2758 4295 episcopus.
2787 4239 2912 4278 cum
2944 4222 3063 4276 luce
3092 4221 3358 4289 privatur,
3391 4233 3538 4272 mors

1950 4319 2067 4388 ejus
2092 4334 2189 4388 per
2212 4317 2389 4387 ampla
2421 4326 2691 4371 terrarum
2725 4329 2890 4384 regna
2921 4310 3259 4367 diffunditur.
3300 4309 3366 4363 Et
3398 4309 3539 4363 sicut

1951 4410 2053 4475 sol,
2100 4410 2226 4479 quia
2268 4407 2416 4463 solus
2461 4407 2636 4471 lucet,
2684 4404 2727 4460 si
2773 4404 3016 4473 eclipsim
3059 4402 3200 4456 forte
3248 4400 3534 4463 sustineat,

1950 4509 2170 4570 prtesto,
2223 4511 2447 4553 necesse
2490 4505 2573 4551 est
2611 4504 2668 4549 ut
2696 4494 2950 4550 tenebras
2985 4500 3129 4547 totus
3164 4489 3364 4559 ubique
3389 4504 3539 4543 mun-

1954 4591 2053 4645 dus
2101 4591 2372 4655 incurrat;
2419 4588 2500 4643 sic
2545 4602 2681 4658 papa
2723 4600 2846 4642 cum
2888 4600 2956 4639 ex
3004 4583 3108 4638 hac
3151 4582 3262 4637 vita
3308 4580 3536 4645 recedit,

1951 4680 2114 4746 illico,
2146 4682 2272 4749 quia
2303 4695 2443 4734 unus
2472 4679 2528 4733 in
2559 4678 2760 4733 mundo
2788 4684 2889 4738 est,
2918 4673 3211 4744 longinqua
3246 4683 3535 4738 regnorum

1950 4770 2124 4839 spatia
2165 4768 2361 4823 mortis
2407 4767 2528 4835 ejus
2570 4767 2713 4821 fama
2754 4763 3049 4835 percurrit;
3098 4769 3153 4815 et
3198 4770 3535 4826 consequens

1950 4869 2053 4925 est,
2081 4868 2140 4912 ut
2187 4874 2325 4928 quos
2383 4867 2492 4912 tam
2550 4857 2816 4919 sublimis,
2864 4851 3264 4922 singularisque
3290 4861 3534 4918 personae

1949 4964 2107 5005 casus
2154 4950 2433 5012 obturbat,
2479 4947 2709 5017 propriae
2742 4959 2957 5015 quoque
2996 4940 3298 4997 vocationis
3326 4938 3534 4993 exitum

1951 5041 2283 5097 tremefactis
2334 5040 2631 5094 visceribus
2662 5041 3046 5109 expavescant.
3078 5030 3178 5087 Ubi
3211 5028 3530 5093 notandum,

1946 5146 2108 5201 quam
2130 5130 2259 5185 velit
2277 5130 2617 5199 omnipotens
2641 5127 2784 5182 Deus
2810 5123 3038 5179 Romani
3068 5120 3340 5193 pontificis
3368 5120 3530 5172 vitam

1945 5222 2259 5277 hominibus
2309 5220 2364 5275 in
2417 5218 2778 5274 tedificatione
2828 5218 3107 5286 prodesse,
3158 5212 3312 5283 cujus
3362 5210 3531 5265 etiam

1948 5323 2178 5368 mortem
2205 5312 2441 5367 decrevit
2474 5310 2633 5365 saluti
2666 5310 2903 5380 gentium
2936 5307 3269 5362 ministrare.
3314 5302 3536 5369 Quanto

1946 5405 2127 5459 studio
2169 5405 2329 5459 debet
2366 5402 2532 5457 lucris
2574 5401 2903 5464 animarum,
2951 5399 3076 5453 dum
3121 5395 3347 5460 advivit,
3397 5393 3530 5448 iusi-

1947 5504 2114 5560 stere,
2162 5494 2315 5561 cujus
2356 5495 2520 5548 etiam
2570 5508 2717 5548 mors
2763 5492 3079 5561 providetur
3113 5489 3180 5543 ad
3209 5487 3527 5543 Creatorem

1946 5601 2104 5642 suum
2127 5587 2335 5640 animas
2363 5585 2638 5640 hominum
2679 5599 2954 5645 revocare,
2989 5592 3045 5637 ut
3068 5583 3197 5638 dum
3226 5595 3285 5635 se
3315 5587 3525 5648 patrem

1942 5676 2093 5731 orbis
2119 5691 2240 5731 esse
2268 5674 2434 5747 478
2466 5675 2795 5740 considerat,
2826 5675 2895 5729 ab
2934 5671 3250 5729 inculcanda
3291 5676 3369 5724 tot
3405 5666 3529 5720 filiis

1947 5767 2258 5828 haereditate
2281 5767 2482 5823 desidia
2507 5783 2614 5824 non
2646 5775 2936 5839 torpescat.
