4132 6324
587 351 690 407 475

1202 446 1432 504 CAPUT
1475 449 1543 506 IL.

701 561 1070 617 Pru'dica-ntur
1095 564 1286 620 divinae
1315 567 1564 624 bonitatis
1602 580 1650 625 et
1695 572 2043 643 bene/iremus

1253 654 1496 694 munera.

656 739 754 794 llic
805 739 938 794 libet
979 741 1154 796 aciem
1204 745 1404 801 mentis
1450 747 1726 819 paulisper
1774 752 2050 817 attollere,
2111 762 2167 809 et

582 844 784 904 quanta
820 833 1080 890 divinitus
1111 836 1313 891 homini
1344 840 1514 908 gratia
1541 853 1886 912 prmrogetur,
1928 844 2170 901 breviter

589 927 885 994 indagare;
934 927 1020 980 eui
1073 927 1327 981 nimirum
1355 943 1452 998 per
1479 930 1644 986 divini
1681 935 1920 989 muneris
1951 935 2168 990 institu-

587 1019 787 1072 tionem
835 1017 1103 1072 elementa
1154 1029 1354 1075 cuncta
1393 1021 1726 1089 deserviunt,
1768 1037 1823 1080 et
1861 1041 1966 1080 non
2007 1028 2168 1083 modo

589 1108 787 1161 «mlum
815 1117 869 1161 et
896 1117 1063 1172 terra,
1097 1123 1190 1162 aer
1214 1119 1269 1162 et
1296 1125 1459 1179 aqua,
1503 1116 1598 1167 sed
1643 1123 1699 1168 et
1743 1129 1970 1186 (pieque
2006 1115 2058 1172 in
2089 1117 2168 1173 eis

586 1207 733 1263 sunt,
767 1199 819 1252 iu
850 1199 1100 1253 humana:
1145 1201 1394 1255 utilitatis
1431 1202 1896 1262 administratione
1941 1221 2170 1262 concur-

588 1300 734 1344 runt.
782 1291 963 1344 Primo
1003 1292 1221 1361 quidem
1269 1293 1370 1347 sibi
1415 1294 1751 1350 famulantur
1790 1307 2022 1366 quatuor
2061 1299 2172 1354 ele-

589 1391 791 1446 menta,
823 1399 942 1452 qua:
969 1385 1228 1450 diximus,
1274 1387 1400 1455 quia
1446 1402 1511 1441 ex
1560 1389 1640 1443 eis
1682 1399 1934 1455 constat;
1975 1391 2170 1448 deinde

587 1474 712 1541 quia
746 1474 1006 1544 quidquid
1035 1476 1266 1542 habent,
1290 1479 1366 1532 illi
1393 1479 1734 1536 extrinsecus
1765 1481 2167 1538 administrant.

586 1563 643 1616 lu
684 1564 909 1619 humore
953 1565 1149 1636 quippe
1187 1575 1346 1621 terra:
1391 1569 1541 1622 radix
1580 1569 1872 1624 herbarum
1909 1583 1964 1627 et
2015 1574 2172 1627 arbo-

587 1673 709 1711 rum
754 1657 1033 1725 cealescit,
1077 1675 1213 1728 quas
1257 1663 1602 1732 postmodum
1641 1665 1693 1718 in
1728 1680 1857 1718 usus
1888 1666 2175 1720 hominum

589 1747 656 1800 ad
705 1749 970 1802 naturalis
1014 1765 1283 1805 mensurae
1335 1753 1710 1808 celsitudinem
1765 1757 2012 1826 porrigit.
2054 1757 2170 1827 Ipsa

1011 351 1072 406 S.
1115 351 1323 411 I‘E'I‘Rl
1361 355 1648 414 DAMIANI
1697 359 1846 416 OPP.
1886 361 2122 421 TOMUS
2162 367 2179 422 ε

2279 371 2294 427 l
2331 373 2512 430 PARS
2549 375 2638 432 ιιι.
2671 409 2740 420 κ-
2779 379 3148 441 οιλυδειειέι
3189 389 3419 446 VARlA.

3742 403 3860 460 Πϐ

2192 471 2244 525 Α
2270 465 2350 530 iit,
2378 471 2558 538 magni
2586 472 2838 529 draconis
2872 492 3084 544 carnes,
3123 479 3265 538 fame
3294 484 3480 541 fauces
3503 487 3849 561 obdulcante,

2268 561 2525 630 comedit,
2574 565 2836 620 utetiam
2882 569 3037 638 juxta
3092 571 3324 630 litteram
3375 575 3506 634 illud
3551 580 3850 642 Psalmista:

2273 650 2521 708 videatur
2563 654 2815 726 impleri:
2845 678 2865 711 ι
2893 659 2972 715 Tu
3019 663 3333 734 confregisti
3389 680 3553 738 caput
3597 673 3863 732 draconis.

2269 744 2474 836 magni,
2522 754 2580 800 et
2603 748 2800 804 dedisti
2847 765 2971 808 eum
3003 753 3057 808 in
3083 769 3265 811 escam
3308 760 3504 830 populo
3535 761 3865 836 Aitbiopum.

2268 833 2441 895 (Pral.
2467 838 2718 910 ιικιιι).,ι

2868 932 3108 998 CAPUT
3146 938 3231 993 ιιι.

2556 1016 2597 1072 Τ
2597 1034 2862 1089 emporum
2889 1026 3161 1082 varietates
3185 1029 3570 1088 describuntur.

2341 1105 2447 1162 Sed
2466 1122 2586 1163 cum
2620 1108 2762 1166 Deus
2785 1114 3126 1185 omnipotens
3152 1120 3352 1176 homini
3385 1135 3580 1179 cuncta
3605 1126 3872 1184 subdide~

2272 1195 2363 1260 rit,
2398 1197 2500 1252 hoc
2542 1199 2704 1254 etiam
2742 1217 2850 1256 non
2899 1205 3079 1261 minus
3130 1208 3376 1266 mirabile
3423 1221 3526 1276 est,
3558 1216 3698 1283 quod
3736 1216 3867 1286 ipsa.

2270 1301 2485 1356 quoque
2515 1289 2616 1345 sibi
2656 1300 2897 1363 tempora
2927 1303 3036 1350 tam
3073 1297 3296 1367 pulchra
3331 1301 3649 1371 qualitatum
3677 1306 3857 1361 varie-

2273 1385 2382 1432 tate
2429 1379 2748 1450 distinguit:
2780 1383 3054 1452 videlicet,
3086 1397 3145 1442 ut
3201 1389 3352 1458 prius
3392 1392 3656 1447 brumalis
3703 1390 3892 1465 algor'

2271 1471 2476 1525 semina
2496 1477 2870 1530 commendata
2897 1479 3179 1534 novalibus
3211 1481 3495 1547 occultat;
3525 1483 3718 1538 deinde
3762 1498 3865 1538 ve‘

2272 1563 2349 1619 ris
2392 1565 2674 1621 clementia
2705 1568 3026 1638 multiplices
3070 1573 3380 1640 germinqu
3412 1573 3556 1629 fetus
3597 1573 3876 1629 munduuu

2272 1657 2541 1726 parturire
2585 1660 2908 1729 compellat;
2955 1678 3078 1717 mox
3127 1665 3371 1720 aestivum
3417 1681 3607 1720 cauma
3647 1675 3866 1733 segetes

2276 1757 2513 1814 torreat;
2545 1760 2820 1819 postremo
2849 1752 3101 1822 pluvialis
3130 1764 3422 1812 autumnus
3450 1765 3506 1811 et
3547 1757 3882 1825 palmitibust

586 1852 802 1908 quoque
827 1840 1057 1909 agrestis
1085 1841 1250 1895 herba
1284 1842 1335 1896 in
1358 1858 1523 1898 carne
1553 1845 1870 1900 animalium
1897 1847 2128 1901 vertitur
2151 1863 2166 1910 ;
2203 1836 2244 1894 Β
2274 1854 2426 1904 ""35.
2459 1849 2516 1893 ει
2537 1841 2823 1896 arboribus
2855 1857 3069 1912 quoque
3097 1846 3365 1914 ιιινεθηιίει
3393 1861 3550 1917 Poma
3579 1846 3856 1916 decerpat-

584 1929 902 1984 animalium
951 1947 1082 1986 vero
1125 1933 1383 1988 carnibus
1427 1935 1707 1989 hominum
1758 1937 1968 1992 viscera
2014 1953 2174 2008 vege-

590 2030 791 2074 tantur.
837 2021 1108 2077 Animalia
1155 2039 1371 2094 quoque
1405 2025 1522 2095 ipsa
1547 2025 1674 2080 dum
1703 2027 1910 2094 vivunt,
1941 2029 2173 2084 diversis

589 2113 838 2167 humanm
871 2113 1152 2168 servitutis
1185 2113 1516 2184 deputantur
1543 2117 1820 2187 obsequiis
1849 2133 1864 2172 :
1891 2119 2170 2186 nimirum,

589 2215 648 2258 ιιι
683 2205 787 2259 alia
815 2220 934 2260 sese
974 2205 1332 2261 insidentibus
1370 2209 1676 2263 vehiculum
1707 2211 2021 2278 praebeant;
2068 2211 2172 2264 alia

589 2297 1052 2361 mrmrtetttlandis,
1085 2297 1536 2367 profcrendisqne
1561 2300 1861 2356 seminibus
1887 2317 2014 2355 arva
2046 2317 2172 2371 pro-

587 2389 872 2452 seindant;
906 2389 1010 2442 alia
1048 2390 1203 2444 nobis
1247 2406 1353 2444 non
1397 2391 1558 2444 niodo
1591 2391 1747 2446 Laetis
1772 2393 2043 2462 profluam
2085 2409 2177 2448 co-

591 2479 760 2548 piam,
808 2479 904 2532 sed
947 2489 1002 2533 et
1046 2479 1194 2533 velut
1237 2481 1563 2550 evangelica:
1606 2481 1846 2550 subjecta
1893 2483 2180 2549 doctrinm,

590 2573 724 2626 duas
774 2572 986 2627 tunicas
1030 2573 1288 2628 dividant
1317 2573 1471 2643 (Luc.
1497 2575 1602 2642 ιιι),
1655 2575 1779 2628 dum
1827 2591 1888 2630 se
1927 2577 2183 2644 pellibus,

593 2678 691 2715 nos
724 2661 1014 2718 velleribus
1045 2671 1252 2732 tegunt.
1282 2662 1388 2717 Sed
1427 2663 1552 2732 quia
1599 2680 1695 2718 nos
1729 2665 1780 2717 in
1813 2667 2040 2735 singulis
2083 2668 2178 2718 im-

596 2751 796 2805 morari
845 2767 948 2806 non
1002 2753 1132 2806 sinit
1176 2753 1467 2822 cpistolarc
1497 2754 1899 2823 compendium,
1939 2771 2060 2824 qum
2090 2757 2176 2810 vix

594 2851 779 2910 posset
817 2844 980 2898 etiam
1021 2844 1304 2913 prolixitas
1333 2860 1655 2900 enumerare
1703 2847 1986 2911 librorum,
2033 2848 2178 2902 stilli-

597 2934 710 2987 ciat
749 2934 906 2988 nobis
940 2935 1120 2989 brevis
1145 2935 1233 2989 illa
1254 2935 1556 2991 Psalmistm
1585 2937 1881 3001 conclusio,
1917 2953 2024 3007 qua
2052 2939 2179 2994 dici-

597 3037 727 3084 tur:
764 3048 780 3076 ι
810 3025 1000 3080 Omnia
1043 3026 1317 3096 snlijecisti
1359 3027 1460 3081 sub
1503 3027 1894 3097 pcdibusejus,
1940 3045 2084 3093 oves,
2125 3039 2181 3084 et

596 3117 760 3171 boves
808 3117 1108 3182 universas,
1173 3119 1390 3188 insuper
1431 3127 1484 3172 et
1519 3135 1716 3189 pecora
1763 3121 1976 3190 campi;
2028 3122 2182 3176 volu-.

2274 1927 2380 1982 Sed
2413 1944 2516 1983 nec
2552 1929 2698 1998 ipsos
2720 1947 2938 2001 quoque
2968 1945 3264 2003 proventus
3293 1939 3545 1992 arborum
3576 1937 3661 1991 vel
3697 1953 3864 2008 agro-

2274 2033 2391 2073 rum
2454 2021 2798 2090 omnipotens
2840 2022 3099 2080 Conditor
3137 2027 3189 2079 in
3247 2042 3408 2082 unam
3454 2029 3880 2097 quodammodo.

2273 2112 2583 2181 congeriem
2635 2125 2962 2185 coacervat,
3010 2117 3104 2172 sed
3159 2118 3372 2175 diversa
3427 2119 3665 2176 diversis.
3725 2128 3863 2176 tem.

2275 2202 2494 2272 poribus
2539 2203 2624 2259 vel
2670 2206 2908 2276 agenda,
2942 2206 3026 2261 vel
3063 2208 3272 2262 edenda
3305 2210 3600 2279 dispensat.
3643 2209 3777 2266 Nam
3811 2210 3882 2268 si.

2273 2294 2463 2350 eodem
2497 2303 2738 2366 tempore
2767 2307 2963 2353 cuneta
2994 2300 3062 2354 ad
3093 2301 3414 2356 vescendum
3444 2317 3600 2371 poma
3623 2319 3862 2359 concur-

2276 2395 2479 2450 rerent,
2507 2394 2564 2442 et
2593 2386 2866 2442 fastidium
2898 2399 3150 2459 congesta
3175 2392 3516 2448 vescentibus
3553 2393 3856 2465 gignerent,

2275 2485 2328 2531 ct
2351 2477 2512 2532 simul
2529 2489 2845 2551 consumpta
2873 2481 2941 2536 de
2962 2483 3120 2552 copia
3139 2483 3372 2554 impiam
3389 2494 3732 2557 generarent.
3753 2483 3880 2542 Sed.

2275 2585 2424 2624 nunc
2443 2569 2513 2624 ita
2537 2571 2769 2627 diversis
2796 2581 2922 2628 sunt
2941 2575 3148 2629 variata
3181 2567 3534 2646 temporibus,
3550 2578 3745 2634 utdum
3770 2577 3879 2632 illa.

2277 2661 2652 2728 comeduutur,
2671 2663 2786 2719 hac
2808 2667 3400 2730 maturescant,etdum
3418 2667 3516 2722 alia
3539 2677 3866 2738 consumpta

2277 2760 2688 2822 pertranseunt,
2713 2753 2816 2808 alia
2848 2771 2971 2809 mox
3001 2764 3273 2813 maturata
3315 2759 3630 2814 succedant.
3657 2759 3868 2830 Fruges

2281 2860 2495 2914 quoque
2525 2845 2569 2901 si
2594 2845 2906 2915 colligenda:
2928 2847 3089 2902 simul
3115 2848 3448 2920 ingruerent,
3469 2849 3742 2905 laboribus
3755 2866 3862 2904 non

2282 2936 2522 2991 ferendis
2535 2937 2800 3007 agricolas
2822 2940 3362 3008 prmgravarent;sed
3385 2941 3513 2995 dum
3525 2941 3692 2996 variis
3725 2948 3862 2994 tem-

2281 3044 2474 3098 porum
2501 3031 2882 3100 dispensantur
2904 3030 3170 3096 articulis,
3191 3041 3246 3086 et
3269 3040 3566 3100 proventus
3586 3032 3740 3102 copia
3755 3047 3862 3088 non

2285 3122 2564 3188 minuitur,
2577 3134 2630 3176 et
2645 3123 3085 3178 laborhominum
3111 3122 3396 3194 levigatur.
3411 3123 3545 3178 Nam
3560 3123 3701 3191 quod
3715 3137 3882 3192 sege-

598 3225 720 3262 cres
749 3209 892 3272 cudi,
934 3220 987 3263 et
1013 3211 1186 3278 pisces
1215 3211 1401 3276 maris,
1429 3211 1519 3281 qui
1551 3213 1930 3282 perambulant
1957 3215 2179 3269 semitas
2206 3203 2250 3263 C
2284 3211 2512 3265 tumalia
2525 3212 3081 3276 sintserotina,etiam
3095 3210 3884 3283 Moysesperliibetl’llaraoni..

599 3302 766 3355 maris
797 3299 968 3370 (Prol.
999 3313 1136 3369 vi»).
1161 3323 1182 3355 ι

672 3391 736 3445 Ει
766 3391 868 3446 hoc
889 3399 972 3445 est
1003 3392 1142 3446 inter
1171 3402 1365 3447 caetera
1412 3393 1568 3448 valde
1613 3394 1880 3459 mirabile,
1924 3393 2194 3464 quoniam

602 3484 668 3538 ab
697 3485 946 3538 humana:
975 3481 1324 3551 subiectionis
1373 3485 1622 3554 imperio,
1667 3500 1766 3539 nec
1794 3485 2002 3540 volatus
2032 3501 2191 3551 aves,

600 3589 701 3627 nec
753 3572 1008 3628 fortitudo
1051 3573 1262 3638 leones,
1319 3589 1422 3629 nec
1476 3574 1736 3629 velocitas
1793 3575 2043 3645 tigrides,
2081 3592 2182 3632 nec

602 3664 944 3733 proceritatis
969 3665 1267 3720 enormitas
1289 3665 1448 3733 eripit
1471 3665 1818 3732 elephantes.
1838 3663 2000 3719 Leoni
2026 3667 2184 3734 plane

604 3767 782 3810 tantus
825 3757 963 3810 inest
1001 3766 1194 3820 terror,
1228 3765 1287 3810 ut
1331 3771 1455 3811 cum
1501 3755 1708 3825 rugitus
1756 3756 1977 3821 emittit,
2018 3757 2183 3812 multa

601 3849 845 3918 protinus
873 3847 1124 3901 animalia
1143 3889 1158 3912 ,
1183 3862 1303 3916 quae
1326 3847 1467 3900 illius
1491 3846 1749 3916 impetum
1773 3855 2033 3916 poterant.
2051 3848 2187 3904 cele-

605 3941 766 3993 ritate
823 3953 1017 3992 cursus
1055 3937 1308 4002 evadere,
1353 3937 1750 4007 compellantur
1793 3939 2016 3994 omnino
2052 3940 2184 3994 defi-

601 4044 746 4091 rere,
797 4036 850 4082 et
893 4043 1111 4098 gressus
1142 4043 1270 4083 suos
1298 4028 1602 4096 stupefacta
1653 4036 1710 4082 et
1763 4029 1996 4088 attonita
2029 4029 2184 4090 οοιιὶτ

603 4121 748 4174 here.
785 4120 894 4174 Leo
937 4130 1115 4174 tamen
1161 4121 1228 4175 ab
1277 4122 1494 4176 homine
1541 4120 1776 4190 capitur,
1824 4131 1880 4175 et
1929 4131 2184 4191 tanquam

601 4213 796 4268 debilis
824 4223 1002 4267 cattus
1031 4215 1216 4269 caveis
1255 4214 1532 4268 inseritur.
1585 4213 1767 4284 Tigris
1792 4229 2027 4285 quoque,
2065 4230 2186 4284 qum

602 4304 781 4373 lingua
832 4303 1084 4359 Parthica
1129 4305 1330 4360 dicitur
1374 4305 1609 4376 sagitta,
1647 4320 1759 4358 uno
1795 4319 1958 4359 cursu
2011 4305 2185 4361 stadia

602 4395 910 4464 octingenta
960 4397 1358 4460 transmittere,
1416 4396 1641 4466 integre
1689 4409 1836 4450 vero-
1871 4395 1958 4450 die
2014 4403 2184 4454 totum

602 4485 862 4537 minutum
911 4486 979 4538 ab
1023 4494 1145 4540 ortu
1185 4501 1358 4554 usque
1386 4485 1454 4539 ad
1500 4501 1752 4540 occasum
1780 4486 1981 4541 dicitur
2011 4495 2184 4541 trans-

2281 3302 2572 3372 Postquam
2593 3304 2734 3358 enim
2749 3303 2953 3374 grando
2965 3303 3535 3374 percussitIEgyptum
3565 3315 3581 3356 :
3610 3321 3628 3353 ι
3646 3301 3863 3366 Linum,

2283 3393 2478 3462 inquit,
2505 3402 2560 3447 et
2591 3394 2853 3447 bordemn
2887 3393 3071 3450 ltesum
3098 3403 3204 3458 est,
3227 3409 3304 3448 eo
3319 3394 3462 3462 quod
3490 3394 3750 3449 hordeum
3772 3409 3879 3447 es-.

2282 3493 2366 3537 set
2393 3483 2610 3548 virens,
2635 3495 2690 3537 et
2720 3483 2885 3538 linum
2915 3482 3028 3552 jam
3053 3482 3319 3540 folliculos
3341 3483 3695 3552 germinarel;
3726 3483 3867 3537 triti-

2282 3587 2405 3627 cum
2458 3583 2661 3637 autem,
2710 3583 2766 3628 et
2819 3572 2905 3632 far
2941 3591 3046 3629 non
3087 3574 3408 3638 suntlmsa,
3446 3574 3571 3644 quia
3626 3576 3868 3630 serotina

2283 3671 2439 3716 erant
2468 3662 2666 3733 (Exod.
2695 3663 2770 3731 v).
2808 3682 2827 3716 ι
2866 3664 2940 3718 De
2970 3663 3262 3734 primitivis
3295 3665 3460 3723 etiam
3501 3665 3676 3734 pomis
3705 3664 3873 3734 paulo

2283 3761 2406 3824 post
2430 3753 2605 3808 dicit:
2645 3773 2677 3805 ι.
2713 3753 2976 3808 Devorata
3027 3762 3110 3808 est
3159 3753 3326 3822 igitur
3376 3753 3544 3808 herba
3604 3763 3783 3818 terrm,
3810 3762 3887 3809 eL

2284 3845 2542 3914 quidquid
2567 3860 2850 3914 pomorum
2874 3845 2927 3902 in
2955 3843 3240 3903 arboribus
3263 3843 3387 3911 fuit,
3410 3859 3531 3914 qua:
3557 3845 3761 3915 grando
3779 3842 3886 3899 ιιι--

2284 3937 2507 3992 miserat
2532 3935 2730 4006 (Exod.
2758 3937 2836 4003 x).
2882 3955 2902 3990 ι

2356 4028 2491 4083 Cum
2532 4029 2694 4100 igitur
2726 4029 2823 4083 soli
2864 4027 3068 4085 homini
3109 4030 3283 4085 maria
3333 4027 3569 4084 simulet
3612 4027 3830 4084 ﬂumina
3847 4044 3890 4096 ιε

2285 4116 2508 4186 paludes
2531 4126 2586 4172 et
2606 4127 2795 4189 stagna
2823 4134 2948 4174 cum
2974 4120 3275 4175 innumeris
3295 4119 3518 4190 piscium
3542 4119 3872 4187 compellan-

2290 4208 2611 4274 tnrgservire
2639 4210 2957 4280 generibus;
2993 4226 3090 4266 aer
3122 4225 3243 4266 cum
3273 4211 3462 4268 avibus
3493 4209 3654 4264 simul
3683 4219 3737 4263 et
3769 4210 3874 4262 ima

2285 4297 2502 4363 bribus;
2538 4307 2682 4354 terra
2718 4316 2841 4354 cum
2881 4301 3194 4370 pecoribus,
3244 4294 3870 4370 uinctis-quegermini-

2286 4391 2387 4445 bus
2415 4390 2574 4447 :.hmc
2625 4399 2801 4446 tamen
2833 4391 3049 4448 interim
3097 4391 3243 4447 velut
3273 4408 3436 4464 parva
3467 4391 3868 4463 postponimus,

2291 4480 2494 4549 majora
2523 4483 2936 4550 perpendamus.
2966 4481 3294 4538 Omittamus
3319 4484 3504 4554 igitur,
3523 4483 3680 4552 equod
3709 4481 3874 4549 hujus

576 4574 727 4628 'ilire
761 4575 900 4643 (ride
941 4573 1152 4630 Scholia
1180 4577 1248 4629 ad
1271 4545 1469 4630 calcem
1508 4577 1801 4646 opusculi);
1835 4577 1949 4633 hmc
1977 4587 2184 4645 tamen,
2215 4545 2264 4606 θ
2293 4545 2479 4629 mundi
2516 4545 2755 4630 conditio
2795 4584 2944 4646 tanta
2973 4545 3368 4632 moderationis
3393 4545 3510 4631 arte
3544 4545 3870 4646 disponitur,

603 4680 724 4734 qua:
755 4675 862 4719 tam
896 4663 1285 4719 incredibiliter
1311 4666 1499 4731 currit,
1545 4667 1836 4736 aliquando
1869 4668 2182 4723 venantium

605 4756 828 4827 laqueos
879 4772 983 4811 non
1039 4757 1240 4811 evadit.
1296 4756 1401 4812 Sed
1450 4772 1572 4810 cum
1629 4757 1872 4812 miranda
1927 4759 2184 4828 quoslibet

605 4851 862 4904 animalia
909 4850 1170 4904 virtutum
1221 4849 1501 4904 hominum
1551 4849 1662 4904 sint
1710 4849 1977 4919 subjecta,
2016 4851 2180 4906 etiam

606 4944 862 5006 minima,
910 4941 993 4996 vel
1037 4939 1314 4996 immunda
1367 4941 1621 4996 humanae
1675 4940 1834 4994 saluti
1887 4943 2184 5010 probantur

605 5033 774 5086 utilia.
802 5032 939 5099 Quid
964 5031 1106 5087 enim
1134 5031 1291 5085 vilius
1318 5031 1546 5086 cimice?
1577 5040 1763 5086 tamen
1781 5031 1826 5086 si
1853 5032 2179 5102 sanguisuga

607 5125 853 5179 faucibus
895 5125 1137 5189 haeserit,
1183 5122 1332 5178 fumo
1371 5121 1513 5176 illius
1550 5131 1798 5192 excepto,
1847 5123 2031 5176 statim
2057 5137 2184 5177 ιιι-ος

605 5215 796 5280 mitur,
825 5226 879 5268 et
902 5215 1184 5271 dillicultas
1208 5215 1382 5269 urinae
1410 5214 1570 5284 hujus
1595 5212 1931 5284 appositione
1952 5213 2183 5266 laxatur.

609 5304 748 5370 Quid
781 5304 945 5358 etiam
983 5303 1138 5372 juxta
1182 5303 1378 5373 legem,
1424 5303 1754 5358 immundius
1791 5302 2037 5356 vulture?
2087 5302 2189 5357 Tot

613 5406 792 5448 tamen
851 5394 903 5447 iu
961 5410 1028 5448 eo
1077 5403 1206 5448 sunt
1272 5395 1695 5459 medicamenta,
1751 5403 1883 5463 quot
1945 5393 2186 5448 membra

612 5483 810 5552 (Pam,
839 5483 932 5538 lib.
967 5500 1118 5548 xxix,
1147 5500 1267 5556 cap.
1293 5484 1348 5551 4,
1383 5486 1462 5555 6).
1522 5484 1653 5540 Vide
1695 5494 1844 5540 certe
1890 5475 2190 5555 grandaavaé

604 5575 719 5644 jam
763 5577 941 5632 aetatis
985 5576 1321 5646 episcopum,
1367 5577 1461 5647 qui
1499 5578 1663 5632 etiam
1701 5576 1766 5629 ad
1804 5575 1962 5630 fidem
1989 5574 2189 5630 Christi

612 5667 946 5722 ronvertisse
977 5681 1082 5722 non
1111 5680 1282 5736 pauca
1333 5665 1609 5737 gentilium
1658 5664 1822 5719 millia
1871 5663 2186 5718 dicebatur:

613 5756 711 5817 llic
733 5758 1032 5831 perhibent,
1057 5759 1181 5833 quia
1212 5758 1337 5816 dum
1363 5773 1457 5829 per
1479 5756 1807 5828 Ethiopiam
1829 5755 1993 5829 (.77.
2018 5765 2191 5813 trans.-

2292 4677 2354 4722 ut
2378 4676 2546 4722 aeret
2575 4668 2737 4738 ignis,
2767 4668 2874 4722 duo
2903 4642 3152 4723 videlicet
3191 4668 3473 4723 masculini
3513 4667 3726 4737 generis
3751 4666 3876 4722 eleg

2291 4765 2470 4812 menta
2502 4757 2855 4827 prmsideant;
2894 4757 2999 4813 alia
3020 4772 3148 4812 vero
3169 4758 3304 4823 duo,
3322 4773 3440 4826 quae
3469 4755 3714 4815 feminini
3744 4762 3872 4808 sunt

2289 4846 2528 4916 generis,
2563 4863 2703 4916 aqua
2760 4846 2925 4902 simul
2974 4855 3031 4902 et
3082 4855 3228 4901 terra
3290 4846 3625 4909 subsidant;
3659 4851 3736 4899 et.
3768 4842 3872 4904 hoc

2289 4937 2442 5007 quasi
2481 4937 2609 4992 bino
2648 4937 2899 5006 conjugio
2940 4945 3261 5006 procreatur
3295 4936 3556 5007 quidquid
3594 4935 3734 5004 apud
3772 4947 3874 4988 nos

2285 5041 2351 5082 cx
2373 5026 2612 5096 qualibet
2634 5027 2882 5097 originali
2911 5028 3134 5084 materia
3164 5027 3380 5096 prodire
3404 5023 3874 5092 conspicitur.Ta-

2287 5134 2507 5174 ceamus
2527 5119 2712 5182 etiam,
2745 5119 2888 5188 quod
2922 5127 3030 5173 tota
3052 5117 3174 5172 (ταιιὶ
3209 5118 3456 5172 machina
3487 5117 3676 5172 usibus
3702 5113 3875 5170 homi-

2290 5223 2416 5262 num
2446 5207 2516 5262 ita
2547 5207 2868 5263 mirabiliter
2894 5208 3117 5272 serviat,
3148 5215 3207 5264 ιιι
3234 5218 3422 5262 contra
3448 5215 3656 5276 septem
3683 5204 3870 5273 plane-

2292 5306 2472 5353 tarum
2500 5297 2685 5367 globos
2721 5307 2982 5369 perpetuo
3015 5305 3191 5352 rotatu
3227 5297 3560 5356 circumacta
3589 5294 3871 5363 conﬂigat;

2293 5395 2561 5456 quatenus
2589 5387 2716 5441 dum
2745 5387 2850 5442 illa:
2879 5395 3069 5456 petunt
3098 5394 3298 5450 ortum,
3329 5385 3434 5440 ista
3462 5393 3650 5452 vergat
3670 5381 3877 5454 jugiter

2293 5480 2360 5534 ad
2387 5494 2664 5535 occasum.
2697 5479 2820 5534 Illas
2850 5488 3027 5533 tamen
3055 5494 3241 5534 secum
3268 5478 3318 5532 vi
3348 5493 3458 5532 suae
3486 5473 3874 5547 magnitudinis

2293 5571 2552 5635 attrahat,
2583 5585 2790 5640 easque
2836 5585 2965 5624 suos
2993 5568 3225 5624 circulos
3253 5583 3351 5638 per
3380 5567 3662 5624 zodiacum
3698 5564 3876 5636 spatio

2295 5674 2572 5734 temporis,
2602 5664 2745 5732 quod
2768 5662 2963 5732 cuique
2990 5661 3306 5732 pra-ﬁgitur,
3328 5659 3545 5732 explere
3563 5658 3876 5729 compellat.

2295 5753 2350 5811 In
2393 5770 2499 5825 quo
2529 5754 2777 5814 videlicet
2821 5753 3110 5812 universali
3136 5751 3303 5833 478
3334 5751 3520 5808 mundi
3575 5751 3884 5824 certamine
