4132 6324
583 389 689 446 ιτς)

1031 389 1088 447 s.
1133 388 1340 444 rem
1370 388 1653 445 DAMIAM
1692 387 1842 444 orr.
1885 386 2122 444 renus
2159 387 2290 445 seu
2329 388 2510 445 psus
2547 387 2632 443 Ill.
2670 365 2741 428 ἷ-
2779 386 3143 443 OPUSCULA
3187 365 3432 445 vanis}

3745 389 3856 445 480

581 501 763 558 omnia
805 500 1122 571 reperimus.
1158 501 1354 556 ctelum
1390 502 1619 567 scilicet,
1654 510 1851 557 terram
1882 502 2086 573 pariter
2106 510 2163 556 et
2194 514 2235 572 Α
2338 500 2467 555 Nam
2498 509 2553 557 et
2591 501 2731 572 apud
2771 500 2989 556 Graecos
3019 502 3133 557 haec
3161 501 3328 556 teneri
3361 503 3696 560 consuetudo
3717 519 3859 575 per-

583 591 876 648 Licinum.
910 591 1007 647 l'.ic
1043 593 1477 663 prtesumptionis
1513 608 1611 647 nos
1652 593 1884 649 l'orlas‘c
1913 592 2034 663 quis
2075 607 2165 646 ar-

582 690 728 753 gzat,
766 681 809 734 si
841 682 1151 736 authentica
1200 681 1496 751 Scriptura:
1536 682 1801 737 sententia
1835 698 1939 737 non
1971 698 2167 737 occur-

582 778 687 824 r.u.
733 769 838 825 Sed
869 786 997 826 ecce
1020 770 1219 825 Paulus
1239 772 1537 826 Con’ntbiis
1559 773 1687 827 dicit
1712 773 1774 826 εἰ
1805 772 1996 827 Omnia
2022 773 2165 827 enim

583 870 761 915 vestra
794 870 942 925 sunt,
973 862 1086 917 sive
1126 862 1344 927 Paulus,
1383 862 1496 918 sive
1535 863 1745 932 Apollo,
1780 864 1891 919 sive
1932 865 2165 934 Cephas,

582 956 697 1009 sive
721 955 807 1009 hic
837 957 1092 1021 mundus,
1117 956 1231 1011 sive
1260 956 1366 1010 vita
1386 997 1401 1022 ,
1431 956 1543 1011 sive
1583 970 1762 1021 mors,
1790 959 1903 1011 sive
1934 970 2169 1028 prmsen‘

582 1048 678 1108 tia,
710 1048 823 1102 sive
851 1048 1052 1102 l'..:ura.
1083 1047 1276 1104 Omnia
1304 1049 1448 1103 enim
1488 1060 1665 1104 vestra
1691 1059 1832 1115 sunt,
1865 1065 1962 1104 vos
1986 1058 2165 1104 autem

579 1126 817 1203 Chrisii,
842 1137 1092 1194 Christus
1119 1148 1299 1194 autem
1332 1138 1424 1193 Dei
1475 1138 1525 1207 (1
1554 1135 1676 1192 Car.
1712 1140 1815 1210 12:).
1851 1158 1870 1191 ο
1904 1138 2010 1194 Sed
2041 1148 2167 1195 tunc

579 1230 759 1283 omnia
791 1214 914 1284 sunt
944 1231 1207 1284 veraciter
1234 1230 1487 1296 hominis,
1526 1232 1571 1285 si
1600 1231 1711 1299 ipse
1733 1231 1892 1285 homo
1916 1232 1993 1285 sit
2012 1247 2167 1287 vera-

578 1322 718 1377 c’iter
740 1324 919 1378 homo.
952 1323 1047 1378 Est
1070 1326 1215 1379 enim
1263 1325 1353 1395 qui
1384 1324 1499 1379 solo
1526 1325 1743 1381 nomine
1768 1326 1837 1379 sit
1871 1326 2053 1393 homo,
2083 1334 2167 1382 cst

579 1406 670 1480 qui
700 1413 875 1482 reipsa
903 1422 955 1469 et
980 1415 1211 1470 veritate
1242 1415 1313 1469 sit
1346 1417 1525 1471 homo.

600 1501 608 1509 ’
648 1504 788 1558 Audi
824 1505 1169 1560 Salomonem
1199 1524 1211 1559 :
1239 1525 1256 1557 ι
1285 1505 1497 1571 Finem,
1531 1506 1729 1575 inquit,
1766 1505 2017 1576 loquendi
2044 1522 2164 1561 om-

577 1610 674 1649 nes
699 1598 904 1664 pariter
924 1597 1205 1651 audiamus
1244 1615 1257 1651 :
1296 1597 1462 1651 Deum
1493 1598 1656 1662 time,
1686 1608 1739 1652 et
1768 1599 2021 1653 mandata
2047 1599 2165 1669 ejus

577 1689 803 1742 observa
836 1707 849 1740 :
884 1690 985 1743 hoc
1024 1700 1109 1743 est
1155 1688 1301 1744 enim
1348 1689 1524 1744 omnis
1557 1690 1719 1743 homo
1746 1689 1945 1761 (Eccle.
1975 1690 2093 1758 xu).
2136 1709 2156 1742 ι

577 1778 708 1844 Quis
738 1787 821 1831 est
848 1788 1027 1832 autem
1060 1778 1182 1833 ﬂuis
1209 1778 1484 1850 loquendi,
1519 1781 1620 1834 nisi
1668 1780 1775 1843 ille,
1802 1790 1867 1834 ne
1897 1774 2003 1851 quo
2029 1780 2164 1835 dicit

575 1862 903 1936 Apostolus:
936 1889 953 1922 ι
985 1870 1134 1925 Finis
1170 1872 1317 1926 enim
1357 1871 1491 1943 legis
1520 1874 1585 1925 ad
1616 1872 1885 1942 justitiam
1917 1873 2166 1928 Christus

575 1960 724 2013 omni
752 1960 1025 2015 credenti?
1042 1959 1219 2029 (Rom.
1236 1976 1316 2030 κ.)
1340 1980 1357 2013 ι
1378 1961 1527 2017 Finis
1548 1963 1746 2033 quippe
1768 1963 1903 2033 legis
1922 1964 1989 2017 ad
2010 1964 2169 2032 justi-

577 2049 707 2104 tiam
752 2051 1004 2107 Christus
1044 2062 1156 2119 est;
1190 2053 1315 2122 quia
1370 2054 1652 2124 quidquid,
1687 2055 1803 2109 sive
1844 2064 2017 2118 vetus,
2050 2056 2168 2110 sive

577 2142 716 2197 nova
742 2142 825 2196 lex
858 2144 1119 2213 loquitur,
1136 2146 1208 2199 ad
1240 2144 1387 2200 illum
1411 2146 1529 2202 sine
1556 2147 1892 2202 dubitatione
1913 2146 2165 2203 refertur.

573 2228 655 2290 Aal
678 2233 941 2302 justitiam
967 2251 1094 2291 vero
1126 2255 1230 2292 non
1257 2238 1430 2293 otiose
1462 2239 1677 2298 dicitur.
1710 2241 1833 2308 quia
1863 2240 2061 2295 divina:
2088 2241 2164 2295 le-

574 2326 659 2396 gis
691 2340 873 2380 sermo
897 2326 1178 2395 justiticat,
1208 2338 1264 2383 et
1289 2330 1526 2384 animam
1570 2346 1599 2384 a
1632 2330 1883 2386 sordibus
1921 2333 2167 2398 mundat,

575 2416 720 2469 sicut
764 2417 1042 2488 discipulis
1076 2417 1282 2474 Veritas
1321 2420 1432 2474 ait:
1465 2440 1484 2471 ι
1516 2418 1635 2475 1am
1685 2438 1778 2476 vos
1818 2422 2001 2475 mundi
2034 2422 2168 2475 estis

576 2516 801 2575 propter
845 2522 1169 2571 sermonem,
1202 2525 1362 2580 quem
1399 2510 1611 2566 locutus
1641 2526 1760 2565 sum
1799 2511 1951 2565 vobis
1982 2512 2164 2581 (loau.

577 2597 692 2664 sv).
733 2615 753 2648 ι
796 2596 963 2652 Deum
1000 2613 1131 2654 vero
1176 2602 1401 2667 timere,
1453 2609 1540 2656 est
1578 2611 1774 2656 etmeta
1799 2643 1815 2667 ,
1856 2617 1976 2672 qua:
2024 2602 2187 2658 Deus:

576 2689 851 2758 prohibet,
898 2691 1233 2747 exsccraudo
1278 2701 1333 2747 et
1386 2694 1747 2748 abominanda
1794 2702 2185 2749 contemnere.

573 2777 826 2834 Mandata
860 2782 1003 2837 illius
1041 2786 1333 2839 observare
1362 2794 1466 2848 est,
1495 2786 1697 2852 omnia,
1736 2801 1858 2856 qua:
1901 2786 2165 2857 prmcipit,

574 2874 1139 2942 Operibus‘exercere.

649 2973 741 3029 Ille
770 2989 899 3046 ergo
928 2976 1094 3031 Deum
1122 2977 1296 3041 timet,
1320 2979 1408 3048 qui
1441 2979 1636 3050 satagit
1665 2995 1858 3036 cavere
1877 2981 2019 3051 quod
2044 2997 2166 3051 pro-

578 3063 746 3118 bibet.
778 3065 869 3121 ille
895 3068 1144 3121 mandata
1166 3067 1282 3136 ejus
1302 3069 1577 3137 observat,
1600 3071 1691 3141 qui
1730 3072 1910 3126 studet
1942 3072 2166 3141 implere

574 3153 717 3224 quod
760 3156 1010 3226 imperat.
1061 3159 1226 3213 Deum
1257 3175 1387 3231 ergo
1426 3162 1587 3227 time,
1618 3171 1673 3216 et
1709 3163 1960 3217 mandata
2017 3163 2162 3219 illius

2268 589 2499 652 hibetur,
2521 598 2579 643 ut
2602 605 2722 644 cum
2755 590 3051 659 imperator
3079 590 3200 660 quis
3229 590 3283 644 iu
3309 591 3585 661 dignatatc
3602 605 3864 659 creatur,

2268 695 2389 735 mox
2416 690 2472 735 et
2502 680 2873 751 imperialibus
2903 679 3065 736 fuerit
3088 680 3269 735 infulis
3290 678 3590 750 redimitus,
3612 697 3851 747 comam,

2266 774 2425 831 simul
2446 791 2511 830 ac
2534 776 2731 846 sceptri
2760 774 2945 846 gloria:
2968 775 3272 840 decoratus,
3299 790 3422 830 cum
3449 776 3684 844 denique
3708 790 3849 845 pro-

2266 878 2449 919 cerum
2479 864 2709 918 vallatur
2734 864 3029 934 obsequiis,
3061 878 3184 917 cum
3223 860 3493 933 excipitur
3525 863 3856 919 modulanti-

2264 956 2367 1011 bus
2405 956 2751 1026 psallentium
2790 956 2991 1019 choris,
3026 955 3242 1024 quidam
3277 956 3379 1010 sibi
3430 964 3627 1025 praesto
3659 956 3719 1010 ﬁt
3760 957 3859 1011 ob-

2266 1047 2407 1111 vius,
2432 1047 2522 1116 qui
2549 1047 2800 1102 videlicet
2831 1063 2934 1103 una
2968 1061 3129 1100 manu
3154 1045 3426 1101 vasculum
3458 1046 3676 1116 plenum
3703 1063 3859 1101 mor-

2267 1143 2483 1193 tuorum
2527 1137 2742 1191 ossibus
2792 1151 2857 1192 ac
2908 1134 3219 1206 pulveribus
3262 1133 3478 1200 oll'erat;
3513 1136 3566 1190 in
3594 1136 3695 1190 alia
3723 1152 3883 1191 vero.

2265 1239 2514 1298 stuppam
2561 1229 2653 1283 lini
2698 1229 2972 1285 subtiliter
3020 1244 3241 1301 pexam.
3279 1245 3343 1285 ac
3382 1230 3506 1299 pilis
3554 1229 3857 1299 pensilibus

2266 1320 2501 1375 molliter
2520 1320 2871 1386 dentollitam,
2902 1322 2988 1376 cui
3024 1322 3271 1392 protinus
3299 1322 3438 1392 ignis
3470 1322 3778 1387 adhibetur,
3798 1330 3859 1375 et

2267 1420 2490 1480 repente
2520 1410 2571 1465 in
2612 1412 2719 1466 ictu
2760 1411 2900 1467 oculi
2932 1411 3148 1466 ﬂamma
3174 1412 3352 1467 subito
3374 1421 3627 1472 vorante,
3659 1425 3857 1466 consu-

2266 1500 2472 1557 mitur:
2505 1512 2563 1559 ut
2592 1503 2644 1557 in
2677 1503 2850 1559 altero
2893 1502 3088 1559 debeat
3110 1503 3457 1558 considerare
3493 1501 3635 1570 quod
3668 1510 3772 1568 est,
3800 1502 3856 1555 in

2265 1592 2441 1647 altero
2471 1594 2653 1649 valeat
2674 1596 2858 1651 videre
2891 1594 3034 1665 quod
3074 1594 3258 1651 habet.
3289 1594 3344 1649 Ιιι
3372 1593 3649 1653 cineribus
3680 1591 3857 1662 siqui;

2267 1678 2387 1733 dem
2412 1693 2470 1734 se
2493 1680 2732 1734 cinerem
2762 1680 3115 1751 recognoscit,
3143 1680 3194 1734 in
3220 1689 3411 1749 stuppa
3427 1678 3541 1749 jam
3568 1677 3774 1748 colligit
3792 1677 3877 1733 in.

2268 1770 2356 1827 die
2396 1770 2585 1840 judicii
2619 1787 2783 1842 quam
2825 1773 3004 1827 subito
3042 1771 3277 1827 mundus
3316 1770 3557 1833 ardebit;
3589 1777 3875 1839 quatenus

2201 1883 2242 1941 Β
2271 1861 2398 1916 dum
2435 1876 2514 1927 se,
2543 1862 2701 1917 simul
2728 1877 2794 1917 ac
2829 1878 2926 1917 sua
2954 1870 3063 1918 tam
3084 1877 3251 1927 vana,
3283 1869 3391 1916 tam
3408 1858 3857 1931 tleccipendenda

2270 1950 2441 2025 481,
2464 1954 2790 2016 considerat,
2822 1954 2888 2009 de
2918 1952 3213 2024 imperi-alis
3256 1951 3507 2009 culminis
3528 1965 3757 2007 ascenso
3774 1950 3877 2004 tae

2273 2043 2434 2114 stigio
2471 2041 2782 2099 nullatenus
2832 2044 3151 2111 insolescat;
3182 2052 3241 2098 et
3278 2038 3409 2097 dum’
3443 2056 3744 2113 possessor,
3772 2048 3873 2097 at-

2271 2146 2377 2202 que
2399 2132 2666 2201 possessio
2692 2129 2975 2200 subiacere
3008 2131 3280 2187 communi
3305 2130 3545 2186 omnium
3570 2129 3721 2186 casui
3748 2143 3883 2183 non.

2270 2224 2586 2293 ambigitur,
2639 2222 2752 2293 jam
2779 2221 2931 2292 quasi
2973 2221 3040 2278 de
3071 2221 3326 2294 singulari
3370 2220 3648 2292 dignitatis
3673 2220 3867 2292 apice,

2271 2315 2362 2382 qui
2387 2313 2453 2369 ad
2483 2328 2693 2368 summa
2724 2321 3011 2383 provectus
3036 2323 3141 2379 est,
3169 2328 3274 2369 ιιοιι
3307 2312 3539 2367 inﬂetur.

2340 2405 2630 2462 Pulchrum
2690 2420 2820 2477 ergo
2874 2406 3161 2462 mundana:
3227 2405 3558 2461 conditionis
3606 2404 3859 2460 ordinem

2271 2498 2433 2553 homo
2462 2497 2788 2563 consideret,
2823 2505 2878 2551 et
2905 2498 3032 2551 dum
3063 2496 3176 2551 suis
3219 2495 3407 2552 usibus
3452 2495 3861 2551 omniacernit

2271 2588 2519 2653 attribui,
2550 2603 2657 2643 non
2687 2588 2814 2653 sibi,
2849 2589 2944 2643 sed
2969 2603 3067 2643 suo
3092 2588 3294 2644 referat
3318 2588 3521 2660 gratias
3541 2587 3856 2651 Conditori;

2270 2678 2668 2735 lenocinantem
2700 2678 2885 2733 mundi
2916 2678 3143 2749 gloriam
3173 2678 3273 2734 sub
3294 2678 3482 2753 judicii
3510 2679 3593 2733 sui
3615 2675 3877 2733 calcibus»

2268 2770 2561 2842 deprimat,
2590 2771 2822 2826 virorem
2849 2770 3031 2824 carnis
3056 2770 3265 2825 aridum
3291 2770 3404 2839 jam
3425 2768 3704 2840 pulverem
3734 2784 3863 2824 ere-

2270 2863 2391 2930 dat,
2432 2864 2574 2919 diem
2609 2878 2720 2918 suae
2764 2863 3065 2919 vocationis
3116 2872 3374 2933 tanquam
3424 2860 3701 2933 speculum
3739 2861 3859 2917 suis

2267 2969 2483 3025 semper
2508 2955 2789 3010 obtutibus
2816 2962 3131 3024 anteponat,
3164 2954 3470 3009 districtum
3510 2952 3712 3007 ultima:
3741 2952 3879 3007 dis-.

2269 3048 2536 3106 cussiouis
2579 3045 2844 3116 judicium
2892 3047 3280 3102 contremiscat
3328 3064 3342 3100 :
3406 3054 3671 3116 quatenus
3725 3044 3854 3099 dum

2269 3155 2415 3196 nunc
2444 3139 2720 3198 Creatoris
2746 3140 2829 3195 sui
2865 3139 3074 3210 legibus
3102 3139 3374 3201 subditur.
3394 3138 3493 3209 qui
3530 3138 3670 3191 inter
3699 3151 3854 3192 crea-

577 3249 801 3300 observa
832 3266 844 3301 :
880 3248 982 3303 hoc
1009 3259 1092 3304 est
1117 3251 1260 3305 enim
1290 3223 1467 3307 oinnis
1507 3254 1687 3308 homo.
1709 3254 1788 3307 Ac
1810 3254 1853 3309 si
1876 3255 2160 3324 perspicue
2190 3251 2234 3313 C
2268 3239 2440 3324 "ira!"
2469 3245 2590 3300 qum
2623 3239 2851 3324 ίῗηίῗηίθ
2895 3237 3040 3324 5""_"
3069 3227 3562 3324 "id_'3l"r_i1'5i$"is'
3607 3227 3659 3281 in
3691 3223 3859 3282 cum“

579 3336 765 3391 dicat:
796 3338 897 3404 Qui
936 3354 1041 3392 non
1092 3342 1361 3396 studuerit
1400 3357 1593 3397 cavere
1626 3344 1918 3413 prohibita,
1944 3344 2034 3414 qui
2068 3359 2165 3399 ue-

578 3426 808 3496 glexerit
833 3428 1057 3497 implere
1080 3440 1376 3501 pr:ecepta;
1410 3434 1536 3502 quia
1566 3434 1775 3488 ratione
1806 3442 1982 3498 caret,
2007 3449 2169 3488 voca-

582 3518 765 3574 bulum
798 3521 1015 3590 quidem
1040 3522 1276 3579 hominis
1313 3524 1495 3591 habet,
1528 3526 1620 3579 sed
1653 3525 1891 3580 hominis
1916 3538 2035 3580 esse
2057 3541 2165 3579 non

580 3610 770 3677 habet;
818 3613 941 3682 quia
993 3629 1099 3668 non
1150 3615 1418 3671 veraciter
1458 3617 1630 3671 utitur
1674 3618 1873 3671 virtute
1904 3617 2163 3681 nominis,

577 3716 686 3773 quo
709 3714 979 3759 censetur.
1006 3705 1096 3759 Ille
1124 3707 1376 3761 nimirum
1409 3722 1468 3762 se
1488 3709 1676 3763 credat
1706 3706 1972 3764 veraciter
2002 3707 2169 3762 homi-

572 3806 721 3858 nem,
733 3795 826 3864 qui
842 3795 1120 3851 hominum
1141 3797 1777 3868 recognoscitAuetorem
1793 3813 1808 3853 :
1824 3797 2060 3867 alioquin:
2074 3797 2164 3867 qui

574 3880 818 3952 ignorat,
853 3886 1192 3957 ignorabitur
1239 3886 1291 3957 (I
1322 3886 1442 3941 Cor.
1489 3889 1621 3959 xiv).
1666 3888 1804 3955 Quid
1840 3897 2020 3942 autem
2049 3888 2168 3944 sine

574 3974 661 4028 his
689 3977 760 4030 sit
793 3977 976 4040 homo,
1006 3979 1289 4049 perSpicue
1314 3979 1505 4033 deﬁnit
1535 3979 1973 4050 Scriptura,cnm
1999 3979 2159 4035 dicit:

582 4086 602 4120 ι
624 4070 806 4125 Stella:
822 4086 925 4126 non
940 4082 1064 4127 sunt
1080 4075 1356 4128 muudmiu
1372 4068 1662 4144 conspectu
1675 4075 1792 4145 ejus
1806 4074 1929 4148 (Job
1946 4076 2104 4146 xxv);
2138 4093 2156 4128 ι

577 4169 781 4228 quanto
810 4165 980 4234 magis
1014 4166 1174 4220 homo
1195 4166 2165 4237 putredo,etllliushomiuisvermis?

578 4248 732 4308 Unde
763 4263 817 4307 et
844 4255 1119 4310 Abraham
1150 4274 1273 4313 cum
1305 4258 1370 4312 ad
1400 4272 1624 4313 sunnnze
1649 4258 2021 4313 collocutiouis
2049 4260 2165 4315 cul-

573 4363 695 4401 men
721 4348 1009 4411 attollitur,
1034 4365 1155 4404 cum
1182 4351 1376 4405 divinae
1408 4349 1792 4405 familiaritatis
1815 4351 2042 4421 gratiam
2070 4365 2163 4436 pe-

573 4437 857 4493 Culiariter
905 4454 1264 4508 promeretur,
1323 4443 1481 4511 hujus
1534 4442 1858 4497 humilitatis
1913 4443 2165 4496 recorda-

575 4525 724 4579 tione
749 4527 1085 4595 deprimitur,
1116 4543 1236 4582 cum
1267 4530 1398 4584 dicit
1426 4545 1440 4582 :
1475 4549 1494 4581 ι
1525 4529 1740 4598 Loquar
1770 4529 1837 4583 ad
1876 4528 2161 4582 Dominum

574 4627 775 4680 meum,
805 4635 924 4671 cum
955 4619 1053 4673 sim
1084 4620 1276 4689 pulvis,
1308 4630 1362 4675 et
1383 4619 1546 4674 cinis?
1582 4617 1734 4688 (Gen.
1764 4619 1944 4688 xvm.)
1970 4638 1988 4670 ι

2269 3320 2339 3376 sti
2374 3336 2587 3392 quoque
2628 3319 2796 3390 gloria
2827 3319 3093 3374 veraciter
3125 3320 3195 3373 sit
3226 3318 3490 3374 sublimis.

2798 3409 2963 3483 432
3003 3407 3341 3466 SCHOLIA..

2340 3500 2520 3571 Tigri,
2571 3516 2799 3572 quoque,
2843 3515 2959 3572 qua:
3001 3497 3183 3572 lingua
3230 3494 3484 3572 Parthica
3514 3495 3709 3548 dicitur
3748 3494 3858 3572 Sg-

2266 3555 2551 3642 gitta:urio
2583 3555 2748 3642 'cur'su
2778 3555 2952 3642 ita’dirf
2995 3555 3583 3642 attinge-niaxintcgro.
3607 3564 3857 3642 perendie

2268 3636 2434 3695 iorem
2462 3641 2741 3703 "tundunt,
2770 3649 2877 3693 etc.
2909 3636 3035 3692 llaec
3065 3638 3167 3692 nisi
3197 3651 3294 3705 per
3329 3636 3674 3706 hyperbolem
3708 3636 3881 3706 dicta.

2269 3712 2526 3781 accipias,
2574 3710 2796 3764 omnino
2827 3703 3246 3781 l'abulosaAsun‘t.
3299 3703 3587 3761 Celei-itote
3633 3703 3885 3773 quidem,

2270 3777 2418 3835 tanta
2448 3780 2535 3834 illa
2567 3788 2670 3838 est.
2711 3789 2771 3833 ut
2816 3793 2984 3849 usque
3026 3777 3094 3849 ad
3135 3791 3233 3831 sua
3267 3785 3508 3849 tempora
3555 3790 3673 3849 eam
3708 3789 3855 3849 nun-

2266 3867 2447 3921 quani
2469 3850 2634 3921 fuisse
2672 3842 2913 3917 captam'
2936 3847 3229 3921 scripserat
3276 3845 3345 3901 Μ.
3380 3842 3676 3921 Varrolib.
3706 3842 3855 3921 i._De

2268 3912 2398 3993 ling.
2428 3920 2550 3974 Lat.
2576 3918 2718 3993 Capi
2740 3912 2921 3993 tamen
2952 3912 3220 3993 interdum
3268 3912 3855 3993 t_estatur_Plutarc_hns

2268 3991 2321 4045 in
2346 3984 2756 4044 commentfde
2799 3987 3053 4043 Herodoti
3086 3987 3446 4052 malignitate.
3497 3984 3684 4052 Itaque
3714 3984 3883 4052 sicut,

2266 4060 2527 4140 velocitas
2574 4074 2768 4140 cursus
2801 4056 3159 4140 quorumdam
3206 4051 3875 4140 .hoinipuinucrAmparari.

2267 4130 2403 4185 solet
2433 4145 2555 4184 cum
2578 4121 2947 4183 animantibus
2975 4125 3328 4181 velocissimis
3358 4124 3449 4250 Sut
3494 4123 3535 4177 ll
3582 4121 3717 4203 Reg.
3756 4136 3795 4174 ιι
3828 4139 3842 4174 :

2273 4218 2291 4250 ι
2331 4199 2501 4250 Porro
2529 4199 2689 4250 Asael
2719 4213 2910 4250 cursor
2955 4196 3327 4250 velocissimus
3382 4196 3481 4250 uit.
3522 4208 3677 4250 uuasr
3712 4205 3842 4246 unus

2273 4218 2291 4251 ι
2331 4199 2501 4254 Porro
2529 4199 2689 4253 Asael
2719 4213 2910 4253 cursor
2955 4196 3327 4251 velocissimus
3358 4193 3481 4259 fuit,
3522 4193 3677 4263 quasi
3712 4205 3855 4263 unus

2265 4270 2332 4350 de
2360 4270 2569 4339 capreis
2597 4277 3029 4350 «faemorantur
3073 4266 3124 4320 in
3175 4266 3345 4330 silvis,
3382 4266 3429 4335 ν)
3478 4261 3557 4350 sic
3595 4261 3879 4350 velocitas.

2266 4330 2507 4409 ipsorum
2548 4330 2882 4399 animalium.
2917 4351 3044 4409 qua;
3061 4351 3339 4409 summum
3378 4330 3611 4409 gradum
3641 4330 3846 4409 veloci-

2267 4401 2412 4489 tatis
2425 4418 2631 4489 tenent,
2658 4425 2768 4489 _per
2791 4401 3135 4489 hyperbolem
3152 4401 3435 4489 interdum
3449 4401 3707 4489 "exprimi
3721 4416 3852 4489 con-

2266 4479 2460 4557 suevit.
2487 4470 2722 4547 Tigridis
2762 4470 2986 4557 ejusque
3026 4478 3274 4557 mystica:
3300 4470 3711 4557 signiﬁcationis
3736 4486 3875 4528 meo-

2269 4549 2427 4603 minit
2452 4546 2993 4614 sanetuscarllinalis
3016 4546 3176 4614 epist.
3210 4546 3299 4610 t8,
3334 4546 3425 4599 lib.
3469 4560 3528 4598 ιι.

2588 4618 2666 4674 Sil
2707 4635 2895 4673 nomen
2929 4616 3140 4671 Domini
3181 4616 3524 4670 benedictum.

3375 4707 3849 4737 ...ι-ι*

605 4718 1974 4913 WoPUSCULUM
2066 4796 2861 4913 VICESIMUM
2940 4714 3705 4931 ρυΑιιΤῖιῙιῘ

1226 4975 1547 5048 CONTRA
1586 4974 1970 5037 CLElllCOS
2027 4973 2495 5035 REGULARES
2529 4974 3189 5037 PROPRIETARIOS.

1986 5083 2346 5097 Ἡ

574 5112 970 5194 Augustinus.
998 5150 1069 5160 —
1091 5121 1402 5194 Detestatur
1428 5120 1577 5189 prius
1611 5121 1924 5190 pertinacize
1959 5124 2172 5187 vitium,
2213 5140 2321 5194 quo
2364 5122 2494 5194 nihil
2533 5128 2627 5194 aut
2655 5122 2764 5177 Deo
2789 5122 2961 5193 magis
2989 5121 3245 5194 invisum,
3277 5126 3371 5175 aut
3402 5118 3567 5173 rebus
3591 5115 3875 5194 humanis.

652 5184 771 5264 ﬁeri.
796 5189 963 5264 P955"
991 5184 1587 5264 perniciositts,utpote
1613 5184 1737 5264 cum
1769 5206 1833 5246 ex
1867 5208 1929 5264 ea
1961 5184 2213 5264 tanquam
2231 5184 2319 5249 ἐι
2363 5192 2509 5248 fonte
2546 5184 2970 5264 dissensionum,
3002 5184 3527 5264 discordiarumque
3552 5187 3757 5264 semina
3793 5187 3828 5264 it

646 5254 943 5311 Ecclesium
987 5254 1319 5332 {leriventun
1361 5254 1435 5315 Vin
1463 5254 1778 5315 'nonnullos
1833 5254 2375 5321 clericos-acerrime
2418 5262 2712 5327 invehitur,
2766 5263 2857 5332 qui
2914 5279 3063 5332 cum,
3093 5254 3471 5332 Ecelesiarum
3502 5257 3767 5332 fructibus
3794 5256 3844 5309 iu

650 5341 940 5402 commune
988 5330 1287 5395 alerentur,
1314 5333 1600 5400 pecuniam
1633 5341 1910 5401 praeterea,
1943 5343 2000 5387 et
2028 5334 2130 5389 alia
2157 5336 2295 5389 bona
2323 5347 2568 5389 seorsum
2597 5326 2944 5402 posSidebant
2975 5350 2987 5385 :
3018 5331 3179 5401 idque
3204 5332 3311 5386 sibi
3338 5345 3433 5400 per
3462 5329 3609 5402 leges
3632 5326 3843 5381 licitum

647 5411 769 5479 esse
797 5396 973 5479 facere
1014 5396 1369 5470 pertinaciter
1396 5396 1732 5459 asserebant.
1776 5402 1901 5479 _Hos
1954 5404 2123 5479 igitur
2182 5404 2532 5479 validissimis
2582 5396 2883 5479 rationibus
2928 5396 3223 5479 redarguit,
3279 5396 3352 5456 et'
3382 5396 3669 5479 manifeste
3721 5411 3844 5466 pro-

651 5465 739 5547 bat
789 5465 1036 5547 clericos:
1075 5486 1160 5547 e_x_
1189 5486 1387 5540 genere
1441 5488 1629 5527 eorum
1676 5473 1789 5547 _qui
1855 5465 2107 5547 canonici
2158 5474 2532 5547 appellantur,
2576 5474 2850 5547 proprium
2890 5511 2905 5538 ,
2982 5465 3391 5547 aut"privatum
3470 5468 3623 5547 nihil.
3686 5465 3873 5547 posse-

649 5536 855 5592 habere
887 5555 900 5591 :
943 5539 1036 5594 sed
1076 5536 1279 5616 debere
1312 5558 1411 5616 eos
1446 5557 1569 5598 cum
1607 5536 1842 5613 primum
1885 5545 2058 5616 sacris
2097 5536 2401 5607 initiantur,
2444 5536 2695 5616 universa
2727 5536 3010 5616 bonaaut
3037 5536 3365 5616 pauperibus
3395 5540 3633 5601 tradere,
3668 5545 3762 5590 aut

650 5609 1265 5683 commtme_conl_'erre.
1301 5604 1644 5682 Quapropter
1686 5622 1805 5668 orat
1853 5614 2163 5683 pontiﬁcem
2214 5604 2479 5669 maxaut
2525 5615 2668 5682 quod
2725 5614 2960 5667 humana
3012 5604 3069 5668 εἰ
3123 5604 3304 5668 divina
3345 5611 3471 5683 jura
3520 5616 3748 5677 cogunt,
3793 5604 3877 5659 id-

649 5679 814 5733 etiam
842 5678 1073 5735 clericos
1102 5681 1302 5746 facere,
1331 5678 1437 5737 sua
1471 5678 1587 5753 ipse
1611 5678 1934 5739 auctoritate
1979 5694 2033 5740 et
2055 5683 2434 5753 jurisdictione
2477 5678 2782 5753 compellat.

649 5773 855 5827 Domno
876 5774 1207 5830 ALBIANDIO
1237 5774 1550 5832 beatissimo
1578 5792 1751 5848 papas,
1792 5777 2007 5834 Peritos
2033 5792 2156 5850 pec-

577 5876 731 5922 cator
762 5869 1055 5922 monachus
1083 5865 1419 5921 servitutem.

2334 5776 2608 5845 Quantum
2648 5775 2713 5831 ad
2759 5784 2956 5835 nostrae
2999 5772 3362 5845 intelligentiae
3408 5771 3709 5834 modulum,
3753 5778 3847 5821 vel

2263 5865 2518 5922 ncrabilis
2561 5874 2735 5934 pater,
2778 5863 2981 5920 nullum
3009 5866 3062 5920 in
3117 5865 3353 5920 humano
3399 5874 3597 5931 genere
3641 5856 3843 5915 malum
