  <div class='ocr_page' id='page_1' title='image "/cluster/home/n/w/nwhite01/storage/ocr_20150623/145/hvd.32044015471824/248.png"; bbox 0 0 4132 6324; ppageno 0'>
   <div class='ocr_carea' id='block_1_1' title="bbox 325 336 1348 400">
    <p class='ocr_par' dir='ltr' id='par_1_1' title="bbox 325 336 1348 400">
     <span class='ocr_line' id='line_1_1' title="bbox 325 336 1348 400; baseline 0.001 -9"><span class='ocrx_word' id='word_1_1' title='bbox 325 338 425 400; x_wconf 65' lang='grc' dir='ltr'><strong>ιει</strong></span> <span class='ocrx_word' id='word_1_2' title='bbox 880 336 1116 394; x_wconf 81' lang='lat' dir='ltr'><strong>OPUSC.</strong></span> <span class='ocrx_word' id='word_1_3' title='bbox 1159 336 1348 394; x_wconf 76' lang='lat' dir='ltr'><strong>XXIV.</strong></span> 
     </span>
    </p>
   </div>
   <div class='ocr_carea' id='block_1_2' title="bbox 1423 333 3042 395">
    <p class='ocr_par' dir='ltr' id='par_1_2' title="bbox 1423 333 3042 395">
     <span class='ocr_line' id='line_1_2' title="bbox 1423 333 3042 395; baseline 0 -2"><span class='ocrx_word' id='word_1_4' title='bbox 1423 375 1426 378; x_wconf 62' lang='grc' dir='ltr'><em>η</em></span> <span class='ocrx_word' id='word_1_5' title='bbox 1482 337 1758 394; x_wconf 73' lang='lat' dir='ltr'><strong>CONTRA</strong></span> <span class='ocrx_word' id='word_1_6' title='bbox 1796 333 2134 389; x_wconf 65' lang='lat' dir='ltr'><strong>CLEl‘thOS</strong></span> <span class='ocrx_word' id='word_1_7' title='bbox 2177 333 2426 391; x_wconf 69' lang='lat' dir='ltr'><strong>liEGUL.</strong></span> <span class='ocrx_word' id='word_1_8' title='bbox 2470 335 3042 395; x_wconf 74' lang='lat' dir='ltr'><strong>PROPRIETARIOS.</strong></span> 
     </span>
    </p>
   </div>
   <div class='ocr_carea' id='block_1_3' title="bbox 3479 343 3584 399">
    <p class='ocr_par' dir='ltr' id='par_1_3' title="bbox 3479 343 3584 399">
     <span class='ocr_line' id='line_1_3' title="bbox 3479 343 3584 399; baseline 0.019 -2"><span class='ocrx_word' id='word_1_9' title='bbox 3479 343 3584 399; x_wconf 64' lang='grc'><strong>482</strong></span> 
     </span>
    </p>
   </div>
   <div class='ocr_carea' id='block_1_4' title="bbox 325 447 1934 532">
    <p class='ocr_par' dir='ltr' id='par_1_4' title="bbox 325 451 1902 532">
     <span class='ocr_line' id='line_1_4' title="bbox 325 451 1902 532; baseline -0.004 -20"><span class='ocrx_word' id='word_1_10' title='bbox 325 456 732 532; x_wconf 87' lang='lat' dir='ltr'><strong>perniciosioris</strong></span> <span class='ocrx_word' id='word_1_11' title='bbox 757 463 840 510; x_wconf 89' lang='lat' dir='ltr'><strong>est</strong></span> <span class='ocrx_word' id='word_1_12' title='bbox 868 455 1310 522; x_wconf 86' lang='lat' dir='ltr'><strong>criminis,quam</strong></span> <span class='ocrx_word' id='word_1_13' title='bbox 1333 453 1579 509; x_wconf 98' lang='lat' dir='ltr'><strong>defensio</strong></span> <span class='ocrx_word' id='word_1_14' title='bbox 1601 451 1902 523; x_wconf 70' lang='lat' dir='ltr'><strong>pravitatis.</strong></span> 
     </span>
    </p>
   </div>
   <div class='ocr_carea' id='block_1_5' title="bbox 2015 447 3585 532">
    <p class='ocr_par' dir='ltr' id='par_1_5' title="bbox 2015 447 3585 521">
     <span class='ocr_line' id='line_1_5' title="bbox 2015 447 3585 521; baseline 0.01 -23"><span class='ocrx_word' id='word_1_15' title='bbox 2015 447 2164 501; x_wconf 88' lang='lat' dir='ltr'><strong>uicus</strong></span> <span class='ocrx_word' id='word_1_16' title='bbox 2216 447 2414 502; x_wconf 83' lang='lat' dir='ltr'><strong>habere</strong></span> <span class='ocrx_word' id='word_1_17' title='bbox 2459 452 2734 521; x_wconf 89' lang='lat' dir='ltr'><strong>proprium</strong></span> <span class='ocrx_word' id='word_1_18' title='bbox 2787 455 3001 520; x_wconf 82' lang='lat' dir='ltr'><strong>debeat,</strong></span> <span class='ocrx_word' id='word_1_19' title='bbox 3050 454 3449 512; x_wconf 82' lang='lat' dir='ltr'><strong>evidentissima</strong></span> <span class='ocrx_word' id='word_1_20' title='bbox 3503 461 3585 514; x_wconf 89' lang='lat' dir='ltr'><strong>sui</strong></span> 
     </span>
    </p>
   </div>
   <div class='ocr_carea' id='block_1_6' title="bbox 330 544 1904 605">
    <p class='ocr_par' dir='ltr' id='par_1_6' title="bbox 330 544 1904 605">
     <span class='ocr_line' id='line_1_6' title="bbox 330 544 1904 605; baseline -0.006 0"><span class='ocrx_word' id='word_1_21' title='bbox 330 549 482 605; x_wconf 84' lang='lat' dir='ltr'><strong>Unde</strong></span> <span class='ocrx_word' id='word_1_22' title='bbox 521 547 686 601; x_wconf 87' lang='lat' dir='ltr'><strong>David</strong></span> <span class='ocrx_word' id='word_1_23' title='bbox 715 545 791 599; x_wconf 91' lang='lat' dir='ltr'><strong>ait</strong></span> <span class='ocrx_word' id='word_1_24' title='bbox 824 564 836 598; x_wconf 92' lang='lat'>:</span> <span class='ocrx_word' id='word_1_25' title='bbox 875 562 894 598; x_wconf 73' lang='grc' dir='ltr'>ι</span> <span class='ocrx_word' id='word_1_26' title='bbox 931 544 1044 598; x_wconf 83' lang='lat' dir='ltr'><strong>Non</strong></span> <span class='ocrx_word' id='word_1_27' title='bbox 1077 546 1314 599; x_wconf 80' lang='lat' dir='ltr'><strong>declines</strong></span> <span class='ocrx_word' id='word_1_28' title='bbox 1335 561 1428 598; x_wconf 90' lang='lat' dir='ltr'><strong>cor</strong></span> <span class='ocrx_word' id='word_1_29' title='bbox 1457 560 1633 599; x_wconf 88' lang='lat' dir='ltr'><strong>meum</strong></span> <span class='ocrx_word' id='word_1_30' title='bbox 1657 544 1709 598; x_wconf 93' lang='lat' dir='ltr'><strong>in</strong></span> <span class='ocrx_word' id='word_1_31' title='bbox 1743 544 1904 596; x_wconf 86' lang='lat' dir='ltr'><strong>verba</strong></span> 
     </span>
    </p>
   </div>
   <div class='ocr_carea' id='block_1_7' title="bbox 325 637 1903 708">
    <p class='ocr_par' dir='ltr' id='par_1_7' title="bbox 325 637 1903 708">
     <span class='ocr_line' id='line_1_7' title="bbox 325 637 1903 708; baseline -0.004 -13"><span class='ocrx_word' id='word_1_32' title='bbox 325 642 491 704; x_wconf 84' lang='lat' dir='ltr'><strong>mala,</strong></span> <span class='ocrx_word' id='word_1_33' title='bbox 522 641 588 694; x_wconf 89' lang='lat' dir='ltr'><strong>ad</strong></span> <span class='ocrx_word' id='word_1_34' title='bbox 619 638 956 694; x_wconf 74' lang='lat' dir='ltr'><strong>excusandas</strong></span> <span class='ocrx_word' id='word_1_35' title='bbox 985 638 1362 692; x_wconf 88' lang='lat' dir='ltr'><strong>excusationes</strong></span> <span class='ocrx_word' id='word_1_36' title='bbox 1391 637 1442 690; x_wconf 91' lang='lat' dir='ltr'><strong>in</strong></span> <span class='ocrx_word' id='word_1_37' title='bbox 1474 639 1708 708; x_wconf 87' lang='lat' dir='ltr'><strong>peccatis</strong></span> <span class='ocrx_word' id='word_1_38' title='bbox 1731 637 1903 706; x_wconf 87' lang='lat' dir='ltr'><strong>(Psal.</strong></span> 
     </span>
    </p>
   </div>
   <div class='ocr_carea' id='block_1_8' title="bbox 327 728 1907 802">
    <p class='ocr_par' dir='ltr' id='par_1_8' title="bbox 327 728 1907 802">
     <span class='ocr_line' id='line_1_8' title="bbox 327 728 1907 802; baseline -0.004 -15"><span class='ocrx_word' id='word_1_39' title='bbox 327 734 472 802; x_wconf 70' lang='lat' dir='ltr'><strong>can).</strong></span> <span class='ocrx_word' id='word_1_40' title='bbox 511 751 530 784; x_wconf 74' lang='grc' dir='ltr'><strong><em>ι</em></strong></span> <span class='ocrx_word' id='word_1_41' title='bbox 561 731 798 788; x_wconf 89' lang='lat' dir='ltr'><strong>Offensio</strong></span> <span class='ocrx_word' id='word_1_42' title='bbox 835 730 1031 799; x_wconf 90' lang='lat' dir='ltr'><strong>quippe</strong></span> <span class='ocrx_word' id='word_1_43' title='bbox 1060 729 1151 782; x_wconf 92' lang='lat' dir='ltr'><strong>Dei</strong></span> <span class='ocrx_word' id='word_1_44' title='bbox 1183 739 1422 782; x_wconf 85' lang='lat' dir='ltr'><strong>tueretur</strong></span> <span class='ocrx_word' id='word_1_45' title='bbox 1443 728 1601 792; x_wconf 89' lang='lat' dir='ltr'><strong>iram,</strong></span> <span class='ocrx_word' id='word_1_46' title='bbox 1629 729 1907 783; x_wconf 66' lang='lat' dir='ltr'><strong>excusatio</strong></span> 
     </span>
    </p>
   </div>
   <div class='ocr_carea' id='block_1_9' title="bbox 327 817 1904 893">
    <p class='ocr_par' dir='ltr' id='par_1_9' title="bbox 327 817 1904 893">
     <span class='ocr_line' id='line_1_9' title="bbox 327 817 1904 893; baseline -0.003 -19"><span class='ocrx_word' id='word_1_47' title='bbox 327 831 587 893; x_wconf 80' lang='lat' dir='ltr'><strong>provocat</strong></span> <span class='ocrx_word' id='word_1_48' title='bbox 615 821 682 875; x_wconf 91' lang='lat' dir='ltr'><strong>ad</strong></span> <span class='ocrx_word' id='word_1_49' title='bbox 715 821 1028 874; x_wconf 74' lang='lat' dir='ltr'><strong>vindictam.</strong></span> <span class='ocrx_word' id='word_1_50' title='bbox 1078 819 1191 872; x_wconf 89' lang='lat' dir='ltr'><strong>lloc</strong></span> <span class='ocrx_word' id='word_1_51' title='bbox 1239 817 1396 886; x_wconf 91' lang='lat' dir='ltr'><strong>plane</strong></span> <span class='ocrx_word' id='word_1_52' title='bbox 1424 817 1632 881; x_wconf 84' lang='lat' dir='ltr'><strong>vitium,</strong></span> <span class='ocrx_word' id='word_1_53' title='bbox 1667 818 1805 871; x_wconf 89' lang='lat' dir='ltr'><strong>sicut</strong></span> <span class='ocrx_word' id='word_1_54' title='bbox 1840 833 1904 871; x_wconf 85' lang='lat' dir='ltr'><strong>ex</strong></span> 
     </span>
    </p>
   </div>
   <div class='ocr_carea' id='block_1_10' title="bbox 329 908 1908 981">
    <p class='ocr_par' dir='ltr' id='par_1_10' title="bbox 329 908 1908 981">
     <span class='ocr_line' id='line_1_10' title="bbox 329 908 1908 981; baseline -0.003 -14"><span class='ocrx_word' id='word_1_55' title='bbox 329 915 510 968; x_wconf 83' lang='lat' dir='ltr'><strong>radice</strong></span> <span class='ocrx_word' id='word_1_56' title='bbox 545 912 765 966; x_wconf 88' lang='lat' dir='ltr'><strong>humani</strong></span> <span class='ocrx_word' id='word_1_57' title='bbox 810 910 1022 981; x_wconf 78' lang='lat' dir='ltr'><strong>generis</strong></span> <span class='ocrx_word' id='word_1_58' title='bbox 1061 910 1280 980; x_wconf 87' lang='lat' dir='ltr'><strong>prodiit,</strong></span> <span class='ocrx_word' id='word_1_59' title='bbox 1313 908 1553 978; x_wconf 83' lang='lat' dir='ltr'><strong>quotidie</strong></span> <span class='ocrx_word' id='word_1_60' title='bbox 1580 908 1820 978; x_wconf 85' lang='lat' dir='ltr'><strong>pullulat,</strong></span> <span class='ocrx_word' id='word_1_61' title='bbox 1852 916 1908 962; x_wconf 88' lang='lat' dir='ltr'><strong>et</strong></span> 
     </span>
    </p>
   </div>
   <div class='ocr_carea' id='block_1_11' title="bbox 330 999 1909 1074">
    <p class='ocr_par' dir='ltr' id='par_1_11' title="bbox 330 999 1909 1074">
     <span class='ocr_line' id='line_1_11' title="bbox 330 999 1909 1074; baseline -0.003 -17"><span class='ocrx_word' id='word_1_62' title='bbox 330 1015 587 1074; x_wconf 81' lang='lat' dir='ltr'><strong>tanquam</strong></span> <span class='ocrx_word' id='word_1_63' title='bbox 636 1018 731 1072; x_wconf 89' lang='lat' dir='ltr'><strong>per</strong></span> <span class='ocrx_word' id='word_1_64' title='bbox 761 1010 1104 1071; x_wconf 88' lang='lat' dir='ltr'><strong>erumpentes</strong></span> <span class='ocrx_word' id='word_1_65' title='bbox 1151 999 1362 1054; x_wconf 87' lang='lat' dir='ltr'><strong>arboris</strong></span> <span class='ocrx_word' id='word_1_66' title='bbox 1394 1014 1574 1053; x_wconf 90' lang='lat' dir='ltr'><strong>ramos</strong></span> <span class='ocrx_word' id='word_1_67' title='bbox 1603 999 1909 1068; x_wconf 80' lang='lat' dir='ltr'><strong>germinare</strong></span> 
     </span>
    </p>
   </div>
   <div class='ocr_carea' id='block_1_12' title="bbox 329 1088 1906 1154">
    <p class='ocr_par' dir='ltr' id='par_1_12' title="bbox 329 1088 1906 1154">
     <span class='ocr_line' id='line_1_12' title="bbox 329 1088 1906 1154; baseline -0.004 -6"><span class='ocrx_word' id='word_1_68' title='bbox 329 1111 433 1148; x_wconf 91' lang='lat' dir='ltr'><strong>non</strong></span> <span class='ocrx_word' id='word_1_69' title='bbox 467 1103 660 1148; x_wconf 75' lang='lat' dir='ltr'><strong>c.ssat.</strong></span> <span class='ocrx_word' id='word_1_70' title='bbox 695 1091 986 1147; x_wconf 85' lang='lat' dir='ltr'><strong>Consultus</strong></span> <span class='ocrx_word' id='word_1_71' title='bbox 1022 1091 1164 1146; x_wconf 88' lang='lat' dir='ltr'><strong>enim</strong></span> <span class='ocrx_word' id='word_1_72' title='bbox 1215 1091 1406 1154; x_wconf 86' lang='lat' dir='ltr'><strong>Adam,</strong></span> <span class='ocrx_word' id='word_1_73' title='bbox 1445 1104 1544 1144; x_wconf 92' lang='lat' dir='ltr'><strong>cur</strong></span> <span class='ocrx_word' id='word_1_74' title='bbox 1573 1105 1641 1144; x_wconf 80' lang='lat' dir='ltr'><strong>ex</strong></span> <span class='ocrx_word' id='word_1_75' title='bbox 1677 1088 1906 1143; x_wconf 86' lang='lat' dir='ltr'><strong>interdi-</strong></span> 
     </span>
    </p>
   </div>
   <div class='ocr_carea' id='block_1_13' title="bbox 331 1177 1908 1252">
    <p class='ocr_par' dir='ltr' id='par_1_13' title="bbox 331 1177 1908 1252">
     <span class='ocr_line' id='line_1_13' title="bbox 331 1177 1908 1252; baseline -0.003 -17"><span class='ocrx_word' id='word_1_76' title='bbox 331 1196 417 1235; x_wconf 83' lang='lat' dir='ltr'><strong>cto</strong></span> <span class='ocrx_word' id='word_1_77' title='bbox 443 1199 604 1252; x_wconf 91' lang='lat' dir='ltr'><strong>pomo</strong></span> <span class='ocrx_word' id='word_1_78' title='bbox 631 1182 927 1236; x_wconf 90' lang='lat' dir='ltr'><strong>comederit</strong></span> <span class='ocrx_word' id='word_1_79' title='bbox 953 1197 965 1234; x_wconf 92' lang='lat'>:</span> <span class='ocrx_word' id='word_1_80' title='bbox 1002 1198 1021 1232; x_wconf 69' lang='grc' dir='ltr'><strong>ς</strong></span> <span class='ocrx_word' id='word_1_81' title='bbox 1054 1180 1266 1238; x_wconf 87' lang='lat' dir='ltr'><strong>Mulier.</strong></span> <span class='ocrx_word' id='word_1_82' title='bbox 1294 1180 1486 1248; x_wconf 89' lang='lat' dir='ltr'><strong>inquit,</strong></span> <span class='ocrx_word' id='word_1_83' title='bbox 1517 1194 1678 1248; x_wconf 91' lang='lat' dir='ltr'><strong>quam</strong></span> <span class='ocrx_word' id='word_1_84' title='bbox 1713 1177 1908 1232; x_wconf 89' lang='lat' dir='ltr'><strong>dedisti</strong></span> 
     </span>
    </p>
   </div>
   <div class='ocr_carea' id='block_1_14' title="bbox 329 1267 1907 1339">
    <p class='ocr_par' dir='ltr' id='par_1_14' title="bbox 329 1267 1907 1339">
     <span class='ocr_line' id='line_1_14' title="bbox 329 1267 1907 1339; baseline -0.001 -13"><span class='ocrx_word' id='word_1_85' title='bbox 329 1274 460 1326; x_wconf 89' lang='lat' dir='ltr'><strong>mihi</strong></span> <span class='ocrx_word' id='word_1_86' title='bbox 490 1272 712 1335; x_wconf 89' lang='lat' dir='ltr'><strong>sociam,</strong></span> <span class='ocrx_word' id='word_1_87' title='bbox 761 1271 908 1324; x_wconf 90' lang='lat' dir='ltr'><strong>dedit</strong></span> <span class='ocrx_word' id='word_1_88' title='bbox 947 1269 1075 1324; x_wconf 92' lang='lat' dir='ltr'><strong>mihi</strong></span> <span class='ocrx_word' id='word_1_89' title='bbox 1107 1269 1173 1324; x_wconf 91' lang='lat' dir='ltr'><strong>de</strong></span> <span class='ocrx_word' id='word_1_90' title='bbox 1222 1269 1388 1337; x_wconf 80' lang='lat' dir='ltr'><strong>ligno,</strong></span> <span class='ocrx_word' id='word_1_91' title='bbox 1430 1277 1486 1324; x_wconf 85' lang='lat' dir='ltr'><strong>et</strong></span> <span class='ocrx_word' id='word_1_92' title='bbox 1513 1268 1721 1324; x_wconf 87' lang='lat' dir='ltr'><strong>comedi</strong></span> <span class='ocrx_word' id='word_1_93' title='bbox 1754 1267 1907 1339; x_wconf 79' lang='lat' dir='ltr'><strong>(Gen.</strong></span> 
     </span>
    </p>
   </div>
   <div class='ocr_carea' id='block_1_15' title="bbox 328 1358 1911 1430">
    <p class='ocr_par' dir='ltr' id='par_1_15' title="bbox 328 1358 1911 1430">
     <span class='ocr_line' id='line_1_15' title="bbox 328 1358 1911 1430; baseline -0.001 -16"><span class='ocrx_word' id='word_1_94' title='bbox 328 1371 434 1430; x_wconf 82' lang='lat' dir='ltr'><strong>tu).</strong></span> <span class='ocrx_word' id='word_1_95' title='bbox 473 1380 490 1414; x_wconf 80' lang='grc' dir='ltr'><strong><em>ι</em></strong></span> <span class='ocrx_word' id='word_1_96' title='bbox 524 1361 712 1415; x_wconf 81' lang='lat' dir='ltr'><strong>Mulier</strong></span> <span class='ocrx_word' id='word_1_97' title='bbox 740 1361 927 1426; x_wconf 89' lang='lat' dir='ltr'><strong>etiam,</strong></span> <span class='ocrx_word' id='word_1_98' title='bbox 960 1375 1058 1415; x_wconf 91' lang='lat' dir='ltr'><strong>cur</strong></span> <span class='ocrx_word' id='word_1_99' title='bbox 1087 1361 1190 1414; x_wconf 92' lang='lat' dir='ltr'><strong>hoc</strong></span> <span class='ocrx_word' id='word_1_100' title='bbox 1212 1358 1401 1414; x_wconf 81' lang='lat' dir='ltr'><strong>fecerit</strong></span> <span class='ocrx_word' id='word_1_101' title='bbox 1431 1361 1707 1430; x_wconf 88' lang='lat' dir='ltr'><strong>inquisita,</strong></span> <span class='ocrx_word' id='word_1_102' title='bbox 1739 1378 1755 1411; x_wconf 73' lang='grc' dir='ltr'>ι</span> <span class='ocrx_word' id='word_1_103' title='bbox 1789 1360 1911 1414; x_wconf 87' lang='lat' dir='ltr'><strong>Ser-</strong></span> 
     </span>
    </p>
   </div>
   <div class='ocr_carea' id='block_1_16' title="bbox 327 1450 1909 1524">
    <p class='ocr_par' dir='ltr' id='par_1_16' title="bbox 327 1450 1909 1524">
     <span class='ocr_line' id='line_1_16' title="bbox 327 1450 1909 1524; baseline -0.001 -17"><span class='ocrx_word' id='word_1_104' title='bbox 327 1469 483 1521; x_wconf 63' lang='lat' dir='ltr'><strong>iens,</strong></span> <span class='ocrx_word' id='word_1_105' title='bbox 532 1453 626 1517; x_wconf 88' lang='lat' dir='ltr'><strong>ait,</strong></span> <span class='ocrx_word' id='word_1_106' title='bbox 676 1452 890 1524; x_wconf 81' lang='lat' dir='ltr'><strong>decepit</strong></span> <span class='ocrx_word' id='word_1_107' title='bbox 940 1468 1046 1520; x_wconf 90' lang='lat' dir='ltr'><strong>me,</strong></span> <span class='ocrx_word' id='word_1_108' title='bbox 1092 1462 1142 1506; x_wconf 88' lang='lat' dir='ltr'><strong>et</strong></span> <span class='ocrx_word' id='word_1_109' title='bbox 1183 1453 1391 1507; x_wconf 90' lang='lat' dir='ltr'><strong>comedi</strong></span> <span class='ocrx_word' id='word_1_110' title='bbox 1445 1452 1654 1524; x_wconf 84' lang='lat' dir='ltr'><strong>(Ibid.).</strong></span> <span class='ocrx_word' id='word_1_111' title='bbox 1694 1471 1712 1505; x_wconf 72' lang='grc' dir='ltr'><strong><em>ι</em></strong></span> <span class='ocrx_word' id='word_1_112' title='bbox 1746 1452 1824 1508; x_wconf 85' lang='lat' dir='ltr'><strong>Ac</strong></span> <span class='ocrx_word' id='word_1_113' title='bbox 1862 1450 1909 1505; x_wconf 89' lang='lat' dir='ltr'><strong>si</strong></span> 
     </span>
    </p>
   </div>
   <div class='ocr_carea' id='block_1_17' title="bbox 327 1547 1906 1617">
    <p class='ocr_par' dir='ltr' id='par_1_17' title="bbox 327 1547 1906 1617">
     <span class='ocr_line' id='line_1_17' title="bbox 327 1547 1906 1617; baseline 0.001 -16"><span class='ocrx_word' id='word_1_114' title='bbox 327 1558 557 1616; x_wconf 73' lang='lat' dir='ltr'><strong>uterque</strong></span> <span class='ocrx_word' id='word_1_115' title='bbox 585 1548 638 1602; x_wconf 94' lang='lat' dir='ltr'><strong>in</strong></span> <span class='ocrx_word' id='word_1_116' title='bbox 681 1547 1028 1604; x_wconf 89' lang='lat' dir='ltr'><strong>Conditorem</strong></span> <span class='ocrx_word' id='word_1_117' title='bbox 1063 1549 1278 1617; x_wconf 91' lang='lat' dir='ltr'><strong>oblique</strong></span> <span class='ocrx_word' id='word_1_118' title='bbox 1320 1549 1526 1603; x_wconf 90' lang='lat' dir='ltr'><strong>crimen</strong></span> <span class='ocrx_word' id='word_1_119' title='bbox 1559 1551 1906 1616; x_wconf 85' lang='lat' dir='ltr'><strong>intorqueat;</strong></span> 
     </span>
    </p>
   </div>
   <div class='ocr_carea' id='block_1_18' title="bbox 324 1637 1905 1708">
    <p class='ocr_par' dir='ltr' id='par_1_18' title="bbox 324 1637 1905 1708">
     <span class='ocr_line' id='line_1_18' title="bbox 324 1637 1905 1708; baseline 0.003 -20"><span class='ocrx_word' id='word_1_120' title='bbox 324 1652 582 1706; x_wconf 89' lang='lat' dir='ltr'><strong>eumque,</strong></span> <span class='ocrx_word' id='word_1_121' title='bbox 611 1652 640 1690; x_wconf 90' lang='lat' dir='ltr'><strong>a</strong></span> <span class='ocrx_word' id='word_1_122' title='bbox 693 1653 800 1706; x_wconf 89' lang='lat' dir='ltr'><strong>quo</strong></span> <span class='ocrx_word' id='word_1_123' title='bbox 840 1637 1255 1708; x_wconf 85' lang='lat' dir='ltr'><strong>redarguuntur,</strong></span> <span class='ocrx_word' id='word_1_124' title='bbox 1314 1637 1566 1703; x_wconf 84' lang='lat' dir='ltr'><strong>incessat,</strong></span> <span class='ocrx_word' id='word_1_125' title='bbox 1623 1639 1905 1693; x_wconf 81' lang='lat' dir='ltr'><strong>dicentes:</strong></span> 
     </span>
    </p>
   </div>
   <div class='ocr_carea' id='block_1_19' title="bbox 327 1724 1908 1796">
    <p class='ocr_par' dir='ltr' id='par_1_19' title="bbox 327 1724 1908 1796">
     <span class='ocr_line' id='line_1_19' title="bbox 327 1724 1908 1796; baseline 0.005 -18"><span class='ocrx_word' id='word_1_126' title='bbox 327 1724 444 1778; x_wconf 77' lang='lat' dir='ltr'><strong>Non</strong></span> <span class='ocrx_word' id='word_1_127' title='bbox 479 1725 654 1790; x_wconf 88' lang='lat' dir='ltr'><strong>nobis,</strong></span> <span class='ocrx_word' id='word_1_128' title='bbox 684 1727 778 1781; x_wconf 92' lang='lat' dir='ltr'><strong>sed</strong></span> <span class='ocrx_word' id='word_1_129' title='bbox 823 1727 917 1781; x_wconf 87' lang='lat' dir='ltr'><strong>tibi</strong></span> <span class='ocrx_word' id='word_1_130' title='bbox 968 1728 1153 1796; x_wconf 89' lang='lat' dir='ltr'><strong>procul</strong></span> <span class='ocrx_word' id='word_1_131' title='bbox 1203 1729 1365 1783; x_wconf 92' lang='lat' dir='ltr'><strong>dubio</strong></span> <span class='ocrx_word' id='word_1_132' title='bbox 1399 1727 1559 1784; x_wconf 88' lang='lat' dir='ltr'><strong>debet</strong></span> <span class='ocrx_word' id='word_1_133' title='bbox 1603 1729 1692 1784; x_wconf 92' lang='lat' dir='ltr'><strong>hic</strong></span> <span class='ocrx_word' id='word_1_134' title='bbox 1724 1740 1908 1786; x_wconf 85' lang='lat' dir='ltr'><strong>reatus</strong></span> 
     </span>
    </p>
   </div>
   <div class='ocr_carea' id='block_1_20' title="bbox 2011 542 3584 616">
    <p class='ocr_par' dir='ltr' id='par_1_20' title="bbox 2011 542 3584 616">
     <span class='ocr_line' id='line_1_20' title="bbox 2011 542 3584 616; baseline 0.01 -23"><span class='ocrx_word' id='word_1_135' title='bbox 2011 542 2277 596; x_wconf 84' lang='lat' dir='ltr'><strong>examinis</strong></span> <span class='ocrx_word' id='word_1_136' title='bbox 2300 545 2620 599; x_wconf 83' lang='lat' dir='ltr'><strong>auctoritate</strong></span> <span class='ocrx_word' id='word_1_137' title='bbox 2653 547 2924 602; x_wconf 88' lang='lat' dir='ltr'><strong>decernat.</strong></span> <span class='ocrx_word' id='word_1_138' title='bbox 2953 549 3042 602; x_wconf 87' lang='lat' dir='ltr'><strong>Ait</strong></span> <span class='ocrx_word' id='word_1_139' title='bbox 3069 550 3211 604; x_wconf 82' lang='lat' dir='ltr'><strong>enim</strong></span> <span class='ocrx_word' id='word_1_140' title='bbox 3239 551 3291 605; x_wconf 94' lang='lat' dir='ltr'><strong>in</strong></span> <span class='ocrx_word' id='word_1_141' title='bbox 3317 567 3584 616; x_wconf 83' lang='lat' dir='ltr'><strong>sermone,</strong></span> 
     </span>
    </p>
   </div>
   <div class='ocr_carea' id='block_1_21' title="bbox 2007 632 3585 715">
    <p class='ocr_par' dir='ltr' id='par_1_21' title="bbox 2007 632 3585 715">
     <span class='ocr_line' id='line_1_21' title="bbox 2007 632 3585 715; baseline 0.012 -33"><span class='ocrx_word' id='word_1_142' title='bbox 2007 632 2100 700; x_wconf 87' lang='lat' dir='ltr'><strong>qui</strong></span> <span class='ocrx_word' id='word_1_143' title='bbox 2133 633 2376 689; x_wconf 89' lang='lat' dir='ltr'><strong>titulatur</strong></span> <span class='ocrx_word' id='word_1_144' title='bbox 2413 637 2488 689; x_wconf 94' lang='lat' dir='ltr'><strong>De</strong></span> <span class='ocrx_word' id='word_1_145' title='bbox 2515 639 2754 693; x_wconf 91' lang='lat' dir='ltr'><strong>moribus</strong></span> <span class='ocrx_word' id='word_1_146' title='bbox 2789 639 3108 695; x_wconf 83' lang='lat' dir='ltr'><strong>clericorum</strong></span> <span class='ocrx_word' id='word_1_147' title='bbox 3139 661 3151 696; x_wconf 93' lang='lat'>:</span> <span class='ocrx_word' id='word_1_148' title='bbox 3187 663 3204 693; x_wconf 73' lang='grc' dir='ltr'><strong><em>ι</em></strong></span> <span class='ocrx_word' id='word_1_149' title='bbox 3244 643 3344 707; x_wconf 76' lang='lat' dir='ltr'><strong>Me,</strong></span> <span class='ocrx_word' id='word_1_150' title='bbox 3391 647 3585 715; x_wconf 84' lang='lat' dir='ltr'><strong>inquit,</strong></span> 
     </span>
    </p>
   </div>
   <div class='ocr_carea' id='block_1_22' title="bbox 2010 725 3585 801">
    <p class='ocr_par' dir='ltr' id='par_1_22' title="bbox 2010 725 3585 801">
     <span class='ocr_line' id='line_1_22' title="bbox 2010 725 3585 801; baseline 0.007 -21"><span class='ocrx_word' id='word_1_151' title='bbox 2010 725 2112 780; x_wconf 83' lang='lat' dir='ltr'><strong>hoc</strong></span> <span class='ocrx_word' id='word_1_152' title='bbox 2139 728 2352 781; x_wconf 89' lang='lat' dir='ltr'><strong>noverit</strong></span> <span class='ocrx_word' id='word_1_153' title='bbox 2394 728 2639 784; x_wconf 83' lang='lat' dir='ltr'><strong>charitas</strong></span> <span class='ocrx_word' id='word_1_154' title='bbox 2661 739 2840 784; x_wconf 77' lang='lat' dir='ltr'><strong>vestra</strong></span> <span class='ocrx_word' id='word_1_155' title='bbox 2873 732 3074 787; x_wconf 78' lang='lat' dir='ltr'><strong>dixisse</strong></span> <span class='ocrx_word' id='word_1_156' title='bbox 3126 735 3385 790; x_wconf 87' lang='lat' dir='ltr'><strong>fratribus</strong></span> <span class='ocrx_word' id='word_1_157' title='bbox 3430 740 3585 801; x_wconf 87' lang='lat' dir='ltr'><strong>meis,</strong></span> 
     </span>
    </p>
   </div>
   <div class='ocr_carea' id='block_1_23' title="bbox 2006 816 3588 895">
    <p class='ocr_par' dir='ltr' id='par_1_23' title="bbox 2006 816 3588 895">
     <span class='ocr_line' id='line_1_23' title="bbox 2006 816 3588 895; baseline 0.01 -29"><span class='ocrx_word' id='word_1_158' title='bbox 2006 816 2098 884; x_wconf 87' lang='lat' dir='ltr'><strong>qui</strong></span> <span class='ocrx_word' id='word_1_159' title='bbox 2127 832 2336 872; x_wconf 89' lang='lat' dir='ltr'><strong>meeum</strong></span> <span class='ocrx_word' id='word_1_160' title='bbox 2363 829 2606 884; x_wconf 89' lang='lat' dir='ltr'><strong>manent,</strong></span> <span class='ocrx_word' id='word_1_161' title='bbox 2635 831 2692 875; x_wconf 94' lang='lat' dir='ltr'><strong>ut</strong></span> <span class='ocrx_word' id='word_1_162' title='bbox 2716 822 3026 892; x_wconf 88' lang='lat' dir='ltr'><strong>quicunque</strong></span> <span class='ocrx_word' id='word_1_163' title='bbox 3051 824 3212 879; x_wconf 77' lang='lat' dir='ltr'><strong>habet</strong></span> <span class='ocrx_word' id='word_1_164' title='bbox 3239 825 3466 895; x_wconf 87' lang='lat' dir='ltr'><strong>aliquid,</strong></span> <span class='ocrx_word' id='word_1_165' title='bbox 3489 837 3588 882; x_wconf 91' lang='lat' dir='ltr'><strong>aut</strong></span> 
     </span>
    </p>
   </div>
   <div class='ocr_carea' id='block_1_24' title="bbox 2008 911 3590 982">
    <p class='ocr_par' dir='ltr' id='par_1_24' title="bbox 2008 911 3590 982">
     <span class='ocr_line' id='line_1_24' title="bbox 2008 911 3590 982; baseline 0.008 -23"><span class='ocrx_word' id='word_1_166' title='bbox 2008 911 2224 973; x_wconf 85' lang='lat' dir='ltr'><strong>vendat,</strong></span> <span class='ocrx_word' id='word_1_167' title='bbox 2261 919 2316 964; x_wconf 93' lang='lat' dir='ltr'><strong>et</strong></span> <span class='ocrx_word' id='word_1_168' title='bbox 2341 920 2524 981; x_wconf 77' lang='lat' dir='ltr'><strong>eroget</strong></span> <span class='ocrx_word' id='word_1_169' title='bbox 2565 914 2911 982; x_wconf 86' lang='lat' dir='ltr'><strong>pauperibus,</strong></span> <span class='ocrx_word' id='word_1_170' title='bbox 2955 923 3048 968; x_wconf 82' lang='lat' dir='ltr'><strong>aut</strong></span> <span class='ocrx_word' id='word_1_171' title='bbox 3090 916 3274 981; x_wconf 85' lang='lat' dir='ltr'><strong>donet,</strong></span> <span class='ocrx_word' id='word_1_172' title='bbox 3311 926 3404 970; x_wconf 93' lang='lat' dir='ltr'><strong>aut</strong></span> <span class='ocrx_word' id='word_1_173' title='bbox 3441 933 3590 972; x_wconf 85' lang='lat' dir='ltr'><strong>com-</strong></span> 
     </span>
    </p>
   </div>
   <div class='ocr_carea' id='block_1_25' title="bbox 2009 1000 3590 1075">
    <p class='ocr_par' dir='ltr' id='par_1_25' title="bbox 2009 1000 3590 1075">
     <span class='ocr_line' id='line_1_25' title="bbox 2009 1000 3590 1075; baseline 0.008 -23"><span class='ocrx_word' id='word_1_174' title='bbox 2009 1014 2172 1054; x_wconf 90' lang='lat' dir='ltr'><strong>mune</strong></span> <span class='ocrx_word' id='word_1_175' title='bbox 2200 1000 2326 1054; x_wconf 90' lang='lat' dir='ltr'><strong>illud</strong></span> <span class='ocrx_word' id='word_1_176' title='bbox 2357 1000 2536 1056; x_wconf 85' lang='lat' dir='ltr'><strong>faciat.</strong></span> <span class='ocrx_word' id='word_1_177' title='bbox 2567 1003 2866 1057; x_wconf 79' lang='lat' dir='ltr'><strong>Ecclesium</strong></span> <span class='ocrx_word' id='word_1_178' title='bbox 2905 1005 3126 1070; x_wconf 77' lang='lat' dir='ltr'><strong>habeat,</strong></span> <span class='ocrx_word' id='word_1_179' title='bbox 3160 1021 3256 1074; x_wconf 86' lang='lat' dir='ltr'><strong>per</strong></span> <span class='ocrx_word' id='word_1_180' title='bbox 3285 1023 3444 1075; x_wconf 85' lang='lat' dir='ltr'><strong>quam</strong></span> <span class='ocrx_word' id='word_1_181' title='bbox 3490 1023 3590 1064; x_wconf 83' lang='lat' dir='ltr'><strong>nos</strong></span> 
     </span>
    </p>
   </div>
   <div class='ocr_carea' id='block_1_26' title="bbox 2008 1089 3588 1169">
    <p class='ocr_par' dir='ltr' id='par_1_26' title="bbox 2008 1089 3588 1169">
     <span class='ocr_line' id='line_1_26' title="bbox 2008 1089 3588 1169; baseline 0.008 -26"><span class='ocrx_word' id='word_1_182' title='bbox 2008 1089 2150 1145; x_wconf 87' lang='lat' dir='ltr'><strong>Deus</strong></span> <span class='ocrx_word' id='word_1_183' title='bbox 2170 1094 2360 1161; x_wconf 91' lang='lat' dir='ltr'><strong>pascit.</strong></span> <span class='ocrx_word' id='word_1_184' title='bbox 2381 1094 2442 1148; x_wconf 80' lang='lat' dir='ltr'><strong>Et</strong></span> <span class='ocrx_word' id='word_1_185' title='bbox 2464 1095 2584 1149; x_wconf 88' lang='lat' dir='ltr'><strong>dedi</strong></span> <span class='ocrx_word' id='word_1_186' title='bbox 2609 1097 2918 1151; x_wconf 84' lang='lat' dir='ltr'><strong>dilationem</strong></span> <span class='ocrx_word' id='word_1_187' title='bbox 2943 1115 3113 1168; x_wconf 84' lang='lat' dir='ltr'><strong>usque</strong></span> <span class='ocrx_word' id='word_1_188' title='bbox 3147 1100 3214 1152; x_wconf 88' lang='lat' dir='ltr'><strong>ad</strong></span> <span class='ocrx_word' id='word_1_189' title='bbox 3237 1099 3588 1169; x_wconf 75' lang='lat' dir='ltr'><strong>Epiphaniam</strong></span> 
     </span>
    </p>
   </div>
   <div class='ocr_carea' id='block_1_27' title="bbox 2008 1187 3592 1260">
    <p class='ocr_par' dir='ltr' id='par_1_27' title="bbox 2008 1187 3592 1260">
     <span class='ocr_line' id='line_1_27' title="bbox 2008 1187 3592 1260; baseline 0.006 -24"><span class='ocrx_word' id='word_1_190' title='bbox 2008 1195 2229 1254; x_wconf 85' lang='lat' dir='ltr'><strong>prepter</strong></span> <span class='ocrx_word' id='word_1_191' title='bbox 2257 1201 2372 1250; x_wconf 92' lang='lat' dir='ltr'><strong>eos,</strong></span> <span class='ocrx_word' id='word_1_192' title='bbox 2388 1187 2477 1256; x_wconf 91' lang='lat' dir='ltr'><strong>qui</strong></span> <span class='ocrx_word' id='word_1_193' title='bbox 2494 1188 2576 1242; x_wconf 90' lang='lat' dir='ltr'><strong>vel</strong></span> <span class='ocrx_word' id='word_1_194' title='bbox 2602 1203 2721 1242; x_wconf 88' lang='lat' dir='ltr'><strong>cum</strong></span> <span class='ocrx_word' id='word_1_195' title='bbox 2744 1187 3003 1245; x_wconf 77' lang='lat' dir='ltr'><strong>fratribus</strong></span> <span class='ocrx_word' id='word_1_196' title='bbox 3017 1191 3138 1244; x_wconf 80' lang='lat' dir='ltr'><strong>suis</strong></span> <span class='ocrx_word' id='word_1_197' title='bbox 3156 1205 3256 1244; x_wconf 90' lang='lat' dir='ltr'><strong>non</strong></span> <span class='ocrx_word' id='word_1_198' title='bbox 3274 1191 3592 1260; x_wconf 74' lang='lat' dir='ltr'><strong>diviserunt,</strong></span> 
     </span>
    </p>
   </div>
   <div class='ocr_carea' id='block_1_28' title="bbox 2010 1273 3589 1352">
    <p class='ocr_par' dir='ltr' id='par_1_28' title="bbox 2010 1273 3589 1352">
     <span class='ocr_line' id='line_1_28' title="bbox 2010 1273 3589 1352; baseline 0.007 -24"><span class='ocrx_word' id='word_1_199' title='bbox 2010 1273 2093 1328; x_wconf 89' lang='lat' dir='ltr'><strong>vel</strong></span> <span class='ocrx_word' id='word_1_200' title='bbox 2131 1276 2430 1331; x_wconf 84' lang='lat' dir='ltr'><strong>diviserunt</strong></span> <span class='ocrx_word' id='word_1_201' title='bbox 2449 1280 2664 1348; x_wconf 87' lang='lat' dir='ltr'><strong>quidem</strong></span> <span class='ocrx_word' id='word_1_202' title='bbox 2691 1297 2809 1351; x_wconf 66' lang='lat' dir='ltr'><strong>quae</strong></span> <span class='ocrx_word' id='word_1_203' title='bbox 2837 1282 3032 1336; x_wconf 79' lang='lat' dir='ltr'><strong>habrnt</strong></span> <span class='ocrx_word' id='word_1_204' title='bbox 3058 1285 3198 1352; x_wconf 88' lang='lat' dir='ltr'><strong>apud</strong></span> <span class='ocrx_word' id='word_1_205' title='bbox 3225 1284 3420 1339; x_wconf 85' lang='lat' dir='ltr'><strong>fratres</strong></span> <span class='ocrx_word' id='word_1_206' title='bbox 3439 1300 3589 1350; x_wconf 86' lang='lat' dir='ltr'><strong>suos,</strong></span> 
     </span>
    </p>
   </div>
   <div class='ocr_carea' id='block_1_29' title="bbox 2009 1365 3594 1444">
    <p class='ocr_par' dir='ltr' id='par_1_29' title="bbox 2009 1365 3594 1444">
     <span class='ocr_line' id='line_1_29' title="bbox 2009 1365 3594 1444; baseline 0.006 -24"><span class='ocrx_word' id='word_1_207' title='bbox 2009 1365 2102 1420; x_wconf 83' lang='lat' dir='ltr'><strong>sed</strong></span> <span class='ocrx_word' id='word_1_208' title='bbox 2119 1367 2352 1421; x_wconf 87' lang='lat' dir='ltr'><strong>nondum</strong></span> <span class='ocrx_word' id='word_1_209' title='bbox 2367 1369 2431 1422; x_wconf 92' lang='lat' dir='ltr'><strong>de</strong></span> <span class='ocrx_word' id='word_1_210' title='bbox 2443 1371 2600 1425; x_wconf 92' lang='lat' dir='ltr'><strong>rebus</strong></span> <span class='ocrx_word' id='word_1_211' title='bbox 2616 1372 2729 1426; x_wconf 89' lang='lat' dir='ltr'><strong>suis</strong></span> <span class='ocrx_word' id='word_1_212' title='bbox 2743 1372 2917 1442; x_wconf 86' lang='lat' dir='ltr'><strong>aliqua</strong></span> <span class='ocrx_word' id='word_1_213' title='bbox 2937 1373 2988 1426; x_wconf 87' lang='lat' dir='ltr'><strong>id</strong></span> <span class='ocrx_word' id='word_1_214' title='bbox 3002 1383 3256 1441; x_wconf 87' lang='lat' dir='ltr'><strong>egerunt;</strong></span> <span class='ocrx_word' id='word_1_215' title='bbox 3272 1375 3395 1444; x_wconf 86' lang='lat' dir='ltr'><strong>quia</strong></span> <span class='ocrx_word' id='word_1_216' title='bbox 3409 1390 3594 1444; x_wconf 79' lang='lat' dir='ltr'><strong>exspe-</strong></span> 
     </span>
    </p>
   </div>
   <div class='ocr_carea' id='block_1_30' title="bbox 2009 1454 3590 1532">
    <p class='ocr_par' dir='ltr' id='par_1_30' title="bbox 2009 1454 3590 1532">
     <span class='ocr_line' id='line_1_30' title="bbox 2009 1454 3590 1532; baseline 0.007 -24"><span class='ocrx_word' id='word_1_217' title='bbox 2009 1454 2261 1509; x_wconf 87' lang='lat' dir='ltr'><strong>ctabatur</strong></span> <span class='ocrx_word' id='word_1_218' title='bbox 2308 1465 2440 1510; x_wconf 71' lang='lat' dir='ltr'><strong>actas</strong></span> <span class='ocrx_word' id='word_1_219' title='bbox 2487 1458 2742 1528; x_wconf 86' lang='lat' dir='ltr'><strong>legitima.</strong></span> <span class='ocrx_word' id='word_1_220' title='bbox 2792 1461 3016 1515; x_wconf 84' lang='lat' dir='ltr'><strong>Faciant</strong></span> <span class='ocrx_word' id='word_1_221' title='bbox 3051 1465 3175 1516; x_wconf 83' lang='lat' dir='ltr'><strong>inde</strong></span> <span class='ocrx_word' id='word_1_222' title='bbox 3213 1465 3357 1532; x_wconf 89' lang='lat' dir='ltr'><strong>quod</strong></span> <span class='ocrx_word' id='word_1_223' title='bbox 3383 1465 3590 1530; x_wconf 85' lang='lat' dir='ltr'><strong>volunt,</strong></span> 
     </span>
    </p>
   </div>
   <div class='ocr_carea' id='block_1_31' title="bbox 2010 1543 3593 1621">
    <p class='ocr_par' dir='ltr' id='par_1_31' title="bbox 2010 1543 3593 1621">
     <span class='ocr_line' id='line_1_31' title="bbox 2010 1543 3593 1621; baseline 0.007 -25"><span class='ocrx_word' id='word_1_224' title='bbox 2010 1543 2137 1596; x_wconf 84' lang='lat' dir='ltr'><strong>dum</strong></span> <span class='ocrx_word' id='word_1_225' title='bbox 2180 1550 2360 1598; x_wconf 83' lang='lat' dir='ltr'><strong>tamen</strong></span> <span class='ocrx_word' id='word_1_226' title='bbox 2401 1546 2511 1600; x_wconf 90' lang='lat' dir='ltr'><strong>sint</strong></span> <span class='ocrx_word' id='word_1_227' title='bbox 2541 1561 2805 1616; x_wconf 90' lang='lat' dir='ltr'><strong>pauperes</strong></span> <span class='ocrx_word' id='word_1_228' title='bbox 2847 1564 3082 1615; x_wconf 88' lang='lat' dir='ltr'><strong>mecum,</strong></span> <span class='ocrx_word' id='word_1_229' title='bbox 3131 1551 3288 1603; x_wconf 90' lang='lat' dir='ltr'><strong>simul</strong></span> <span class='ocrx_word' id='word_1_230' title='bbox 3315 1565 3593 1621; x_wconf 72' lang='lat' dir='ltr'><strong>exspecte-</strong></span> 
     </span>
    </p>
   </div>
   <div class='ocr_carea' id='block_1_32' title="bbox 2011 1631 3594 1710">
    <p class='ocr_par' dir='ltr' id='par_1_32' title="bbox 2011 1631 3594 1710">
     <span class='ocr_line' id='line_1_32' title="bbox 2011 1631 3594 1710; baseline 0.008 -26"><span class='ocrx_word' id='word_1_231' title='bbox 2011 1645 2131 1684; x_wconf 90' lang='lat' dir='ltr'><strong>mus</strong></span> <span class='ocrx_word' id='word_1_232' title='bbox 2160 1631 2592 1686; x_wconf 84' lang='lat' dir='ltr'><strong>misericordiam</strong></span> <span class='ocrx_word' id='word_1_233' title='bbox 2630 1635 2747 1688; x_wconf 86' lang='lat' dir='ltr'><strong>Dei.</strong></span> <span class='ocrx_word' id='word_1_234' title='bbox 2797 1635 2853 1690; x_wconf 88' lang='lat' dir='ltr'><strong>Si</strong></span> <span class='ocrx_word' id='word_1_235' title='bbox 2885 1646 3060 1690; x_wconf 90' lang='lat' dir='ltr'><strong>autem</strong></span> <span class='ocrx_word' id='word_1_236' title='bbox 3096 1638 3301 1704; x_wconf 91' lang='lat' dir='ltr'><strong>nolunt,</strong></span> <span class='ocrx_word' id='word_1_237' title='bbox 3331 1641 3422 1710; x_wconf 91' lang='lat' dir='ltr'><strong>qui</strong></span> <span class='ocrx_word' id='word_1_238' title='bbox 3455 1642 3594 1698; x_wconf 88' lang='lat' dir='ltr'><strong>forte</strong></span> 
     </span>
    </p>
   </div>
   <div class='ocr_carea' id='block_1_33' title="bbox 2011 1718 3591 1794">
    <p class='ocr_par' dir='ltr' id='par_1_33' title="bbox 2011 1718 3591 1794">
     <span class='ocr_line' id='line_1_33' title="bbox 2011 1718 3591 1794; baseline 0.007 -20"><span class='ocrx_word' id='word_1_239' title='bbox 2011 1718 2232 1783; x_wconf 82' lang='lat' dir='ltr'><strong>nolunt’,</strong></span> <span class='ocrx_word' id='word_1_240' title='bbox 2265 1730 2412 1774; x_wconf 88' lang='lat' dir='ltr'><strong>certe</strong></span> <span class='ocrx_word' id='word_1_241' title='bbox 2448 1735 2548 1790; x_wconf 90' lang='lat' dir='ltr'><strong>ego</strong></span> <span class='ocrx_word' id='word_1_242' title='bbox 2590 1738 2709 1776; x_wconf 89' lang='lat' dir='ltr'><strong>sum</strong></span> <span class='ocrx_word' id='word_1_243' title='bbox 2739 1724 2831 1793; x_wconf 90' lang='lat' dir='ltr'><strong>qui</strong></span> <span class='ocrx_word' id='word_1_244' title='bbox 2861 1734 3180 1790; x_wconf 79' lang='lat' dir='ltr'><strong>statueram,</strong></span> <span class='ocrx_word' id='word_1_245' title='bbox 3225 1729 3367 1783; x_wconf 89' lang='lat' dir='ltr'><strong>sicut</strong></span> <span class='ocrx_word' id='word_1_246' title='bbox 3397 1734 3591 1794; x_wconf 79' lang='lat' dir='ltr'><strong>nostis,</strong></span> 
     </span>
    </p>
   </div>
   <div class='ocr_carea' id='block_1_34' title="bbox 326 1809 3595 1889">
    <p class='ocr_par' dir='ltr' id='par_1_34' title="bbox 326 1809 3595 1889">
     <span class='ocr_line' id='line_1_34' title="bbox 326 1809 3595 1889; baseline 0.006 -33"><span class='ocrx_word' id='word_1_247' title='bbox 326 1816 527 1870; x_wconf 70' lang='lat' dir='ltr'><strong>ascribi</strong></span> <span class='ocrx_word' id='word_1_248' title='bbox 549 1857 564 1880; x_wconf 66' lang='lat'><strong>’</strong></span> <span class='ocrx_word' id='word_1_249' title='bbox 591 1817 682 1885; x_wconf 77' lang='lat' dir='ltr'><strong>qui</strong></span> <span class='ocrx_word' id='word_1_250' title='bbox 709 1825 763 1871; x_wconf 78' lang='grc' dir='ltr'><strong>οι</strong></span> <span class='ocrx_word' id='word_1_251' title='bbox 809 1815 1089 1886; x_wconf 67' lang='lat' dir='ltr'><strong>coniugem</strong></span> <span class='ocrx_word' id='word_1_252' title='bbox 1109 1819 1228 1874; x_wconf 69' lang='lat' dir='ltr'><strong>viro</strong></span> <span class='ocrx_word' id='word_1_253' title='bbox 1247 1817 1494 1887; x_wconf 59' lang='lat' dir='ltr'><strong>iunxisti,</strong></span> <span class='ocrx_word' id='word_1_254' title='bbox 1522 1829 1576 1874; x_wconf 75' lang='grc' dir='ltr'><strong>ει</strong></span> <span class='ocrx_word' id='word_1_255' title='bbox 1603 1829 1906 1889; x_wconf 65' lang='lat' dir='ltr'><strong>serpentem</strong></span> <span class='ocrx_word' id='word_1_256' title='bbox 1938 1813 1984 1872; x_wconf 79' lang='grc' dir='ltr'><strong>Β</strong></span> <span class='ocrx_word' id='word_1_257' title='bbox 2013 1809 2216 1864; x_wconf 90' lang='lat' dir='ltr'><strong>nullum</strong></span> <span class='ocrx_word' id='word_1_258' title='bbox 2273 1812 2523 1866; x_wconf 89' lang='lat' dir='ltr'><strong>ordinare</strong></span> <span class='ocrx_word' id='word_1_259' title='bbox 2577 1813 2859 1880; x_wconf 75' lang='lat' dir='ltr'><strong>clericum,</strong></span> <span class='ocrx_word' id='word_1_260' title='bbox 2912 1817 3013 1870; x_wconf 78' lang='lat' dir='ltr'><strong>nisi</strong></span> <span class='ocrx_word' id='word_1_261' title='bbox 3065 1818 3154 1886; x_wconf 86' lang='lat' dir='ltr'><strong>qui</strong></span> <span class='ocrx_word' id='word_1_262' title='bbox 3206 1832 3414 1874; x_wconf 88' lang='lat' dir='ltr'><strong>mecum</strong></span> <span class='ocrx_word' id='word_1_263' title='bbox 3464 1823 3595 1878; x_wconf 88' lang='lat' dir='ltr'><strong>velit</strong></span> 
     </span>
    </p>
   </div>
   <div class='ocr_carea' id='block_1_35' title="bbox 329 1905 1911 1976">
    <p class='ocr_par' dir='ltr' id='par_1_35' title="bbox 329 1905 1911 1976">
     <span class='ocr_line' id='line_1_35' title="bbox 329 1905 1911 1976; baseline 0.004 -18"><span class='ocrx_word' id='word_1_264' title='bbox 329 1905 384 1959; x_wconf 94' lang='lat' dir='ltr'><strong>in</strong></span> <span class='ocrx_word' id='word_1_265' title='bbox 415 1908 668 1974; x_wconf 88' lang='lat' dir='ltr'><strong>paradiso</strong></span> <span class='ocrx_word' id='word_1_266' title='bbox 689 1907 831 1962; x_wconf 91' lang='lat' dir='ltr'><strong>inter</strong></span> <span class='ocrx_word' id='word_1_267' title='bbox 852 1909 1099 1962; x_wconf 91' lang='lat' dir='ltr'><strong>homines</strong></span> <span class='ocrx_word' id='word_1_268' title='bbox 1119 1909 1301 1964; x_wconf 89' lang='lat' dir='ltr'><strong>vivere</strong></span> <span class='ocrx_word' id='word_1_269' title='bbox 1330 1910 1639 1965; x_wconf 88' lang='lat' dir='ltr'><strong>decrevisti.</strong></span> <span class='ocrx_word' id='word_1_270' title='bbox 1669 1909 1911 1976; x_wconf 85' lang='lat' dir='ltr'><strong>Quorum</strong></span> 
     </span>
    </p>
   </div>
   <div class='ocr_carea' id='block_1_36' title="bbox 328 1998 1909 2071">
    <p class='ocr_par' dir='ltr' id='par_1_36' title="bbox 328 1998 1909 2071">
     <span class='ocr_line' id='line_1_36' title="bbox 328 1998 1909 2071; baseline 0.003 -23"><span class='ocrx_word' id='word_1_271' title='bbox 328 1998 614 2068; x_wconf 90' lang='lat' dir='ltr'><strong>utriusque</strong></span> <span class='ocrx_word' id='word_1_272' title='bbox 640 2007 896 2070; x_wconf 87' lang='lat' dir='ltr'><strong>tanquam</strong></span> <span class='ocrx_word' id='word_1_273' title='bbox 929 1999 1309 2069; x_wconf 90' lang='lat' dir='ltr'><strong>primischolus</strong></span> <span class='ocrx_word' id='word_1_274' title='bbox 1331 2001 1419 2055; x_wconf 92' lang='lat' dir='ltr'><strong>ille</strong></span> <span class='ocrx_word' id='word_1_275' title='bbox 1445 2002 1742 2071; x_wconf 88' lang='lat' dir='ltr'><strong>discipulus</strong></span> <span class='ocrx_word' id='word_1_276' title='bbox 1769 2008 1909 2064; x_wconf 89' lang='lat' dir='ltr'><strong>erat,</strong></span> 
     </span>
    </p>
   </div>
   <div class='ocr_carea' id='block_1_37' title="bbox 325 2088 1911 2160">
    <p class='ocr_par' dir='ltr' id='par_1_37' title="bbox 325 2088 1911 2160">
     <span class='ocr_line' id='line_1_37' title="bbox 325 2088 1911 2160; baseline 0.003 -20"><span class='ocrx_word' id='word_1_277' title='bbox 325 2089 420 2156; x_wconf 87' lang='lat' dir='ltr'><strong>qui</strong></span> <span class='ocrx_word' id='word_1_278' title='bbox 446 2092 512 2142; x_wconf 89' lang='lat' dir='ltr'><strong>de</strong></span> <span class='ocrx_word' id='word_1_279' title='bbox 534 2088 666 2142; x_wconf 85' lang='lat' dir='ltr'><strong>Abel</strong></span> <span class='ocrx_word' id='word_1_280' title='bbox 692 2089 915 2142; x_wconf 91' lang='lat' dir='ltr'><strong>Domino</strong></span> <span class='ocrx_word' id='word_1_281' title='bbox 939 2090 1229 2158; x_wconf 90' lang='lat' dir='ltr'><strong>requirenti</strong></span> <span class='ocrx_word' id='word_1_282' title='bbox 1258 2091 1533 2160; x_wconf 89' lang='lat' dir='ltr'><strong>respondit</strong></span> <span class='ocrx_word' id='word_1_283' title='bbox 1564 2110 1577 2144; x_wconf 86' lang='lat'><strong>:</strong></span> <span class='ocrx_word' id='word_1_284' title='bbox 1609 2110 1628 2142; x_wconf 73' lang='grc' dir='ltr'><strong>ε</strong></span> <span class='ocrx_word' id='word_1_285' title='bbox 1662 2090 1911 2159; x_wconf 86' lang='lat' dir='ltr'><strong>Nunquid</strong></span> 
     </span>
    </p>
   </div>
   <div class='ocr_carea' id='block_1_38' title="bbox 324 2179 1912 2254">
    <p class='ocr_par' dir='ltr' id='par_1_38' title="bbox 324 2179 1912 2254">
     <span class='ocr_line' id='line_1_38' title="bbox 324 2179 1912 2254; baseline 0.003 -20"><span class='ocrx_word' id='word_1_286' title='bbox 324 2191 515 2236; x_wconf 78' lang='lat' dir='ltr'><strong>custos</strong></span> <span class='ocrx_word' id='word_1_287' title='bbox 542 2179 727 2236; x_wconf 78' lang='lat' dir='ltr'><strong>fratris</strong></span> <span class='ocrx_word' id='word_1_288' title='bbox 756 2182 860 2236; x_wconf 89' lang='lat' dir='ltr'><strong>mei</strong></span> <span class='ocrx_word' id='word_1_289' title='bbox 891 2197 1009 2236; x_wconf 91' lang='lat' dir='ltr'><strong>sum</strong></span> <span class='ocrx_word' id='word_1_290' title='bbox 1048 2183 1182 2253; x_wconf 88' lang='lat' dir='ltr'><strong>ego?</strong></span> <span class='ocrx_word' id='word_1_291' title='bbox 1213 2202 1232 2234; x_wconf 77' lang='grc' dir='ltr'><strong><em>ι</em></strong></span> <span class='ocrx_word' id='word_1_292' title='bbox 1289 2183 1440 2253; x_wconf 79' lang='lat' dir='ltr'><strong>(Gen.</strong></span> <span class='ocrx_word' id='word_1_293' title='bbox 1489 2183 1588 2254; x_wconf 86' lang='lat' dir='ltr'><strong>tv.)</strong></span> <span class='ocrx_word' id='word_1_294' title='bbox 1627 2183 1739 2238; x_wconf 81' lang='lat' dir='ltr'><strong>Hoc</strong></span> <span class='ocrx_word' id='word_1_295' title='bbox 1779 2198 1912 2238; x_wconf 88' lang='lat' dir='ltr'><strong>sane</strong></span> 
     </span>
    </p>
   </div>
   <div class='ocr_carea' id='block_1_39' title="bbox 327 2274 1911 2342">
    <p class='ocr_par' dir='ltr' id='par_1_39' title="bbox 327 2274 1911 2342">
     <span class='ocr_line' id='line_1_39' title="bbox 327 2274 1911 2342; baseline 0.002 -17"><span class='ocrx_word' id='word_1_296' title='bbox 327 2274 668 2342; x_wconf 65' lang='lat' dir='ltr'><strong>praicavebat</strong></span> <span class='ocrx_word' id='word_1_297' title='bbox 697 2274 865 2328; x_wconf 89' lang='lat' dir='ltr'><strong>David</strong></span> <span class='ocrx_word' id='word_1_298' title='bbox 907 2274 1120 2340; x_wconf 86' lang='lat' dir='ltr'><strong>vitium,</strong></span> <span class='ocrx_word' id='word_1_299' title='bbox 1152 2291 1274 2329; x_wconf 92' lang='lat' dir='ltr'><strong>cum</strong></span> <span class='ocrx_word' id='word_1_300' title='bbox 1308 2275 1557 2330; x_wconf 89' lang='lat' dir='ltr'><strong>dicebat:</strong></span> <span class='ocrx_word' id='word_1_301' title='bbox 1609 2294 1628 2326; x_wconf 73' lang='grc' dir='ltr'><strong><em>ι</em></strong></span> <span class='ocrx_word' id='word_1_302' title='bbox 1679 2275 1796 2329; x_wconf 82' lang='grc' dir='ltr'><strong>Νοη</strong></span> <span class='ocrx_word' id='word_1_303' title='bbox 1826 2288 1911 2328; x_wconf 83' lang='lat' dir='ltr'><strong>me</strong></span> 
     </span>
    </p>
   </div>
   <div class='ocr_carea' id='block_1_40' title="bbox 329 2366 1912 2437">
    <p class='ocr_par' dir='ltr' id='par_1_40' title="bbox 329 2366 1912 2437">
     <span class='ocr_line' id='line_1_40' title="bbox 329 2366 1912 2437; baseline 0.003 -20"><span class='ocrx_word' id='word_1_304' title='bbox 329 2366 606 2435; x_wconf 87' lang='lat' dir='ltr'><strong>demergat</strong></span> <span class='ocrx_word' id='word_1_305' title='bbox 637 2375 927 2436; x_wconf 88' lang='lat' dir='ltr'><strong>tempestas</strong></span> <span class='ocrx_word' id='word_1_306' title='bbox 960 2383 1135 2436; x_wconf 78' lang='lat' dir='ltr'><strong>aquae,</strong></span> <span class='ocrx_word' id='word_1_307' title='bbox 1167 2383 1339 2437; x_wconf 89' lang='lat' dir='ltr'><strong>neque</strong></span> <span class='ocrx_word' id='word_1_308' title='bbox 1365 2367 1650 2423; x_wconf 83' lang='lat' dir='ltr'><strong>ahsorheat</strong></span> <span class='ocrx_word' id='word_1_309' title='bbox 1674 2385 1759 2422; x_wconf 91' lang='lat' dir='ltr'><strong>me</strong></span> <span class='ocrx_word' id='word_1_310' title='bbox 1787 2383 1912 2436; x_wconf 80' lang='lat' dir='ltr'><strong>pro-</strong></span> 
     </span>
    </p>
   </div>
   <div class='ocr_carea' id='block_1_41' title="bbox 331 2457 1908 2531">
    <p class='ocr_par' dir='ltr' id='par_1_41' title="bbox 331 2457 1908 2531">
     <span class='ocr_line' id='line_1_41' title="bbox 331 2457 1908 2531; baseline 0.003 -22"><span class='ocrx_word' id='word_1_311' title='bbox 331 2457 578 2522; x_wconf 80' lang='lat' dir='ltr'><strong>fundum,</strong></span> <span class='ocrx_word' id='word_1_312' title='bbox 626 2474 802 2527; x_wconf 89' lang='lat' dir='ltr'><strong>neque</strong></span> <span class='ocrx_word' id='word_1_313' title='bbox 846 2469 1036 2529; x_wconf 88' lang='lat' dir='ltr'><strong>urgeat</strong></span> <span class='ocrx_word' id='word_1_314' title='bbox 1077 2475 1238 2530; x_wconf 83' lang='lat' dir='ltr'><strong>super</strong></span> <span class='ocrx_word' id='word_1_315' title='bbox 1268 2477 1353 2515; x_wconf 89' lang='lat' dir='ltr'><strong>me</strong></span> <span class='ocrx_word' id='word_1_316' title='bbox 1400 2473 1592 2531; x_wconf 89' lang='lat' dir='ltr'><strong>puteus</strong></span> <span class='ocrx_word' id='word_1_317' title='bbox 1635 2477 1696 2515; x_wconf 90' lang='lat' dir='ltr'><strong>os</strong></span> <span class='ocrx_word' id='word_1_318' title='bbox 1752 2477 1908 2514; x_wconf 91' lang='lat' dir='ltr'><strong>suum</strong></span> 
     </span>
    </p>
   </div>
   <div class='ocr_carea' id='block_1_42' title="bbox 331 2546 1909 2621">
    <p class='ocr_par' dir='ltr' id='par_1_42' title="bbox 331 2546 1909 2621">
     <span class='ocr_line' id='line_1_42' title="bbox 331 2546 1909 2621; baseline 0.003 -21"><span class='ocrx_word' id='word_1_319' title='bbox 331 2546 503 2618; x_wconf 71' lang='lat' dir='ltr'><strong>(Paul.</strong></span> <span class='ocrx_word' id='word_1_320' title='bbox 533 2552 744 2618; x_wconf 77' lang='lat' dir='ltr'><strong>vatn).</strong></span> <span class='ocrx_word' id='word_1_321' title='bbox 786 2568 802 2600; x_wconf 74' lang='grc' dir='ltr'><strong><em>ι</em></strong></span> <span class='ocrx_word' id='word_1_322' title='bbox 853 2550 986 2603; x_wconf 85' lang='lat' dir='ltr'><strong>Nam</strong></span> <span class='ocrx_word' id='word_1_323' title='bbox 1026 2566 1149 2604; x_wconf 91' lang='lat' dir='ltr'><strong>cum</strong></span> <span class='ocrx_word' id='word_1_324' title='bbox 1198 2559 1385 2618; x_wconf 90' lang='lat' dir='ltr'><strong>peccat</strong></span> <span class='ocrx_word' id='word_1_325' title='bbox 1438 2552 1618 2613; x_wconf 89' lang='lat' dir='ltr'><strong>homo,</strong></span> <span class='ocrx_word' id='word_1_326' title='bbox 1667 2551 1824 2621; x_wconf 88' lang='lat' dir='ltr'><strong>quasi</strong></span> <span class='ocrx_word' id='word_1_327' title='bbox 1856 2551 1909 2605; x_wconf 93' lang='lat' dir='ltr'><strong>in</strong></span> 
     </span>
    </p>
   </div>
   <div class='ocr_carea' id='block_1_43' title="bbox 327 2638 1911 2713">
    <p class='ocr_par' dir='ltr' id='par_1_43' title="bbox 327 2638 1911 2713">
     <span class='ocr_line' id='line_1_43' title="bbox 327 2638 1911 2713; baseline 0.005 -25"><span class='ocrx_word' id='word_1_328' title='bbox 327 2647 550 2707; x_wconf 87' lang='lat' dir='ltr'><strong>puteum</strong></span> <span class='ocrx_word' id='word_1_329' title='bbox 585 2638 818 2704; x_wconf 84' lang='lat' dir='ltr'><strong>labitur;</strong></span> <span class='ocrx_word' id='word_1_330' title='bbox 849 2656 973 2695; x_wconf 92' lang='lat' dir='ltr'><strong>cum</strong></span> <span class='ocrx_word' id='word_1_331' title='bbox 1013 2655 1140 2696; x_wconf 90' lang='lat' dir='ltr'><strong>vero</strong></span> <span class='ocrx_word' id='word_1_332' title='bbox 1167 2651 1386 2711; x_wconf 86' lang='lat' dir='ltr'><strong>peccata</strong></span> <span class='ocrx_word' id='word_1_333' title='bbox 1427 2641 1686 2707; x_wconf 79' lang='lat' dir='ltr'><strong>defendit,</strong></span> <span class='ocrx_word' id='word_1_334' title='bbox 1721 2658 1782 2696; x_wconf 92' lang='lat' dir='ltr'><strong>os</strong></span> <span class='ocrx_word' id='word_1_335' title='bbox 1813 2659 1911 2713; x_wconf 84' lang='lat' dir='ltr'><strong>pu-</strong></span> 
     </span>
    </p>
   </div>
   <div class='ocr_carea' id='block_1_44' title="bbox 331 2729 1912 2802">
    <p class='ocr_par' dir='ltr' id='par_1_44' title="bbox 331 2729 1912 2802">
     <span class='ocr_line' id='line_1_44' title="bbox 331 2729 1912 2802; baseline 0.004 -21"><span class='ocrx_word' id='word_1_336' title='bbox 331 2729 403 2782; x_wconf 84' lang='lat' dir='ltr'><strong>tei</strong></span> <span class='ocrx_word' id='word_1_337' title='bbox 434 2744 594 2798; x_wconf 91' lang='lat' dir='ltr'><strong>super</strong></span> <span class='ocrx_word' id='word_1_338' title='bbox 621 2745 742 2783; x_wconf 88' lang='lat' dir='ltr'><strong>eum</strong></span> <span class='ocrx_word' id='word_1_339' title='bbox 777 2745 841 2784; x_wconf 88' lang='lat' dir='ltr'><strong>ne</strong></span> <span class='ocrx_word' id='word_1_340' title='bbox 884 2739 1068 2800; x_wconf 83' lang='lat' dir='ltr'><strong>pateat</strong></span> <span class='ocrx_word' id='word_1_341' title='bbox 1092 2747 1364 2801; x_wconf 84' lang='lat' dir='ltr'><strong>egressus,</strong></span> <span class='ocrx_word' id='word_1_342' title='bbox 1411 2742 1653 2802; x_wconf 79' lang='lat' dir='ltr'><strong>urgetur.</strong></span> <span class='ocrx_word' id='word_1_343' title='bbox 1693 2732 1912 2788; x_wconf 87' lang='lat' dir='ltr'><strong>Corruit</strong></span> 
     </span>
    </p>
   </div>
   <div class='ocr_carea' id='block_1_45' title="bbox 326 2819 1914 2890">
    <p class='ocr_par' dir='ltr' id='par_1_45' title="bbox 326 2819 1914 2890">
     <span class='ocr_line' id='line_1_45' title="bbox 326 2819 1914 2890; baseline 0.001 -17"><span class='ocrx_word' id='word_1_344' title='bbox 326 2834 462 2887; x_wconf 71' lang='lat' dir='ltr'><strong>ergo</strong></span> <span class='ocrx_word' id='word_1_345' title='bbox 490 2819 541 2872; x_wconf 94' lang='lat' dir='ltr'><strong>in</strong></span> <span class='ocrx_word' id='word_1_346' title='bbox 573 2829 788 2889; x_wconf 88' lang='lat' dir='ltr'><strong>puteum</strong></span> <span class='ocrx_word' id='word_1_347' title='bbox 834 2821 995 2875; x_wconf 90' lang='lat' dir='ltr'><strong>homo</strong></span> <span class='ocrx_word' id='word_1_348' title='bbox 1029 2836 1152 2875; x_wconf 90' lang='lat' dir='ltr'><strong>cum</strong></span> <span class='ocrx_word' id='word_1_349' title='bbox 1200 2831 1408 2890; x_wconf 88' lang='lat' dir='ltr'><strong>peccat,</strong></span> <span class='ocrx_word' id='word_1_350' title='bbox 1449 2823 1651 2875; x_wconf 85' lang='lat' dir='ltr'><strong>claudit</strong></span> <span class='ocrx_word' id='word_1_351' title='bbox 1677 2837 1806 2876; x_wconf 85' lang='lat' dir='ltr'><strong>vero</strong></span> <span class='ocrx_word' id='word_1_352' title='bbox 1837 2823 1914 2875; x_wconf 88' lang='lat' dir='ltr'><strong>si-</strong></span> 
     </span>
    </p>
   </div>
   <div class='ocr_carea' id='block_1_46' title="bbox 330 2909 1916 2982">
    <p class='ocr_par' dir='ltr' id='par_1_46' title="bbox 330 2909 1916 2982">
     <span class='ocr_line' id='line_1_46' title="bbox 330 2909 1916 2982; baseline 0.003 -20"><span class='ocrx_word' id='word_1_353' title='bbox 330 2909 500 2964; x_wconf 89' lang='lat' dir='ltr'><strong>bimet</strong></span> <span class='ocrx_word' id='word_1_354' title='bbox 527 2926 590 2965; x_wconf 90' lang='lat' dir='ltr'><strong>os</strong></span> <span class='ocrx_word' id='word_1_355' title='bbox 635 2913 778 2980; x_wconf 82' lang='lat' dir='ltr'><strong>putei</strong></span> <span class='ocrx_word' id='word_1_356' title='bbox 807 2911 936 2965; x_wconf 91' lang='lat' dir='ltr'><strong>dum</strong></span> <span class='ocrx_word' id='word_1_357' title='bbox 985 2922 1228 2968; x_wconf 86' lang='lat' dir='ltr'><strong>excusat.</strong></span> <span class='ocrx_word' id='word_1_358' title='bbox 1276 2913 1352 2967; x_wconf 83' lang='lat' dir='ltr'><strong>Ex</strong></span> <span class='ocrx_word' id='word_1_359' title='bbox 1401 2913 1502 2966; x_wconf 89' lang='lat' dir='ltr'><strong>hac</strong></span> <span class='ocrx_word' id='word_1_360' title='bbox 1542 2928 1702 2982; x_wconf 90' lang='lat' dir='ltr'><strong>porro</strong></span> <span class='ocrx_word' id='word_1_361' title='bbox 1729 2912 1916 2967; x_wconf 88' lang='lat' dir='ltr'><strong>defen-</strong></span> 
     </span>
    </p>
   </div>
   <div class='ocr_carea' id='block_1_47' title="bbox 330 3001 1912 3066">
    <p class='ocr_par' dir='ltr' id='par_1_47' title="bbox 330 3001 1912 3066">
     <span class='ocr_line' id='line_1_47' title="bbox 330 3001 1912 3066; baseline 0.003 -12"><span class='ocrx_word' id='word_1_362' title='bbox 330 3001 506 3066; x_wconf 89' lang='lat' dir='ltr'><strong>sione,</strong></span> <span class='ocrx_word' id='word_1_363' title='bbox 555 3001 639 3056; x_wconf 78' lang='lat' dir='ltr'><strong>vel</strong></span> <span class='ocrx_word' id='word_1_364' title='bbox 683 3003 1030 3058; x_wconf 86' lang='lat' dir='ltr'><strong>excusatione</strong></span> <span class='ocrx_word' id='word_1_365' title='bbox 1084 3004 1332 3060; x_wconf 82' lang='lat' dir='ltr'><strong>criminis</strong></span> <span class='ocrx_word' id='word_1_366' title='bbox 1386 3004 1608 3058; x_wconf 78' lang='lat' dir='ltr'><strong>lueresis</strong></span> <span class='ocrx_word' id='word_1_367' title='bbox 1655 3005 1912 3058; x_wconf 89' lang='lat' dir='ltr'><strong>nascitur.</strong></span> 
     </span>
    </p>
   </div>
   <div class='ocr_carea' id='block_1_48' title="bbox 329 3091 1915 3166">
    <p class='ocr_par' dir='ltr' id='par_1_48' title="bbox 329 3091 1915 3166">
     <span class='ocr_line' id='line_1_48' title="bbox 329 3091 1915 3166; baseline 0.003 -20"><span class='ocrx_word' id='word_1_368' title='bbox 329 3091 568 3148; x_wconf 62' lang='lat' dir='ltr'><strong>llarresis</strong></span> <span class='ocrx_word' id='word_1_369' title='bbox 610 3093 752 3148; x_wconf 88' lang='lat' dir='ltr'><strong>enim</strong></span> <span class='ocrx_word' id='word_1_370' title='bbox 804 3094 1193 3164; x_wconf 88' lang='lat' dir='ltr'><strong>interpretatur</strong></span> <span class='ocrx_word' id='word_1_371' title='bbox 1234 3097 1438 3150; x_wconf 83' lang='lat' dir='ltr'><strong>electio.</strong></span> <span class='ocrx_word' id='word_1_372' title='bbox 1492 3096 1557 3149; x_wconf 85' lang='lat' dir='ltr'><strong>Et</strong></span> <span class='ocrx_word' id='word_1_373' title='bbox 1606 3097 1729 3151; x_wconf 89' lang='lat' dir='ltr'><strong>dum</strong></span> <span class='ocrx_word' id='word_1_374' title='bbox 1773 3097 1915 3166; x_wconf 88' lang='lat' dir='ltr'><strong>quod</strong></span> 
     </span>
    </p>
   </div>
   <div class='ocr_carea' id='block_1_49' title="bbox 2014 1902 3596 1978">
    <p class='ocr_par' dir='ltr' id='par_1_49' title="bbox 2014 1902 3596 1978">
     <span class='ocr_line' id='line_1_49' title="bbox 2014 1902 3596 1978; baseline 0.011 -26"><span class='ocrx_word' id='word_1_375' title='bbox 2014 1915 2263 1965; x_wconf 88' lang='lat' dir='ltr'><strong>manere;</strong></span> <span class='ocrx_word' id='word_1_376' title='bbox 2296 1911 2354 1955; x_wconf 89' lang='lat' dir='ltr'><strong>ut</strong></span> <span class='ocrx_word' id='word_1_377' title='bbox 2383 1902 2427 1956; x_wconf 91' lang='lat' dir='ltr'><strong>si</strong></span> <span class='ocrx_word' id='word_1_378' title='bbox 2470 1902 2628 1958; x_wconf 88' lang='lat' dir='ltr'><strong>vellet</strong></span> <span class='ocrx_word' id='word_1_379' title='bbox 2673 1905 2976 1960; x_wconf 89' lang='lat' dir='ltr'><strong>desciscere</strong></span> <span class='ocrx_word' id='word_1_380' title='bbox 3015 1923 3046 1961; x_wconf 89' lang='lat' dir='ltr'><strong>a</strong></span> <span class='ocrx_word' id='word_1_381' title='bbox 3101 1911 3398 1978; x_wconf 90' lang='lat' dir='ltr'><strong>proposito,</strong></span> <span class='ocrx_word' id='word_1_382' title='bbox 3447 1922 3596 1970; x_wconf 74' lang='lat' dir='ltr'><strong>recte</strong></span> 
     </span>
    </p>
   </div>
   <div class='ocr_carea' id='block_1_50' title="bbox 2012 1989 3596 2064">
    <p class='ocr_par' dir='ltr' id='par_1_50' title="bbox 2012 1989 3596 2064">
     <span class='ocr_line' id='line_1_50' title="bbox 2012 1989 3596 2064; baseline 0.01 -21"><span class='ocrx_word' id='word_1_383' title='bbox 2012 1989 2089 2044; x_wconf 87' lang='lat' dir='ltr'><strong>illi</strong></span> <span class='ocrx_word' id='word_1_384' title='bbox 2119 1990 2358 2045; x_wconf 78' lang='lat' dir='ltr'><strong>tollerem</strong></span> <span class='ocrx_word' id='word_1_385' title='bbox 2380 1992 2717 2060; x_wconf 75' lang='lat' dir='ltr'><strong>clericatum,</strong></span> <span class='ocrx_word' id='word_1_386' title='bbox 2748 1996 2872 2064; x_wconf 89' lang='lat' dir='ltr'><strong>quia</strong></span> <span class='ocrx_word' id='word_1_387' title='bbox 2898 1997 3172 2052; x_wconf 73' lang='lat' dir='ltr'><strong>desereret</strong></span> <span class='ocrx_word' id='word_1_388' title='bbox 3193 2009 3396 2056; x_wconf 78' lang='lat' dir='ltr'><strong>sancta:</strong></span> <span class='ocrx_word' id='word_1_389' title='bbox 3421 2003 3596 2058; x_wconf 54' lang='lat' dir='ltr'><strong>socie.</strong></span> 
     </span>
    </p>
   </div>
   <div class='ocr_carea' id='block_1_51' title="bbox 2014 2081 3600 2155">
    <p class='ocr_par' dir='ltr' id='par_1_51' title="bbox 2014 2081 3600 2155">
     <span class='ocr_line' id='line_1_51' title="bbox 2014 2081 3600 2155; baseline 0.01 -23"><span class='ocrx_word' id='word_1_390' title='bbox 2014 2081 2140 2134; x_wconf 88' lang='lat' dir='ltr'><strong>tatis</strong></span> <span class='ocrx_word' id='word_1_391' title='bbox 2183 2083 2544 2150; x_wconf 84' lang='lat' dir='ltr'><strong>promissum,</strong></span> <span class='ocrx_word' id='word_1_392' title='bbox 2598 2093 2914 2155; x_wconf 82' lang='lat' dir='ltr'><strong>certumque</strong></span> <span class='ocrx_word' id='word_1_393' title='bbox 2967 2091 3318 2144; x_wconf 82' lang='lat' dir='ltr'><strong>consortium.</strong></span> <span class='ocrx_word' id='word_1_394' title='bbox 3372 2092 3510 2146; x_wconf 81' lang='lat' dir='ltr'><strong>Ecce</strong></span> <span class='ocrx_word' id='word_1_395' title='bbox 3541 2093 3600 2148; x_wconf 76' lang='lat' dir='ltr'><strong>in</strong></span> 
     </span>
    </p>
   </div>
   <div class='ocr_carea' id='block_1_52' title="bbox 2011 2171 3597 2250">
    <p class='ocr_par' dir='ltr' id='par_1_52' title="bbox 2011 2171 3597 2250">
     <span class='ocr_line' id='line_1_52' title="bbox 2011 2171 3597 2250; baseline 0.009 -26"><span class='ocrx_word' id='word_1_396' title='bbox 2011 2179 2300 2239; x_wconf 89' lang='lat' dir='ltr'><strong>conspectu</strong></span> <span class='ocrx_word' id='word_1_397' title='bbox 2324 2171 2440 2237; x_wconf 90' lang='lat' dir='ltr'><strong>Dei,</strong></span> <span class='ocrx_word' id='word_1_398' title='bbox 2472 2181 2527 2228; x_wconf 90' lang='lat' dir='ltr'><strong>et</strong></span> <span class='ocrx_word' id='word_1_399' title='bbox 2552 2183 2755 2241; x_wconf 89' lang='lat' dir='ltr'><strong>vestro,</strong></span> <span class='ocrx_word' id='word_1_400' title='bbox 2781 2186 2932 2232; x_wconf 91' lang='lat' dir='ltr'><strong>muto</strong></span> <span class='ocrx_word' id='word_1_401' title='bbox 2953 2180 3270 2244; x_wconf 80' lang='lat' dir='ltr'><strong>consilium;</strong></span> <span class='ocrx_word' id='word_1_402' title='bbox 3295 2182 3387 2250; x_wconf 93' lang='lat' dir='ltr'><strong>qui</strong></span> <span class='ocrx_word' id='word_1_403' title='bbox 3413 2183 3597 2239; x_wconf 90' lang='lat' dir='ltr'><strong>volunt</strong></span> 
     </span>
    </p>
   </div>
   <div class='ocr_carea' id='block_1_53' title="bbox 2010 2259 3600 2338">
    <p class='ocr_par' dir='ltr' id='par_1_53' title="bbox 2010 2259 3600 2338">
     <span class='ocr_line' id='line_1_53' title="bbox 2010 2259 3600 2338; baseline 0.012 -23"><span class='ocrx_word' id='word_1_404' title='bbox 2010 2259 2212 2316; x_wconf 85' lang='lat' dir='ltr'><strong>habere</strong></span> <span class='ocrx_word' id='word_1_405' title='bbox 2237 2263 2438 2333; x_wconf 86' lang='lat' dir='ltr'><strong>aliquid</strong></span> <span class='ocrx_word' id='word_1_406' title='bbox 2463 2266 2760 2336; x_wconf 82' lang='lat' dir='ltr'><strong>preprium,</strong></span> <span class='ocrx_word' id='word_1_407' title='bbox 2791 2269 2986 2338; x_wconf 88' lang='lat' dir='ltr'><strong>quibus</strong></span> <span class='ocrx_word' id='word_1_408' title='bbox 3014 2287 3118 2326; x_wconf 90' lang='lat' dir='ltr'><strong>non</strong></span> <span class='ocrx_word' id='word_1_409' title='bbox 3149 2272 3345 2328; x_wconf 68' lang='lat' dir='ltr'><strong>sufficit</strong></span> <span class='ocrx_word' id='word_1_410' title='bbox 3369 2277 3512 2331; x_wconf 91' lang='lat' dir='ltr'><strong>Deus</strong></span> <span class='ocrx_word' id='word_1_411' title='bbox 3541 2289 3600 2334; x_wconf 86' lang='lat' dir='ltr'><strong>et</strong></span> 
     </span>
    </p>
   </div>
   <div class='ocr_carea' id='block_1_54' title="bbox 2011 2353 3596 2437">
    <p class='ocr_par' dir='ltr' id='par_1_54' title="bbox 2011 2353 3596 2437">
     <span class='ocr_line' id='line_1_54' title="bbox 2011 2353 3596 2437; baseline 0.012 -30"><span class='ocrx_word' id='word_1_412' title='bbox 2011 2353 2249 2409; x_wconf 82' lang='lat' dir='ltr'><strong>Ecclesia</strong></span> <span class='ocrx_word' id='word_1_413' title='bbox 2281 2354 2428 2425; x_wconf 84' lang='lat' dir='ltr'><strong>ejus,</strong></span> <span class='ocrx_word' id='word_1_414' title='bbox 2468 2369 2723 2414; x_wconf 89' lang='lat' dir='ltr'><strong>maneant</strong></span> <span class='ocrx_word' id='word_1_415' title='bbox 2765 2361 2855 2420; x_wconf 87' lang='lat' dir='ltr'><strong>ubi</strong></span> <span class='ocrx_word' id='word_1_416' title='bbox 2886 2363 3070 2419; x_wconf 92' lang='lat' dir='ltr'><strong>volunt</strong></span> <span class='ocrx_word' id='word_1_417' title='bbox 3099 2376 3152 2420; x_wconf 92' lang='lat' dir='ltr'><strong>et</strong></span> <span class='ocrx_word' id='word_1_418' title='bbox 3197 2369 3284 2420; x_wconf 87' lang='lat' dir='ltr'><strong>ubi</strong></span> <span class='ocrx_word' id='word_1_419' title='bbox 3333 2381 3596 2437; x_wconf 90' lang='lat' dir='ltr'><strong>possunt;</strong></span> 
     </span>
    </p>
   </div>
   <div class='ocr_carea' id='block_1_55' title="bbox 2010 2447 3602 2532">
    <p class='ocr_par' dir='ltr' id='par_1_55' title="bbox 2010 2447 3602 2532">
     <span class='ocr_line' id='line_1_55' title="bbox 2010 2447 3602 2532; baseline 0.012 -34"><span class='ocrx_word' id='word_1_420' title='bbox 2010 2460 2116 2499; x_wconf 80' lang='lat' dir='ltr'><strong>non</strong></span> <span class='ocrx_word' id='word_1_421' title='bbox 2168 2447 2248 2500; x_wconf 91' lang='lat' dir='ltr'><strong>eis</strong></span> <span class='ocrx_word' id='word_1_422' title='bbox 2275 2447 2462 2504; x_wconf 74' lang='lat' dir='ltr'><strong>aufero</strong></span> <span class='ocrx_word' id='word_1_423' title='bbox 2500 2449 2840 2519; x_wconf 89' lang='lat' dir='ltr'><strong>clericatum,</strong></span> <span class='ocrx_word' id='word_1_424' title='bbox 2881 2457 2974 2509; x_wconf 78' lang='lat' dir='ltr'><strong>sel</strong></span> <span class='ocrx_word' id='word_1_425' title='bbox 3020 2457 3143 2512; x_wconf 87' lang='lat' dir='ltr'><strong>nolo</strong></span> <span class='ocrx_word' id='word_1_426' title='bbox 3188 2459 3388 2514; x_wconf 86' lang='lat' dir='ltr'><strong>habere</strong></span> <span class='ocrx_word' id='word_1_427' title='bbox 3433 2463 3602 2532; x_wconf 78' lang='lat' dir='ltr'><strong>hypo-</strong></span> 
     </span>
    </p>
   </div>
   <div class='ocr_carea' id='block_1_56' title="bbox 2011 2535 3599 2610">
    <p class='ocr_par' dir='ltr' id='par_1_56' title="bbox 2011 2535 3599 2610">
     <span class='ocr_line' id='line_1_56' title="bbox 2011 2535 3599 2610; baseline 0.009 -19"><span class='ocrx_word' id='word_1_428' title='bbox 2011 2535 2194 2591; x_wconf 86' lang='lat' dir='ltr'><strong>critas.</strong></span> <span class='ocrx_word' id='word_1_429' title='bbox 2225 2536 2422 2591; x_wconf 82' lang='lat' dir='ltr'><strong>Malum</strong></span> <span class='ocrx_word' id='word_1_430' title='bbox 2455 2540 2653 2610; x_wconf 89' lang='lat' dir='ltr'><strong>quippe</strong></span> <span class='ocrx_word' id='word_1_431' title='bbox 2689 2551 2775 2594; x_wconf 92' lang='lat' dir='ltr'><strong>est</strong></span> <span class='ocrx_word' id='word_1_432' title='bbox 2801 2542 2958 2599; x_wconf 85' lang='lat' dir='ltr'><strong>talem</strong></span> <span class='ocrx_word' id='word_1_433' title='bbox 2989 2545 3124 2610; x_wconf 88' lang='lat' dir='ltr'><strong>fore,</strong></span> <span class='ocrx_word' id='word_1_434' title='bbox 3169 2549 3370 2602; x_wconf 85' lang='lat' dir='ltr'><strong>malum</strong></span> <span class='ocrx_word' id='word_1_435' title='bbox 3399 2561 3480 2604; x_wconf 89' lang='lat' dir='ltr'><strong>est</strong></span> <span class='ocrx_word' id='word_1_436' title='bbox 3509 2566 3599 2604; x_wconf 79' lang='lat' dir='ltr'><strong>ca-</strong></span> 
     </span>
    </p>
   </div>
   <div class='ocr_carea' id='block_1_57' title="bbox 2011 2623 3595 2709">
    <p class='ocr_par' dir='ltr' id='par_1_57' title="bbox 2011 2623 3595 2709">
     <span class='ocr_line' id='line_1_57' title="bbox 2011 2623 3595 2709; baseline 0.011 -31"><span class='ocrx_word' id='word_1_437' title='bbox 2011 2623 2140 2680; x_wconf 89' lang='lat' dir='ltr'><strong>dere</strong></span> <span class='ocrx_word' id='word_1_438' title='bbox 2167 2640 2200 2680; x_wconf 75' lang='lat' dir='ltr'><strong>a</strong></span> <span class='ocrx_word' id='word_1_439' title='bbox 2223 2629 2521 2698; x_wconf 90' lang='lat' dir='ltr'><strong>proposito,</strong></span> <span class='ocrx_word' id='word_1_440' title='bbox 2552 2631 2644 2684; x_wconf 87' lang='lat' dir='ltr'><strong>sed</strong></span> <span class='ocrx_word' id='word_1_441' title='bbox 2668 2631 2822 2701; x_wconf 85' lang='lat' dir='ltr'><strong>pejus</strong></span> <span class='ocrx_word' id='word_1_442' title='bbox 2848 2643 2931 2688; x_wconf 90' lang='lat' dir='ltr'><strong>est</strong></span> <span class='ocrx_word' id='word_1_443' title='bbox 2959 2636 3215 2692; x_wconf 89' lang='lat' dir='ltr'><strong>sinmlare</strong></span> <span class='ocrx_word' id='word_1_444' title='bbox 3241 2642 3595 2709; x_wconf 71' lang='lat' dir='ltr'><strong>propositum.</strong></span> 
     </span>
    </p>
   </div>
   <div class='ocr_carea' id='block_1_58' title="bbox 2013 2716 3596 2803">
    <p class='ocr_par' dir='ltr' id='par_1_58' title="bbox 2013 2716 3596 2803">
     <span class='ocr_line' id='line_1_58' title="bbox 2013 2716 3596 2803; baseline 0.013 -33"><span class='ocrx_word' id='word_1_445' title='bbox 2013 2716 2152 2772; x_wconf 83' lang='lat' dir='ltr'><strong>Ecce</strong></span> <span class='ocrx_word' id='word_1_446' title='bbox 2180 2718 2300 2773; x_wconf 87' lang='lat' dir='ltr'><strong>dico</strong></span> <span class='ocrx_word' id='word_1_447' title='bbox 2329 2721 2491 2785; x_wconf 90' lang='lat' dir='ltr'><strong>cadit,</strong></span> <span class='ocrx_word' id='word_1_448' title='bbox 2529 2724 2620 2792; x_wconf 90' lang='lat' dir='ltr'><strong>qui</strong></span> <span class='ocrx_word' id='word_1_449' title='bbox 2657 2723 2972 2780; x_wconf 90' lang='lat' dir='ltr'><strong>societatem</strong></span> <span class='ocrx_word' id='word_1_450' title='bbox 3003 2732 3306 2784; x_wconf 88' lang='lat' dir='ltr'><strong>communis</strong></span> <span class='ocrx_word' id='word_1_451' title='bbox 3332 2731 3459 2787; x_wconf 73' lang='lat' dir='ltr'><strong>vitm</strong></span> <span class='ocrx_word' id='word_1_452' title='bbox 3483 2733 3596 2803; x_wconf 76' lang='lat' dir='ltr'><strong>jam</strong></span> 
     </span>
    </p>
   </div>
   <div class='ocr_carea' id='block_1_59' title="bbox 2015 2813 3602 2887">
    <p class='ocr_par' dir='ltr' id='par_1_59' title="bbox 2015 2813 3602 2887">
     <span class='ocr_line' id='line_1_59' title="bbox 2015 2813 3602 2887; baseline 0.011 -25"><span class='ocrx_word' id='word_1_453' title='bbox 2015 2820 2348 2878; x_wconf 90' lang='lat' dir='ltr'><strong>susceptam,</strong></span> <span class='ocrx_word' id='word_1_454' title='bbox 2398 2825 2518 2881; x_wconf 79' lang='lat' dir='ltr'><strong>qua:</strong></span> <span class='ocrx_word' id='word_1_455' title='bbox 2562 2813 2816 2868; x_wconf 86' lang='lat' dir='ltr'><strong>laudatur</strong></span> <span class='ocrx_word' id='word_1_456' title='bbox 2855 2817 2908 2870; x_wconf 93' lang='lat' dir='ltr'><strong>in</strong></span> <span class='ocrx_word' id='word_1_457' title='bbox 2960 2820 3325 2887; x_wconf 83' lang='lat' dir='ltr'><strong>apostolorum</strong></span> <span class='ocrx_word' id='word_1_458' title='bbox 3375 2823 3602 2879; x_wconf 76' lang='lat' dir='ltr'><strong>Actibus</strong></span> 
     </span>
    </p>
   </div>
   <div class='ocr_carea' id='block_1_60' title="bbox 2016 2898 3603 2982">
    <p class='ocr_par' dir='ltr' id='par_1_60' title="bbox 2016 2898 3603 2982">
     <span class='ocr_line' id='line_1_60' title="bbox 2016 2898 3603 2982; baseline 0.015 -32"><span class='ocrx_word' id='word_1_459' title='bbox 2016 2898 2157 2961; x_wconf 77' lang='lat' dir='ltr'><strong>(Act.</strong></span> <span class='ocrx_word' id='word_1_460' title='bbox 2206 2903 2282 2970; x_wconf 86' lang='lat' dir='ltr'><strong>tv)</strong></span> <span class='ocrx_word' id='word_1_461' title='bbox 2322 2901 2557 2964; x_wconf 87' lang='lat' dir='ltr'><strong>deserit;</strong></span> <span class='ocrx_word' id='word_1_462' title='bbox 2609 2903 2754 2960; x_wconf 90' lang='lat' dir='ltr'><strong>bono</strong></span> <span class='ocrx_word' id='word_1_463' title='bbox 2810 2921 2910 2960; x_wconf 90' lang='lat' dir='ltr'><strong>suo</strong></span> <span class='ocrx_word' id='word_1_464' title='bbox 2967 2911 3135 2974; x_wconf 83' lang='lat' dir='ltr'><strong>cadit,</strong></span> <span class='ocrx_word' id='word_1_465' title='bbox 3182 2927 3212 2964; x_wconf 91' lang='lat' dir='ltr'><strong>a</strong></span> <span class='ocrx_word' id='word_1_466' title='bbox 3269 2913 3603 2982; x_wconf 73' lang='lat' dir='ltr'><strong>professione</strong></span> 
     </span>
    </p>
   </div>
   <div class='ocr_carea' id='block_1_61' title="bbox 2017 2989 3595 3065">
    <p class='ocr_par' dir='ltr' id='par_1_61' title="bbox 2017 2989 3595 3065">
     <span class='ocr_line' id='line_1_61' title="bbox 2017 2989 3595 3065; baseline 0.011 -23"><span class='ocrx_word' id='word_1_467' title='bbox 2017 2998 2202 3043; x_wconf 90' lang='lat' dir='ltr'><strong>sancta</strong></span> <span class='ocrx_word' id='word_1_468' title='bbox 2218 2989 2386 3045; x_wconf 85' lang='lat' dir='ltr'><strong>cadit.</strong></span> <span class='ocrx_word' id='word_1_469' title='bbox 2410 2991 2956 3062; x_wconf 80' lang='lat' dir='ltr'><strong>ObservetJudicem,</strong></span> <span class='ocrx_word' id='word_1_470' title='bbox 2981 3002 3074 3054; x_wconf 89' lang='lat' dir='ltr'><strong>sed</strong></span> <span class='ocrx_word' id='word_1_471' title='bbox 3104 3001 3292 3065; x_wconf 90' lang='lat' dir='ltr'><strong>Deum,</strong></span> <span class='ocrx_word' id='word_1_472' title='bbox 3317 3020 3423 3058; x_wconf 90' lang='lat' dir='ltr'><strong>non</strong></span> <span class='ocrx_word' id='word_1_473' title='bbox 3447 3021 3550 3060; x_wconf 90' lang='lat' dir='ltr'><strong>me.</strong></span> <span class='ocrx_word' id='word_1_474' title='bbox 3575 3026 3595 3059; x_wconf 84' lang='lat' dir='ltr'><strong>s</strong></span> 
     </span>
    </p>
   </div>
   <div class='ocr_carea' id='block_1_62' title="bbox 2018 3079 3600 3162">
    <p class='ocr_par' dir='ltr' id='par_1_62' title="bbox 2018 3079 3600 3162">
     <span class='ocr_line' id='line_1_62' title="bbox 2018 3079 3600 3162; baseline 0.01 -28"><span class='ocrx_word' id='word_1_475' title='bbox 2018 3079 2087 3134; x_wconf 85' lang='lat' dir='ltr'><strong>Et</strong></span> <span class='ocrx_word' id='word_1_476' title='bbox 2117 3080 2275 3149; x_wconf 80' lang='lat' dir='ltr'><strong>paulo</strong></span> <span class='ocrx_word' id='word_1_477' title='bbox 2304 3089 2426 3149; x_wconf 88' lang='lat' dir='ltr'><strong>post</strong></span> <span class='ocrx_word' id='word_1_478' title='bbox 2461 3099 2475 3135; x_wconf 90' lang='lat'><strong>:</strong></span> <span class='ocrx_word' id='word_1_479' title='bbox 2523 3101 2540 3132; x_wconf 80' lang='grc' dir='ltr'>ι</span> <span class='ocrx_word' id='word_1_480' title='bbox 2583 3084 2684 3150; x_wconf 86' lang='lat' dir='ltr'><strong>Qui</strong></span> <span class='ocrx_word' id='word_1_481' title='bbox 2725 3101 2934 3141; x_wconf 89' lang='lat' dir='ltr'><strong>mecum</strong></span> <span class='ocrx_word' id='word_1_482' title='bbox 2983 3106 3200 3145; x_wconf 90' lang='lat' dir='ltr'><strong>manere</strong></span> <span class='ocrx_word' id='word_1_483' title='bbox 3244 3093 3378 3162; x_wconf 86' lang='lat' dir='ltr'><strong>vult,</strong></span> <span class='ocrx_word' id='word_1_484' title='bbox 3422 3095 3467 3149; x_wconf 94' lang='lat' dir='ltr'><strong>si</strong></span> <span class='ocrx_word' id='word_1_485' title='bbox 3501 3111 3600 3162; x_wconf 81' lang='lat' dir='ltr'><strong>pa-</strong></span> 
     </span>
    </p>
   </div>
   <div class='ocr_carea' id='block_1_63' title="bbox 327 3173 1934 3255">
    <p class='ocr_par' dir='ltr' id='par_1_63' title="bbox 327 3185 1917 3255">
     <span class='ocr_line' id='line_1_63' title="bbox 327 3185 1917 3255; baseline 0.004 -17"><span class='ocrx_word' id='word_1_486' title='bbox 327 3185 503 3254; x_wconf 77' lang='lat' dir='ltr'><strong>eligit,</strong></span> <span class='ocrx_word' id='word_1_487' title='bbox 551 3186 674 3255; x_wconf 89' lang='lat' dir='ltr'><strong>quis</strong></span> <span class='ocrx_word' id='word_1_488' title='bbox 699 3186 988 3242; x_wconf 87' lang='lat' dir='ltr'><strong>defendere</strong></span> <span class='ocrx_word' id='word_1_489' title='bbox 1035 3189 1241 3252; x_wconf 88' lang='lat' dir='ltr'><strong>nititur,</strong></span> <span class='ocrx_word' id='word_1_490' title='bbox 1292 3190 1482 3245; x_wconf 89' lang='lat' dir='ltr'><strong>relicto</strong></span> <span class='ocrx_word' id='word_1_491' title='bbox 1514 3191 1757 3244; x_wconf 84' lang='lat' dir='ltr'><strong>veritatis</strong></span> <span class='ocrx_word' id='word_1_492' title='bbox 1807 3200 1917 3245; x_wconf 84' lang='lat' dir='ltr'><strong>tra-</strong></span> 
     </span>
    </p>
   </div>
   <div class='ocr_carea' id='block_1_64' title="bbox 2015 3173 3606 3255">
    <p class='ocr_par' dir='ltr' id='par_1_64' title="bbox 2023 3173 3606 3252">
     <span class='ocr_line' id='line_1_64' title="bbox 2023 3173 3606 3252; baseline 0.011 -28"><span class='ocrx_word' id='word_1_493' title='bbox 2023 3182 2172 3226; x_wconf 84' lang='lat' dir='ltr'><strong>ratus</strong></span> <span class='ocrx_word' id='word_1_494' title='bbox 2196 3181 2279 3226; x_wconf 91' lang='lat' dir='ltr'><strong>est</strong></span> <span class='ocrx_word' id='word_1_495' title='bbox 2308 3173 2454 3241; x_wconf 82' lang='lat' dir='ltr'><strong>pasci</strong></span> <span class='ocrx_word' id='word_1_496' title='bbox 2482 3188 2513 3226; x_wconf 91' lang='lat' dir='ltr'><strong>a</strong></span> <span class='ocrx_word' id='word_1_497' title='bbox 2539 3173 2650 3228; x_wconf 85' lang='lat' dir='ltr'><strong>Deo</strong></span> <span class='ocrx_word' id='word_1_498' title='bbox 2696 3189 2793 3244; x_wconf 91' lang='lat' dir='ltr'><strong>per</strong></span> <span class='ocrx_word' id='word_1_499' title='bbox 2819 3178 3117 3234; x_wconf 75' lang='lat' dir='ltr'><strong>Ecclesium</strong></span> <span class='ocrx_word' id='word_1_500' title='bbox 3144 3182 3331 3252; x_wconf 89' lang='lat' dir='ltr'><strong>ipsius,</strong></span> <span class='ocrx_word' id='word_1_501' title='bbox 3362 3201 3468 3239; x_wconf 90' lang='lat' dir='ltr'><strong>non</strong></span> <span class='ocrx_word' id='word_1_502' title='bbox 3504 3187 3606 3241; x_wconf 36' lang='lat' dir='ltr'><strong>hae</strong></span> 
     </span>
    </p>
   </div>
   <div class='ocr_carea' id='block_1_65' title="bbox 329 3273 1916 3350">
    <p class='ocr_par' dir='ltr' id='par_1_65' title="bbox 329 3273 1916 3350">
     <span class='ocr_line' id='line_1_65' title="bbox 329 3273 1916 3350; baseline 0.005 -24"><span class='ocrx_word' id='word_1_503' title='bbox 329 3273 484 3336; x_wconf 81' lang='lat' dir='ltr'><strong>snite,</strong></span> <span class='ocrx_word' id='word_1_504' title='bbox 511 3275 635 3345; x_wconf 86' lang='lat' dir='ltr'><strong>quia</strong></span> <span class='ocrx_word' id='word_1_505' title='bbox 662 3291 758 3345; x_wconf 83' lang='lat' dir='ltr'><strong>per</strong></span> <span class='ocrx_word' id='word_1_506' title='bbox 781 3277 1003 3347; x_wconf 89' lang='lat' dir='ltr'><strong>abrupta</strong></span> <span class='ocrx_word' id='word_1_507' title='bbox 1029 3279 1266 3347; x_wconf 87' lang='lat' dir='ltr'><strong>perversi</strong></span> <span class='ocrx_word' id='word_1_508' title='bbox 1308 3279 1584 3348; x_wconf 82' lang='lat' dir='ltr'><strong>dogmatis</strong></span> <span class='ocrx_word' id='word_1_509' title='bbox 1599 3280 1826 3350; x_wconf 87' lang='lat' dir='ltr'><strong>rapitur,</strong></span> <span class='ocrx_word' id='word_1_510' title='bbox 1863 3281 1916 3335; x_wconf 90' lang='lat' dir='ltr'><strong>in</strong></span> 
     </span>
    </p>
   </div>
   <div class='ocr_carea' id='block_1_66' title="bbox 331 3365 1920 3440">
    <p class='ocr_par' dir='ltr' id='par_1_66' title="bbox 331 3365 1920 3440">
     <span class='ocr_line' id='line_1_66' title="bbox 331 3365 1920 3440; baseline 0.004 -20"><span class='ocrx_word' id='word_1_511' title='bbox 331 3365 582 3421; x_wconf 60' lang='lat' dir='ltr'><strong>heresim</strong></span> <span class='ocrx_word' id='word_1_512' title='bbox 628 3384 848 3424; x_wconf 86' lang='lat' dir='ltr'><strong>necesse</strong></span> <span class='ocrx_word' id='word_1_513' title='bbox 893 3378 977 3424; x_wconf 89' lang='lat' dir='ltr'><strong>est</strong></span> <span class='ocrx_word' id='word_1_514' title='bbox 1009 3370 1341 3440; x_wconf 88' lang='lat' dir='ltr'><strong>prolabatur.</strong></span> <span class='ocrx_word' id='word_1_515' title='bbox 1397 3371 1511 3427; x_wconf 79' lang='lat' dir='ltr'><strong>Hoc</strong></span> <span class='ocrx_word' id='word_1_516' title='bbox 1553 3383 1734 3427; x_wconf 89' lang='lat' dir='ltr'><strong>autem</strong></span> <span class='ocrx_word' id='word_1_517' title='bbox 1778 3372 1920 3427; x_wconf 89' lang='lat' dir='ltr'><strong>inter</strong></span> 
     </span>
    </p>
   </div>
   <div class='ocr_carea' id='block_1_67' title="bbox 331 3461 1919 3534">
    <p class='ocr_par' dir='ltr' id='par_1_67' title="bbox 331 3461 1919 3534">
     <span class='ocr_line' id='line_1_67' title="bbox 331 3461 1919 3534; baseline 0.006 -25"><span class='ocrx_word' id='word_1_518' title='bbox 331 3466 672 3524; x_wconf 89' lang='lat' dir='ltr'><strong>peceatorem</strong></span> <span class='ocrx_word' id='word_1_519' title='bbox 701 3470 756 3513; x_wconf 89' lang='lat' dir='ltr'><strong>et</strong></span> <span class='ocrx_word' id='word_1_520' title='bbox 783 3461 1093 3515; x_wconf 79' lang='lat' dir='ltr'><strong>hacreticum</strong></span> <span class='ocrx_word' id='word_1_521' title='bbox 1131 3462 1339 3516; x_wconf 86' lang='lat' dir='ltr'><strong>distat:</strong></span> <span class='ocrx_word' id='word_1_522' title='bbox 1380 3463 1507 3532; x_wconf 87' lang='lat' dir='ltr'><strong>quia</strong></span> <span class='ocrx_word' id='word_1_523' title='bbox 1554 3472 1810 3534; x_wconf 85' lang='lat' dir='ltr'><strong>peccator</strong></span> <span class='ocrx_word' id='word_1_524' title='bbox 1836 3472 1919 3519; x_wconf 87' lang='lat' dir='ltr'><strong>est</strong></span> 
     </span>
    </p>
   </div>
   <div class='ocr_carea' id='block_1_68' title="bbox 329 3547 1920 3623">
    <p class='ocr_par' dir='ltr' id='par_1_68' title="bbox 329 3547 1920 3623">
     <span class='ocr_line' id='line_1_68' title="bbox 329 3547 1920 3623; baseline 0.005 -23"><span class='ocrx_word' id='word_1_525' title='bbox 329 3547 424 3616; x_wconf 80' lang='lat' dir='ltr'><strong>qui</strong></span> <span class='ocrx_word' id='word_1_526' title='bbox 461 3547 742 3618; x_wconf 85' lang='lat' dir='ltr'><strong>delinquit,</strong></span> <span class='ocrx_word' id='word_1_527' title='bbox 798 3551 1084 3606; x_wconf 59' lang='lat' dir='ltr'><strong>hereticus</strong></span> <span class='ocrx_word' id='word_1_528' title='bbox 1127 3559 1307 3606; x_wconf 88' lang='lat' dir='ltr'><strong>autem</strong></span> <span class='ocrx_word' id='word_1_529' title='bbox 1363 3553 1456 3622; x_wconf 89' lang='lat' dir='ltr'><strong>qui</strong></span> <span class='ocrx_word' id='word_1_530' title='bbox 1509 3564 1792 3622; x_wconf 79' lang='lat' dir='ltr'><strong>peccaturo</strong></span> <span class='ocrx_word' id='word_1_531' title='bbox 1823 3568 1920 3623; x_wconf 90' lang='lat' dir='ltr'><strong>per</strong></span> 
     </span>
    </p>
   </div>
   <div class='ocr_carea' id='block_1_69' title="bbox 331 3637 1918 3713">
    <p class='ocr_par' dir='ltr' id='par_1_69' title="bbox 331 3637 1918 3713">
     <span class='ocr_line' id='line_1_69' title="bbox 331 3637 1918 3713; baseline 0.008 -26"><span class='ocrx_word' id='word_1_532' title='bbox 331 3651 558 3704; x_wconf 88' lang='lat' dir='ltr'><strong>pravum</strong></span> <span class='ocrx_word' id='word_1_533' title='bbox 593 3637 786 3708; x_wconf 80' lang='lat' dir='ltr'><strong>dogma</strong></span> <span class='ocrx_word' id='word_1_534' title='bbox 814 3639 1070 3694; x_wconf 87' lang='lat' dir='ltr'><strong>defendit.</strong></span> <span class='ocrx_word' id='word_1_535' title='bbox 1104 3639 1212 3694; x_wconf 80' lang='lat' dir='ltr'><strong>Nos</strong></span> <span class='ocrx_word' id='word_1_536' title='bbox 1239 3649 1447 3706; x_wconf 90' lang='lat' dir='ltr'><strong>autem,</strong></span> <span class='ocrx_word' id='word_1_537' title='bbox 1477 3642 1602 3710; x_wconf 89' lang='lat' dir='ltr'><strong>quia</strong></span> <span class='ocrx_word' id='word_1_538' title='bbox 1630 3643 1918 3713; x_wconf 70' lang='lat' dir='ltr'><strong>magistros</strong></span> 
     </span>
    </p>
   </div>
   <div class='ocr_carea' id='block_1_70' title="bbox 333 3727 1918 3802">
    <p class='ocr_par' dir='ltr' id='par_1_70' title="bbox 333 3727 1918 3802">
     <span class='ocr_line' id='line_1_70' title="bbox 333 3727 1918 3802; baseline 0.004 -21"><span class='ocrx_word' id='word_1_539' title='bbox 333 3727 594 3784; x_wconf 74' lang='lat' dir='ltr'><strong>habemus</strong></span> <span class='ocrx_word' id='word_1_540' title='bbox 623 3739 838 3785; x_wconf 89' lang='lat' dir='ltr'><strong>sanctos</strong></span> <span class='ocrx_word' id='word_1_541' title='bbox 867 3731 1157 3800; x_wconf 88' lang='lat' dir='ltr'><strong>apostolos,</strong></span> <span class='ocrx_word' id='word_1_542' title='bbox 1183 3741 1238 3786; x_wconf 90' lang='lat' dir='ltr'><strong>et</strong></span> <span class='ocrx_word' id='word_1_543' title='bbox 1267 3733 1591 3802; x_wconf 88' lang='lat' dir='ltr'><strong>apostolicos</strong></span> <span class='ocrx_word' id='word_1_544' title='bbox 1623 3734 1786 3792; x_wconf 80' lang='lat' dir='ltr'><strong>viros.</strong></span> <span class='ocrx_word' id='word_1_545' title='bbox 1811 3749 1918 3788; x_wconf 88' lang='lat' dir='ltr'><strong>non</strong></span> 
     </span>
    </p>
   </div>
   <div class='ocr_carea' id='block_1_71' title="bbox 330 3819 1918 3893">
    <p class='ocr_par' dir='ltr' id='par_1_71' title="bbox 330 3819 1918 3893">
     <span class='ocr_line' id='line_1_71' title="bbox 330 3819 1918 3893; baseline 0.004 -21"><span class='ocrx_word' id='word_1_546' title='bbox 330 3819 590 3873; x_wconf 82' lang='lat' dir='ltr'><strong>debemus</strong></span> <span class='ocrx_word' id='word_1_547' title='bbox 635 3821 779 3889; x_wconf 90' lang='lat' dir='ltr'><strong>quod</strong></span> <span class='ocrx_word' id='word_1_548' title='bbox 830 3822 981 3875; x_wconf 90' lang='lat' dir='ltr'><strong>nobis</strong></span> <span class='ocrx_word' id='word_1_549' title='bbox 1027 3823 1240 3876; x_wconf 92' lang='lat' dir='ltr'><strong>videtur</strong></span> <span class='ocrx_word' id='word_1_550' title='bbox 1274 3823 1502 3892; x_wconf 83' lang='lat' dir='ltr'><strong>eligere;</strong></span> <span class='ocrx_word' id='word_1_551' title='bbox 1546 3838 1722 3892; x_wconf 89' lang='lat' dir='ltr'><strong>neque</strong></span> <span class='ocrx_word' id='word_1_552' title='bbox 1773 3824 1918 3893; x_wconf 77' lang='lat' dir='ltr'><strong>quod</strong></span> 
     </span>
    </p>
   </div>
   <div class='ocr_carea' id='block_1_72' title="bbox 331 3911 1917 3984">
    <p class='ocr_par' dir='ltr' id='par_1_72' title="bbox 331 3911 1917 3984">
     <span class='ocr_line' id='line_1_72' title="bbox 331 3911 1917 3984; baseline 0.004 -20"><span class='ocrx_word' id='word_1_553' title='bbox 331 3911 500 3965; x_wconf 84' lang='lat' dir='ltr'><strong>semel</strong></span> <span class='ocrx_word' id='word_1_554' title='bbox 529 3913 759 3967; x_wconf 87' lang='lat' dir='ltr'><strong>electum</strong></span> <span class='ocrx_word' id='word_1_555' title='bbox 809 3923 888 3968; x_wconf 89' lang='lat' dir='ltr'><strong>est</strong></span> <span class='ocrx_word' id='word_1_556' title='bbox 943 3914 1214 3969; x_wconf 87' lang='lat' dir='ltr'><strong>obstinate</strong></span> <span class='ocrx_word' id='word_1_557' title='bbox 1244 3925 1299 3969; x_wconf 89' lang='lat' dir='ltr'><strong>et</strong></span> <span class='ocrx_word' id='word_1_558' title='bbox 1327 3916 1686 3984; x_wconf 77' lang='lat' dir='ltr'><strong>pervicaciter</strong></span> <span class='ocrx_word' id='word_1_559' title='bbox 1732 3915 1917 3971; x_wconf 80' lang='lat' dir='ltr'><strong>defen-</strong></span> 
     </span>
    </p>
   </div>
   <div class='ocr_carea' id='block_1_73' title="bbox 333 4001 1919 4074">
    <p class='ocr_par' dir='ltr' id='par_1_73' title="bbox 333 4001 1919 4074">
     <span class='ocr_line' id='line_1_73' title="bbox 333 4001 1919 4074; baseline 0.004 -21"><span class='ocrx_word' id='word_1_560' title='bbox 333 4015 485 4064; x_wconf 87' lang='lat' dir='ltr'><strong>sare;</strong></span> <span class='ocrx_word' id='word_1_561' title='bbox 517 4001 610 4055; x_wconf 90' lang='lat' dir='ltr'><strong>sed</strong></span> <span class='ocrx_word' id='word_1_562' title='bbox 655 4002 741 4056; x_wconf 89' lang='lat' dir='ltr'><strong>his</strong></span> <span class='ocrx_word' id='word_1_563' title='bbox 789 4003 1070 4067; x_wconf 82' lang='lat' dir='ltr'><strong>duntaxat,</strong></span> <span class='ocrx_word' id='word_1_564' title='bbox 1122 4019 1242 4072; x_wconf 83' lang='lat' dir='ltr'><strong>quae</strong></span> <span class='ocrx_word' id='word_1_565' title='bbox 1285 4019 1315 4058; x_wconf 90' lang='lat' dir='ltr'><strong>a</strong></span> <span class='ocrx_word' id='word_1_566' title='bbox 1375 4004 1616 4074; x_wconf 87' lang='lat' dir='ltr'><strong>probatis</strong></span> <span class='ocrx_word' id='word_1_567' title='bbox 1664 4005 1919 4061; x_wconf 67' lang='lat' dir='ltr'><strong>Ecclesiae</strong></span> 
     </span>
    </p>
   </div>
   <div class='ocr_carea' id='block_1_74' title="bbox 333 4094 1888 4162">
    <p class='ocr_par' dir='ltr' id='par_1_74' title="bbox 333 4094 1888 4162">
     <span class='ocr_line' id='line_1_74' title="bbox 333 4094 1888 4162; baseline 0.003 -16"><span class='ocrx_word' id='word_1_568' title='bbox 333 4094 646 4150; x_wconf 86' lang='lat' dir='ltr'><strong>doctoribus</strong></span> <span class='ocrx_word' id='word_1_569' title='bbox 685 4096 904 4150; x_wconf 78' lang='lat' dir='ltr'><strong>definita</strong></span> <span class='ocrx_word' id='word_1_570' title='bbox 944 4106 1091 4162; x_wconf 92' lang='lat' dir='ltr'><strong>sunt,</strong></span> <span class='ocrx_word' id='word_1_571' title='bbox 1127 4096 1284 4151; x_wconf 78' lang='lat' dir='ltr'><strong>fidem</strong></span> <span class='ocrx_word' id='word_1_572' title='bbox 1321 4097 1792 4152; x_wconf 86' lang='lat' dir='ltr'><strong>irretractabiliter</strong></span> <span class='ocrx_word' id='word_1_573' title='bbox 1819 4096 1888 4151; x_wconf 85' lang='lat' dir='ltr'><strong>ad</strong></span> 
     </span>
    </p>
   </div>
   <div class='ocr_carea' id='block_1_75' title="bbox 334 4187 542 4240">
    <p class='ocr_par' dir='ltr' id='par_1_75' title="bbox 334 4187 542 4240">
     <span class='ocr_line' id='line_1_75' title="bbox 334 4187 542 4240; baseline 0 0"><span class='ocrx_word' id='word_1_574' title='bbox 334 4187 542 4240; x_wconf 89' lang='lat' dir='ltr'><strong>hiherc.</strong></span> 
     </span>
    </p>
   </div>
   <div class='ocr_carea' id='block_1_76' title="bbox 846 4279 1405 4336">
    <p class='ocr_par' dir='ltr' id='par_1_76' title="bbox 846 4279 1405 4336">
     <span class='ocr_line' id='line_1_76' title="bbox 846 4279 1405 4336; baseline 0.002 -3"><span class='ocrx_word' id='word_1_575' title='bbox 846 4279 1074 4335; x_wconf 76' lang='lat' dir='ltr'><strong>CAPUT</strong></span> <span class='ocrx_word' id='word_1_576' title='bbox 1112 4279 1405 4336; x_wconf 76' lang='lat' dir='ltr'><strong>PRIMUM.</strong></span> 
     </span>
    </p>
   </div>
   <div class='ocr_carea' id='block_1_77' title="bbox 335 4383 1921 4468">
    <p class='ocr_par' dir='ltr' id='par_1_77' title="bbox 335 4383 1921 4468">
     <span class='ocr_line' id='line_1_77' title="bbox 335 4383 1921 4468; baseline 0.001 -29"><span class='ocrx_word' id='word_1_577' title='bbox 335 4383 614 4455; x_wconf 74' lang='lat' dir='ltr'><strong>Oppugnat</strong></span> <span class='ocrx_word' id='word_1_578' title='bbox 652 4385 814 4439; x_wconf 79' lang='lat' dir='ltr'><strong>verbis</strong></span> <span class='ocrx_word' id='word_1_579' title='bbox 859 4387 1026 4468; x_wconf 76' lang='lat' dir='ltr'><strong>sancti</strong></span> <span class='ocrx_word' id='word_1_580' title='bbox 1079 4387 1357 4456; x_wconf 79' lang='lat' dir='ltr'><strong>Augustini</strong></span> <span class='ocrx_word' id='word_1_581' title='bbox 1405 4385 1748 4458; x_wconf 80' lang='lat' dir='ltr'><strong>pertinacium</strong></span> <span class='ocrx_word' id='word_1_582' title='bbox 1817 4385 1921 4440; x_wconf 82' lang='lat' dir='ltr'><strong>cle-</strong></span> 
     </span>
    </p>
   </div>
   <div class='ocr_carea' id='block_1_78' title="bbox 975 4473 1224 4510">
    <p class='ocr_par' dir='ltr' id='par_1_78' title="bbox 975 4473 1224 4510">
     <span class='ocr_line' id='line_1_78' title="bbox 975 4473 1224 4510; baseline 0.008 -2"><span class='ocrx_word' id='word_1_583' title='bbox 975 4473 1224 4510; x_wconf 81' lang='lat' dir='ltr'><strong>rtcorum.</strong></span> 
     </span>
    </p>
   </div>
   <div class='ocr_carea' id='block_1_79' title="bbox 2017 3263 3596 3345">
    <p class='ocr_par' dir='ltr' id='par_1_79' title="bbox 2017 3263 3596 3345">
     <span class='ocr_line' id='line_1_79' title="bbox 2017 3263 3596 3345; baseline 0.009 -28"><span class='ocrx_word' id='word_1_584' title='bbox 2017 3263 2146 3318; x_wconf 89' lang='lat' dir='ltr'><strong>bere</strong></span> <span class='ocrx_word' id='word_1_585' title='bbox 2171 3263 2372 3332; x_wconf 87' lang='lat' dir='ltr'><strong>aliquid</strong></span> <span class='ocrx_word' id='word_1_586' title='bbox 2403 3266 2711 3334; x_wconf 84' lang='lat' dir='ltr'><strong>proprium;</strong></span> <span class='ocrx_word' id='word_1_587' title='bbox 2745 3269 2840 3323; x_wconf 88' lang='lat' dir='ltr'><strong>sed</strong></span> <span class='ocrx_word' id='word_1_588' title='bbox 2865 3280 2960 3324; x_wconf 89' lang='lat' dir='ltr'><strong>aut</strong></span> <span class='ocrx_word' id='word_1_589' title='bbox 2985 3286 3212 3342; x_wconf 77' lang='lat' dir='ltr'><strong>erogare</strong></span> <span class='ocrx_word' id='word_1_590' title='bbox 3253 3277 3596 3345; x_wconf 88' lang='lat' dir='ltr'><strong>pauperibus,</strong></span> 
     </span>
    </p>
   </div>
   <div class='ocr_carea' id='block_1_80' title="bbox 2017 3356 3600 3440">
    <p class='ocr_par' dir='ltr' id='par_1_80' title="bbox 2017 3356 3600 3440">
     <span class='ocr_line' id='line_1_80' title="bbox 2017 3356 3600 3440; baseline 0.013 -33"><span class='ocrx_word' id='word_1_591' title='bbox 2017 3363 2109 3414; x_wconf 86' lang='lat' dir='ltr'><strong>aut</strong></span> <span class='ocrx_word' id='word_1_592' title='bbox 2149 3356 2204 3411; x_wconf 89' lang='lat' dir='ltr'><strong>in</strong></span> <span class='ocrx_word' id='word_1_593' title='bbox 2233 3372 2521 3412; x_wconf 87' lang='lat' dir='ltr'><strong>commune</strong></span> <span class='ocrx_word' id='word_1_594' title='bbox 2565 3360 2805 3426; x_wconf 89' lang='lat' dir='ltr'><strong>mittere,</strong></span> <span class='ocrx_word' id='word_1_595' title='bbox 2841 3375 3055 3419; x_wconf 88' lang='lat' dir='ltr'><strong>maneat</strong></span> <span class='ocrx_word' id='word_1_596' title='bbox 3079 3382 3286 3422; x_wconf 92' lang='lat' dir='ltr'><strong>mecum</strong></span> <span class='ocrx_word' id='word_1_597' title='bbox 3319 3387 3334 3423; x_wconf 90' lang='lat'><strong>:</strong></span> <span class='ocrx_word' id='word_1_598' title='bbox 3373 3372 3464 3440; x_wconf 89' lang='lat' dir='ltr'><strong>qui</strong></span> <span class='ocrx_word' id='word_1_599' title='bbox 3495 3373 3600 3428; x_wconf 92' lang='lat' dir='ltr'><strong>hoc</strong></span> 
     </span>
    </p>
   </div>
   <div class='ocr_carea' id='block_1_81' title="bbox 2017 3447 3599 3517">
    <p class='ocr_par' dir='ltr' id='par_1_81' title="bbox 2017 3447 3599 3517">
     <span class='ocr_line' id='line_1_81' title="bbox 2017 3447 3599 3517; baseline 0.009 -15"><span class='ocrx_word' id='word_1_600' title='bbox 2017 3462 2124 3502; x_wconf 90' lang='lat' dir='ltr'><strong>non</strong></span> <span class='ocrx_word' id='word_1_601' title='bbox 2154 3447 2289 3511; x_wconf 89' lang='lat' dir='ltr'><strong>vult,</strong></span> <span class='ocrx_word' id='word_1_602' title='bbox 2322 3448 2518 3504; x_wconf 86' lang='lat' dir='ltr'><strong>habeat</strong></span> <span class='ocrx_word' id='word_1_603' title='bbox 2549 3450 2852 3508; x_wconf 80' lang='lat' dir='ltr'><strong>libertatem</strong></span> <span class='ocrx_word' id='word_1_604' title='bbox 2879 3473 2891 3508; x_wconf 91' lang='lat'><strong>:</strong></span> <span class='ocrx_word' id='word_1_605' title='bbox 2931 3456 3024 3510; x_wconf 89' lang='lat' dir='ltr'><strong>sed</strong></span> <span class='ocrx_word' id='word_1_606' title='bbox 3065 3459 3247 3513; x_wconf 73' lang='lat' dir='ltr'><strong>videat</strong></span> <span class='ocrx_word' id='word_1_607' title='bbox 3291 3473 3468 3515; x_wconf 89' lang='lat' dir='ltr'><strong>utrum</strong></span> <span class='ocrx_word' id='word_1_608' title='bbox 3499 3463 3599 3517; x_wconf 81' lang='lat' dir='ltr'><strong>ha-</strong></span> 
     </span>
    </p>
   </div>
   <div class='ocr_carea' id='block_1_82' title="bbox 2019 3537 3136 3609">
    <p class='ocr_par' dir='ltr' id='par_1_82' title="bbox 2019 3537 3136 3609">
     <span class='ocr_line' id='line_1_82' title="bbox 2019 3537 3136 3609; baseline 0.008 -15"><span class='ocrx_word' id='word_1_609' title='bbox 2019 3537 2148 3594; x_wconf 77' lang='lat' dir='ltr'><strong>bere</strong></span> <span class='ocrx_word' id='word_1_610' title='bbox 2183 3540 2358 3609; x_wconf 83' lang='lat' dir='ltr'><strong>possit</strong></span> <span class='ocrx_word' id='word_1_611' title='bbox 2385 3539 2660 3598; x_wconf 87' lang='lat' dir='ltr'><strong>felicitatis</strong></span> <span class='ocrx_word' id='word_1_612' title='bbox 2703 3547 3084 3602; x_wconf 71' lang='lat' dir='ltr'><strong>mternitatem.</strong></span> <span class='ocrx_word' id='word_1_613' title='bbox 3117 3570 3136 3602; x_wconf 75' lang='grc' dir='ltr'><strong><em>ι</em></strong></span> 
     </span>
    </p>
   </div>
   <div class='ocr_carea' id='block_1_83' title="bbox 2088 3626 3602 3708">
    <p class='ocr_par' dir='ltr' id='par_1_83' title="bbox 2088 3626 3602 3708">
     <span class='ocr_line' id='line_1_83' title="bbox 2088 3626 3602 3708; baseline 0.013 -26"><span class='ocrx_word' id='word_1_614' title='bbox 2088 3626 2146 3682; x_wconf 89' lang='lat' dir='ltr'><strong>lu</strong></span> <span class='ocrx_word' id='word_1_615' title='bbox 2192 3631 2430 3686; x_wconf 88' lang='lat' dir='ltr'><strong>secundo</strong></span> <span class='ocrx_word' id='word_1_616' title='bbox 2475 3648 2690 3701; x_wconf 85' lang='lat' dir='ltr'><strong>quoque</strong></span> <span class='ocrx_word' id='word_1_617' title='bbox 2738 3633 2976 3702; x_wconf 76' lang='lat' dir='ltr'><strong>ejusdem</strong></span> <span class='ocrx_word' id='word_1_618' title='bbox 3027 3642 3206 3708; x_wconf 87' lang='lat' dir='ltr'><strong>operis</strong></span> <span class='ocrx_word' id='word_1_619' title='bbox 3248 3657 3496 3701; x_wconf 74' lang='lat' dir='ltr'><strong>se&#39;mone</strong></span> <span class='ocrx_word' id='word_1_620' title='bbox 3523 3647 3602 3701; x_wconf 87' lang='lat' dir='ltr'><strong>sie</strong></span> 
     </span>
    </p>
   </div>
   <div class='ocr_carea' id='block_1_84' title="bbox 2019 3720 3604 3806">
    <p class='ocr_par' dir='ltr' id='par_1_84' title="bbox 2019 3720 3604 3806">
     <span class='ocr_line' id='line_1_84' title="bbox 2019 3720 3604 3806; baseline 0.014 -34"><span class='ocrx_word' id='word_1_621' title='bbox 2019 3720 2095 3792; x_wconf 85' lang='lat' dir='ltr'><strong>ait</strong></span> <span class='ocrx_word' id='word_1_622' title='bbox 2124 3738 2137 3773; x_wconf 88' lang='lat'><strong>:</strong></span> <span class='ocrx_word' id='word_1_623' title='bbox 2182 3738 2200 3771; x_wconf 74' lang='grc' dir='ltr'>ι</span> <span class='ocrx_word' id='word_1_624' title='bbox 2240 3722 2498 3792; x_wconf 81' lang='lat' dir='ltr'><strong>Quisquis</strong></span> <span class='ocrx_word' id='word_1_625' title='bbox 2536 3740 2660 3782; x_wconf 76' lang='lat' dir='ltr'><strong>cum</strong></span> <span class='ocrx_word' id='word_1_626' title='bbox 2692 3727 2963 3797; x_wconf 73' lang='lat' dir='ltr'><strong>hypocrisi</strong></span> <span class='ocrx_word' id='word_1_627' title='bbox 2993 3732 3207 3796; x_wconf 82' lang='lat' dir='ltr'><strong>vixerit,</strong></span> <span class='ocrx_word' id='word_1_628' title='bbox 3237 3737 3482 3806; x_wconf 86' lang='lat' dir='ltr'><strong>quisquis</strong></span> <span class='ocrx_word' id='word_1_629' title='bbox 3521 3739 3604 3793; x_wconf 55' lang='lat' dir='ltr'><strong>in.</strong></span> 
     </span>
    </p>
   </div>
   <div class='ocr_carea' id='block_1_85' title="bbox 2018 3809 3604 3894">
    <p class='ocr_par' dir='ltr' id='par_1_85' title="bbox 2018 3809 3604 3894">
     <span class='ocr_line' id='line_1_85' title="bbox 2018 3809 3604 3894; baseline 0.015 -34"><span class='ocrx_word' id='word_1_630' title='bbox 2018 3819 2214 3864; x_wconf 86' lang='lat' dir='ltr'><strong>ventus</strong></span> <span class='ocrx_word' id='word_1_631' title='bbox 2240 3809 2405 3866; x_wconf 89' lang='lat' dir='ltr'><strong>fuerit</strong></span> <span class='ocrx_word' id='word_1_632' title='bbox 2427 3813 2630 3868; x_wconf 71' lang='lat' dir='ltr'><strong>habens</strong></span> <span class='ocrx_word' id='word_1_633' title='bbox 2665 3819 2963 3886; x_wconf 86' lang='lat' dir='ltr'><strong>proprium,</strong></span> <span class='ocrx_word' id='word_1_634' title='bbox 2992 3836 3098 3874; x_wconf 89' lang='lat' dir='ltr'><strong>non</strong></span> <span class='ocrx_word' id='word_1_635' title='bbox 3131 3822 3203 3877; x_wconf 91' lang='lat' dir='ltr'><strong>illi</strong></span> <span class='ocrx_word' id='word_1_636' title='bbox 3237 3826 3513 3894; x_wconf 86' lang='lat' dir='ltr'><strong>permitto,</strong></span> <span class='ocrx_word' id='word_1_637' title='bbox 3543 3837 3604 3884; x_wconf 84' lang='lat' dir='ltr'><strong>ut</strong></span> 
     </span>
    </p>
   </div>
   <div class='ocr_carea' id='block_1_86' title="bbox 2020 3899 3605 3975">
    <p class='ocr_par' dir='ltr' id='par_1_86' title="bbox 2020 3899 3605 3975">
     <span class='ocr_line' id='line_1_86' title="bbox 2020 3899 3605 3975; baseline 0.014 -21"><span class='ocrx_word' id='word_1_638' title='bbox 2020 3899 2145 3958; x_wconf 82' lang='lat' dir='ltr'><strong>inde</strong></span> <span class='ocrx_word' id='word_1_639' title='bbox 2187 3901 2350 3956; x_wconf 77' lang='lat' dir='ltr'><strong>faciat</strong></span> <span class='ocrx_word' id='word_1_640' title='bbox 2381 3912 2784 3972; x_wconf 79' lang='lat' dir='ltr'><strong>testamentum,</strong></span> <span class='ocrx_word' id='word_1_641' title='bbox 2831 3911 2924 3965; x_wconf 87' lang='lat' dir='ltr'><strong>sed</strong></span> <span class='ocrx_word' id='word_1_642' title='bbox 2949 3910 3150 3966; x_wconf 82' lang='lat' dir='ltr'><strong>delebo</strong></span> <span class='ocrx_word' id='word_1_643' title='bbox 3179 3915 3245 3969; x_wconf 90' lang='lat' dir='ltr'><strong>de</strong></span> <span class='ocrx_word' id='word_1_644' title='bbox 3285 3918 3464 3973; x_wconf 87' lang='lat' dir='ltr'><strong>tabula</strong></span> <span class='ocrx_word' id='word_1_645' title='bbox 3494 3921 3605 3975; x_wconf 75' lang='lat' dir='ltr'><strong>cle-</strong></span> 
     </span>
    </p>
   </div>
   <div class='ocr_carea' id='block_1_87' title="bbox 2021 3990 3607 4073">
    <p class='ocr_par' dir='ltr' id='par_1_87' title="bbox 2021 3990 3607 4073">
     <span class='ocr_line' id='line_1_87' title="bbox 2021 3990 3607 4073; baseline 0.013 -29"><span class='ocrx_word' id='word_1_646' title='bbox 2021 3990 2278 4046; x_wconf 84' lang='lat' dir='ltr'><strong>ricorum.</strong></span> <span class='ocrx_word' id='word_1_647' title='bbox 2306 3991 2618 4062; x_wconf 84' lang='lat' dir='ltr'><strong>interpellet</strong></span> <span class='ocrx_word' id='word_1_648' title='bbox 2641 4007 2828 4052; x_wconf 88' lang='lat' dir='ltr'><strong>contra</strong></span> <span class='ocrx_word' id='word_1_649' title='bbox 2875 4014 2960 4053; x_wconf 89' lang='lat' dir='ltr'><strong>me</strong></span> <span class='ocrx_word' id='word_1_650' title='bbox 2991 4002 3136 4055; x_wconf 89' lang='lat' dir='ltr'><strong>mille</strong></span> <span class='ocrx_word' id='word_1_651' title='bbox 3171 4006 3418 4073; x_wconf 55' lang='lat' dir='ltr'><strong>conclia,</strong></span> <span class='ocrx_word' id='word_1_652' title='bbox 3455 4011 3607 4064; x_wconf 81' lang='lat' dir='ltr'><strong>navi-</strong></span> 
     </span>
    </p>
   </div>
   <div class='ocr_carea' id='block_1_88' title="bbox 2020 4089 3603 4168">
    <p class='ocr_par' dir='ltr' id='par_1_88' title="bbox 2020 4089 3603 4168">
     <span class='ocr_line' id='line_1_88' title="bbox 2020 4089 3603 4168; baseline 0.012 -31"><span class='ocrx_word' id='word_1_653' title='bbox 2020 4091 2109 4154; x_wconf 81' lang='lat' dir='ltr'><strong>get</strong></span> <span class='ocrx_word' id='word_1_654' title='bbox 2140 4093 2327 4145; x_wconf 68' lang='lat' dir='ltr'><strong>contra</strong></span> <span class='ocrx_word' id='word_1_655' title='bbox 2360 4101 2446 4140; x_wconf 91' lang='lat' dir='ltr'><strong>me</strong></span> <span class='ocrx_word' id='word_1_656' title='bbox 2489 4102 2596 4154; x_wconf 89' lang='lat' dir='ltr'><strong>quo</strong></span> <span class='ocrx_word' id='word_1_657' title='bbox 2626 4089 2875 4154; x_wconf 87' lang='lat' dir='ltr'><strong>voluerit,</strong></span> <span class='ocrx_word' id='word_1_658' title='bbox 2908 4093 2978 4144; x_wconf 90' lang='lat' dir='ltr'><strong>sit</strong></span> <span class='ocrx_word' id='word_1_659' title='bbox 3008 4104 3156 4147; x_wconf 79' lang='lat' dir='ltr'><strong>certe</strong></span> <span class='ocrx_word' id='word_1_660' title='bbox 3206 4097 3293 4150; x_wconf 89' lang='lat' dir='ltr'><strong>ubi</strong></span> <span class='ocrx_word' id='word_1_661' title='bbox 3350 4103 3603 4168; x_wconf 87' lang='lat' dir='ltr'><strong>potuerit.</strong></span> 
     </span>
    </p>
   </div>
   <div class='ocr_carea' id='block_1_89' title="bbox 2021 4173 3606 4257">
    <p class='ocr_par' dir='ltr' id='par_1_89' title="bbox 2021 4173 3606 4257">
     <span class='ocr_line' id='line_1_89' title="bbox 2021 4173 3606 4257; baseline 0.01 -29"><span class='ocrx_word' id='word_1_662' title='bbox 2021 4173 2314 4240; x_wconf 82' lang='lat' dir='ltr'><strong>Adjuvabit</strong></span> <span class='ocrx_word' id='word_1_663' title='bbox 2358 4190 2444 4230; x_wconf 87' lang='lat' dir='ltr'><strong>me</strong></span> <span class='ocrx_word' id='word_1_664' title='bbox 2483 4176 2772 4242; x_wconf 85' lang='lat' dir='ltr'><strong>Dominus;</strong></span> <span class='ocrx_word' id='word_1_665' title='bbox 2800 4190 2857 4232; x_wconf 94' lang='lat' dir='ltr'><strong>ut</strong></span> <span class='ocrx_word' id='word_1_666' title='bbox 2893 4181 2980 4234; x_wconf 89' lang='lat' dir='ltr'><strong>ubi</strong></span> <span class='ocrx_word' id='word_1_667' title='bbox 3012 4197 3114 4252; x_wconf 78' lang='lat' dir='ltr'><strong>ego</strong></span> <span class='ocrx_word' id='word_1_668' title='bbox 3150 4185 3436 4255; x_wconf 77' lang='lat' dir='ltr'><strong>episcopus</strong></span> <span class='ocrx_word' id='word_1_669' title='bbox 3459 4205 3606 4257; x_wconf 79' lang='lat' dir='ltr'><strong>sum,</strong></span> 
     </span>
    </p>
   </div>
   <div class='ocr_carea' id='block_1_90' title="bbox 2022 4263 2925 4334">
    <p class='ocr_par' dir='ltr' id='par_1_90' title="bbox 2022 4263 2925 4334">
     <span class='ocr_line' id='line_1_90' title="bbox 2022 4263 2925 4334; baseline 0.004 -18"><span class='ocrx_word' id='word_1_670' title='bbox 2022 4263 2111 4329; x_wconf 84' lang='lat' dir='ltr'><strong>ille</strong></span> <span class='ocrx_word' id='word_1_671' title='bbox 2137 4263 2366 4318; x_wconf 81' lang='lat' dir='ltr'><strong>clericus</strong></span> <span class='ocrx_word' id='word_1_672' title='bbox 2392 4279 2512 4318; x_wconf 88' lang='lat' dir='ltr'><strong>esse</strong></span> <span class='ocrx_word' id='word_1_673' title='bbox 2540 4281 2647 4321; x_wconf 84' lang='lat' dir='ltr'><strong>una</strong></span> <span class='ocrx_word' id='word_1_674' title='bbox 2672 4268 2866 4334; x_wconf 88' lang='lat' dir='ltr'><strong>possit.</strong></span> <span class='ocrx_word' id='word_1_675' title='bbox 2906 4287 2925 4319; x_wconf 73' lang='grc' dir='ltr'><strong><em>ι</em></strong></span> 
     </span>
    </p>
   </div>
   <div class='ocr_carea' id='block_1_91' title="bbox 2092 4353 3606 4437">
    <p class='ocr_par' dir='ltr' id='par_1_91' title="bbox 2092 4353 3606 4437">
     <span class='ocr_line' id='line_1_91' title="bbox 2092 4353 3606 4437; baseline 0.013 -30"><span class='ocrx_word' id='word_1_676' title='bbox 2092 4353 2304 4410; x_wconf 64' lang='lat' dir='ltr'><strong>Ninnius</strong></span> <span class='ocrx_word' id='word_1_677' title='bbox 2332 4353 2561 4411; x_wconf 84' lang='lat' dir='ltr'><strong>fortasse</strong></span> <span class='ocrx_word' id='word_1_678' title='bbox 2599 4357 2791 4410; x_wconf 88' lang='lat' dir='ltr'><strong>fuerim</strong></span> <span class='ocrx_word' id='word_1_679' title='bbox 2836 4359 2890 4412; x_wconf 89' lang='lat' dir='ltr'><strong>in</strong></span> <span class='ocrx_word' id='word_1_680' title='bbox 2934 4361 3248 4428; x_wconf 88' lang='lat' dir='ltr'><strong>protelando</strong></span> <span class='ocrx_word' id='word_1_681' title='bbox 3277 4365 3418 4421; x_wconf 83' lang='lat' dir='ltr'><strong>beati</strong></span> <span class='ocrx_word' id='word_1_682' title='bbox 3447 4367 3606 4437; x_wconf 84' lang='lat' dir='ltr'><strong>hujus</strong></span> 
     </span>
    </p>
   </div>
   <div class='ocr_carea' id='block_1_92' title="bbox 2023 4449 3607 4530">
    <p class='ocr_par' dir='ltr' id='par_1_92' title="bbox 2023 4449 3607 4530">
     <span class='ocr_line' id='line_1_92' title="bbox 2023 4449 3607 4530; baseline 0.01 -27"><span class='ocrx_word' id='word_1_683' title='bbox 2023 4449 2259 4505; x_wconf 91' lang='lat' dir='ltr'><strong>doctoris</strong></span> <span class='ocrx_word' id='word_1_684' title='bbox 2300 4449 2567 4519; x_wconf 87' lang='lat' dir='ltr'><strong>exemplo.</strong></span> <span class='ocrx_word' id='word_1_685' title='bbox 2603 4449 2710 4505; x_wconf 90' lang='lat' dir='ltr'><strong>Sed</strong></span> <span class='ocrx_word' id='word_1_686' title='bbox 2756 4453 2962 4508; x_wconf 88' lang='lat' dir='ltr'><strong>utinam</strong></span> <span class='ocrx_word' id='word_1_687' title='bbox 3014 4456 3096 4509; x_wconf 86' lang='lat' dir='ltr'><strong>vel</strong></span> <span class='ocrx_word' id='word_1_688' title='bbox 3149 4459 3245 4530; x_wconf 88' lang='lat' dir='ltr'><strong>ipsi</strong></span> <span class='ocrx_word' id='word_1_689' title='bbox 3301 4464 3607 4530; x_wconf 73' lang='lat' dir='ltr'><strong>prasheatur</strong></span> 
     </span>
    </p>
   </div>
   <div class='ocr_carea' id='block_1_93' title="bbox 406 4531 3606 4617">
    <p class='ocr_par' dir='ltr' id='par_1_93' title="bbox 406 4531 3606 4617">
     <span class='ocr_line' id='line_1_93' title="bbox 406 4531 3606 4617; baseline 0.008 -31"><span class='ocrx_word' id='word_1_690' title='bbox 406 4544 533 4601; x_wconf 57' lang='lat' dir='ltr'><strong>&quot;me</strong></span> <span class='ocrx_word' id='word_1_691' title='bbox 557 4545 759 4602; x_wconf 66' lang='lat' dir='ltr'><strong>idcirco</strong></span> <span class='ocrx_word' id='word_1_692' title='bbox 782 4547 1162 4616; x_wconf 60' lang='lat' dir='ltr'><strong>prm&#39;nisimus’</strong></span> <span class='ocrx_word' id='word_1_693' title='bbox 1207 4547 1333 4617; x_wconf 74' lang='lat' dir='ltr'><strong>quia</strong></span> <span class='ocrx_word' id='word_1_694' title='bbox 1367 4547 1608 4603; x_wconf 75' lang='lat' dir='ltr'><strong>dolemus</strong></span> <span class='ocrx_word' id='word_1_695' title='bbox 1635 4546 1922 4602; x_wconf 79' lang='lat' dir='ltr'><strong>nonnullos</strong></span> <span class='ocrx_word' id='word_1_696' title='bbox 1950 4531 1999 4590; x_wconf 79' lang='grc' dir='ltr'><strong>Ι)</strong></span> <span class='ocrx_word' id='word_1_697' title='bbox 2027 4539 2179 4602; x_wconf 82' lang='lat' dir='ltr'><strong>fides,</strong></span> <span class='ocrx_word' id='word_1_698' title='bbox 2219 4539 2344 4593; x_wconf 87' lang='lat' dir='ltr'><strong>dum</strong></span> <span class='ocrx_word' id='word_1_699' title='bbox 2387 4542 2592 4596; x_wconf 71' lang='lat' dir='ltr'><strong>IIOSU‘iS</strong></span> <span class='ocrx_word' id='word_1_700' title='bbox 2639 4542 2821 4598; x_wconf 83' lang='lat' dir='ltr'><strong>verbis</strong></span> <span class='ocrx_word' id='word_1_701' title='bbox 2871 4547 3095 4603; x_wconf 88' lang='lat' dir='ltr'><strong>omnino</strong></span> <span class='ocrx_word' id='word_1_702' title='bbox 3141 4552 3497 4610; x_wconf 82' lang='lat' dir='ltr'><strong>subtrahitur.</strong></span> <span class='ocrx_word' id='word_1_703' title='bbox 3548 4557 3606 4612; x_wconf 87' lang='lat' dir='ltr'><strong>ln</strong></span> 
     </span>
    </p>
   </div>
   <div class='ocr_carea' id='block_1_94' title="bbox 336 4637 1918 4702">
    <p class='ocr_par' dir='ltr' id='par_1_94' title="bbox 336 4637 1918 4702">
     <span class='ocr_line' id='line_1_94' title="bbox 336 4637 1918 4702; baseline -0.001 -10"><span class='ocrx_word' id='word_1_704' title='bbox 336 4646 553 4693; x_wconf 86' lang='lat' dir='ltr'><strong>sanctos</strong></span> <span class='ocrx_word' id='word_1_705' title='bbox 604 4637 822 4702; x_wconf 86' lang='lat' dir='ltr'><strong>fratres,</strong></span> <span class='ocrx_word' id='word_1_706' title='bbox 867 4638 1111 4693; x_wconf 89' lang='lat' dir='ltr'><strong>canonici</strong></span> <span class='ocrx_word' id='word_1_707' title='bbox 1143 4638 1392 4692; x_wconf 90' lang='lat' dir='ltr'><strong>videlicet</strong></span> <span class='ocrx_word' id='word_1_708' title='bbox 1442 4638 1667 4702; x_wconf 89' lang='lat' dir='ltr'><strong>ordinis,</strong></span> <span class='ocrx_word' id='word_1_709' title='bbox 1719 4638 1774 4691; x_wconf 92' lang='lat' dir='ltr'><strong>in</strong></span> <span class='ocrx_word' id='word_1_710' title='bbox 1809 4646 1918 4692; x_wconf 91' lang='lat' dir='ltr'><strong>tam</strong></span> 
     </span>
    </p>
   </div>
   <div class='ocr_carea' id='block_1_95' title="bbox 334 4729 1920 4800">
    <p class='ocr_par' dir='ltr' id='par_1_95' title="bbox 334 4729 1920 4800">
     <span class='ocr_line' id='line_1_95' title="bbox 334 4729 1920 4800; baseline -0.001 -14"><span class='ocrx_word' id='word_1_711' title='bbox 334 4729 414 4786; x_wconf 90' lang='lat' dir='ltr'><strong>cff</strong></span> <span class='ocrx_word' id='word_1_712' title='bbox 436 4731 567 4785; x_wconf 73' lang='lat' dir='ltr'><strong>azuis</strong></span> <span class='ocrx_word' id='word_1_713' title='bbox 592 4732 902 4800; x_wconf 87' lang='lat' dir='ltr'><strong>prorupisse</strong></span> <span class='ocrx_word' id='word_1_714' title='bbox 925 4731 1190 4787; x_wconf 89' lang='lat' dir='ltr'><strong>libertatis</strong></span> <span class='ocrx_word' id='word_1_715' title='bbox 1217 4731 1518 4793; x_wconf 88' lang='lat' dir='ltr'><strong>audaciam,</strong></span> <span class='ocrx_word' id='word_1_716' title='bbox 1543 4740 1600 4784; x_wconf 92' lang='lat' dir='ltr'><strong>ut</strong></span> <span class='ocrx_word' id='word_1_717' title='bbox 1622 4746 1726 4785; x_wconf 91' lang='lat' dir='ltr'><strong>non</strong></span> <span class='ocrx_word' id='word_1_718' title='bbox 1759 4730 1920 4785; x_wconf 92' lang='lat' dir='ltr'><strong>modo</strong></span> 
     </span>
    </p>
   </div>
   <div class='ocr_carea' id='block_1_96' title="bbox 335 4822 1920 4892">
    <p class='ocr_par' dir='ltr' id='par_1_96' title="bbox 335 4822 1920 4892">
     <span class='ocr_line' id='line_1_96' title="bbox 335 4822 1920 4892; baseline 0.001 -16"><span class='ocrx_word' id='word_1_719' title='bbox 335 4822 438 4876; x_wconf 90' lang='lat' dir='ltr'><strong>sibi</strong></span> <span class='ocrx_word' id='word_1_720' title='bbox 465 4822 553 4891; x_wconf 88' lang='lat' dir='ltr'><strong>jus</strong></span> <span class='ocrx_word' id='word_1_721' title='bbox 581 4823 839 4878; x_wconf 73' lang='lat' dir='ltr'><strong>habenda:</strong></span> <span class='ocrx_word' id='word_1_722' title='bbox 877 4823 1118 4892; x_wconf 72' lang='lat' dir='ltr'><strong>pecuniae</strong></span> <span class='ocrx_word' id='word_1_723' title='bbox 1142 4823 1434 4886; x_wconf 85' lang='lat' dir='ltr'><strong>vindicent,</strong></span> <span class='ocrx_word' id='word_1_724' title='bbox 1462 4825 1554 4877; x_wconf 83' lang='lat' dir='ltr'><strong>sed</strong></span> <span class='ocrx_word' id='word_1_725' title='bbox 1585 4833 1641 4877; x_wconf 89' lang='lat' dir='ltr'><strong>et</strong></span> <span class='ocrx_word' id='word_1_726' title='bbox 1665 4825 1806 4878; x_wconf 80' lang='lat' dir='ltr'><strong>hanc</strong></span> <span class='ocrx_word' id='word_1_727' title='bbox 1847 4825 1920 4878; x_wconf 84' lang='lat' dir='ltr'><strong>si-</strong></span> 
     </span>
    </p>
   </div>
   <div class='ocr_carea' id='block_1_97' title="bbox 336 4911 1919 4984">
    <p class='ocr_par' dir='ltr' id='par_1_97' title="bbox 336 4911 1919 4984">
     <span class='ocr_line' id='line_1_97' title="bbox 336 4911 1919 4984; baseline 0 -16"><span class='ocrx_word' id='word_1_728' title='bbox 336 4913 506 4968; x_wconf 88' lang='lat' dir='ltr'><strong>himet</strong></span> <span class='ocrx_word' id='word_1_729' title='bbox 530 4927 596 4966; x_wconf 86' lang='lat' dir='ltr'><strong>ex</strong></span> <span class='ocrx_word' id='word_1_730' title='bbox 628 4911 861 4980; x_wconf 86' lang='lat' dir='ltr'><strong>regulari</strong></span> <span class='ocrx_word' id='word_1_731' title='bbox 892 4914 1216 4968; x_wconf 88' lang='lat' dir='ltr'><strong>auctoritate</strong></span> <span class='ocrx_word' id='word_1_732' title='bbox 1243 4921 1550 4982; x_wconf 89' lang='lat' dir='ltr'><strong>competere</strong></span> <span class='ocrx_word' id='word_1_733' title='bbox 1572 4913 1919 4984; x_wconf 88' lang='lat' dir='ltr'><strong>pertinaciter</strong></span> 
     </span>
    </p>
   </div>
   <div class='ocr_carea' id='block_1_98' title="bbox 334 5001 1916 5074">
    <p class='ocr_par' dir='ltr' id='par_1_98' title="bbox 334 5001 1916 5074">
     <span class='ocr_line' id='line_1_98' title="bbox 334 5001 1916 5074; baseline 0.006 -21"><span class='ocrx_word' id='word_1_734' title='bbox 334 5001 500 5074; x_wconf 59' lang='lat'><strong>485</strong></span> <span class='ocrx_word' id='word_1_735' title='bbox 534 5013 866 5059; x_wconf 86' lang='lat' dir='ltr'><strong>asseverent.</strong></span> <span class='ocrx_word' id='word_1_736' title='bbox 920 5004 1000 5058; x_wconf 80' lang='lat' dir='ltr'><strong>Ad</strong></span> <span class='ocrx_word' id='word_1_737' title='bbox 1049 5019 1184 5073; x_wconf 87' lang='lat' dir='ltr'><strong>quos</strong></span> <span class='ocrx_word' id='word_1_738' title='bbox 1229 5005 1580 5074; x_wconf 81' lang='lat' dir='ltr'><strong>probabiliter</strong></span> <span class='ocrx_word' id='word_1_739' title='bbox 1633 5007 1916 5062; x_wconf 88' lang='lat' dir='ltr'><strong>revincen-</strong></span> 
     </span>
    </p>
   </div>
   <div class='ocr_carea' id='block_1_99' title="bbox 337 5095 1921 5166">
    <p class='ocr_par' dir='ltr' id='par_1_99' title="bbox 337 5095 1921 5166">
     <span class='ocr_line' id='line_1_99' title="bbox 337 5095 1921 5166; baseline 0.003 -19"><span class='ocrx_word' id='word_1_740' title='bbox 337 5096 470 5158; x_wconf 88' lang='lat' dir='ltr'><strong>dos,</strong></span> <span class='ocrx_word' id='word_1_741' title='bbox 526 5110 807 5166; x_wconf 87' lang='lat' dir='ltr'><strong>possemus</strong></span> <span class='ocrx_word' id='word_1_742' title='bbox 854 5095 1070 5164; x_wconf 90' lang='lat' dir='ltr'><strong>quidem</strong></span> <span class='ocrx_word' id='word_1_743' title='bbox 1125 5095 1354 5166; x_wconf 88' lang='lat' dir='ltr'><strong>plurima</strong></span> <span class='ocrx_word' id='word_1_744' title='bbox 1413 5095 1816 5165; x_wconf 85' lang='lat' dir='ltr'><strong>Scripturarum</strong></span> <span class='ocrx_word' id='word_1_745' title='bbox 1866 5107 1921 5152; x_wconf 88' lang='lat' dir='ltr'><strong>et</strong></span> 
     </span>
    </p>
   </div>
   <div class='ocr_carea' id='block_1_100' title="bbox 338 5184 1918 5260">
    <p class='ocr_par' dir='ltr' id='par_1_100' title="bbox 338 5184 1918 5260">
     <span class='ocr_line' id='line_1_100' title="bbox 338 5184 1918 5260; baseline 0.004 -22"><span class='ocrx_word' id='word_1_746' title='bbox 338 5184 552 5242; x_wconf 76' lang='lat' dir='ltr'><strong>Veteris</strong></span> <span class='ocrx_word' id='word_1_747' title='bbox 603 5196 659 5241; x_wconf 92' lang='lat' dir='ltr'><strong>et</strong></span> <span class='ocrx_word' id='word_1_748' title='bbox 693 5186 827 5242; x_wconf 79' lang='lat' dir='ltr'><strong>Novi</strong></span> <span class='ocrx_word' id='word_1_749' title='bbox 865 5187 1198 5242; x_wconf 81' lang='lat' dir='ltr'><strong>Testamenti</strong></span> <span class='ocrx_word' id='word_1_750' title='bbox 1229 5188 1474 5258; x_wconf 66' lang='lat' dir='ltr'><strong>exempla</strong></span> <span class='ocrx_word' id='word_1_751' title='bbox 1516 5205 1842 5260; x_wconf 88' lang='lat' dir='ltr'><strong>congerere;</strong></span> <span class='ocrx_word' id='word_1_752' title='bbox 1874 5191 1918 5246; x_wconf 87' lang='lat' dir='ltr'><strong>si</strong></span> 
     </span>
    </p>
   </div>
   <div class='ocr_carea' id='block_1_101' title="bbox 337 5279 1922 5348">
    <p class='ocr_par' dir='ltr' id='par_1_101' title="bbox 337 5279 1922 5348">
     <span class='ocr_line' id='line_1_101' title="bbox 337 5279 1922 5348; baseline 0.004 -19"><span class='ocrx_word' id='word_1_753' title='bbox 337 5279 545 5346; x_wconf 89' lang='lat' dir='ltr'><strong>priores</strong></span> <span class='ocrx_word' id='word_1_754' title='bbox 588 5280 754 5334; x_wconf 90' lang='lat' dir='ltr'><strong>nostri</strong></span> <span class='ocrx_word' id='word_1_755' title='bbox 812 5279 1002 5334; x_wconf 87' lang='lat' dir='ltr'><strong>Patres</strong></span> <span class='ocrx_word' id='word_1_756' title='bbox 1048 5294 1110 5334; x_wconf 89' lang='lat' dir='ltr'><strong>ac</strong></span> <span class='ocrx_word' id='word_1_757' title='bbox 1156 5279 1407 5334; x_wconf 85' lang='lat' dir='ltr'><strong>doctores</strong></span> <span class='ocrx_word' id='word_1_758' title='bbox 1457 5279 1714 5334; x_wconf 74' lang='lat' dir='ltr'><strong>Ecclesia:</strong></span> <span class='ocrx_word' id='word_1_759' title='bbox 1759 5296 1922 5348; x_wconf 88' lang='lat' dir='ltr'><strong>super</strong></span> 
     </span>
    </p>
   </div>
   <div class='ocr_carea' id='block_1_102' title="bbox 337 5370 1923 5440">
    <p class='ocr_par' dir='ltr' id='par_1_102' title="bbox 337 5370 1923 5440">
     <span class='ocr_line' id='line_1_102' title="bbox 337 5370 1923 5440; baseline 0.003 -16"><span class='ocrx_word' id='word_1_760' title='bbox 337 5371 441 5424; x_wconf 90' lang='lat' dir='ltr'><strong>hoc</strong></span> <span class='ocrx_word' id='word_1_761' title='bbox 469 5373 705 5426; x_wconf 88' lang='lat' dir='ltr'><strong>themate</strong></span> <span class='ocrx_word' id='word_1_762' title='bbox 735 5371 974 5425; x_wconf 89' lang='lat' dir='ltr'><strong>funditus</strong></span> <span class='ocrx_word' id='word_1_763' title='bbox 1017 5371 1309 5426; x_wconf 89' lang='lat' dir='ltr'><strong>siluissent.</strong></span> <span class='ocrx_word' id='word_1_764' title='bbox 1343 5370 1448 5425; x_wconf 89' lang='lat' dir='ltr'><strong>Sed</strong></span> <span class='ocrx_word' id='word_1_765' title='bbox 1475 5372 1799 5440; x_wconf 80' lang='lat' dir='ltr'><strong>superfluum</strong></span> <span class='ocrx_word' id='word_1_766' title='bbox 1839 5381 1923 5428; x_wconf 84' lang='lat' dir='ltr'><strong>est</strong></span> 
     </span>
    </p>
   </div>
   <div class='ocr_carea' id='block_1_103' title="bbox 337 5461 1920 5530">
    <p class='ocr_par' dir='ltr' id='par_1_103' title="bbox 337 5461 1920 5530">
     <span class='ocr_line' id='line_1_103' title="bbox 337 5461 1920 5530; baseline 0.002 -15"><span class='ocrx_word' id='word_1_767' title='bbox 337 5478 438 5516; x_wconf 82' lang='lat' dir='ltr'><strong>nos</strong></span> <span class='ocrx_word' id='word_1_768' title='bbox 479 5461 670 5515; x_wconf 83' lang='lat' dir='ltr'><strong>vilibus</strong></span> <span class='ocrx_word' id='word_1_769' title='bbox 699 5461 926 5516; x_wconf 83' lang='lat' dir='ltr'><strong>sarculis</strong></span> <span class='ocrx_word' id='word_1_770' title='bbox 956 5461 1065 5516; x_wconf 90' lang='lat' dir='ltr'><strong>illic</strong></span> <span class='ocrx_word' id='word_1_771' title='bbox 1109 5461 1293 5530; x_wconf 88' lang='lat' dir='ltr'><strong>glebas</strong></span> <span class='ocrx_word' id='word_1_772' title='bbox 1331 5461 1636 5530; x_wconf 77' lang='lat' dir='ltr'><strong>etlringere,</strong></span> <span class='ocrx_word' id='word_1_773' title='bbox 1681 5463 1770 5516; x_wconf 92' lang='lat' dir='ltr'><strong>ubi</strong></span> <span class='ocrx_word' id='word_1_774' title='bbox 1810 5471 1920 5518; x_wconf 86' lang='lat' dir='ltr'><strong>tam</strong></span> 
     </span>
    </p>
   </div>
   <div class='ocr_carea' id='block_1_104' title="bbox 331 5551 1921 5624">
    <p class='ocr_par' dir='ltr' id='par_1_104' title="bbox 331 5551 1921 5624">
     <span class='ocr_line' id='line_1_104' title="bbox 331 5551 1921 5624; baseline 0.001 -18"><span class='ocrx_word' id='word_1_775' title='bbox 331 5552 546 5606; x_wconf 80' lang='lat' dir='ltr'><strong>strenui</strong></span> <span class='ocrx_word' id='word_1_776' title='bbox 592 5551 830 5606; x_wconf 89' lang='lat' dir='ltr'><strong>cultores</strong></span> <span class='ocrx_word' id='word_1_777' title='bbox 861 5562 1020 5606; x_wconf 75' lang='lat' dir='ltr'><strong>terra:</strong></span> <span class='ocrx_word' id='word_1_778' title='bbox 1041 5552 1339 5607; x_wconf 88' lang='lat' dir='ltr'><strong>viventium</strong></span> <span class='ocrx_word' id='word_1_779' title='bbox 1387 5553 1699 5606; x_wconf 89' lang='lat' dir='ltr'><strong>acutissimo</strong></span> <span class='ocrx_word' id='word_1_780' title='bbox 1727 5552 1921 5624; x_wconf 69' lang='lat' dir='ltr'><strong>linguae</strong></span> 
     </span>
    </p>
   </div>
   <div class='ocr_carea' id='block_1_105' title="bbox 339 5644 1921 5714">
    <p class='ocr_par' dir='ltr' id='par_1_105' title="bbox 339 5644 1921 5714">
     <span class='ocr_line' id='line_1_105' title="bbox 339 5644 1921 5714; baseline 0.003 -16"><span class='ocrx_word' id='word_1_781' title='bbox 339 5659 451 5698; x_wconf 78' lang='lat' dir='ltr'><strong>sua:</strong></span> <span class='ocrx_word' id='word_1_782' title='bbox 479 5661 697 5698; x_wconf 88' lang='lat' dir='ltr'><strong>vomere</strong></span> <span class='ocrx_word' id='word_1_783' title='bbox 727 5645 1067 5713; x_wconf 82' lang='lat' dir='ltr'><strong>reperiuntur</strong></span> <span class='ocrx_word' id='word_1_784' title='bbox 1107 5660 1236 5699; x_wconf 88' lang='lat' dir='ltr'><strong>arva</strong></span> <span class='ocrx_word' id='word_1_785' title='bbox 1282 5646 1540 5699; x_wconf 87' lang='lat' dir='ltr'><strong>sulcasse.</strong></span> <span class='ocrx_word' id='word_1_786' title='bbox 1573 5644 1728 5700; x_wconf 86' lang='lat' dir='ltr'><strong>Prior</strong></span> <span class='ocrx_word' id='word_1_787' title='bbox 1757 5646 1921 5714; x_wconf 73' lang='lat' dir='ltr'><strong>igitur</strong></span> 
     </span>
    </p>
   </div>
   <div class='ocr_carea' id='block_1_106' title="bbox 341 5736 1917 5804">
    <p class='ocr_par' dir='ltr' id='par_1_106' title="bbox 341 5736 1917 5804">
     <span class='ocr_line' id='line_1_106' title="bbox 341 5736 1917 5804; baseline 0.001 -14"><span class='ocrx_word' id='word_1_788' title='bbox 341 5736 677 5804; x_wconf 76' lang='lat' dir='ltr'><strong>Augustinus</strong></span> <span class='ocrx_word' id='word_1_789' title='bbox 703 5736 924 5793; x_wconf 88' lang='lat' dir='ltr'><strong>accedat</strong></span> <span class='ocrx_word' id='word_1_790' title='bbox 952 5736 1004 5790; x_wconf 92' lang='lat' dir='ltr'><strong>iu</strong></span> <span class='ocrx_word' id='word_1_791' title='bbox 1034 5737 1424 5800; x_wconf 76' lang='lat' dir='ltr'><strong>testiinonium,</strong></span> <span class='ocrx_word' id='word_1_792' title='bbox 1452 5745 1506 5790; x_wconf 86' lang='lat' dir='ltr'><strong>et</strong></span> <span class='ocrx_word' id='word_1_793' title='bbox 1531 5745 1712 5790; x_wconf 90' lang='lat' dir='ltr'><strong>utrum</strong></span> <span class='ocrx_word' id='word_1_794' title='bbox 1739 5737 1917 5792; x_wconf 84' lang='lat' dir='ltr'><strong>Cano-</strong></span> 
     </span>
    </p>
   </div>
   <div class='ocr_carea' id='block_1_107' title="bbox 906 5849 1615 5863">
    <p class='ocr_par' dir='ltr' id='par_1_107' title="bbox 906 5849 1615 5863">
     <span class='ocr_line' id='line_1_107' title="bbox 906 5849 1615 5863; baseline -0.006 -2"><span class='ocrx_word' id='word_1_795' title='bbox 906 5851 976 5863; x_wconf 70' lang='lat'><strong>-_..—</strong></span> <span class='ocrx_word' id='word_1_796' title='bbox 1001 5852 1016 5859; x_wconf 72' lang='grc' dir='ltr'><strong>ο</strong></span> <span class='ocrx_word' id='word_1_797' title='bbox 1090 5851 1192 5860; x_wconf 50' lang='grc' dir='ltr'><strong>ηας-ο-</strong></span> <span class='ocrx_word' id='word_1_798' title='bbox 1234 5853 1253 5861; x_wconf 71' lang='grc'><strong>.-</strong></span> <span class='ocrx_word' id='word_1_799' title='bbox 1303 5854 1309 5858; x_wconf 77' lang='lat'><strong>.</strong></span> <span class='ocrx_word' id='word_1_800' title='bbox 1352 5852 1362 5858; x_wconf 82' lang='grc'>.</span> <span class='ocrx_word' id='word_1_801' title='bbox 1483 5850 1526 5858; x_wconf 62' lang='grc' dir='ltr'><strong>ο.</strong></span> <span class='ocrx_word' id='word_1_802' title='bbox 1541 5849 1591 5858; x_wconf 52' lang='grc' dir='ltr'><strong>-νο</strong></span> <span class='ocrx_word' id='word_1_803' title='bbox 1607 5850 1615 5857; x_wconf 77' lang='grc' dir='ltr'><strong>ο</strong></span> 
     </span>
    </p>
   </div>
   <div class='ocr_carea' id='block_1_108' title="bbox 2025 4629 3607 4699">
    <p class='ocr_par' dir='ltr' id='par_1_108' title="bbox 2025 4629 3607 4699">
     <span class='ocr_line' id='line_1_108' title="bbox 2025 4629 3607 4699; baseline 0.011 -17"><span class='ocrx_word' id='word_1_804' title='bbox 2025 4629 2219 4698; x_wconf 89' lang='lat' dir='ltr'><strong>quibus</strong></span> <span class='ocrx_word' id='word_1_805' title='bbox 2247 4629 2490 4698; x_wconf 88' lang='lat' dir='ltr'><strong>profecto</strong></span> <span class='ocrx_word' id='word_1_806' title='bbox 2527 4632 2701 4688; x_wconf 85' lang='lat' dir='ltr'><strong>sancti</strong></span> <span class='ocrx_word' id='word_1_807' title='bbox 2726 4633 2827 4688; x_wconf 89' lang='lat' dir='ltr'><strong>viri</strong></span> <span class='ocrx_word' id='word_1_808' title='bbox 2855 4637 3033 4691; x_wconf 84' lang='lat' dir='ltr'><strong>verbis</strong></span> <span class='ocrx_word' id='word_1_809' title='bbox 3065 4639 3341 4695; x_wconf 90' lang='lat' dir='ltr'><strong>evidenter</strong></span> <span class='ocrx_word' id='word_1_810' title='bbox 3366 4646 3607 4699; x_wconf 74' lang='lat' dir='ltr'><strong>ostendi-</strong></span> 
     </span>
    </p>
   </div>
   <div class='ocr_carea' id='block_1_109' title="bbox 2026 4720 3606 4802">
    <p class='ocr_par' dir='ltr' id='par_1_109' title="bbox 2026 4720 3606 4802">
     <span class='ocr_line' id='line_1_109' title="bbox 2026 4720 3606 4802; baseline 0.01 -29"><span class='ocrx_word' id='word_1_811' title='bbox 2026 4729 2155 4774; x_wconf 90' lang='lat' dir='ltr'><strong>tur:</strong></span> <span class='ocrx_word' id='word_1_812' title='bbox 2208 4720 2344 4786; x_wconf 82' lang='lat' dir='ltr'><strong>Quia</strong></span> <span class='ocrx_word' id='word_1_813' title='bbox 2393 4722 2646 4786; x_wconf 89' lang='lat' dir='ltr'><strong>clericus,</strong></span> <span class='ocrx_word' id='word_1_814' title='bbox 2704 4725 2797 4793; x_wconf 88' lang='lat' dir='ltr'><strong>qui</strong></span> <span class='ocrx_word' id='word_1_815' title='bbox 2843 4728 3129 4794; x_wconf 88' lang='lat' dir='ltr'><strong>pecuniam</strong></span> <span class='ocrx_word' id='word_1_816' title='bbox 3181 4733 3436 4800; x_wconf 76' lang='lat' dir='ltr'><strong>possidet,</strong></span> <span class='ocrx_word' id='word_1_817' title='bbox 3494 4736 3606 4802; x_wconf 82' lang='lat' dir='ltr'><strong>ipse</strong></span> 
     </span>
    </p>
   </div>
   <div class='ocr_carea' id='block_1_110' title="bbox 2022 4811 3606 4883">
    <p class='ocr_par' dir='ltr' id='par_1_110' title="bbox 2022 4811 3606 4883">
     <span class='ocr_line' id='line_1_110' title="bbox 2022 4811 3606 4883; baseline 0.006 -16"><span class='ocrx_word' id='word_1_818' title='bbox 2022 4811 2221 4867; x_wconf 88' lang='lat' dir='ltr'><strong>Christi</strong></span> <span class='ocrx_word' id='word_1_819' title='bbox 2248 4815 2538 4882; x_wconf 85' lang='lat' dir='ltr'><strong>possessio.</strong></span> <span class='ocrx_word' id='word_1_820' title='bbox 2572 4815 2655 4869; x_wconf 91' lang='lat' dir='ltr'><strong>vel</strong></span> <span class='ocrx_word' id='word_1_821' title='bbox 2686 4815 2976 4874; x_wconf 68' lang='lat' dir='ltr'><strong>haireditas</strong></span> <span class='ocrx_word' id='word_1_822' title='bbox 3005 4834 3149 4883; x_wconf 69' lang='lat' dir='ltr'><strong>esse,</strong></span> <span class='ocrx_word' id='word_1_823' title='bbox 3175 4821 3263 4876; x_wconf 83' lang='lat' dir='ltr'><strong>vel</strong></span> <span class='ocrx_word' id='word_1_824' title='bbox 3291 4821 3455 4876; x_wconf 87' lang='lat' dir='ltr'><strong>Deum</strong></span> <span class='ocrx_word' id='word_1_825' title='bbox 3499 4825 3606 4876; x_wconf 75' lang='lat' dir='ltr'><strong>ha:-</strong></span> 
     </span>
    </p>
   </div>
   <div class='ocr_carea' id='block_1_111' title="bbox 2027 4903 3607 4976">
    <p class='ocr_par' dir='ltr' id='par_1_111' title="bbox 2027 4903 3607 4976">
     <span class='ocr_line' id='line_1_111' title="bbox 2027 4903 3607 4976; baseline 0.006 -18"><span class='ocrx_word' id='word_1_826' title='bbox 2027 4903 2252 4958; x_wconf 83' lang='lat' dir='ltr'><strong>reditate</strong></span> <span class='ocrx_word' id='word_1_827' title='bbox 2283 4906 2558 4970; x_wconf 84' lang='lat' dir='ltr'><strong>possidere</strong></span> <span class='ocrx_word' id='word_1_828' title='bbox 2593 4921 2700 4961; x_wconf 90' lang='lat' dir='ltr'><strong>non</strong></span> <span class='ocrx_word' id='word_1_829' title='bbox 2745 4917 2943 4976; x_wconf 86' lang='lat' dir='ltr'><strong>potest.</strong></span> <span class='ocrx_word' id='word_1_830' title='bbox 2987 4908 3140 4974; x_wconf 81' lang='lat' dir='ltr'><strong>Quod</strong></span> <span class='ocrx_word' id='word_1_831' title='bbox 3184 4918 3362 4964; x_wconf 87' lang='lat' dir='ltr'><strong>tamen</strong></span> <span class='ocrx_word' id='word_1_832' title='bbox 3395 4926 3500 4966; x_wconf 89' lang='lat' dir='ltr'><strong>non</strong></span> <span class='ocrx_word' id='word_1_833' title='bbox 3540 4913 3607 4968; x_wconf 90' lang='lat' dir='ltr'><strong>de</strong></span> 
     </span>
    </p>
   </div>
   <div class='ocr_carea' id='block_1_112' title="bbox 2024 4999 3604 5076">
    <p class='ocr_par' dir='ltr' id='par_1_112' title="bbox 2024 4999 3604 5076">
     <span class='ocr_line' id='line_1_112' title="bbox 2024 4999 3604 5076; baseline 0.006 -24"><span class='ocrx_word' id='word_1_834' title='bbox 2024 4999 2238 5054; x_wconf 85' lang='lat' dir='ltr'><strong>clericis</strong></span> <span class='ocrx_word' id='word_1_835' title='bbox 2258 4999 2512 5054; x_wconf 82' lang='lat' dir='ltr'><strong>omnibus</strong></span> <span class='ocrx_word' id='word_1_836' title='bbox 2533 5001 2785 5066; x_wconf 86' lang='lat' dir='ltr'><strong>dicimus,</strong></span> <span class='ocrx_word' id='word_1_837' title='bbox 2814 5004 2906 5060; x_wconf 86' lang='lat' dir='ltr'><strong>sed</strong></span> <span class='ocrx_word' id='word_1_838' title='bbox 2933 5005 2999 5058; x_wconf 89' lang='lat' dir='ltr'><strong>de</strong></span> <span class='ocrx_word' id='word_1_839' title='bbox 3038 5005 3122 5059; x_wconf 88' lang='lat' dir='ltr'><strong>his</strong></span> <span class='ocrx_word' id='word_1_840' title='bbox 3148 5005 3478 5074; x_wconf 87' lang='lat' dir='ltr'><strong>specialiter,</strong></span> <span class='ocrx_word' id='word_1_841' title='bbox 3512 5009 3604 5076; x_wconf 88' lang='lat' dir='ltr'><strong>qui</strong></span> 
     </span>
    </p>
   </div>
   <div class='ocr_carea' id='block_1_113' title="bbox 2025 5088 3602 5160">
    <p class='ocr_par' dir='ltr' id='par_1_113' title="bbox 2025 5088 3602 5160">
     <span class='ocr_line' id='line_1_113' title="bbox 2025 5088 3602 5160; baseline 0.004 -16"><span class='ocrx_word' id='word_1_842' title='bbox 2025 5089 2286 5144; x_wconf 88' lang='lat' dir='ltr'><strong>canonico</strong></span> <span class='ocrx_word' id='word_1_843' title='bbox 2319 5088 2487 5160; x_wconf 59' lang='lat'><strong>6.86</strong></span> <span class='ocrx_word' id='word_1_844' title='bbox 2509 5101 2800 5148; x_wconf 84' lang='lat' dir='ltr'><strong>censentur</strong></span> <span class='ocrx_word' id='word_1_845' title='bbox 2827 5093 3064 5155; x_wconf 88' lang='lat' dir='ltr'><strong>nomine,</strong></span> <span class='ocrx_word' id='word_1_846' title='bbox 3105 5102 3160 5148; x_wconf 88' lang='lat' dir='ltr'><strong>ct</strong></span> <span class='ocrx_word' id='word_1_847' title='bbox 3181 5095 3366 5148; x_wconf 89' lang='lat' dir='ltr'><strong>vivunt</strong></span> <span class='ocrx_word' id='word_1_848' title='bbox 3395 5095 3446 5149; x_wconf 95' lang='lat' dir='ltr'><strong>in</strong></span> <span class='ocrx_word' id='word_1_849' title='bbox 3472 5112 3602 5150; x_wconf 87' lang='lat' dir='ltr'><strong>cou-</strong></span> 
     </span>
    </p>
   </div>
   <div class='ocr_carea' id='block_1_114' title="bbox 2025 5186 3606 5256">
    <p class='ocr_par' dir='ltr' id='par_1_114' title="bbox 2025 5186 3606 5256">
     <span class='ocr_line' id='line_1_114' title="bbox 2025 5186 3606 5256; baseline 0.006 -19"><span class='ocrx_word' id='word_1_850' title='bbox 2025 5186 2362 5256; x_wconf 81' lang='lat' dir='ltr'><strong>gregatione.</strong></span> <span class='ocrx_word' id='word_1_851' title='bbox 2392 5186 2527 5256; x_wconf 87' lang='lat' dir='ltr'><strong>Ipsis</strong></span> <span class='ocrx_word' id='word_1_852' title='bbox 2569 5187 2734 5246; x_wconf 88' lang='lat' dir='ltr'><strong>enim.</strong></span> <span class='ocrx_word' id='word_1_853' title='bbox 2765 5187 2892 5256; x_wconf 86' lang='lat' dir='ltr'><strong>quia</strong></span> <span class='ocrx_word' id='word_1_854' title='bbox 2935 5189 3074 5242; x_wconf 90' lang='lat' dir='ltr'><strong>Deus</strong></span> <span class='ocrx_word' id='word_1_855' title='bbox 3112 5189 3359 5255; x_wconf 77' lang='lat' dir='ltr'><strong>olfertnr,</strong></span> <span class='ocrx_word' id='word_1_856' title='bbox 3390 5201 3606 5246; x_wconf 81' lang='lat' dir='ltr'><strong>terrena</strong></span> 
     </span>
    </p>
   </div>
   <div class='ocr_carea' id='block_1_115' title="bbox 2023 5275 3607 5348">
    <p class='ocr_par' dir='ltr' id='par_1_115' title="bbox 2023 5275 3607 5348">
     <span class='ocr_line' id='line_1_115' title="bbox 2023 5275 3607 5348; baseline 0.002 -17"><span class='ocrx_word' id='word_1_857' title='bbox 2023 5277 2294 5345; x_wconf 88' lang='lat' dir='ltr'><strong>possessio</strong></span> <span class='ocrx_word' id='word_1_858' title='bbox 2323 5277 2659 5342; x_wconf 77' lang='lat' dir='ltr'><strong>prohibetur.</strong></span> <span class='ocrx_word' id='word_1_859' title='bbox 2687 5275 2838 5332; x_wconf 91' lang='lat' dir='ltr'><strong>Sicut</strong></span> <span class='ocrx_word' id='word_1_860' title='bbox 2867 5278 2981 5348; x_wconf 88' lang='lat' dir='ltr'><strong>ipse</strong></span> <span class='ocrx_word' id='word_1_861' title='bbox 3019 5279 3278 5334; x_wconf 83' lang='lat' dir='ltr'><strong>Dominus</strong></span> <span class='ocrx_word' id='word_1_862' title='bbox 3320 5281 3388 5335; x_wconf 91' lang='lat' dir='ltr'><strong>ad</strong></span> <span class='ocrx_word' id='word_1_863' title='bbox 3427 5282 3607 5334; x_wconf 77' lang='lat' dir='ltr'><strong>Aaron</strong></span> 
     </span>
    </p>
   </div>
   <div class='ocr_carea' id='block_1_116' title="bbox 2029 5365 3609 5437">
    <p class='ocr_par' dir='ltr' id='par_1_116' title="bbox 2029 5365 3609 5437">
     <span class='ocr_line' id='line_1_116' title="bbox 2029 5365 3609 5437; baseline 0.003 -18"><span class='ocrx_word' id='word_1_864' title='bbox 2029 5366 2084 5420; x_wconf 91' lang='lat' dir='ltr'><strong>in</strong></span> <span class='ocrx_word' id='word_1_865' title='bbox 2108 5365 2347 5422; x_wconf 86' lang='lat' dir='ltr'><strong>Numero</strong></span> <span class='ocrx_word' id='word_1_866' title='bbox 2387 5367 2645 5437; x_wconf 71' lang='lat' dir='ltr'><strong>loquitur,</strong></span> <span class='ocrx_word' id='word_1_867' title='bbox 2695 5367 2879 5423; x_wconf 82' lang='lat' dir='ltr'><strong>dicens</strong></span> <span class='ocrx_word' id='word_1_868' title='bbox 2913 5387 2928 5422; x_wconf 92' lang='lat'><strong>:</strong></span> <span class='ocrx_word' id='word_1_869' title='bbox 2969 5389 2984 5420; x_wconf 80' lang='grc' dir='ltr'>ι</span> <span class='ocrx_word' id='word_1_870' title='bbox 3034 5369 3090 5424; x_wconf 87' lang='lat' dir='ltr'><strong>1n</strong></span> <span class='ocrx_word' id='word_1_871' title='bbox 3126 5379 3268 5424; x_wconf 84' lang='lat' dir='ltr'><strong>terra</strong></span> <span class='ocrx_word' id='word_1_872' title='bbox 3299 5386 3484 5425; x_wconf 88' lang='lat' dir='ltr'><strong>eorum</strong></span> <span class='ocrx_word' id='word_1_873' title='bbox 3528 5372 3609 5424; x_wconf 84' lang='lat' dir='ltr'><strong>ni-</strong></span> 
     </span>
    </p>
   </div>
   <div class='ocr_carea' id='block_1_117' title="bbox 2027 5455 3609 5527">
    <p class='ocr_par' dir='ltr' id='par_1_117' title="bbox 2027 5455 3609 5527">
     <span class='ocr_line' id='line_1_117' title="bbox 2027 5455 3609 5527; baseline 0.002 -17"><span class='ocrx_word' id='word_1_874' title='bbox 2027 5455 2099 5510; x_wconf 89' lang='lat' dir='ltr'><strong>hil</strong></span> <span class='ocrx_word' id='word_1_875' title='bbox 2132 5455 2474 5524; x_wconf 68' lang='lat' dir='ltr'><strong>possidebiais</strong></span> <span class='ocrx_word' id='word_1_876' title='bbox 2499 5470 2603 5512; x_wconf 85' lang='lat' dir='ltr'><strong>nec</strong></span> <span class='ocrx_word' id='word_1_877' title='bbox 2636 5455 2902 5514; x_wconf 80' lang='lat' dir='ltr'><strong>habebitis</strong></span> <span class='ocrx_word' id='word_1_878' title='bbox 2929 5468 3135 5527; x_wconf 88' lang='lat' dir='ltr'><strong>partem</strong></span> <span class='ocrx_word' id='word_1_879' title='bbox 3165 5458 3310 5514; x_wconf 88' lang='lat' dir='ltr'><strong>inter</strong></span> <span class='ocrx_word' id='word_1_880' title='bbox 3351 5474 3466 5516; x_wconf 84' lang='lat' dir='ltr'><strong>eos.</strong></span> <span class='ocrx_word' id='word_1_881' title='bbox 3496 5459 3609 5526; x_wconf 77' lang='lat' dir='ltr'><strong>Ego</strong></span> 
     </span>
    </p>
   </div>
   <div class='ocr_carea' id='block_1_118' title="bbox 2025 5547 3607 5615">
    <p class='ocr_par' dir='ltr' id='par_1_118' title="bbox 2025 5547 3607 5615">
     <span class='ocr_line' id='line_1_118' title="bbox 2025 5547 3607 5615; baseline 0.004 -16"><span class='ocrx_word' id='word_1_882' title='bbox 2025 5561 2192 5615; x_wconf 84' lang='lat' dir='ltr'><strong>pars,</strong></span> <span class='ocrx_word' id='word_1_883' title='bbox 2239 5556 2294 5601; x_wconf 91' lang='lat' dir='ltr'><strong>et</strong></span> <span class='ocrx_word' id='word_1_884' title='bbox 2337 5547 2626 5603; x_wconf 81' lang='lat' dir='ltr'><strong>hzcreditas</strong></span> <span class='ocrx_word' id='word_1_885' title='bbox 2680 5557 2774 5604; x_wconf 90' lang='lat' dir='ltr'><strong>tua</strong></span> <span class='ocrx_word' id='word_1_886' title='bbox 2818 5549 2878 5606; x_wconf 88' lang='lat' dir='ltr'><strong>in</strong></span> <span class='ocrx_word' id='word_1_887' title='bbox 2925 5551 3107 5608; x_wconf 82' lang='lat' dir='ltr'><strong>medio</strong></span> <span class='ocrx_word' id='word_1_888' title='bbox 3165 5552 3399 5608; x_wconf 80' lang='lat' dir='ltr'><strong>filiorum</strong></span> <span class='ocrx_word' id='word_1_889' title='bbox 3440 5551 3607 5607; x_wconf 86' lang='lat' dir='ltr'><strong>lsrael</strong></span> 
     </span>
    </p>
   </div>
   <div class='ocr_carea' id='block_1_119' title="bbox 2027 5634 2496 5717">
    <p class='ocr_par' dir='ltr' id='par_1_119' title="bbox 2027 5634 2496 5717">
     <span class='ocr_line' id='line_1_119' title="bbox 2027 5634 2496 5717; baseline 0.006 -29"><span class='ocrx_word' id='word_1_890' title='bbox 2027 5634 2219 5717; x_wconf 77' lang='lat' dir='ltr'><strong>(Nunt.</strong></span> <span class='ocrx_word' id='word_1_891' title='bbox 2260 5639 2438 5707; x_wconf 84' lang='lat' dir='ltr'><strong>xvtu).</strong></span> <span class='ocrx_word' id='word_1_892' title='bbox 2475 5655 2496 5691; x_wconf 77' lang='lat' dir='ltr'><strong>s</strong></span> 
     </span>
    </p>
   </div>
  </div>
