4132 6324
589 309 697 386 rs:

1231 436 1458 493 CAPUT
1495 436 1554 490 Il.

911 529 1056 582 Idem
1085 529 1210 595 facit
1245 527 1408 582 verbis
1439 527 1504 581 D.
1542 527 1849 596 Hieronymi

664 621 770 677 Sed
795 620 840 676 si
867 620 950 674 cui
981 623 1050 674 ad
1079 620 1366 674 tollendam
1397 620 1682 689 pecuniam
1711 621 1775 674 de
1800 618 2016 673 clericis
2055 619 2166 674 sola

588 715 721 770 tanti
751 713 986 769 doctoris
1025 712 1339 777 auctoritas,
1381 712 1611 766 necdum
1643 711 1875 766 fortasse
1915 710 2164 780 sufﬁciat,

585 804 714 874 quid
753 804 918 858 etiam
947 804 1140 858 beatus
1170 803 1474 857 inveniatur
1514 819 1678 874 super
1721 805 1824 858 hoc
1863 804 2169 859 decrevisse

586 892 964 964 Hieronymus,
999 910 1104 948 non
1147 893 1482 964 negligenter
1506 893 1774 948 attendat.
1803 893 1884 947 Ad
1921 893 2169 949 Heliodo-

586 999 705 1040 rum
734 998 965 1053 namque
1003 984 1312 1054 episcopum
1340 984 1482 1038 inter
1510 994 1704 1038 extera
1732 983 1811 1038 sic
1843 985 1917 1037 ait
1943 1002 1956 1038 :
1992 1002 2010 1035 ‹
2038 986 2168 1038 Ani-

585 1078 884 1141 niadverte,
933 1075 1121 1141 frater,
1171 1092 1275 1130 non
1325 1077 1452 1131 licet
1498 1077 1591 1130 tibi
1623 1076 1916 1146 quidquam
1959 1078 2024 1132 de
2061 1076 2168 1132 tuis

584 1166 787 1221 habere
816 1167 995 1221 rebus.
1049 1185 1068 1217 ι
1107 1165 1329 1233 Omnis,
1376 1167 1550 1237 inquit
1591 1166 1883 1229 Dominus,
1925 1167 2014 1234 qui
2061 1182 2164 1220 non

581 1259 976 1314 renuntiaverit
1025 1259 1276 1314 omnibus
1328 1273 1448 1328 qua:
1495 1257 1757 1330 possidet,
1813 1273 1919 1310 non
1989 1266 2168 1327 potest

581 1365 739 1404 meus
769 1365 891 1404 esse
921 1349 1215 1419 discipulus
1259 1349 1413 1420 (Luc.
1445 1349 1580 1419 MV).
1617 1367 1636 1399 ι
1687 1349 1796 1402 Cur
1835 1347 2024 1402 timido
2055 1350 2167 1401 ani-

580 1456 672 1497 mo
694 1441 1036 1496 Christianus
1075 1441 1180 1497 es?
1206 1442 1415 1512 respice
1445 1457 1566 1495 cum
1593 1441 1752 1495 Petro
1783 1441 2025 1496 relictum
2055 1450 2166 1496 rete

580 1531 799 1601 (Matth.
847 1534 946 1601 iv),
994 1532 1202 1601 respice
1246 1541 1554 1602 surgentem
1597 1532 1665 1588 de
1705 1532 1904 1587 telonio
1933 1532 2169 1602 publica-

577 1638 705 1678 num
749 1625 933 1678 statim
965 1625 1264 1694 apostolum
1298 1625 1512 1695 (Matth.
1539 1625 1638 1694 ix).
1674 1643 1693 1675 ι
1737 1623 1905 1679 Filius
1931 1625 2164 1679 hominis

575 1731 682 1771 non
710 1717 869 1771 habet
886 1717 972 1771 tibi
987 1715 1615 1786 caputreclinetUIatth.
1642 1731 1734 1770 viti
1755 1733 1769 1781 ;
1792 1715 1918 1770 Luc.
1936 1717 2111 1787 LVIII);
2139 1736 2156 1769 ι

1017 329 1074 383 S.
1119 323 1319 383 PETRI
1355 324 1634 380 DAMIANI
1673 323 1824 380 OPP.
1867 324 2102 382 TOMUS
2138 322 2273 378 διζο
2310 320 2490 378 PARS
2525 322 2609 380 Ill.
2653 354 2719 365 --
2757 324 3122 383 OPUSCULA
3167 321 3397 383 VARIA.

3759 335 3866 391 ιει

2205 447 2254 506 Α
2284 444 2340 489 et
2388 436 2663 502 vestitum,
2717 437 2803 494 his
2831 449 3122 496 contentus
3160 457 3278 507 ero,
3309 452 3364 497 et
3409 443 3606 500 nudam
3645 461 3863 504 crucem

2273 527 2448 582 nudus
2471 543 2688 598 sequar.
2722 548 2740 580 ι

2342 616 2541 671 Beatus
2583 618 2747 673 etiam
2780 617 3017 690 Prosper
3050 637 3172 676 eum
3201 623 3586 693 proprietatem
3621 630 3866 696 pe;uuia:

2269 706 2486 761 clericis
2510 707 2843 776 prohiberet,
2876 711 3200 765 sententiam
3247 714 3600 783 deprompsit,
3631 717 3819 771 dicens
3848 737 3860 770 :

2277 815 2297 848 ε
2335 797 2470 863 Quia
2514 813 2620 852 non
2667 807 2844 867 potest
2887 800 2960 854 ibi
2997 817 3115 857 esse
3156 805 3334 858 unitas
3381 805 3741 872 voluntatum,
3771 810 3864 863 tibi

2269 884 2434 941 fuerit
2463 886 2753 942 diversitas
2783 889 3126 946 facultatum.
3167 912 3185 944 ι
3230 895 3369 949 Ecce
3396 897 3462 949 ad
3486 896 3860 952 condemnan-

2270 977 2417 1042 dam,
2438 987 2494 1032 et
2527 977 2770 1034 funditus
2789 981 3102 1036 abolendam
3133 986 3518 1041 eanonicorum
3545 990 3860 1057 pecuniam,

2271 1077 2382 1123 tres
2408 1085 2510 1123 non
2544 1071 2968 1142 qualescunque,
3017 1076 3110 1128 sed
3144 1077 3587 1147 inexpugnabiles
3625 1080 3679 1133 in
3708 1081 3864 1136 testi-

2267 1162 2508 1214 monium
2539 1164 2794 1218 doctores
2839 1165 3162 1221 adduximus
3219 1186 3230 1219 :
3287 1176 3347 1221 ut
3388 1169 3443 1222 in
3482 1184 3580 1224 ore
3605 1171 3858 1232 duorum,

2267 1251 2351 1306 vel
2374 1251 2534 1305 trium
2563 1254 2780 1308 testium
2809 1263 2914 1310 stet
2935 1272 3095 1311 omne
3123 1258 3342 1312 verbum
3373 1257 3591 1328 (Matth.
3630 1263 3810 1331 xviii).

2881 1344 3111 1402 CAPUT
3163 1346 3252 1402 ιιι.

2515 1432 2900 1488 ϐαηοηῐεοηιηι
2929 1436 3163 1505 defensio
3192 1455 3350 1508 quam
3392 1438 3602 1509 frivola.

2339 1521 2444 1578 Sed
2477 1541 2597 1578 cum
2635 1526 2747 1580 haec
2778 1525 2882 1580 illis
2917 1524 3224 1594 objicimns,
3271 1529 3370 1598 ipsi
3421 1548 3458 1583 ri
3481 1531 3618 1600 g'ila:
3655 1545 3767 1585 sua:
3797 1532 3862 1584 li-

2265 1613 2424 1669 brum
2447 1616 2602 1669 nobis
2628 1618 2875 1684 protinus
2902 1615 3157 1683 offerunt;
3191 1620 3258 1672 ad
3300 1621 3498 1688 regula:
3526 1635 3553 1678 s
3591 1636 3640 1677 ω
3669 1635 3856 1677 auco-

2269 1703 2488 1758 ritatein
2530 1705 2754 1758 redeunt
2785 1722 2797 1758 :
2832 1719 3005 1776 eaque
3049 1707 3150 1762 sibi
3187 1711 3535 1778 proprietai;s
3583 1710 3853 1779 peculium

573 1815 629 1858 et
659 1814 717 1857 tu
751 1805 958 1874 amplos
988 1806 1247 1874 porticus,
1290 1814 1345 1859 et
1389 1805 1627 1875 ingentia
1679 1813 1943 1860 tectorum
1983 1808 2148 1877 spatia

2266 1794 2637 1857 concedente,
2689 1796 2800 1864 pati
2861 1811 2920 1851 se
2984 1800 3356 1869 pnt'jndiciuni
3423 1812 3850 1871 conquerantur.

573 1893 822 1947 metiris?
869 1893 1246 1948 llrereditatein
1297 1904 1583 1964 exspectas
1638 1895 1854 1950 saeculi?
1905 1896 2160 1952 Cohzeres

571 1985 773 2039 Christi
801 1999 924 2040 esse
948 2001 1054 2040 non
1087 1994 1262 2055 potes.
1302 1986 1369 2040 Et
1407 2001 1511 2039 non
1537 1985 1694 2056 longe
1722 1996 1842 2056 post
1871 1985 2160 2041 Dominum

570 2076 821 2130 ausculta
866 2077 1176 2131 dicentem:
1218 2095 1236 2126 σ
1273 2076 1331 2132 Si
1379 2078 1461 2132 vis
1495 2077 1767 2147 perfectus
1816 2093 1956 2144 esse,
2000 2082 2156 2144 vade,

569 2175 628 2222 et
657 2161 823 2221 vende
847 2169 1029 2222 omnia
1075 2178 1181 2231 tua,
1208 2177 1264 2224 et
1301 2169 1367 2222 da
1407 2171 1756 2241 pauperibus,
1806 2180 1860 2225 et
1893 2173 2038 2236 veni,
2069 2189 2156 2228 se-

569 2273 738 2327 quere
767 2274 851 2313 me
899 2257 1114 2329 (Matth.
1173 2265 1308 2330 xix).
1347 2280 1365 2312 ι
1401 2260 1478 2314 Tn
1528 2271 1706 2315 autem
1758 2263 2053 2332 perfectum
2106 2274 2157 2320 te

571 2364 694 2404 esse
721 2351 996 2420 pollicitus
1020 2367 1100 2406 es.
1132 2351 1263 2405 Nam
1302 2368 1423 2406 rum
1450 2353 1706 2407 derelicta
1752 2355 1935 2409 mundi
1967 2355 2155 2411 militia

573 2450 629 2496 le
658 2441 911 2496 castrasti
935 2450 1152 2512 propter
1178 2458 1341 2512 regna
1365 2443 1644 2503 cmlornm,
1663 2445 1789 2514 quid
1811 2445 1974 2509 aliud,
1994 2461 2154 2512 quam

568 2533 864 2604 perfectam
906 2544 1145 2588 sectatus
1175 2551 1234 2590 es
1275 2535 1478 2589 vitain?
1521 2535 1800 2590 Perfectus
1827 2548 2004 2591 autem
2035 2553 2152 2592 ser-

569 2636 668 2675 vus
690 2622 914 2686 Christi,
969 2622 1099 2676 tiiliil
1151 2634 1346 2692 prmter
1383 2624 1655 2678 Christum
1704 2625 1912 2679 habet:
1963 2635 2056 2679 aut
2107 2626 2151 2680 si

568 2720 767 2783 prater
802 2712 1076 2768 Christum
1129 2714 1288 2768 habet
1333 2715 1500 2784 quid,
1551 2714 1823 2784 perfectus
1874 2731 1978 2769 non
2028 2723 2147 2770 est:

565 2810 624 2857 et
653 2801 698 2856 si
724 2801 994 2872 perfectus
1038 2818 1142 2856 non
1176 2812 1278 2866 est,
1328 2819 1450 2858 cum
1491 2819 1548 2859 se
1580 2804 1848 2874 perfectus
1897 2805 2012 2861 fore
2043 2809 2152 2862 Deo

567 2891 838 2962 pollicitus
882 2893 954 2947 sit
1005 2901 1150 2958 ante,
1208 2894 1466 2948 mentitus
1512 2903 1615 2947 est.
1649 2913 1666 2945 ι
1722 2894 1913 2950 Omnis
1946 2906 2147 2962 autem,

565 2984 656 3054 qui
688 2985 966 3051 mentitur,
996 2985 1196 3040 occidit
1232 2987 1465 3040 animam
1509 2986 1662 3057 (Sap.
1699 2987 1761 3058 t).
1802 3007 1820 3039 ι

642 3093 661 3125 ι
694 3073 862 3145 Igitur
892 3085 949 3129 ut
977 3077 1319 3140 conchulam,
1347 3077 1392 3130 si
1443 3077 1716 3148 perfectus
1745 3094 1830 3143 es,
1869 3095 1968 3134 cur
2009 3080 2146 3133 bona

2262 1886 2432 1952 Quam
2463 1886 2716 1940 nimirum
2751 1888 2990 1957 regulam
3027 1905 3125 1944 nos
3173 1907 3274 1946 nec
3315 1891 3556 1948 funditus
3584 1887 3771 1961 impio'
3794 1908 3854 1946 a~

2261 1990 2402 2039 nius,
2455 1989 2555 2028 nec
2589 1977 2937 2031 autoritatem
2985 1977 3059 2032 illi
3096 1981 3318 2033 omnino
3368 1981 3675 2036 tribuimus.
3720 1980 3854 2035 Pro—

2258 2067 2450 2122 bamus
2474 2069 2618 2122 enim
2651 2069 2703 2122 in
2732 2080 2993 2138 quantum
3025 2073 3230 2127 sanctis
3251 2074 3505 2128 Ecclesia:
3532 2076 3850 2131 doctoribus

2258 2171 2520 2217 consonat
2554 2181 2566 2215 :
2615 2162 2898 2233 abjieimus
2928 2173 3132 2230 autem,
3181 2175 3344 2235 atque
3387 2169 3756 2237 conspuinius,
3791 2169 3846 2222 in

2257 2262 2514 2321 quantum
2544 2253 2874 2308 authenticis
2901 2268 3090 2308 eorum
3130 2254 3563 2311 institutionibus
3589 2273 3692 2312 non
3717 2273 3848 2314 cono

2257 2343 2467 2396 cordat.

2329 2431 2435 2486 Sed
2481 2433 2593 2504 jam
2634 2434 2747 2504 ipsa
2801 2436 3014 2490 illorum
3071 2437 3255 2506 regula
3304 2439 3604 2493 deducatur
3631 2442 3700 2494 ad
3733 2455 3846 2495 mc-

2255 2522 2427 2589 diuin,
2455 2534 2510 2580 et
2555 2536 2736 2580 utrum
2782 2527 3153 2583 indifferenter
3193 2539 3323 2600 tota,
3372 2545 3440 2584 an
3469 2542 3648 2592 caute.
3682 2542 3848 2602 atque

2254 2628 2502 2686 suspecto
2529 2634 2595 2672 ex
2641 2628 2794 2686 parte
2841 2619 3110 2674 duntaxat
3151 2622 3351 2691 suscipi
3394 2622 3611 2688 debeat,
3654 2623 3709 2678 in
3738 2639 3844 2678 una

2253 2709 2446 2763 Saltem
2471 2725 2518 2778 p.
2543 2709 2721 2779 ginula
2761 2711 3154 2767 discernatnus.
3189 2713 3302 2767 lloc
3334 2714 3491 2784 plane
3521 2715 3574 2768 in
3609 2717 3842 2785 quadam

2253 2797 2370 2867 ejus
2400 2801 2650 2867 periocha
2693 2802 2962 2870 reperitur
2995 2821 3008 2854 :
3068 2821 3087 2852 ι
3124 2802 3474 2870 Sanctorum,
3517 2806 3710 2876 inquit,
3741 2805 3844 2860 Pa-

2255 2895 2396 2942 trum
2423 2892 2692 2944 sententia
2720 2891 2878 2945 docet
2917 2886 3149 2948 clericos
3191 2910 3295 2948 non
3325 2895 3637 2950 divitiarum
3667 2909 3844 2953 secta-

2254 2984 2397 3030 tores
2425 2993 2566 3041 esse,
2610 2995 2710 3034 nec
2743 2996 2832 3035 res
2860 2981 3228 3037 Ecclesiarum
3276 2984 3568 3040 inolliciose
3597 2989 3843 3057 accipere

2253 3067 2472 3122 debere.
2503 3068 2605 3134 Qui
2638 3070 2784 3124 enim
2832 3071 3087 3127 Ecclesia:
3135 3074 3396 3139 serviunt,
3443 3085 3499 3130 et
3527 3092 3612 3139 ea,
3643 3078 3842 3146 quibus

563 3175 792 3234 paterna
819 3165 1131 3222 desideras?
1161 3168 1218 3221 Si
1269 3167 1542 3236 perfectus
1583 3185 1687 3222 non
1733 3185 1817 3235 es,
1863 3169 2028 3224 Deum
2068 3170 2148 3225 fe-

2248 3175 2382 3228 opus
2410 3169 2520 3226 est,
2563 3177 2672 3216 non
2729 3163 2962 3229 habent;
3010 3174 3105 3218 aut
3140 3165 3370 3220 libenter
3416 3167 3710 3237 accipiunt,
3745 3179 3842 3222 aut

563 3252 769 3309 fellisti.
813 3255 1020 3312 Divinis
1050 3257 1396 3327 Evangelium
1425 3258 1648 3314 vocibus
1689 3264 1938 3315 intonat:
1977 3279 1995 3311 ‹
2031 3259 2147 3316 Non

563 3346 790 3416 potestis
825 3348 1031 3402 duobus
1083 3350 1318 3405 dominis
1361 3353 1566 3406 servire
1617 3351 1834 3421 (Matth.
1865 3355 1979 3422 vi);
2022 3373 2040 3407 ι
2094 3362 2150 3409 et

561 3439 724 3493 audet
749 3439 1033 3510 quisquam
1073 3440 1345 3497 Christum
1377 3444 1690 3498 mendacem
1733 3444 1933 3512 facere,
1982 3447 2150 3502 Mam-

560 3545 734 3585 tnonze
771 3541 826 3585 et
863 3533 1085 3587 Domino
1120 3535 1438 3588 serviendo?
1478 3534 1818 3590 Vociferatur
1845 3538 1932 3591 ille
1961 3554 2142 3608 saepe:

565 3635 587 3672 ο
624 3620 679 3674 Si
704 3621 826 3691 quis
853 3621 965 3675 vult
993 3631 1113 3692 post
1156 3640 1241 3679 tne
1279 3625 1482 3688 venire,
1523 3626 1752 3696 abneget
1795 3630 2144 3697 semetipsum

559 3711 686 3772 sibi,
723 3720 780 3766 et
806 3712 956 3766 tollat
984 3729 1197 3767 crucem
1225 3731 1399 3779 suam,
1431 3727 1487 3771 et
1514 3726 1772 3785 sequatur
1808 3735 1893 3774 me
1926 3719 2142 3788 (Matth.

560 3805 711 3872 xvi);
745 3822 764 3855 ι
805 3813 861 3857 et
897 3821 998 3874 ego
1031 3818 1258 3860 onustus
1284 3825 1418 3863 auro
1446 3811 1703 3880 Iarbitror
1739 3828 1824 3866 me
1866 3813 2144 3870 Christum

559 3893 753 3961 sequi?
782 3913 801 3944 ι
833 3895 914 3948 Ad
963 3894 1319 3965 Nepotianum
1365 3915 1580 3969 quoque
1622 3904 1992 3973 presbyterum
2024 3914 2145 3974 post

559 3986 724 4040 multa
757 3987 1068 4042 subinfert:
1104 4007 1122 4040 α
1164 3989 1328 4060 Igitur
1366 3992 1619 4056 clericus,
1663 3995 1753 4064 qui
1799 3995 1998 4068 Christi
2035 4013 2144 4052 ser~

556 4079 628 4132 vit
661 4078 934 4144 Ecclesiie,
965 4081 1350 4151 interpretetur
1379 4084 1557 4152 primo
1583 4086 1904 4140 vocabulum
1949 4104 2136 4154 suum;

555 4179 611 4223 et
642 4169 872 4224 nominis
913 4171 1228 4226 definitione
1278 4175 1522 4243 prielata,
1578 4177 1784 4230 nitatur
1830 4193 1950 4234 esse
1997 4182 2140 4248 quod

553 4262 774 4316 dicitur.
805 4263 862 4317 Si
904 4264 1049 4318 enim
1081 4266 1259 4338 κλήρος
1289 4265 1495 4333 Gricce,
1542 4267 1731 4323 Latine
1759 4285 1879 4325 sors
1907 4272 2140 4342 appella-

554 4363 662 4421 tur,
694 4367 974 4426 propterea
1004 4370 1269 4413 vocantur
1314 4360 1519 4426 clerici,
1566 4362 1691 4432 quia
1737 4362 1802 4417 de
1841 4375 1986 4418 sorte
2014 4373 2139 4419 sunt

552 4447 764 4502 Daniini
797 4465 810 4501 :
851 4447 932 4500 vel
965 4450 1088 4516 quia
1126 4449 1241 4516 ipse
1274 4451 1533 4506 Dominus
1578 4468 1716 4515 sors,
1759 4453 1810 4508 id
1863 4463 1967 4518 est,
2013 4470 2139 4524 pars

2251 3253 2491 3322 exigunt,
2520 3253 2680 3308 nimis
2713 3255 3008 3309 carnaliter
3043 3256 3281 3326 sapiunt.
3314 3255 3599 3327 indignum
3639 3261 3840 3329 quippe

2249 3355 2354 3410 est,
2393 3347 2438 3401 si
2471 3347 2665 3413 fidelis,
2711 3357 2767 3402 et
2793 3362 3020 3418 operosa
3053 3349 3268 3403 devotio
3320 3350 3671 3416 clericorum,
3715 3367 3840 3420 pro-

2248 3447 2370 3507 pter
2393 3437 2720 3507 stipendium
2767 3438 3025 3493 saeculare
3076 3440 3299 3509 praemia
3342 3442 3671 3510 sempiterna
3701 3456 3836 3496 con-

2251 3536 2486 3592 temnat;
2536 3537 2594 3581 ut
2621 3529 2766 3597 quod
2801 3528 3055 3598 accipiat,
3082 3529 3205 3583 inde
3245 3529 3510 3584 rationein
3539 3531 3748 3596 reddat,
3781 3543 3840 3587 et

2247 3623 2486 3690 peccatis
2528 3619 2719 3675 alienis
2747 3636 2846 3675 sua
2893 3621 3213 3690 multiplieet
3256 3631 3503 3692 peccata.
3558 3623 3710 3679 Unde
3737 3639 3830 3678 ne-

2246 3727 2398 3768 cesse
2425 3719 2533 3777 est,
2581 3714 2690 3767 imo
2718 3713 2850 3768 utile
2877 3713 3111 3779 clericis,
3157 3717 3211 3768 in
3261 3715 3647 3770 ecclesiasticis
3690 3718 3836 3771 acci-

2246 3803 2457 3873 piendis
2485 3803 2812 3872 sumptibus,
2857 3818 3012 3857 suum
3043 3804 3214 3859 vitare
3244 3806 3564 3874 periculum.
3601 3807 3834 3862 Proinde

2247 3901 2354 3946 tam
2379 3892 2443 3946 de
2471 3893 2584 3947 suis
2633 3909 2795 3963 quam
2824 3893 2892 3948 de
2920 3893 3178 3949 Ecclesia:
3205 3895 3548 3950 facultatibus
3570 3913 3675 3950 non
3711 3899 3833 3968 plus

2245 3982 2514 4050 accipiant
2541 3992 2631 4035 aut
2654 3983 2873 4054 exigant
2894 3999 3057 4052 quam
3088 3994 3323 4054 Oportet,
3348 3985 3402 4039 id
3431 3998 3534 4050 est,
3561 3989 3830 4057 accipiant

2242 4074 2442 4139 cilium,
2476 4085 2530 4128 et
2553 4084 2761 4145 potum,
2791 4086 2844 4130 et
2890 4079 3294 4142 vestimentum,
3352 4088 3408 4132 et
3461 4081 3544 4134 his
3591 4084 3829 4137 contenti

2241 4166 2352 4222 sint
2382 4185 2394 4219 :
2425 4183 2512 4232 ne,
2537 4167 2659 4238 plus
2687 4169 3038 4240 accipientes,
3062 4184 3327 4240 pauperes
3353 4187 3582 4242 gravare
3603 4175 3827 4228 videan-

2242 4265 2327 4310 tur
2356 4274 2459 4312 uon
2491 4259 2609 4314 sine
2634 4260 2824 4327 grandi
2849 4269 3112 4328 peccato:
3144 4270 3198 4314 et
3233 4276 3339 4315 non
3388 4263 3660 4332 accipiant
3687 4267 3827 4320 unde

2239 4363 2440 4419 pauper
2476 4349 2717 4403 victurus
2762 4359 2902 4404 erat.
2941 4369 2960 4401 ι
2991 4350 3134 4406 Ecce
3159 4353 3213 4405 in
3245 4351 3329 4406 his
3369 4355 3548 4408 verbis
3588 4356 3703 4410 hiec
3743 4371 3828 4410 re-

2238 4440 2385 4510 gula,
2414 4439 2500 4493 tibi
2529 4439 2738 4494 scilicet
2763 4440 2991 4495 clericos
3016 4443 3137 4496 cibo
3165 4451 3220 4496 et
3249 4452 3400 4512 potu,
3429 4459 3493 4498 ac
3524 4454 3676 4500 veste
3701 4461 3827 4500 con-

551 4537 874 4590 clericorum
901 4515 1002 4591 est.
1033 4536 1099 4590 Et
1127 4515 1254 4606 quia
1277 4539 1360 4593 vel
1390 4540 1504 4608 ipse
1531 4555 1658 4609 pars
1684 4542 1894 4596 Domini
1917 4515 2028 4607 est,
2053 4543 2134 4598 vel

2248 4538 2419 4584 tentus
2450 4545 2570 4586 esse
2594 4530 2790 4586 debere
2822 4533 3154 4602 promulgat,
3195 4542 3252 4588 et
3293 4535 3590 4596 nobiscum.
3620 4549 3677 4590 et
3702 4553 3822 4590 cuin

561 4626 847 4680 Dominum
880 4635 1087 4694 partem
1131 4627 1316 4693 habet,
1347 4629 1508 4683 talem
1558 4644 1614 4684 se
1647 4630 1906 4685 exhibere
1957 4633 2136 4698 debet,

551 4725 612 4771 nt
638 4725 694 4770 et
725 4717 838 4787 ipse
886 4716 1162 4786 possideat
1198 4717 1504 4782 Dominum,
1551 4727 1606 4774 et
1645 4719 1757 4790 ipse
1801 4722 2140 4791 possideatur

550 4823 580 4860 a
618 4807 862 4862 Domino.
891 4806 990 4873 Qui
1025 4807 1309 4862 Dominum
1346 4809 1610 4878 possidet,
1640 4820 1694 4864 et
1715 4825 1835 4866 cum
1864 4811 2135 4882 Propheta

551 4898 718 4952 dicit:
749 4915 768 4948 ι
799 4897 932 4954 Pars
975 4913 1092 4952 mea
1125 4899 1382 4954 Dominus
1405 4900 1576 4970 (Psat’.
1599 4903 1790 4974 usti).
1826 4923 1843 4956 ι
1882 4905 2010 4958 nihil
2042 4922 2136 4960 ex-

548 4997 631 5043 tra
654 4988 938 5043 Dominum
971 4989 1169 5044 habere
1203 5001 1400 5060 potest.
1429 4994 1578 5058 Quod
1609 4994 1656 5048 si
1687 4995 1959 5066 quidpiam
1991 4997 2134 5052 aliud

548 5079 800 5133 habuerit
827 5090 1023 5149 praeter
1051 5081 1353 5147 Dominum,
1387 5099 1512 5152 pars
1541 5084 1656 5152 ejus
1685 5101 1792 5140 non
1813 5087 1915 5140 erit
1946 5086 2133 5140 Domi-

549 5181 674 5222 nus.
709 5165 868 5222 Verbi
900 5171 1071 5239 gratia
1105 5189 1118 5226 :
1153 5172 1211 5226 Si
1257 5188 1469 5234 aurum,
1507 5176 1551 5227 si
1583 5183 1886 5243 argentum,
1919 5177 1963 5229 si
2006 5192 2133 5246 pos-

548 5257 841 5323 sessiones,
867 5262 911 5314 si
951 5263 1156 5317 variam
1207 5264 1594 5333 supellectilem
1620 5306 1634 5329 ,
1667 5282 1790 5320 cum
1827 5268 1945 5322 istis
1972 5269 2136 5336 parti-

548 5349 650 5404 bus
689 5351 945 5406 Dominus
970 5369 1096 5421 pars
1120 5356 1239 5425 ejus
1278 5357 1392 5410 fieri
1422 5374 1526 5412 non
1559 5359 1831 5428 dignatur.
1859 5359 1914 5414 Si
1945 5369 2126 5415 autem

547 5438 712 5510 487
745 5455 844 5508 ego
869 5455 994 5510 pars
1021 5444 1232 5500 Domini
1265 5461 1406 5510 sum,
1441 5457 1496 5501 et
1535 5446 1806 5503 funiculus
1843 5450 2128 5505 literedita-

550 5529 620 5581 tis
650 5528 789 5597 ejus,
823 5545 922 5582 nec
965 5532 1171 5599 accipio
1221 5543 1401 5602 partes
1447 5536 1499 5590 in
1542 5546 1768 5592 caeteras
1807 5537 1999 5603 tribus,
2031 5541 2128 5594 sed

547 5618 700 5686 quasi
731 5617 910 5681 levita,
944 5629 1000 5675 ct
1040 5624 1290 5678 sacerdos
1329 5627 1450 5681 vivo
1495 5629 1561 5682 de
1596 5629 1842 5694 decimis,
1867 5639 1920 5684 et
1968 5631 2128 5686 altari

547 5707 812 5764 serviens.
837 5707 1024 5763 altaris
1058 5710 1329 5768 oblatione
1356 5724 1654 5784 sustentor,
1693 5717 1896 5774 habens
1927 5719 2128 5776 victum

2240 4622 2404 4675 totius
2430 4622 2684 4677 Ecclesia:
2725 4624 3050 4678 auctoritate
3090 4627 3404 4679 concordat.
3451 4625 3601 4692 Quod
3642 4637 3822 4683 autem

2238 4712 2382 4767 illico
2405 4713 2678 4783 sequitur,
2722 4729 2949 4783 prorsus
2977 4715 3294 4780 absurdum,
3323 4717 3563 4786 ineptum
3588 4719 3821 4784 videtur,

2238 4821 2302 4858 ae
2340 4805 2590 4861 frivolum
2628 4824 2642 4861 :
2680 4825 2700 4859 t
2754 4808 2792 4862 li
2840 4824 2993 4872 vero,
3027 4809 3218 4879 inquit,
3251 4812 3342 4880 qui
3389 4827 3489 4866 nec
3515 4813 3628 4866 suis
3662 4815 3824 4868 rebus

2239 4895 2546 4961 abundant,
2608 4913 2710 4952 nec
2758 4897 3012 4954 Ecclesia:
3065 4901 3268 4956 habent
3320 4903 3712 4970 posseSsiones,
3770 4914 3825 4957 et

2239 5004 2487 5058 magnam
2537 4989 2826 5045 utilitatem
2880 4993 3134 5046 Ecclesiae
3182 4991 3492 5056 conferunt,
3551 4997 3823 5064 accipiant

2233 5079 2287 5132 in
2313 5081 2573 5134 canonica
2603 5083 3025 5152 congregatione
3068 5083 3290 5146 victum,
3323 5093 3378 5137 et
3415 5085 3821 5145 vestimentum.

2231 5179 2286 5223 et
2315 5170 2782 5242 eleemosynarum
2813 5183 3019 5243 partes.
3057 5193 3076 5226 ι
3111 5173 3246 5240 Quia
3278 5173 3346 5228 de
3379 5176 3580 5228 talibus
3604 5175 3655 5228 in
3682 5177 3824 5229 libro

2231 5260 2484 5331 PrOsperi
2517 5265 2752 5319 dicitur:
2783 5284 2801 5315 ι
2845 5266 3063 5330 Clerici,
3094 5282 3231 5335 quos
3260 5267 3530 5331 voluntas,
3561 5275 3656 5320 aut
3679 5271 3823 5320 nati~

2231 5355 2370 5407 vitas
2393 5369 2658 5422 pauperes
2679 5353 2827 5419 fecit,
2855 5357 2906 5409 in
2924 5359 3339 5426 congregatione
3371 5358 3612 5412 viventes
3636 5373 3824 5412 ncces-

2233 5447 2374 5499 saria
2397 5444 2566 5516 488
2596 5447 2718 5500 vita:
2744 5447 3032 5516 accipiant.
3070 5467 3089 5500 ι
3117 5447 3272 5502 Prius
3311 5449 3491 5518 itaque
3513 5451 3602 5504 dat
3626 5451 3823 5503 victnnt

2233 5547 2286 5590 et
2316 5537 2720 5602 vestimentum,
2757 5538 2950 5592 deinde
2987 5538 3249 5595 divisores
3278 5542 3558 5595 constituit
3587 5541 3822 5596 eleemo-

2235 5641 2510 5696 syiiaruin.
2543 5627 2672 5680 illud
2717 5627 2922 5681 scilicet
2966 5629 3034 5682 ad
3082 5634 3449 5686 necessarium
3494 5633 3618 5685 vita:
3651 5632 3825 5685 subsi-

2237 5718 2413 5786 dium;
2449 5719 2550 5772 hoc
2581 5719 2648 5773 ad
2677 5719 3063 5775 infarciendazn
3104 5725 3414 5792 congeriem
3461 5721 3820 5778 saeculorum.
