4148 5358
381 255 488 310 485

921 248 1161 311 opusc.
1201 254 1386 309 χχιιι.
1411 284 1481 295 -
1519 251 1797 308 comas
1815 269 1818 274 -
1839 251 2180 306 cucmcos
2212 235 3075 309 necufrnoruu—zramos.

3537 255 3642 310 ιεε

380 369 512 424 lllud
545 376 604 423 ιιι
645 365 999 439 corporaliter
1042 367 1246 431 vivant,
1289 366 1390 420 hoc
1434 374 1492 418 ut
1539 373 1755 418 tutel-rue
1801 362 1960 416 morti
1997 368 2036 426 Α
2070 362 2281 417 vivendi
2309 363 2554 418 ordinem
2601 367 2700 419 sub
2729 365 2988 435 apostolis
3032 365 3245 421 noviter
3266 365 3334 421 ad
3362 366 3522 422 (idem
3559 383 3651 422 ve-

377 461 633 532 pabulum
674 460 929 514 nutriant.

449 550 853 607 Consideranda
884 558 1009 604 sunt
1031 550 1195 604 etiam
1227 549 1339 620 ipsa
1366 548 1688 618 reptantium
1719 553 1963 617 portenta

375 642 688 704 verborum,
717 650 770 694 et
811 641 1176 710 ignominiosa:
1217 651 1377 709 atque
1415 633 1652 694 conifusa‘
1678 638 1963 692 locutionis

374 731 746 800 opprobrium.
776 729 906 783 Nam
937 746 1058 784 cmn
1093 731 1460 799 prmmisisset,
1492 739 1552 784 ut
1580 730 1764 784 clerici
1797 729 1964 784 susci-

374 831 564 891 perent
592 835 713 875 cum
740 822 882 876 victu
915 831 968 874 et
998 822 1191 875 vestitu
1239 823 1402 876 etiam
1447 830 1628 891 partes
1662 821 1961 892 eleemosy-

374 929 599 978 narum;
629 914 781 982 quasi
820 915 992 967 reddit.
1025 930 1243 968 causam
1280 931 1448 984 quare
1476 916 1576 969 hoc
1603 933 1615 968 :
1643 916 1766 984 quia
1793 915 1858 968 de
1881 923 1959 968 ta-

372 1006 534 1071 libus,
557 1006 750 1075 inquit,
775 1006 825 1059 in
848 1006 984 1061 libro
1006 1002 1252 1077 Prosperi
1279 1007 1479 1062 dicitur
1507 1027 1520 1062 :
1544 1028 1560 1058 ι
1581 1005 1797 1072 Clerici,
1821 1023 1959 1077 quos

373 1096 619 1152 voluntas
656 1106 750 1151 aut
783 1098 1035 1152 nativitas
1070 1115 1333 1168 pauperes
1383 1099 1532 1162 fecit,
1574 1099 1626 1152 in
1657 1114 1957 1171 congrega-

371 1188 516 1242 tione
539 1187 798 1252 viventes,
827 1188 1134 1243 necessaria
1172 1189 1298 1242 vitae
1327 1189 1614 1258 accipiant.
1649 1209 1667 1242 ι

442 1281 560 1346 Dic,
603 1281 861 1337 Tulliana:
912 1283 1240 1336 reformator
1286 1283 1630 1352 eloqttentim,
1683 1277 1789 1347 dic,
1821 1293 1957 1338 nove

367 1372 780 1439 Demosthenes,
809 1375 932 1443 quia
957 1374 1088 1428 dicit
1128 1373 1380 1443 Prosper,
1407 1383 1467 1427 ιιι
1495 1374 1676 1429 clerici
1708 1390 1958 1430 necessa-

366 1463 445 1516 ria
481 1464 600 1518 vita:
631 1465 948 1535 percipiant,
1001 1465 1202 1518 idcirco
1246 1464 1490 1534 pra-cipit
1535 1473 1592 1518 ιιι
1625 1474 1823 1534 praeter
1879 1463 1955 1516 vi-

366 1562 486 1607 crus
529 1562 584 1608 et
634 1555 993 1619 vestimenta,
1048 1570 1142 1623 per
1190 1555 1426 1624 singulas
1482 1556 1644 1610 etiam
1694 1570 1954 1625 personas

363 1643 735 1715 elcemosynas
764 1636 1137 1700 dividantlUt
1171 1646 1324 1716 juxta
1350 1655 1503 1700 tuam
1539 1639 1954 1716 interpretatio-

2071 453 2228 508 niens
2264 454 2480 508 tenebat
2507 454 2743 510 Ecclesia
2775 473 2787 508 :
2831 475 2848 506 ι
2873 455 3245 522 Multitudinis,
3292 466 3348 512 ut
3380 457 3552 513 Lucas
3577 458 3655 513 ait

2067 540 2206 609 (Act.
2262 541 2371 606 tv),
2420 543 2754 597 credentium
2803 553 2920 597 erat
2973 560 3070 598 cor
3123 561 3312 610 unum,
3364 554 3418 598 et
3466 547 3649 602 anima

2065 644 2192 693 una,
2227 646 2324 685 nec
2351 631 2636 701 quisquam
2675 648 2895 697 eorum,
2929 650 3047 704 quze
3081 635 3384 704 possidebat
3421 636 3648 706 aliquid,

2063 734 2220 774 suum
2259 736 2379 774 esse
2418 722 2667 778 dicebat:
2717 723 2810 778 sed
2858 731 3015 776 erant
3063 723 3168 778 illis
3197 725 3374 778 omnia
3403 741 3645 780 commu-

2065 810 2208 862 nia.»
2243 810 2382 865 Ecce
2422 812 2510 865 ubi
2556 825 2662 867 non
2710 821 2828 866 erat
2873 813 3163 869 diversitas
3194 831 3408 882 rerum,
3435 818 3653 887 vigebat

2065 903 2246 954 unitas
2297 903 2659 958 voluntatum.
2716 903 2980 958 Nimirum
3033 906 3122 959 ubi
3173 923 3279 961 non
3321 917 3404 962 est
3457 909 3650 963 divisio

2063 1006 2279 1056 census,
2313 993 2365 1047 in
2399 995 2653 1049 unionem
2680 997 2973 1050 cbaritatis
3001 995 3352 1066 plurimarum
3385 1001 3647 1054 tuentium

2061 1084 2330 1139 Conflatur
2388 1086 2632 1140 allectus.
2679 1087 2792 1142 Illic
2821 1087 2964 1142 enim
3001 1104 3153 1142 mens
3181 1103 3211 1141 a
3240 1098 3424 1143 mente
3453 1088 3648 1143 dividi-

2062 1183 2168 1239 tur,
2203 1175 2292 1229 ubi
2340 1175 2658 1232 facultatum
2689 1177 3001 1233 communio
3027 1193 3134 1232 non
3162 1185 3376 1233 tenetur
3407 1196 3422 1231 -:
3475 1190 3528 1233 et
3558 1179 3647 1232 ubi

2059 1267 2460 1338 possessionum
2487 1269 2698 1323 diversa
2727 1271 3050 1340 proprietas,
3077 1269 3166 1324 ubi
3194 1285 3344 1325 mens
3367 1271 3650 1341 possiden-

2059 1356 2194 1409 tium
2247 1371 2355 1411 non
2385 1365 2625 1412 estuna.
2677 1359 2746 1414 At
2791 1360 2884 1414 ubi
2935 1361 3340 1415 circumstantia
3397 1362 3649 1431 qnmlibct

2058 1448 2420 1501 communiter
2455 1451 2818 1518 possidentur,
2849 1451 3185 1506 diversorum
3218 1465 3426 1507 ment-es
3457 1453 3508 1507 in
3540 1470 3644 1509 una

2056 1536 2334 1593 voluntate
2381 1552 2752 1597 concurrunt:
2794 1543 2924 1612 quia
2969 1544 3110 1599 unde
3153 1544 3389 1599 invicem
3437 1545 3647 1614 litigare

2057 1625 2256 1681 debent
2286 1645 2390 1683 non
2421 1630 2718 1685 inveniunt.
2767 1632 3029 1703 Quisquis
3075 1648 3206 1704 ergo
3249 1634 3479 1688 clericus
3519 1651 3645 1703 pro-

362 1749 508 1798 nem,
542 1736 847 1790 necessaria
876 1737 995 1790 vitm
1023 1737 1319 1805 suscipere,
1351 1737 1453 1792 boc
1481 1737 1569 1801 sit,
1602 1738 1746 1792 victu
1774 1749 1937 1792 vestes

2055 1719 2302 1786 prietatis
2335 1730 2564 1775 conatur
2608 1722 2807 1777 habere
2852 1723 3141 1794 peculium,
3180 1739 3290 1777 mn
3324 1723 3466 1777 valet
3513 1741 3645 1794 apo-

363 1839 471 1891 qne
509 1827 796 1895 perceptis,
841 1826 1212 1899 eleemosynas
1241 1826 1562 1896 dispertire?
1603 1829 1772 1894 Quam
1813 1828 1949 1884 bene

359 1912 568 1968 faciunt
611 1914 816 1980 clerici,
853 1917 942 1985 qui
987 1925 1039 1971 te
1090 1918 1372 1987 praeconiis
1415 1915 1668 1984 offerunt,
1705 1919 1795 1989 qui
1839 1929 1946 1974 tam

357 2005 544 2071 gravia
575 2013 736 2074 atque
762 2007 1120 2076 importabilia
1161 2016 1264 2062 tua:
1289 2007 1420 2078 legis
1465 2009 1641 2062 edicta
1685 2008 1819 2063 laztis
1842 2011 1950 2064 vis-

354 2093 570 2148 ceribus
616 2095 1044 2164 amplectuntur"
1102 2097 1169 2151 Et
1216 2107 1402 2151 revera
1438 2098 1570 2151 satis
1600 2097 1782 2167 gravia
1825 2102 1951 2153 sunt

356 2190 412 2236 et
458 2171 840 2253 intportabilia,
885 2194 1004 2255 quae
1064 2186 1394 2256 promulgas,
1447 2202 1568 2240 eum
1621 2203 1649 2239 a
1709 2188 1947 2242 maxime

345 2287 526 2342 usque
561 2275 628 2330 ad
676 2275 1000 2341 minimum;
1037 2277 1087 2330 id
1135 2286 1236 2340 est,
1281 2277 1443 2330 etiam
1491 2277 1536 2331 si
1582 2277 1808 2331 duorum
1862 2279 1947 2332 vel

353 2361 520 2417 trium
549 2363 621 2417 sit
649 2380 912 2418 annorum
946 2366 998 2418 in
1036 2365 1182 2420 clero
1226 2365 1512 2436 puerulus;
1566 2367 1803 2436 quinque
1844 2368 1944 2422 sibi

347 2449 526 2508 |libras
571 2456 678 2510 vini
723 2465 779 2510 et
825 2467 1059 2527 quatuor
1102 2460 1276 2528 panis,
1307 2467 1365 2511 ut
1408 2474 1514 2512 non
1568 2459 1634 2512 ad
1661 2459 1943 2524 vomitum,

342 2543 448 2600 sed
493 2545 557 2600 ad
602 2549 1064 2604 exenterationem
1109 2550 1379 2620 repleatur
1422 2551 1750 2606 accumulas.
1782 2548 1848 2606 Et
1885 2563 1945 2607 ut

353 2635 514 2706 plen’a
541 2636 885 2695 discretionis
908 2648 1013 2694 tum
1034 2640 1205 2694 virtus
1231 2651 1509 2711 appareat,
1538 2642 1641 2697 hoc
1666 2643 1938 2714 prmcipis,

347 2737 410 2782 ιιι
434 2729 602 2784 etiam
629 2729 673 2784 si
709 2729 877 2784 semel
909 2729 961 2784 in
996 2731 1082 2785 die
1113 2727 1373 2798 reficitur,
1405 2733 1520 2788 lucc
1544 2736 1702 2804 panis
1739 2744 1794 2789 ct
1831 2735 1940 2789 vini

345 2835 604 2874 mensura
633 2819 942 2875 nullatenus
972 2822 1273 2889 minuatur;
1308 2833 1366 2878 ut
1391 2823 1604 2891 sijnxta
1629 2825 1941 2881 sobrietatis

346 2921 456 2966 tum
504 2919 703 2966 metam
758 2909 1066 2968 refectionis
1118 2912 1272 2966 frena
1335 2913 1618 2978 laxentur,
1668 2931 1774 2968 non
1822 2914 1938 2985 jam

343 3011 585 3069 ructare,
629 3005 722 3059 sed
761 3019 988 3076 crepare
1026 3013 1240 3070 venter,
1289 3013 1343 3060 et
1387 3004 1474 3058 ilia
1524 3005 1934 3074 compellantur.

2054 1809 2316 1865 stolorum
2365 1819 2552 1867 tenere
2595 1813 2818 1884 vestigia
2840 1831 2860 1867 »τ
2919 1815 3043 1884 quia
3088 1831 3196 1868 non
3236 1815 3342 1868 erit
3389 1815 3462 1868 illi
3515 1831 3639 1870 cum

2055 1903 2313 1960 fratribus
2340 1922 2434 1961 cor
2470 1925 2635 1962 unum
2686 1918 2741 1964 et
2769 1911 2949 1964 anima
2983 1928 3108 1966 una.
3138 1910 3274 1966 Cum
3302 1911 3438 1966 Juda
3466 1913 3639 1982 siqui-

2051 1997 2171 2052 dem
2215 1998 2437 2064 loculos,
2465 2011 2626 2070 atque
2655 2004 2940 2071 pecuniam
2984 2004 3182 2058 habere
3212 2013 3413 2073 potest,
3447 2005 3639 2060 unanio

2053 2089 2292 2144 mitatem
2325 2107 2454 2146 vero
2488 2104 2785 2164 puramque
2831 2095 3175 2150 concordiam
3217 2110 3338 2149 cum
3363 2097 3636 2164 Apostolis

2051 2179 2253 2236 habere
2285 2199 2390 2236 non
2427 2193 2604 2252 potest
2653 2186 2834 2254 (Joan.
2868 2189 2989 2256 xu).
3023 2185 3096 2240 De
3127 2203 3357 2256 quorum
3386 2187 3636 2243 videlicet

2059 2273 2242 2344 regula
2271 2274 2324 2327 in
2350 2290 2538 2330 eorttm
2582 2277 2806 2331 Actibus
2827 2277 3073 2348 legitur:
3110 2278 3282 2346 .Quia,
3324 2297 3342 2328 ι
3368 2287 3633 2348 quotquot

2049 2381 2389 2434 possmsorcs
2421 2384 2698 2439 agrorum,
2731 2382 2823 2424 aut
2854 2371 3137 2425 domorum
3181 2379 3360 2434 erant,
3387 2370 3631 2425 venden-

2050 2463 2131 2508 tes
2158 2455 2454 2512 alferebant
2485 2460 2656 2528 pretia
2686 2474 2872 2514 eorum
2894 2502 2909 2526 ,
2959 2476 3079 2530 qua:
3127 2461 3431 2515 vendebant
3456 2469 3506 2515 et
3538 2476 3635 2530 po-

2047 2546 2244 2601 nebant
2269 2557 2394 2603 ante
2423 2551 2585 2618 pedes
2609 2551 2977 2619 apostolorum
3003 2552 3139 2620 (Act.
3172 2551 3245 2622 tv)
3273 2565 3288 2603 :
3321 2568 3340 2604 ι
3387 2549 3474 2604 ubi
3505 2567 3626 2605 mox

2046 2637 2266 2693 additur
2289 2659 2302 2694 :
2341 2660 2358 2692 ι
2385 2640 2736 2697 Dividebatur
2763 2653 2947 2698 autem
2974 2643 3222 2715 singulis,
3249 2651 3408 2714 prout
3433 2642 3630 2714 cuique

2044 2745 2180 2800 opus
2213 2740 2332 2786 erat
2358 2731 2567 2802 (lbid.).
2603 2751 2622 2783 ι

2116 2818 2223 2874 Sed
2254 2836 2354 2890 age
2381 2821 2516 2890 jam,
2546 2821 2776 2887 elerice,
2821 2823 2912 2892 qui
2955 2823 3308 2878 recondenda
3344 2823 3438 2877 tibi
3467 2838 3632 2892 pecu-

2044 2910 2148 2964 nia:
2179 2911 2454 2966 licentiam
2481 2912 2743 2978 vindicas,
2771 2915 2860 2984 qui
2877 2912 2969 2981 jus
2997 2914 3255 2969 habenda:
3281 2915 3626 2984 proprietatis

2043 3015 2296 3069 usurpas,
2326 3003 2614 3071 responde,
2653 3019 2868 3073 qumso,
2900 3005 3052 3071 cujus
3087 3013 3213 3058 sunt
3245 3003 3532 3059 facultates
3556 3019 3622 3059 ex

343 3091 512 3149 Plane
536 3103 732 3165 prmter
779 3094 1065 3150 nonnullas
1111 3104 1421 3150 sanctorum
1455 3089 1679 3150 Patrum
1715 3105 1936 3150 semen-
1965 3095 2010 3156 ρ
2042 3089 2241 3158 quibus
2291 3091 2385 3145 tibi
2432 3091 2556 3146 licet
2603 3093 2804 3147 habere
2847 3093 3154 3163 peculium?
3201 3093 3328 3148 Tuae
3373 3091 3625 3149 videlicet

342 3186 468 3250 tias,
493 3201 611 3257 quae
639 3187 692 3242 in
721 3189 908 3244 eodem
951 3188 1128 3244 libello
1178 3189 1542 3259 reperiuntur,
1583 3190 1824 3259 apposite
1863 3188 1930 3246 de

344 3285 543 3331 caetero
574 3277 714 3332 sicut
749 3279 800 3333 in
832 3278 1028 3334 litteris
1057 3277 1227 3351 Stylus
1263 3279 1450 3333 borret
1477 3278 1732 3344 incultus,
1771 3280 1849 3334 sic
1876 3279 1930 3334 in

341 3366 614 3437 plerisque
655 3370 937 3425 sententiis
978 3371 1165 3427 devius
1202 3370 1556 3441 corrigendos
1597 3379 1681 3426 est
1725 3360 1932 3426 intelle-

337 3466 479 3512 ctus.
510 3455 742 3514 Nescivit
785 3461 928 3515 enim
957 3461 1196 3516 invenire
1225 3461 1367 3530 quod
1393 3461 1674 3528 scriberet,
1702 3462 1931 3518 nescivit

341 3546 578 3603 scribere
627 3550 672 3604 si
727 3566 862 3620 quas
909 3553 1074 3607 etiam
1129 3553 1357 3622 ineptias
1424 3551 1736 3607 invenisset.
1790 3553 1928 3609 Istos

339 3645 526 3690 amant
556 3636 718 3693 ﬂores
752 3641 1096 3711 eloquentiae,
1135 3643 1226 3712 qui
1271 3643 1508 3713 spinosis
1543 3643 1783 3698 moribus
1827 3644 1927 3700 ad-

331 3740 627 3785 versantur
659 3733 1043 3788 ecclesiastica:
1068 3734 1388 3804 disciplinae.

954 3825 1182 3882 CAPUT
1222 3826 1309 3882 IV.

822 3914 1095 3970 ('onvincit
1128 3919 1441 3974 rationibus.

405 4005 696 4061 Enimvero
721 4021 843 4061 cum
884 4009 1055 4062 sancti
1091 4007 1280 4065 Patres
1322 4011 1376 4065 in
1414 4011 1685 4070 clericalis
1730 4019 1922 4087 peculii

336 4097 781 4153 condemnationc
822 4113 926 4152 non
955 4100 1258 4166 dissonent,
1301 4103 1393 4156 sed
1422 4103 1475 4156 in
1519 4105 1764 4160 districte
1794 4124 1922 4176 pro-

337 4186 566 4241 hibenda
598 4202 662 4242 ac
704 4186 943 4244 funditus
985 4189 1275 4244 auferenda
1308 4190 1522 4247 clericis
1554 4197 1776 4263 pecunia
1813 4212 1922 4250 uno

336 4277 548 4348 spiritu,
579 4294 684 4332 uno
711 4279 870 4333 simul
900 4295 994 4334 ore
1028 4282 1385 4347 concordent;
1421 4285 1564 4338 unde
1599 4294 1773 4338 tamen
1805 4286 1920 4342 haec

335 4369 631 4435 hauserint,
661 4371 984 4425 accedamus
1015 4372 1080 4426 ad
1113 4370 1338 4436 fontem,
1359 4385 1425 4428 -et
1465 4375 1778 4446 profluentis
1815 4377 1915 4432 rivi

2036 3189 2204 3246 sunt,
2253 3198 2322 3237 an
2365 3183 2652 3238 Ecclesiae?
2683 3183 2786 3239 Sed
2827 3185 2872 3239 si
2914 3193 3031 3238 tuas
3063 3183 3156 3238 tibi
3198 3184 3323 3239 licet
3357 3199 3624 3254 usurpare

2031 3274 2312 3343 pecunias,
2341 3275 2613 3343 quomodo
2639 3275 2864 3344 posuisti
2911 3289 3006 3330 eas
3045 3275 3112 3329 ad
3145 3277 3310 3346 pedes
3336 3273 3615 3344 apostolo-

2031 3365 2194 3419 rum?
2227 3365 2282 3420 Si
2313 3366 2568 3421 Ecclesia:
2600 3367 2737 3422 bona
2767 3377 2913 3426 sunt.
2935 3383 3056 3437 quae
3086 3367 3356 3432 recondis,
3380 3383 3478 3422 cur
3493 3381 3620 3437 pro-

2029 3456 2146 3525 pria
2191 3458 2605 3527 contempsisti?
2656 3457 2826 3512 Porro
2871 3459 2914 3512 si
2963 3459 3091 3528 quid
3145 3458 3241 3512 tibi
3279 3460 3348 3513 de
3378 3458 3614 3528 propriis

2030 3551 2343 3614 reservasti,
2368 3550 2492 3604 audi
2515 3550 2832 3620 Apostoltttn
2865 3551 3181 3606 terribiliter
3203 3550 3577 3622 objurgantem
3595 3567 3614 3604 :

2032 3656 2052 3690 ι
2082 3637 2211 3702 Cur,
2254 3639 2450 3706 inquit,
2493 3641 2720 3694 tentavit
2763 3639 2995 3694 Satanas
3044 3656 3141 3694 cor
3179 3649 3346 3702 tutnn,
3395 3639 3613 3695 mentiri

2029 3740 2080 3784 te
2129 3729 2352 3799 διώ-ἰξίιί
2413 3740 2638 3792 sancto,
2686 3739 2746 3784 ut
2795 3729 3081 3785 framlares
3130 3731 3198 3786 de
3243 3731 3416 3799 pretio
3454 3730 3616 3795 agri?

2026 3821 2214 3876 Nonne
2252 3837 2476 3875 manens
2509 3822 2604 3876 tibi
2634 3823 2909 3887 manebat,
2943 3832 2996 3878 et
3023 3825 3405 3877 venumdatam
3436 3823 3488 3877 in
3522 3832 3613 3878 tua

2025 3921 2145 3967 erat
2191 3912 2494 3981 potestate?
2544 3912 2723 3978 Quare
2771 3912 2996 3982 posuisti
3044 3913 3096 3966 in
3147 3913 3308 3966 corde
3340 3921 3430 3966 tuo
3471 3912 3612 3966 lianc

2027 4017 2138 4054 rem
2165 4001 2188 4052 ἱ)
2237 4000 2351 4054 Νοιι
2383 4016 2442 4053 es
2467 4002 2728 4055 mentitus
2753 4001 3080 4064 hominibus,
3105 3999 3198 4053 sed
3229 4001 3337 4054 Deo
3361 4000 3607 4071 (lbid.).s

2025 4092 2175 4158 Quod
2202 4093 2244 4147 si
2278 4110 2384 4146 non
2417 4096 2628 4162 propria
2659 4095 2953 4164 possidere,
2985 4095 3077 4148 sed
3112 4094 3363 4148 Ecclesiae
3391 4094 3612 4149 conaris

2025 4183 2162 4236 bona
2207 4183 2468 4248 dividere,
2503 4198 2622 4251 qua:
2670 4184 2880 4238 scilicet
2923 4183 3228 4237 communis
3254 4181 3456 4235 esttibi
3485 4198 3608 4248 cum

2024 4273 2282 4330 fratribus
2309 4291 2322 4339 ;
2357 4277 2442 4328 stic
2469 4291 2620 4346 «rgo,
2647 4275 2775 4330 Jesn
2798 4277 3078 4346 magister,
3107 4275 3191 4329 die
3221 4274 3376 4328 fratri
3400 4290 3518 4330 meo
3547 4284 3608 4331 ut

2025 4367 2225 4420 dividat
2249 4382 2457 4422 mecum
2491 4368 2886 4423 btercditatem.

334 4460 682 4530 principalem
708 4471 1012 4530 repetamus
1032 4463 1315 4533 originem.
1345 4439 1734 4538 thitanquatn
1762 4470 1915 4526 nefas
1950 4439 1995 4496 υ
2092 4458 2157 4513 El
2213 4461 2550 4527 nomndum,
2616 4461 2760 4532 quod
2823 4459 3152 4531 evangelista
3219 4462 3602 4532 praemiserat:

332 4550 406 4605 sit
442 4549 510 4603 de
549 4560 818 4605 tantorum
864 4553 1102 4607 virorum
1148 4555 1425 4625 disputare
1472 4560 1758 4625 sententia,
1807 4577 1912 4615 non

330 4651 613 4692 vereamur
643 4649 821 4693 tamen
858 4656 1066 4705 eorum,
1113 4643 1214 4698 boc
1247 4655 1352 4708 est,
1403 4647 1782 4715 magistrorum
1815 4665 1914 4704 no-

327 4741 567 4784 strorum
612 4731 763 4784 adire
815 4731 1083 4798 doctores,
1120 4743 1179 4786 ut
1227 4735 1296 4790 ab
1327 4735 1431 4790 illis
1474 4738 1638 4790 etiam
1675 4753 1771 4792 nos
1803 4755 1914 4793 me-

325 4835 547 4874 reamur
593 4821 808 4884 instrui,
853 4837 882 4874 a
929 4822 1125 4893 quibus
1173 4834 1227 4878 et
1277 4825 1445 4880 nostri
1495 4835 1620 4880 sunt
1664 4829 1912 4884 doctores

324 4911 576 4967 instructi
595 4953 610 4978 ,
635 4924 903 4984 quatenus
939 4915 1064 4968 dum
1097 4913 1217 4971 fons
1241 4917 1473 4986 patuerit
1504 4919 1641 4972 unde
1662 4918 1912 4988 puritatis

321 5005 474 5059 rivus
525 5005 815 5071 oboritur,
878 5008 1131 5062 fmdantis
1175 5019 1231 5063 et
1291 5008 1627 5077 obloquentis
1671 5011 1910 5063 audacia:

321 5095 605 5151 temeritas
629 5097 924 5154 refellatur.
965 5098 1187 5153 Constat
1227 5101 1427 5168 itaque,
1467 5111 1518 5154 et
1567 5101 1904 5168 perspicuum

2025 4567 2042 4599 ι
2065 4549 2152 4603 Ait
2185 4550 2402 4619 quidam
2430 4550 2478 4604 ei
2509 4551 2575 4605 de
2605 4552 2758 4605 turba
2803 4550 2956 4618 (Luc.
2981 4553 3136 4620 ιιι).›
3178 4551 3256 4605 Tn
3287 4552 3466 4620 itaque
3497 4567 3603 4606 non

2020 4653 2075 4692 ιιι
2103 4641 2288 4707 levita,
2332 4641 2411 4694 vel
2455 4641 2708 4705 clericus,
2740 4640 2832 4694 sed
2862 4649 2920 4694 ut
2943 4639 3012 4694 de.
3044 4641 3198 4694 turba
3229 4639 3463 4708 vulgaris
3489 4678 3504 4700 ,
3548 4646 3604 4692 et

2016 4727 2206 4792 laicus,
2238 4744 2364 4798 roga
2391 4729 2597 4796 Iesum,
2646 4737 2705 4783 ιιι
2757 4728 2848 4781 tibi
2898 4744 3020 4782 cum
3068 4727 3236 4783 fratre
3285 4735 3374 4781 tuo
3409 4725 3601 4794 jubeat

2016 4819 2384 4874 [nereditatem
2431 4819 2620 4875 dividi.
2666 4817 2764 4873 Cui
2809 4818 3054 4886 protinus
3102 4818 3190 4873 ille
3235 4816 3600 4884 respondeat:

2021 4927 2040 4960 ι
2070 4910 2260 4976 Homo,
2285 4911 2408 4980 quis
2433 4925 2519 4962 me
2549 4906 2835 4966 constituit
2874 4907 3107 4977 judicent
3127 4949 3142 4970 ,
3174 4916 3270 4963 aut
3312 4905 3599 4961 divisorem

2014 5019 2180 5075 super
2205 5005 2332 5058 vos?
2355 5001 2403 5072 (Ι
2413 5002 2549 5074 bid.)
2577 5025 2596 5058 ο
2639 5000 2872 5066 Moxque
2901 4999 3190 5070 subiungat
3213 5017 3228 5052 :
3266 5015 3285 5047 ι
3309 4995 3524 5062 Videte,
3549 5007 3604 5052 et

2011 5106 2202 5152 cavete
2247 5097 2314 5149 ab
2361 5095 2512 5148 ontni
2549 5090 2806 5153 avaritia,
2850 5092 2978 5159 quia
3021 5107 3125 5146 non
3174 5094 3228 5148 in
3278 5087 3603 5145 abundantia

2083 5189 2095 5199 .
2399 5185 2409 5195 -
2547 5190 2559 5201 -
2721 5191 2732 5200 '
2766 5195 2826 5212 ιη
2849 5181 2933 5216 hic
2961 5200 3079 5231 amp.
3098 5179 3335 5232 mssitlet
3357 5178 3551 5230 (Lami.
3581 5201 3600 5218 ι
