4132 6324
598 304 703 360 ‘97

1025 300 1083 355 S.
1127 299 1329 355 PETRI
1371 297 1651 354 DMIIANI
1691 295 1842 351 OPP.
1891 293 2126 354 TOML'S
2163 289 2293 347 SEU
2328 287 2506 342 PARS
2544 286 2628 340 Ill.
2659 315 2722 326 --
2759 284 3124 342 OPUSCULA
3169 267 3427 344 VAlllAf

3757 284 3866 343 488

591 395 806 458 melius,
834 407 995 461 quam
1045 401 1209 446 tuam.
1246 391 1398 457 Quod
1428 391 1471 445 si
1499 406 1618 458 qua:
1659 397 1750 443 tua
1776 389 2012 451 fuerant,
2045 375 2172 455 pos-
2207 390 2250 446 Α
2280 378 2541 451 quidquid
2585 378 2650 430 ad
2694 377 2896 431 cultum
2947 377 3181 448 pertinet
3228 374 3624 440 multitudinis,
3672 389 3861 431 coram

587 487 754 550 sides,
783 484 910 554 quid
937 500 1065 554 ergo
1087 484 1152 536 ad
1184 482 1461 552 religionis
1488 481 1730 534 ordinem
1759 479 1982 532 veniens
2009 475 2173 548 490

577 575 891 644 reliquisti?
935 575 1048 628 lmo
1102 589 1352 628 reversus
1389 573 1454 625 ad
1500 571 1766 644 vomitum
1794 554 1976 640 (Prov:
2010 584 2168 633 xxvi;

584 666 646 720 11
679 666 790 720 I’et.
819 667 903 736 ιι),
934 676 989 720 et
1017 679 1257 720 aratrum
1285 665 1564 728 deserens,
1589 665 1713 722 dum
1746 662 1799 716 in
1833 672 1981 731 terga
2013 659 2169 714 reﬁc—

584 760 688 812 rtis
721 758 995 818 intuitum,
1023 757 1159 811 ultra
1193 772 1297 810 non
1334 756 1441 810 eris
1465 755 1690 815 idoneus
1711 769 1874 824 regno
1903 752 2167 808 caelorum

580 848 740 917 (Luc.
782 849 880 918 Ix).
915 848 1010 902 Sin
1057 856 1238 902 autem
1281 846 1651 902 ecclesiastica
1699 846 1793 900 tibi
1825 845 1982 899 liceat
2028 843 2167 899 bona

581 940 898 1003 recondere,
929 939 1129 992 videris
1164 939 1381 992 auxisse
1414 937 1656 1002 divitias,
1703 951 1810 991 non
1859 936 2162 1006 sprevisse;

577 1039 636 1082 ut
671 1030 840 1099 magis
890 1029 1135 1099 pecunia:
1183 1039 1470 1098 qumstum,
1521 1043 1684 1096 quam
1737 1026 2014 1095 religionis
2051 1041 2166 1080 am-

576 1120 696 1174 liias
752 1120 1109 1186 institutum;
1160 1128 1216 1174 et
1271 1134 1377 1174 non
1433 1118 1542 1172 tam
1592 1117 1897 1180 sanctitatis
1952 1117 2164 1171 culmen

580 1210 817 1265 voluisse
861 1210 1254 1272 conscendere,
1303 1225 1466 1279 quant
1511 1222 1737 1262 acervos
1783 1207 2025 1276 pecunia:
2072 1224 2164 1263 cu-

577 1301 804 1356 mulare.
833 1301 916 1356 An
957 1301 1351 1372 praerogabitur
1394 1299 1630 1364 clericis,
1681 1300 1824 1370 quod
1874 1314 1981 1353 non
2034 1313 2161 1369 per-

575 1391 726 1444 misit
756 1390 1005 1444 Christus
1031 1390 1332 1459 apostolis?
1375 1387 1510 1444 Nam
1554 1405 1677 1444 eum
1721 1404 1816 1444 eos
1854 1390 1921 1444 ad
1971 1389 2164 1460 praedi-

574 1483 806 1536 cautium
836 1482 1092 1546 mitteret,
1125 1482 1266 1537 sicut
1293 1481 1508 1536 Marcus
1536 1482 1647 1544 ait,
1679 1481 1934 1550 prmcepit
1958 1482 2060 1546 eis,
2095 1496 2161 1535 ne

574 1574 701 1641 quid
741 1573 992 1628 tollerent
1039 1575 1091 1628 in
1133 1575 1242 1638 via,
1291 1575 1392 1629 nisi
1424 1573 1627 1644 virgam
1662 1583 1907 1637 tantum,
1940 1587 2045 1625 non
2075 1586 2162 1641 pc-

574 1681 711 1729 ram,
765 1682 869 1720 non
907 1681 1100 1734 panem
1127 1705 1141 1730 ,
1187 1681 1364 1736 neque
1414 1666 1466 1719 in
1513 1665 1665 1721 zonis
1693 1680 1768 1720 :es
1814 1662 2008 1734 (Marc.
2041 1663 2154 1731 vi);

2283 469 2631 526 tabernaculo
2670 468 2986 533 testimonii,
3035 480 3089 520 et
3137 467 3444 521 custodiant
3489 481 3616 520 vasa
3674 467 3862 522 taber-

2275 561 2452 634 naculi
2506 561 2808 616 servientes
2852 560 2904 613 in
2965 560 3328 613 ministerium
3379 559 3542 629 ejus:
3594 559 3861 629 dabisque

2274 652 2416 706 dono
2451 651 2642 706 levitas
2665 650 2868 713 Aaron,
2899 657 2954 703 et
2986 649 3109 703 ﬁliis
3137 648 3284 717 ejus,
3331 648 3528 718 quibus
3554 646 3714 719 5.91
3751 657 3863 702 tra-

2274 741 2371 796 diti
2407 751 2535 796 sunt
2565 757 2596 796 a
2626 741 2749 796 ﬁliis
2778 740 2943 796 Israel
2994 739 3183 810 (Num.
3216 741 3354 810 ιιι).ι
3404 741 3584 794 Aaron
3633 741 3857 810 quippe,

2272 843 2326 889 et
2357 833 2497 888 ﬁlios
2527 832 2666 902 ejus,
2694 834 2816 904 quis
2844 834 3083 903 ambigat
3105 832 3193 901 jus
3220 833 3474 887 habuisse
3503 833 3862 903 pontiﬁcum?

2271 927 2495 982 Tribum
2526 943 2656 982 vero
2686 926 2815 982 Levi
2867 927 2988 996 quis
3022 927 3229 981 nesciat
3269 927 3569 996 praetulisse
3607 929 3859 984 ordinem

2271 1004 2636 1074 clericorum?
2682 1019 2879 1074 Levitze
2903 1033 3032 1088 ergo
3059 1018 3258 1077 Aaron,
3291 1027 3347 1072 et
3376 1017 3500 1072 ﬁliis
3522 1018 3639 1086 ejus
3669 1036 3697 1072 a
3731 1020 3860 1076 filiis

2269 1109 2434 1164 lsrael
2465 1111 2605 1165 dono
2636 1111 2948 1176 traduntur,
2980 1125 3100 1163 cum
3135 1123 3200 1162 ex
3237 1107 3383 1162 omni
3413 1108 3723 1162 Christiano
3752 1124 3857 1178 po-

2267 1203 2393 1275 pulo
2428 1203 2696 1259 clericalis
2736 1203 2870 1259 ordo
2899 1203 2951 1256 in
2983 1202 3243 1257 excubias
3289 1201 3642 1256 ecclesiastici
3675 1203 3857 1257 cultus

2268 1297 2599 1349 assumitur:
2643 1305 2700 1349 et
2750 1305 2810 1349 ut
2852 1295 3130 1356 assistant,
3179 1302 3340 1362 atque
3388 1294 3692 1349 ministrent
3739 1295 3856 1347 suis

2266 1385 2614 1454 pontiﬁcibus
2645 1426 2660 1449 ,
2719 1383 3038 1438 offeruntur.
3095 1383 3200 1438 Sed
3247 1385 3492 1454 quisquis
3537 1399 3728 1438 servus
3769 1392 3856 1438 est

2266 1489 2588 1528 mammonm
2625 1515 2638 1541 ,
2708 1473 2845 1530 ritus
2916 1473 3176 1528 abhorret
3240 1473 3625 1528 ecclesiasticae
3684 1473 3854 1529 disci-

2263 1567 2440 1638 plina}.

2336 1656 2446 1714 Nec
2495 1659 2931 1728 praetereundum
2981 1666 3085 1723 est,
3135 1657 3278 1727 quod
3327 1657 3435 1712 illic
3484 1665 3681 1727 przesto
3724 1655 3855 1710 sub‘

573 1756 669 1808 tibi
723 1771 851 1810 vero
881 1757 948 1810 ad
977 1757 1124 1821 teris,
1158 1757 1261 1810 hoc
1310 1765 1396 1812 est
1441 1755 1686 1826 pecunize
1736 1752 2156 1823 receptaculum,
2193 1747 2541 1820 Bjungitur‘:
2600 1770 2617 1802 ι
2646 1751 2778 1821 Ego,
2823 1751 2902 1805 ait
2951 1751 3232 1815 Dominus,
3286 1749 3378 1803 tuli
3409 1750 3622 1804 Levitas
3660 1765 3688 1802 a
3724 1749 3852 1803 tiliis

570 1863 677 1901 non
709 1846 883 1900 dicam
916 1861 1072 1908 zoaa,
1114 1847 1207 1902 sed
1247 1846 1452 1904 utinam
1482 1831 1608 1902 arca
1655 1844 1902 1899 sufﬁciat.
1938 1844 2003 1898 Et
2031 1859 2154 1898 cum

568 1937 864 2005 Apostolus
906 1937 1192 1992 avaritiam
1242 1936 1507 1998 idolorum
1555 1935 1797 1990 nominet
1833 1933 2153 2008 servitutem

567 2029 707 2098 (σοι.
761 2030 886 2099 ιιι);
937 2032 1209 2100 quomodo
1254 2039 1308 2083 tu
1351 2028 1627 2084 Christum
1675 2027 1838 2093 colis,
1887 2026 1981 2096 qui
2033 2025 2151 2080 ido-

568 2118 680 2172 lum
711 2119 761 2172 in
795 2121 1020 2188 pecunia
1066 2120 1382 2174 veneraris?
1428 2119 1558 2186 Qua:
1605 2128 1690 2173 est
1739 2119 1884 2174 enim
1933 2117 2153 2189 partici-

566 2212 716 2282 patio
736 2211 962 2282 justiti:e
994 2227 1118 2266 cum
1158 2211 1480 2280 iniquitate?
1507 2219 1599 2264 aut
1624 2227 1742 2279 qua:
1786 2209 2018 2263 societas
2048 2207 2152 2262 luci

567 2304 636 2354 ad
666 2304 953 2356 tenebras?
982 2302 1110 2368 Quae
1141 2312 1320 2357 autem
1369 2302 1658 2362 conventio
1701 2299 1901 2354 Christi
1943 2299 2009 2353 ad
2050 2299 2152 2352 Be-

566 2389 693 2445 lial?
719 2392 828 2446 Aut
851 2407 970 2460 qua:
997 2409 1121 2461 pars
1153 2392 1324 2446 ﬁdelis
1356 2406 1476 2444 cum
1509 2390 1752 2444 inﬁdeli?
1785 2389 1870 2460 (ll
1900 2387 2022 2442 Cor.
2050 2390 2148 2458 vi.)

565 2481 696 2548 Quis
721 2492 901 2537 autem
929 2498 1228 2536 consensus
1261 2481 1456 2556 templo
1488 2482 1581 2535 Dei
1610 2498 1730 2536 cum
1763 2481 1952 2536 idolis?

636 2575 805 2629 Plane
852 2590 974 2640 cum
1026 2584 1078 2628 tu
1111 2582 1300 2627 contra
1340 2574 1414 2627 tni
1464 2574 1672 2626 ordinis
1720 2573 2021 2626 institutum
2058 2587 2148 2626 re-

565 2667 757 2723 co:.dis
813 2667 864 2720 in
914 2683 1040 2720 arca
1090 2666 1408 2736 pecuniam,
1458 2675 1512 2719 et
1557 2664 1784 2720 conﬁdis
1834 2665 1886 2718 in
1941 2665 2148 2719 incerto

568 2756 920 2817 divitiarum,
981 2756 1072 2823 qui
1127 2755 1178 2808 in
1229 2754 1343 2808 solo
1394 2753 1501 2808 Deo
1547 2749 1698 2824 spem
1749 2762 1919 2828 tuam_
1949 2771 2148 2824 ponere

563 2846 795 2901 debuisti
832 2846 945 2917 (ubi
990 2847 1132 2900 enim
1182 2846 1468 2916 thesaurus
1501 2855 1624 2899 tuus
1650 2885 1666 2910 ,
1720 2845 1789 2899 ibi
1829 2854 1913 2900 est
1964 2846 2149 2914 procul

564 2936 728 2992 dubio
757 2946 810 2990 et
837 2952 932 2990 cor
957 2946 1102 2990 tuum
1133 2936 1346 3006 (Matth.
1375 2938 1469 3003 vi),
1502 2953 1605 2990 non
1631 2937 1742 3005 jam
1767 2935 1892 3005 jure
1918 2936 2148 2991 Christi-

563 3030 681 3084 cola
713 3029 974 3086 dicendus
998 3045 1077 3094 es,
1107 3029 1200 3081 sed
1229 3029 1584 3100 mtmmieola.
1616 3028 1681 3082 Et
1709 3045 1831 3082 cum
1855 3030 1922 3083 de
1947 3027 2147 3083 Levitis

2267 1844 2454 1909 Israel,
2490 1859 2588 1914 pro
2614 1845 2760 1901 omni
2793 1845 3172 1915 primogenito,
3205 1843 3296 1912 qui
3330 1843 3504 1912 aperit
3546 1842 3758 1894 vulvam
3793 1841 3847 1894 in

2264 1934 2389 1989 ﬁliis
2415 1935 2602 2000 Israel,
2626 1944 2892 2004 eruntque
2914 1934 3088 1989 levitze
3113 1935 3214 1988 mei
3249 1933 3472 2004 (lbid.);
3499 1952 3516 1984 ι
3563 1944 3618 1986 ιιι
3643 1932 3849 2003 tiqnido

2263 2035 2466 2096 pateat,
2498 2025 2823 2081 clericorum
2869 2025 3115 2080 ordinem
3171 2025 3263 2079 Dei
3305 2025 3687 2094 omnipotentis
3727 2039 3850 2080 esse

2261 2117 2550 2186 peculium,
2585 2118 2724 2172 sicut
2750 2126 2804 2171 ct
2836 2117 2950 2187 ipse
2984 2115 3135 2197 .Deus
3164 2117 3411 2185 specialis
3447 2124 3527 2197 est
3556 2116 3850 2197 hmreditas
3893 2145 3933 2197 κε

2261 2208 2602 2263 θιθνίωνυηῖο
2639 2209 2706 2264 Et
2754 2221 2969 2278 (Ιυιιηῑίῐὲ
2992 2191 3300 2273 λ’(ἐὲοινᾶἱςθᾷ
3339 2195 3661 2278 quantm‘lue
3686 2191 3845 2262 vles-54
3927 2191 3934 2200 ’

2259 2300 2365 2354 niae
2394 2310 2497 2365 est,
2527 2301 2570 2354 si
2599 2301 2665 2354 ab
2689 2316 2775 2365 eo,
2809 2302 3065 2375 cuiDeus
3107 2300 3332 2356 offertur
3352 2311 3376 2366 ,'
3415 2319 3481 2356 eo
3531 2310 3846 2369 contempto

2263 2397 2496 2443 terrente
2521 2388 2796 2445 facultatis
2819 2373 3159 2466 eoniiiiddum
3197 2391 3542 2461 requiratur?
3566 2389 3663 2445 Cui
3700 2389 3845 2445 Deus

2260 2478 2313 2533 in
2344 2480 2654 2534 haereditate
2698 2495 2804 2536 non
2847 2480 3059 2547 sufﬁcit,
3091 2482 3218 2551 quid
3248 2498 3371 2535 eum
3418 2483 3619 2535 satiare
3647 2479 3842 2550 possit,

2258 2567 2507 2640 ignorat;
2569 2567 2694 2642 Quia
2729 2575 2923 2629 tuentis
2949 2575 3066 2645 ejus
3087 2575 3302 2630 oculum
3341 2575 3544 2630 furiosa
3572 2575 3843 2646 cupiditas

2257 2669 2444 2715 creent.

2327 2754 2396 2809 Et
2423 2765 2571 2811 certe
2602 2757 2694 2826 qui
2727 2757 2846 2812 talis
2885 2766 2987 2823 est,
3018 2759 3273 2829 quoniam
3324 2774 3420 2829 pro
3465 2773 3650 2813 amore
3679 2774 3844 2828 pecu-

2257 2845 2360 2900 ni:e
2391 2862 2548 2901 suum
2577 2848 2742 2901 violat
2767 2849 3042 2914 ordinem,
3065 2849 3312 2916 indignus
3355 2859 3436 2904 est
3463 2849 3649 2918 procul
3677 2849 3839 2903 dubio

2256 2947 2314 2991 nt
2344 2937 2770 2994 ecclesiasticam
2795 2941 3037 2995 obtineat
3080 2941 3417 3011 dignitatem.
3449 2941 3603 2996 Unde
3645 2952 3698 2996 et
3745 2942 3843 2997 Sa-

2257 3026 2436 3082 lomon
2464 3030 2582 3083 ait:
2622 3049 2640 3081 ι
2676 3029 2828 3086 Sicut
2873 3032 2966 3101 qui
3010 3032 3176 3085 mittit
3224 3031 3452 3101 lapidem
3497 3034 3549 3086 in
3582 3048 3837 3088 acervum

549 3104 826 3177 Dominus
856 3122 1039 3177 dicat:
1094 3141 1110 3172 ι
1144 3122 1254 3191 Ego
1277 3137 1395 3175 smn
1425 3122 1714 3175 hatreditas
1744 3137 1930 3175 eorum
1956 3120 2146 3192 (Nam.
2178 3122 2222 3182 C
2255 3115 2530 3185 Mercurii,
2565 3122 2638 3175 ita
2671 3122 2763 3192 qui
2813 3123 2997 3178 tribuit
3040 3123 3314 3194 insipienti
3360 3125 3618 3179 honorem
3649 3123 3834 3197 (Prov.

559 3231 692 3271 xvm
745 3215 899 3269 Deut.
955 3215 1062 3286 18)
1111 3233 1124 3268 :
1175 3237 1192 3265 ι
1231 3225 1286 3268 et
1339 3225 1393 3269 tu
1440 3215 1714 3284 psallendo
1761 3213 2089 3284 respondeas
2131 3233 2146 3268 :

568 3327 586 3358 ι
623 3309 806 3362 Portio
837 3322 957 3360 mea
982 3307 1236 3362 Dominus
1263 3304 1435 3377 (Psal.
1465 3305 1658 3373 ωωιιι).
1697 3324 1715 3356 ι
1752 3305 1891 3359 Ecce
1917 3305 1960 3358 si
2002 3305 2150 3358 ordi-

563 3414 686 3454 nem
735 3405 882 3452 tuum
917 3406 1142 3463 teneas,
1194 3397 1239 3450 si
1292 3395 1650 3450 abominanda
1705 3395 1947 3463 pecuniae
1995 3393 2146 3448 lucra

561 3497 897 3551 contemnas,
926 3495 980 3540 et
1009 3497 1063 3540 tu
1094 3487 1383 3542 haereditas
1429 3485 1546 3549 Dei,
1578 3494 1635 3538 et
1665 3483 1808 3538 Deus
1840 3494 1924 3538 est
1971 3483 2146 3538 luere.

561 3578 703 3632 ditas
739 3587 852 3632 tua.
889 3578 996 3632 Sed
1049 3587 1216 3632 totum
1249 3578 1353 3632 hoc
1384 3585 1786 3631 sacramentum
1829 3574 1881 3628 in
1931 3574 2143 3629 adulle-

563 3671 705 3724 rium
731 3671 985 3733 vertitur,
1016 3670 1141 3724 dum
1191 3670 1376 3725 infelix
1403 3669 1636 3732 clericus
1667 3669 1912 3740 pecunia:
1955 3684 2144 3726 servus

560 3760 811 3826 eﬁicitur,
848 3762 933 3814 cui
957 3761 1213 3814 nimirqu
1248 3771 1503 3830 tanquam
1538 3761 1648 3816 Deo
1677 3777 1772 3830 per
1801 3760 2142 3816 sedulitatem

561 3852 819 3909 Custodtae
847 3851 1158 3906 famulatur.
1191 3852 1308 3922 Ipse
1333 3853 1476 3906 enim
1507 3852 1577 3906 ab
1620 3869 1708 3916 ea,
1753 3869 1938 3922 quam,
1970 3854 2142 3923 possi-

561 3941 673 4005 det,
726 3942 951 4010 pecunia
995 3942 1338 4012 possidetur;
1394 3942 1520 3996 dum
1577 3942 1631 3997 in
1687 3959 1750 3998 ea
1798 3960 1894 3998 cor
1943 3944 2140 4014 ﬁgere,

560 4033 720 4101 eique
745 4032 991 4104 pervigili
1039 4033 1314 4087 deservire
1364 4034 1607 4088 custodia
1634 4073 1650 4097 ,
1696 4035 1924 4088 avaritia
1970 4035 2142 4089 domi-

560 4133 762 4187 nante,
818 4122 1178 4193 cenipellitnr.
1235 4121 1520 4191 l‘rojiciam
1571 4139 1699 4194 ergo
1751 4124 2025 4179 Christum
2077 4127 2142 4180 de

559 4228 684 4266 area
716 4215 951 4282 pectoris
978 4213 1105 4275 mei,
1135 4223 1191 4266 et
1219 4213 1337 4266 loco
1377 4214 1494 4282 ejus
1540 4215 1823 4286 pecuniam
1869 4217 2141 4286 constipa-

557 4305 626 4359 bo
650 4304 672 4356 ?
695 4302 852 4358 Certe
883 4314 989 4358 tam
1013 4304 1208 4359 nobilis
1238 4307 1463 4374 pecunia
1493 4307 1741 4361 Christus
1780 4316 1894 4374 est,
1927 4319 1985 4362 ut
2012 4326 2140 4364 con-

559 4399 786 4451 sortium
816 4405 1138 4466 aspernetur
1169 4399 1388 4450 omnino
1417 4398 1632 4466 peculii,
1682 4415 1780 4454 nec
1826 4381 1952 4455 cum
1979 4404 2138 4459 sorde

2252 3211 2455 3282 xxvi)»
2507 3213 2642 3267 Nam
2689 3214 2818 3284 quia
2881 3216 3022 3286 apud
3067 3201 3294 3286 gentiles
3347 3215 3645 3271 Mercurius
3701 3218 3835 3271 deus

2252 3302 2434 3357 sacelli
2471 3301 2534 3375 [Ῑ.
2565 3303 2820 3377 Lucelli].
2849 3306 2962 3360 sive
3008 3299 3248 3376 pecunia:
3276 3306 3581 3372 dicebatur,
3610 3320 3836 3360 acervus

2250 3389 2501 3447 Mercurii
2533 3394 2783 3449 cumulus
2828 3405 2991 3466 atque
3035 3397 3316 3467 congeries
3348 3407 3430 3452 est
3462 3413 3830 3453 umnmormn.

2248 3483 2314 3537 Et
2340 3485 2466 3554 quia
2491 3502 2716 3540 nummo
2747 3487 2930 3557 regula
2956 3489 3244 3544 monetalis
3288 3485 3655 3560 imprimitur;
3704 3490 3832 3558 quid

2247 3588 2343 3642 per
2391 3591 2735 3629 nummorum
2782 3578 3092 3647 designatur
3145 3596 3423 3646 acervum,
3473 3583 3576 3636 nisi
3623 3583 3834 3652 regula-

2249 3664 2411 3730 rium,
2457 3681 2522 3720 ac
2567 3682 2707 3721 vera:
2755 3671 3062 3725 sanctitatis
3096 3671 3386 3742 imaginem
3428 3675 3830 3742 przefercntium

2246 3755 2444 3810 concio
2493 3755 2855 3813 clericorum?
2907 3760 3044 3826 Quid
3093 3777 3221 3816 vero
3269 3777 3366 3832 per
3419 3763 3672 3831 lapidem,
3728 3764 3832 3818 nisi

2246 3845 2476 3910 duram,
2532 3848 2822 3914 stolidam,
2871 3860 2925 3905 et
2974 3852 3343 3907 insensibilem
3398 3853 3539 3907 illius
3594 3863 3829 3908 mentem

2245 3936 2570 4004 accipimus,
2599 3940 2693 4007 qui
2722 3941 2848 3994 dum
2880 3942 3047 3996 Deum
3082 3957 3201 3996 esse
3241 3943 3540 3996 indubitata
3587 3943 3689 3995 lide
3723 3959 3827 3996 non

2245 4025 2439 4088 credit,
2469 4041 2617 4094 spem
2661 4035 2812 4082 suam
2851 4029 2903 4082 in
2951 4039 3168 4084 terrena
3201 4031 3437 4100 qualibet
3485 4035 3830 4101 possessione

2245 4115 2562 4170 constituit?
2609 4119 2681 4173 De
2710 4135 2815 4188 quo
2841 4136 2936 4190 per
2984 4122 3308 4192 Prophetam
3362 4125 3600 4178 dicitur:
3637 4144 3656 4176 ι
3684 4126 3830 4179 Dixit

2245 4201 2508 4273 insipiens
2541 4209 2592 4261 in
2622 4211 2784 4264 corde
2813 4225 2948 4264 suo:
2980 4210 3096 4266 Non
3137 4223 3220 4268 est
3267 4213 3410 4269 Deus
3446 4213 3618 4286 (Psal.
3647 4216 3824 4284 xm)..

2246 4292 2383 4350 lluic
2413 4309 2592 4352 autem
2634 4300 2907 4370 insipienti
2938 4315 3062 4358 tunc
3095 4305 3267 4360 honor
3293 4307 3568 4371 tribuitur,
3609 4322 3728 4361 cum
3760 4307 3826 4360 ad

2244 4389 2600 4444 ecclesiastici
2644 4392 2838 4462 gradus
2883 4395 3093 4464 apicem
3126 4399 3392 4467 quispiam
3423 4414 3528 4452 non
3563 4398 3707 4463 Deo,
3733 4399 3826 4454 sed

556 4492 1149 4562 pecuniazsepatiatur
1199 4492 1420 4546 includi.
1466 4493 1535 4548 Ut
1579 4509 1708 4563 ergo
1757 4493 2006 4549 Christus
2049 4513 2138 4565 pc-

2254 4483 2486 4548 pecuniae
2518 4484 2731 4539 deditus
2757 4497 3129 4555 promovetur.
3163 4488 3268 4544 Sed
3311 4491 3451 4544 sicut
3481 4507 3825 4546 umnmormn

557 4582 729 4636 ctoris
763 4581 840 4636 tui
889 4581 1129 4636 loeulum
1177 4581 1416 4651 impleat,
1465 4599 1636 4638 :crcus
1675 4586 1742 4638 ab
1787 4600 1852 4639 eo
1885 4602 2137 4642 nummus

557 4675 845 4738 abscedat;
880 4684 940 4727 ut
971 4671 1222 4728 Christus
1268 4657 1462 4728 animm
1507 4687 1610 4730 tua:
1656 4692 1810 4730 suum
1859 4679 2143 4735 characte-

557 4779 673 4820 rem
710 4764 1003 4835 imprimat,
1049 4763 1156 4818 vile
1202 4764 1519 4819 didrachma
1566 4765 1796 4820 Caesaris
1848 4766 2134 4838 imaginem

553 4857 847 4930 perferens
871 4864 1179 4911 evanescat.

1174 4946 1401 5005 CAPUT
1450 4949 1514 5005 ν.

627 5040 760 5106 Quae
794 5040 937 5094 mala
982 5056 1049 5094 ex
1081 5040 1286 5110 peculio
1332 5041 1575 5095 oriantur
1600 5041 1736 5097 inter
1759 5044 2061 5099 canonicos.

625 5129 831 5186 Peculii
877 5132 1108 5203 denique
1149 5133 1459 5202 proprietas
1505 5134 1674 5198 facit,
1727 5145 1788 5190 ut
1819 5135 2003 5191 clerici
2049 5137 2132 5192 sui

552 5221 826 5292 pontiﬁcis
854 5221 1212 5290 dedignentur
1259 5225 1577 5294 imperium;
1611 5234 1668 5279 ut
1702 5227 2018 5296 disciplinae,
2048 5228 2130 5282 vel

553 5311 875 5380 obedientia:
932 5328 1118 5368 veram
1177 5315 1483 5370 libertatem
1531 5318 1829 5394 deserant,
1878 5329 1932 5371 et
1987 5320 2126 5390 turpi

551 5401 864 5455 fmdissintm
912 5403 1200 5459 deditionis
1246 5399 1538 5475 opprobrio
1595 5407 1946 5462 szecularihus
1994 5407 2130 5464 colla

551 5491 889 5546 submittant.
936 5492 1072 5549 Cum
1118 5493 1379 5552 Dominus
1427 5495 1594 5568 Moysi
1642 5498 1828 5552 dicat:
1869 5499 2128 5569 «Applica

551 5584 748 5638 tribum
772 5583 934 5650 Levi,
959 5595 1014 5641 et
1057 5585 1144 5641 fac
1168 5597 1313 5642 stare
1334 5588 1387 5643 in
1408 5599 1703 5659 conspectu
1731 5592 1913 5644 Aaron
1941 5607 2126 5646 sacer-

548 5677 688 5732 dotis
710 5715 728 5745 ,
773 5685 834 5732 ut
875 5677 1181 5734 ministrent
1230 5679 1300 5746 ei,
1347 5689 1403 5735 et
1429 5679 1716 5748 excubent,
1752 5691 1807 5737 et
1833 5682 2128 5738 observent

2247 4572 2542 4643 dissipatur
2589 4591 2858 4643 acervus,
2914 4580 2960 4634 si
3009 4582 3242 4654 desuper
3290 4583 3425 4652 lapis
3476 4585 3822 4650 immittitur;

2244 4665 2317 4719 ita
2377 4681 2474 4736 per
2551 4668 2947 4741 indigniisive
3001 4673 3196 4742 lapidci
3257 4676 3492 4745 pastoris
3543 4691 3822 4731 accessum

2241 4757 2392 4825 quasi
2444 4761 2780 4830 constipatus
2826 4763 2962 4818 ordo
2998 4764 3295 4818 destruitur
3343 4765 3662 4835 regulariter
3704 4784 3824 4836 gra-

2241 4850 2524 4916 dientium,
2571 4861 2624 4906 et
2673 4851 2724 4907 in
2773 4854 3036 4909 charitate
3081 4856 3447 4910 obedientimn
3479 4859 3823 4912 clericorum.

2240 4941 2509 4996 Gravatur
2531 4943 2675 4997 enim
2701 4944 2822 4997 mali
2853 4946 3085 5014 pastoris
3111 4947 3449 5011 umbraculo,
3481 4959 3536 5002 et
3569 4958 3823 5018 tanquam

2241 5051 2584 5089 nummorum
2634 5036 2939 5092 caelestium
2999 5037 3292 5106 cumulus,
3351 5043 3574 5094 tartarei
3632 5040 3822 5110 lapidis

2240 5125 2378 5180 mole
2403 5126 2655 5180 diruitur.

2311 5220 2492 5275 Stulto
2523 5221 2711 5292 igitur,
2746 5233 2801 5277 et
2831 5224 3104 5296 insipienti
3139 5224 3486 5295 denegandus
3525 5232 3608 5278 est
3651 5225 3822 5279 honor

2236 5314 2658 5380 ecclesiasticus,
2717 5333 2785 5371 ne
2833 5329 3142 5372 sanctorum
3189 5319 3510 5374 clericorum
3563 5328 3819 5388 tanquam

2236 5422 2582 5462 umnmormn
2612 5410 2973 5479 Spiritualium
3005 5421 3281 5482 mergatur
3325 5393 3574 5466 acervus.
3606 5412 3680 5464 De
3714 5426 3821 5480 quo

2236 5499 2485 5553 videlicet
2529 5501 2694 5554 stulto
2739 5501 2897 5570 paulo
2940 5503 3190 5570 superius
3222 5501 3364 5556 idem
3412 5502 3672 5554 Salomon
3704 5501 3815 5552 ait:

2237 5611 2254 5641 ι
2285 5590 2521 5646 Claudus
2554 5593 2802 5662 pedibus.
2831 5602 2887 5648 et
2916 5593 3254 5660 iniquitatem
3286 5595 3476 5648 bibens
3497 5633 3511 5656 ,
3534 5593 3623 5662 qui
3654 5592 3821 5645 mittit

2232 5682 2392 5736 verba
2438 5698 2535 5751 per
2576 5683 2824 5738 nuntium
2869 5683 3096 5738 stultum
3139 5684 3318 5755 (Prov.
3354 5681 3556 5756 xxvi):
3611 5682 3818 5748 Quibus
