4132 6324
305 351 411 413 ιες

781 379 784 382 λ
842 352 1088 410 OPUSC.
1128 351 1314 407 XXlV.
1356 382 1424 393 ο·-
1462 351 1738 409 CONTRA
1779 351 1904 408 CLE

2003 349 2116 408 ZOS
2153 347 2405 404 REGUL.
2443 346 3032 405 PROPRIETARIOS.‘

3451 345 3558 401 ‘90

303 469 564 524 nimirum
595 457 773 520 verbis
803 465 930 533 quid
959 464 1102 520 aliud
1141 464 1353 518 videtur
1395 477 1708 532 expressum
1730 502 1748 531 ,
1780 463 1879 517 nisi
1911 470 1957 526 Α
1986 461 2241 525 clericus,
2272 460 2364 530 qui
2394 468 2583 528 captus
2610 467 2691 515 est
2720 474 2907 514 amore
2934 459 3197 528 pecunize,
3219 472 3559 528 nequaquam

300 570 364 615 ut
391 557 683 614 carnaliter
711 555 963 626 sapienti,
993 571 1056 610 ac
1079 571 1175 625 per
1201 555 1302 608 hoc
1333 555 1497 608 stulto
1523 555 1747 610 cuilibet
1777 571 1881 608 non

301 652 674 709 committatur
739 648 1144 720 przedicationis
1203 647 1472 704 oilicium?
1545 646 1621 700 De
1681 645 1886 699 sanctis

301 745 449 799 enim
476 742 920 812 prmdicatoribns
945 740 1179 796 dicitur:
1215 759 1232 790 ι
1269 741 1438 806 Quam
1470 737 1696 807 speciosi
1720 738 1889 806 pedes

301 833 798 904 evangeliZantium
866 847 1085 900 pacein,
1135 830 1619 898 evangelimntitun
1658 827 1826 882 bona!
1864 846 1882 877 ›

303 924 463 996 (Issi.
511 939 623 984 Lit;
683 921 830 973 Rom.
861 921 940 986 χ.)
981 920 1165 989 Itaque
1203 919 1428 987 quilibet
1466 919 1743 971 ordinatur
1787 917 1883 970 Ee-

303 1015 484 1072 clesize
512 1015 556 1068 si
593 1014 783 1083 dignos
825 1022 880 1066 et
924 1012 1146 1066 idoneos
1199 1011 1253 1066 in
1290 1010 1554 1080 dignitate
1588 1009 1888 1072 constituit,

303 1108 461 1177 quasi
499 1105 723 1177 pedibus
771 1104 934 1159 rectis
966 1104 1184 1158 incedit.
1224 1102 1327 1157 Per
1355 1117 1448 1156 eos
1495 1103 1637 1156 enim
1666 1102 1889 1156 verbum

306 1195 612 1269 spargendo
649 1193 812 1266 492
854 1195 1273 1261 circumquaque
1318 1191 1572 1244 discurrit
1608 1205 1622 1242 :
1667 1199 1720 1244 ct
1751 1190 1892 1259 quod

306 1304 406 1360 per
445 1286 792 1356 semetipsum
837 1301 943 1337 non
991 1283 1133 1337 valet
1172 1297 1348 1350 agerc,
1379 1296 1475 1350 per
1529 1280 1647 1334 illos
1695 1281 1894 1349 satagit

306 1375 607 1432 efﬁcaciter
637 1373 951 1442 adimplere.
989 1373 1082 1426 Sin
1129 1381 1308 1425 autem
1363 1369 1609 1425 carnales
1649 1385 1894 1439 quosque

308 1483 374 1522 ac
402 1467 660 1536 reprobus
688 1463 942 1517 ordinare
970 1470 1283 1531 prmsumat,
1309 1461 1396 1514 hic
1425 1460 1650 1514 claudus
1672 1461 1896 1529 pedibus

309 1554 570 1612 ambulat.
595 1553 695 1621 Qui
719 1554 882 1607 etiam
909 1553 1252 1623 iniquitatem
1282 1551 1468 1606 bibere
1499 1551 1735 1620 dicitur;
1771 1553 1896 1622 quia

309 1648 437 1704 dum
476 1648 642 1702 verba
693 1654 894 1700 sancta:
925 1643 1328 1714 praedicationis
1373 1657 1470 1712 per
1510 1643 1731 1696 stultum
1758 1658 1896 1696 nun-

311 1741 445 1794 tium
476 1739 662 1801 mittit,
714 1745 768 1792 et
797 1747 984 1791 contra
1014 1735 1364 1807 Apostolnm,
1404 1735 1513 1788 cito
1565 1749 1759 1788 manus
1800 1734 1899 1786 im-

308 1829 464 1899 ponit
492 1827 544 1899 (I
591 1828 726 1882 Tim.
758 1830 832 1899 v),
859 1828 1101 1898 peccatis
1123 1834 1494 1882 communicat
1517 1825 1726 1879 alienis.
1757 1824 1893 1879 Nam
1929 1816 1969 1872 Β

308 1932 365 1976 et
411 1920 457 1974 si
497 1919 792 1990 prudenter
847 1919 1076 1989 quisque
1123 1918 1407 1988 loquatur,
1469 1917 1514 1971 si
1572 1928 1750 1970 tamen
1791 1933 1898 1969 non

311 2015 424 2082 agit
459 2026 571 2082 ipse
597 2010 740 2081 quod
762 2010 1031 2080 loquitur,
1064 2009 1119 2064 in
1157 2006 1422 2079 spirituali
1453 2006 1677 2061 claudus
1701 2006 1899 2061 itinere

315 2119 424 2159 non
461 2102 735 2157 immerito
764 2101 1052 2172 iudicatur.
1086 2099 1242 2156 Unde
1287 2109 1343 2155 et
1383 2098 1490 2154 illic
1533 2107 1655 2166 apte
1681 2096 1901 2164 subjun-

311 2192 461 2264 gitur
490 2206 504 2245 :
537 2212 554 2244 ι
593 2190 876 2260 Quomodo
915 2191 1172 2262 pulchras
1219 2190 1420 2244 frustra
1471 2189 1637 2243 habet
1677 2186 1902 2242 claudus

312 2285 500 2343 tibias.
532 2285 612 2340 sic
658 2284 911 2340 indecens
953 2292 1037 2338 est
1084 2283 1137 2337 in
1165 2295 1262 2338 ore
1304 2281 1594 2336 stultorum
1646 2277 1902 2348 parabola

315 2375 501 2446 (Prov.
539 2378 711 2447 xxvr).
748 2396 766 2429 ι
817 2374 1067 2430 Pulchris
1113 2374 1273 2443 plane
1315 2372 1567 2426 innititur
1611 2370 1779 2434 tibiis,
1810 2367 1902 2438 qui

313 2465 574 2521 luculenti
632 2467 767 2520 nitet
818 2465 1067 2520 claritate
1116 2463 1404 2517 sermonis.
1449 2459 1554 2515 Sed
1611 2461 1737 2515 dum
1789 2460 1943 2514 sine.

314 2556 472 2611 bonis
501 2556 753 2626 operibus
801 2564 1118 2610 accuratum
1150 2553 1404 2623 deprimit
1428 2552 1725 2621 eloquium,
1756 2551 1900 2604 velut

314 2647 432 2703 sine
482 2663 667 2717 gressu
697 2657 977 2716 promovet
1000 2657 1149 2702 recta
1195 2661 1355 2700 crura
1387 2645 1697 2698 verborum.
1739 2641 1903 2710 Quasi

315 2738 574 2810 pulchras
624 2753 753 2808 ergo
781 2738 945 2799 habet
976 2739 1140 2793 tibias
1187 2737 1254 2791 ad
1297 2736 1614 2798 videndum,
1651 2733 1746 2788 sed
1793 2749 1899 2786 non

315 2829 479 2884 utiles
507 2829 574 2883 ad
622 2829 1000 2899 gradiendnm,
1043 2829 1132 2898 qui
1184 2821 1491 2897 podagricis
1529 2825 1783 2879 vitiorum
1833 2823 1906 2878 la-

315 2920 473 2991 queis
514 2921 844 2984 innodatns,
887 2921 1001 2990 ipse
1051 2918 1267 2990 quidem
1320 2912 1551 2985 turpiter
1603 2915 1904 2981 claudicat,

316 3013 443 3064 dum
473 3011 624 3073 alios,
652 3018 709 3064 ut
736 3011 952 3080 agiliter
977 3011 1316 3080 gradiantur,
1348 3007 1559 3060 invitat.
1589 3007 1644 3060 lu
1676 3006 1903 3062 istorum

316 3115 451 3172 ergo
497 3101 787 3156 stultorum
834 3115 932 3156 ore
984 3101 1239 3155 indecens
1294 3108 1380 3152 est
1428 3096 1726 3166 parabola;
1780 3098 1904 3167 quia

319 3193 448 3248 dum
496 3192 857 3262 spiritualiler
907 3201 1136 3255 sonant,
1186 3198 1242 3244 et
1295 3187 1588 3243 carnaliter
1619 3187 1902 3253 victitant,
1933 3159 1976 3219 C

319 3295 508 3338 eorum
555 3285 664 3338 vita
695 3299 818 3338 cum
860 3283 1018 3337 labiis
1066 3298 1172 3336 non
1201 3281 1514 3336 concordat.
1554 3279 1704 3346 Quos
1747 3279 1910 3334 nimi-

317 3395 438 3436 rum
472 3379 696 3434 honesta
726 3378 1034 3448 loquentes,
1067 3379 1160 3432 sed
1191 3378 1478 3431 inhoneste
1504 3375 1750 3430 virentes
1773 3389 1908 3444 pnes

318 3467 522 3525 dicatio
555 3478 702 3525 recta
740 3485 846 3525 non
898 3470 1113 3533 liberat,
1165 3468 1259 3524 sed
1301 3468 1524 3522 mordax
1571 3467 1906 3521 conscientia

318 3562 670 3617 vehementer
706 3571 944 3617 accusat.
973 3561 1127 3617 Unde
1162 3559 1272 3614 illic
1297 3574 1405 3613 non
1437 3558 1733 3629 incongrue
1774 3557 1907 3610 sub-

321 3653 516 3709 ditur:
555 3673 574 3705 ‹
624 3653 908 3721 Quomodo
954 3651 1000 3707 si
1041 3652 1194 3724 spina
1233 3658 1491 3706 nascatur
1522 3648 1574 3701 in
1619 3663 1780 3702 manu
1829 3655 1910 3699 te-

321 3741 571 3808 mulenti,
620 3743 701 3797 sic
747 3740 1006 3812 parabola
1064 3743 1117 3795 in
1166 3755 1261 3796 ore
1316 3738 1604 3793 stultorum
1657 3736 1903 3808 (lbid.).i

323 3831 490 3903 Spina
543 3835 741 3904 quippe
787 3835 840 3889 in
873 3849 1032 3888 manu
1058 3831 1348 3895 itemulenti
1392 3830 1633 3884 nascitur
1656 3843 1776 3883 cum
1810 3828 1906 3891 illi,

324 3923 416 3994 qui
455 3921 613 3991 hujus
654 3925 776 3979 vitae
804 3939 991 3978 amore
1021 3931 1103 3978 est
1125 3923 1332 3987 ebrius,
1363 3917 1810 3990 reprehensionis
1853 3919 1908 3972 in

325 4028 508 4072 mente
535 4016 754 4072 aculeus
792 4026 1104 4089 generatur.
1144 4015 1201 4072 ln
1242 4030 1339 4069 ore
1387 4015 1572 4084 itaque
1619 4012 1910 4067 stultorum

326 4105 584 4176 parabola
613 4107 767 4176 quasi
800 4108 950 4177 spina
983 4116 1104 4171 est;
1160 4105 1287 4176 quia
1333 4106 1458 4158 dum
1507 4103 1650 4156 aliud
1681 4102 1911 4171 loquun-

328 4203 450 4262 tur,
476 4196 622 4250 aliud
661 4205 848 4267 agunt,
875 4211 1026 4252 mens
1051 4195 1308 4252 eorumin
1343 4193 1633 4261 semetipsa
1667 4189 1913 4258 aliquan-

328 4290 396 4344 do
420 4291 784 4362 redarguitur,
844 4299 900 4346 et
952 4291 1184 4360 quodam
1216 4288 1372 4358 quasi
1422 4287 1586 4356 spina:
1630 4281 1914 4354 pungentis

329 4383 520 4439 aculeo
566 4385 898 4455 perloratur.
952 4383 1114 4438 Velut
1149 4384 1302 4454 spina
1333 4390 1480 4436 certe
1511 4379 1650 4433 male
1679 4375 1914 4432 viventis

1989 553 2212 607 iloneus
2235 562 2319 606 est
2366 552 2433 607 ad
2470 550 2823 606 ministranda
2874 551 3036 605 verba
3094 550 3370 605 doctrinas.
3405 551 3560 618 Quod

1987 642 2150 695 etiam
2187 641 2241 695 in
2274 656 2359 706 eo,
2395 641 2541 710 quod
2567 641 2816 710 superius
2838 641 3237 710 proposuimus,
3266 643 3562 710 apostolico

1991 732 2298 786 declaratur
2327 731 2594 802 exemplo.
2617 732 2749 785 Nam
2775 747 2898 786 cum
2929 731 3208 802 Scriptura
3234 733 3560 803 prtcmittat:

1995 842 2014 873 ι
2051 824 2408 878 Multitudinis
2435 825 2768 878 credentium
2797 833 2915 878 erat
2954 839 3049 877 cor
3073 840 3269 888 unum,
3302 834 3358 877 et
3385 825 3567 878 anima

1991 930 2129 978 una;
2171 935 2188 965 ι
2229 928 2459 984 moxque
2495 913 2772 981 Subjnnxit
2805 929 2819 965 :
2853 933 2870 964 ι
2901 912 3010 968 Nec
3041 913 3324 984 quisquam
3356 929 3565 978 corum,

1990 1023 2108 1077 qum
2155 1007 2502 1076 possidebat,
2561 1006 2764 1076 aliquid
2816 1023 2975 1061 suum
3013 1022 3134 1060 esse
3182 1007 3426 1071 dicebat;
3473 1010 3570 1062 sed

1990 1109 2147 1154 erant
2199 1100 2302 1152 illis
2343 1099 2522 1153 omnia
2569 1100 2908 1163 communia;
2951 1119 2970 1150 i
3015 1099 3264 1168 protinus
3314 1099 3566 1153 addidit:

1998 1211 2016 1242 ι
2058 1193 2124 1247 Et
2158 1192 2355 1246 virtute
2386 1207 2575 1261 magna
2615 1191 2914 1246 reddebant
2940 1190 3166 1259 apostoli
3201 1189 3573 1244 testimonium

1996 1283 2407 1338 resurrectionis
2436 1282 2561 1337 Jesu
2592 1283 2790 1338 Cltristi
2825 1281 3034 1335 Domini
3071 1282 3240 1336 nostri
3267 1322 3283 1348 ,
3312 1291 3366 1335 et
3394 1282 3570 1351 gratia

1995 1391 2186 1443 magna
2222 1384 2341 1429 erat
2388 1376 2440 1429 in
2476 1374 2727 1430 omnibus
2775 1375 2911 1439 illis;
2943 1394 2960 1426 ι
3014 1374 3209 1428 deinde
3257 1373 3568 1429 subinfert:

2001 1485 2018 1518 ι
2046 1466 2153 1520 Nec
2178 1467 2319 1520 enim
2343 1467 2626 1536 quisquam
2643 1480 2806 1534 egens
2825 1475 2945 1535 erat
2971 1465 3112 1519 inter
3140 1464 3256 1518 illos
3283 1465 3420 1535 (Act.
3440 1464 3567 1536 ιγ).ι

2055 1557 2202 1624 'Qnid
2240 1568 2420 1611 autem
2458 1557 2559 1611 sibi
2592 1556 2732 1617 vult,
2785 1555 2927 1624 quod
2965 1553 3124 1629 hujus
3148 1558 3317 1610 Sacrre
3344 1555 3578 1624 scriptor

1997 1649 2255 1711 historiae,
2286 1648 2412 1702 dum
2452 1648 2518 1702 de
2546 1646 2890 1717 Continentia
2914 1646 3154 1716 loquitur
3197 1645 3489 1715 apostolica
3523 1655 3580 1700 ct

1999 1755 2268 1795 contmqu
2299 1749 2426 1801 vita,
2458 1747 2673 1807 repente
2703 1737 2854 1807 quasi
2901 1736 3182 1791 materiam
3209 1736 3575 1806 interrumpit,

1999 1843 2052 1888 ct
2083 1833 2150 1886 ad
2193 1831 2555 1887 enarrandam
2601 1817 3004 1899 prmdicationis
3043 1829 3408 1884 constantiam
3461 1839 3580 1881 tan-

2000 1939 2165 1993 quam
2217 1932 2426 1978 mutato
2477 1921 2618 1994 stylo
2671 1922 2924 1992 prosilit,
2966 1922 3151 1978 dicens
3193 1940 3206 1976 :
3259 1923 3326 1976 Et
3377 1921 3582 1988 virtute

2003 2029 2195 2085 magna
2287 2013 2581 2068 reddebant
2653 2013 2882 2083 apostoli
2969 2011 3132 2084 493
3207 2012 3580 2067 testimonium

2004 2105 2448 2160 resurrectionis?
2485 2104 2592 2158 Cur
2619 2105 2708 2158 uni
2753 2105 2993 2159 materia:
3037 2105 3200 2159 aliam
3250 2104 3573 2175 interpolat,

2004 2198 2093 2267 qui
2130 2205 2366 2266 emptam
2419 2197 2664 2267 persequi
2697 2206 2752 2250 et
2779 2196 3098 2251 continuare
3129 2195 3416 2262 debuerat;
3451 2197 3585 2261 nisi,

2005 2300 2064 2344 ut
2087 2299 2331 2360 patenter
2356 2292 2642 2354 ostendat,
2685 2289 2812 2358 quia
2860 2288 2934 2342 illi
2964 2289 3223 2343 duntaxat
3259 2288 3434 2343 idonei
3459 2299 3586 2343 sunt

2005 2381 2072 2435 ad
2101 2380 2504 2451 praedicationis
2533 2379 2783 2442 cilicium,
2810 2380 2899 2448 qui
2931 2379 3134 2434 nullmn
3160 2389 3386 2435 terrena:
3415 2379 3587 2434 lacul-

2005 2474 2132 2527 tatis
2156 2473 2429 2541 possideat
2452 2473 2655 2527 inerunt
2685 2490 2698 2526 :
2724 2480 2778 2527 et
2798 2473 2923 2526 dum
2952 2472 3152 2541 aliquid
3183 2473 3451 2545 singulare
3475 2489 3583 2530 non

2007 2565 2202 2622 habent
2226 2605 2240 2627 ,
2266 2565 2628 2620 cornmunitcr
2654 2563 2832 2618 omnia
2875 2563 3187 2633 possident?
3209 2564 3350 2618 Nihil
3380 2564 3588 2620 scilicet

2009 2654 2364 2719 habemes,et
2386 2655 2564 2709 omnia
2587 2654 2923 2725 possidentes
2945 2652 3025 2724 (11
3043 2652 3213 2724 Con).
3243 2654 3282 2709 Ii
3307 2655 3586 2720 nimirum,

2007 2746 2135 2800 dum
2169 2746 2330 2800 nullis
2362 2759 2696 2801 terrenarum
2738 2761 2919 2800 rerum
2967 2746 3370 2815 prmpeditmtur
3407 2748 3590 2802 obsta-

2008 2837 2144 2892 culis
2167 2877 2180 2904 ,
2209 2837 2442 2906 expediti
2473 2846 2616 2890 stant
2639 2851 2738 2906 pro
2765 2835 3061 2890 Dominicis
3094 2838 3291 2892 castris
3315 2837 3367 2891 in
3395 2853 3588 2908 campo

2008 2930 2356 2991 certaminis;
2395 2937 2450 2981 et
2477 2927 2603 2996 quia
2653 2926 2814 2981 rebus
2861 2927 3028 2991 exuti,
3051 2926 3182 2981 solis
3213 2927 3469 2981 virtutum
3499 2943 3591 2980 ar-

2009 3021 2111 3074 mis
2136 3019 2391 3083 accincti,
2426 3017 2602 3088 gladio
2638 3017 2886 3085 spiritus,
2921 3016 3182 3071 adversus
3214 3016 3466 3070 vitiorum
3508 3017 3591 3070 di-

2010 3113 2214 3165 micant
2252 3110 2430 3173 acies,
2481 3108 2654 3162 idonei
2701 3107 2984 3162 bcll.-.tores
3027 3114 3152 3162 surt
3198 3105 3587 3161 obluctantium

2009 3201 2246 3267 hostium
2270 3200 2596 3254 obtruncare
2619 3199 2879 3252 cervices.
2912 3197 3006 3252 Cui
3043 3196 3296 3250 nimirum
3326 3196 3466 3250 bello
3493 3196 3592 3250 im-
3619 3207 3624 3210 ‘

2009 3307 2166 3365 pares
2193 3301 2345 3350 sunt.
2377 3288 2542 3362 494.
2577 3299 2632 3342 et
2672 3287 2944 3341 euerviter
2973 3285 3198 3351 cedunt,
3229 3286 3319 3356 qui
3348 3301 3591 3340 commu-

2010 3386 2168 3439 nibus
2200 3398 2304 3436 non
2331 3380 2598 3443 contenti,
2645 3377 2836 3449 peculii
2882 3377 3168 3447 singularis
3197 3377 3439 3432 ambiunt
3467 3394 3592 3446 pro-

2010 3474 2241 3542 prietatc
2269 3470 2501 3542 gravari.
2537 3469 2674 3523 llinc
2719 3477 2836 3533 est,
2877 3465 3018 3536 quod
3069 3467 3124 3521 in
3169 3465 3590 3524 Dentcronomio

2010 3561 2374 3632 gradientibus
2414 3559 2480 3612 ad
2530 3557 2771 3628 prndium
2822 3556 3022 3611 dicitur
3071 3575 3084 3610 :
3141 3575 3159 3608 ι
3197 3555 3453 3626 Quisquis
3500 3566 3586 3613 est

2011 3654 2201 3719 homo,
2246 3651 2332 3720 qui
2368 3649 2630 3720 plantavit
2679 3650 2919 3714 vineam,
2951 3657 3006 3702 et
3055 3650 3282 3703 necdum
3315 3649 3443 3704 fecit
3469 3665 3591 3704 eam

2010 3761 2130 3802 esse
2171 3759 2543 3807 connunnem,
2571 3751 2626 3797 et
2663 3741 2729 3798 de
2775 3757 2880 3811 qua
2913 3739 3054 3796 vesci
3099 3739 3350 3795 omnibus
3393 3741 3589 3805 liceat,

2013 3840 2172 3894 vadat
2209 3846 2263 3892 et
2304 3843 2616 3892 revertatur
2647 3835 2698 3888 in
2746 3834 2964 3888 domum
3004 3846 3189 3896 suam,
3222 3846 3288 3886 ne
3319 3833 3458 3886 l'orte
3480 3847 3593 3886 mo.

2012 3929 2187 3985 riatur
2213 3929 2264 3982 in
2296 3927 2467 3992 bello,
2505 3935 2560 3981 et
2599 3925 2734 3978 alius
2779 3923 2939 3978 homo
2977 3919 3095 3990 ejus
3123 3922 3379 3991 fungatur
3415 3920 3592 3977 ollicio

2015 4021 2193 4091 (Deut.
2231 4022 2344 4090 xx).
2386 4039 2404 4072 ι

2086 4115 2190 4169 Sed
2231 4114 2374 4182 jam,
2417 4112 2738 4168 venerabilis
2765 4120 2939 4182 pater,
2972 4111 3186 4165 inculta:
3215 4107 3595 4180 disputationis

2016 4208 2351 4280 protraxisse
2398 4220 2704 4260 sernmnem
2737 4205 3014 4270 hucusque
3062 4199 3335 4254 sufﬁciat:
3377 4212 3593 4252 verum-

2020 4310 2198 4353 tamen
2232 4307 2289 4351 nt
2319 4298 2432 4351 lucc
2463 4295 2602 4364 apud
2647 4292 3070 4347 inobedicntium
3102 4289 3419 4343 clericorum
3440 4327 3454 4351 ,
3484 4287 3593 4338 into

2019 4388 2471 4445 nnmmieolarum
2500 4383 2846 4439 rebellionem
2870 4379 3161 4435 eliicacitcr
3208 4378 3440 4441 valeant,
3462 4391 3590 4430 san-

327 4484 383 4529 et
423 4476 559 4531 bene
606 4476 838 4532 dicentis
878 4476 1209 4532 conscientia
1259 4474 1448 4544 pungit
1476 4513 1491 4536 ,
1545 4471 1671 4524 dum
1717 4467 1768 4522 in
1823 4482 1904 4528 eo.

2018 4492 2137 4538 ctus
2169 4479 2501 4549 apostolatus
2528 4475 2693 4530 vestri
2723 4475 2876 4544 vigor
2901 4470 3160 4542 impellat.

328 4563 472 4631 qirod
511 4565 848 4621 extrinsecus
892 4566 1155 4636 loquitur,
1209 4564 1442 4633 quodam
1497 4560 1717 4631 pudoris
1749 4567 1912 4626 atque

332 4654 636 4711 formidinis
663 4658 883 4711 stimulo
926 4657 1251 4712 intrinsecus
1287 4655 1583 4708 sauciatur.

955 4746 1182 4804 CAPUT
1226 4747 1307 4802 γι.

512 4837 590 4890 Ad
612 4839 1004 4908 pra'dicationis
1031 4838 1254 4908 ofﬁcium
1293 4835 1383 4906 qui
1411 4836 1511 4888 sint
1536 4831 1735 4885 idonei.

404 4924 475 4981 Ut
498 4944 629 5005 ergo
653 4931 718 4984 ad
740 4946 856 4996 eos,
873 4945 902 4982 a
932 4930 1126 5001 quibus
1151 4937 1416 4993 conterat,
1441 4939 1620 4980 sermo
1649 4928 1914 4984 recurrat,

621 5844 898 5906 Ῥιτιιοι..
939 5845 1195 5906 CXLV:

2343 4611 2422 4665 Sit
2453 4626 2638 4663 nomen
2681 4606 2888 4660 Domini
2931 4603 3272 4657 benedictum.

3203 5812 3282 5873 16
