4132 6324
591 313 695 371 491

1005 314 1063 371 S.
1104 304 1306 370 PETRI
1353 315 1634 374 DAMIANI
1673 317 1822 374 OPP.
1855 305 2089 376 TOMUS
2120 319 2252 375 SEU
2288 317 2468 373 PARS
2506 317 2590 372 Ill.
2631 346 2700 358 —-
2733 315 3094 375 OPUSCULA
3135 312 3364 402 VAiilA.

3728 318 3839 376 ιω

673 601 1070 676 mm
1150 624 1997 741 OPUSCULUM
2081 627 2880 744 VICESIMUM
2963 627 3679 762 QUINTUM-

1633 843 1746 908 ΒΕ
1793 847 2238 910 DIGNITATE
2285 847 2788 911 SACERDOTII.

1981 1018 2430 1049 ᾑά--ιήι-

581 1150 979 1205 Ancunesrun.
1001 1180 1068 1190 -—
1090 1148 1190 1204 ilic
1222 1157 1364 1204 totus
1393 1148 1446 1204 in
1475 1163 1541 1205 eo
1565 1147 1680 1216 est,
1710 1159 1771 1204 ut
1795 1149 2046 1205 ostendat
2076 1163 2196 1218 quae
2228 1148 2300 1203 sit
2327 1147 2563 1217 dignitas
2590 1147 2920 1213 sacerdotis,
2949 1148 3093 1218 quod
3120 1149 3385 1215 officium;
3417 1162 3617 1220 quanta
3649 1153 3720 1208 sit
3745 1154 3796 1208 ei
3815 1195 3834 1220 ,

654 1224 740 1288 qui
791 1231 899 1274 tam
931 1221 1157 1274 sublime
1201 1236 1394 1275 munus
1443 1221 1739 1285 sustineat,
1781 1222 2081 1289 praestanda
2129 1221 2481 1289 innocentia:
2513 1228 2566 1272 et
2613 1234 2776 1287 quam
2827 1220 2896 1274 sit
2927 1236 3033 1272 non
3081 1222 3240 1275 modo
3275 1223 3515 1284 crimen,
3548 1225 3638 1277 sed
3665 1225 3832 1278 etiam

651 1292 893 1365 criminis
927 1291 1167 1365 suspicio
1209 1290 1480 1365 fugienda.
1528 1291 1583 1344 in
1626 1290 1895 1362 principio
1940 1298 2153 1356 autem,
2191 1289 2333 1360 quod
2373 1288 2574 1344 oblitus
2604 1305 2754 1345 eram
2787 1289 2996 1356 dicere,
3027 1291 3233 1360 gratias
3281 1293 3392 1363 agit
3436 1293 3640 1361 eidem,
3686 1297 3832 1365 quod

651 1361 815 1414 multa
848 1376 1070 1416 munera
1103 1361 1168 1414 ad
1199 1375 1258 1415 sc
1285 1361 1545 1416 misisset.

656 1518 864 1570 bonum
892 1515 955 1568 Α.
989 1513 1292 1588 Venerabili
1331 1515 1766 1586 archiepiscopo,
1791 1512 2154 1586 Pernuspec—
2181 1519 2226 1578 Α
2257 1515 2484 1579 scindet,
2531 1523 2585 1569 et
2633 1514 2699 1570 ad
2743 1528 2956 1570 onmem
3013 1525 3285 1572 mortuum
3331 1531 3437 1573 non
3497 1517 3834 1589 ingredietur

573 1615 727 1662 cator
756 1607 1049 1659 monachus
1081 1605 1405 1674 plenissimae
1445 1607 1741 1660 devotionis
1768 1604 2038 1662 affectum.

641 1699 774 1752 Cum
832 1697 1154 1766 patriarcha:
1194 1697 1359 1752 Jacob
1406 1697 1516 1751 filio
1567 1715 1666 1752 suo
1715 1698 1912 1769 Joscph
1958 1700 2143 1755 dicat:

575 1808 592 1839 ι
627 1786 1037 1843 Benedictioues
1054 1788 1227 1857 patris
1245 1789 1325 1841 tui
1340 1788 1655 1844 confortatus
1676 1799 1802 1844 sunt
1827 1791 2146 1846 benedictio-

568 1882 726 1936 nihus
754 1889 966 1950 patrum
1011 1881 1127 1950 ejus
1170 1878 1323 1948 (Gen.
1367 1883 1547 1947 xux);
1587 1901 1606 1934 ι
1642 1897 1742 1952 ego
1768 1895 2004 1953 congrue
2022 1897 2144 1952 pos-

566 1985 684 2023 sum
718 1969 899 2024 dicere
945 1985 960 2023 :
1015 1968 1140 2037 quia
1185 1967 1591 2024 benedictioucs
1634 1971 1804 2038 patris
1851 1971 1983 2036 mei,
2036 1985 2142 2025 non

562 2069 810 2132 patrum,
837 2061 931 2116 sed
957 2059 1197 2130 ejusdem
1223 2060 1396 2129 patris
1427 2061 1529 2114 mei
1554 2101 1567 2125 ,
1601 2073 1726 2116 sunt
1755 2062 2142 2118 benedictioni-

563 2156 665 2210 bus
699 2154 1035 2210 confortatre.
1069 2153 1170 2206 Tot
1204 2153 1403 2222 quippe
1442 2154 1843 2210 benedictiones
1892 2155 2137 2225 fuerunt,

563 2261 700 2314 quas
720 2246 850 2300 mihi
877 2244 1171 2299 liberalitas
1196 2253 1368 2299 vestra
1402 2245 1620 2310 direxit,
1651 2256 1706 2300 ut
1735 2263 1839 2300 una
1865 2263 2140 2304 commen-

563 2339 744 2393 dasset
767 2338 1015 2404 alteram,
1045 2349 1098 2392 et
1127 2348 1414 2409 sequentes
1442 2355 1557 2405 eas,
1581 2357 1701 2410 qua:
1726 2352 2137 2412 prrecesserant,

561 2440 723 2502 prout
751 2430 1032 2500 Scriptura
1058 2429 1316 2499 loquitur,
1339 2431 1735 2487 coniortarent.
1761 2432 1930 2491 Porro
1955 2445 2136 2492 autem

560 2523 605 2575 si
637 2521 802 2576 David
832 2521 1126 2592 gratiarum
1165 2521 1464 2591 promeruit
1493 2522 1758 2588 actiones,
1781 2539 1903 2579 cum
1935 2525 2001 2581 de
2022 2541 2138 2580 mea

561 2615 773 2681 nuhiis,
801 2628 940 2685 quas
983 2612 1295 2668 Amalecitis
1322 2614 1642 2680 abstulerat,
1670 2616 1974 2672 senioribus
1996 2616 2134 2674 .luda

561 2708 701 2759 dona
747 2705 1172 2769 transmitteret,
1203 2705 1388 2760 dicens
1420 2723 1433 2759 :
1471 2723 1488 2757 ι
1518 2707 1762 2777 Accipite
1804 2709 2136 2767 benedictio-

559 2815 681 2852 nem
704 2802 769 2854 de
787 2799 969 2868 prmda
993 2799 1226 2853 hostium
1251 2799 1460 2855 Domini
1489 2801 1539 2873 (1
1561 2802 1686 2872 Reg.
1714 2803 1871 2874 xxx):
1895 2813 2133 2875 iquanto

2248 1608 2466 1662 omnino
2503 1622 2518 1660 :
2553 1623 2716 1676 super
2762 1617 2916 1679 patre
2959 1624 3173 1680 quoque
3219 1624 3353 1676 suo,
3397 1620 3452 1666 et
3497 1622 3674 1667 matre
3719 1629 3830 1670 non

2248 1702 2732 1767 contaminahitur,
2785 1717 2958 1772 neque
3002 1703 3309 1773 egredietur
3357 1704 3422 1758 de
3475 1707 3712 1772 sanctis,
3761 1722 3833 1763 ne

2245 1791 2450 1862 polluat
2493 1794 2858 1848 sanctuarium
2924 1783 3173 1859 Domini,
3225 1795 3352 1864 quia
3397 1795 3577 1850 oleum
3624 1807 3827 1852 sancta:

2245 1883 2518 1937 unctionis
2550 1884 2640 1938 Dei
2670 1884 2752 1938 sui
2786 1900 2953 1960 super
2987 1898 3108 1940 eum
3152 1893 3234 1940 est
3260 1883 3445 1955 (Leuit.
3477 1885 3613 1957 XXI).
3647 1906 3667 1940 ι
3699 1887 3834 1942 Oleo

2244 1975 2441 2045 quippe
2488 1984 2652 2046 caput
2699 1976 2998 2032 sa’cerd0tis
3028 1976 3321 2047 inungitur,
3351 1992 3472 2031 cum
3521 1993 3673 2034 mens
3711 1977 3835 2048 ejus

2243 2067 2414 2122 sancti
2465 2066 2698 2137 Spiritus
2745 2069 3071 2140 pinguedine
3115 2070 3411 2140 saginatur.
3450 2069 3612 2138 Cujus
3659 2072 3827 2127 etiam

2242 2173 2433 2212 manus
2459 2157 2601 2212 idetn
2632 2157 2808 2213 oleum
2839 2168 3157 2225 consecrat,
3189 2175 3312 2214 cum
3344 2161 3498 2216 bonae
3530 2161 3832 2218 voluntatis

2240 2247 2513 2311 studium,
2540 2249 2682 2316 quod
2713 2249 2970 2305 sacerdos
3017 2259 3197 2304 versat
3226 2250 3279 2304 in
3309 2259 3521 2315 mente,
3554 2259 3606 2307 et
3644 2252 3830 2308 visibi-

2238 2335 2363 2392 liter
2387 2337 2624 2392 ostendit
2654 2337 2707 2392 iu
2734 2354 2915 2408 opere.

2752 2428 2978 2485 CAPUT
3017 2412 3308 2486 ramum.

2463 2517 2604 2582 Quid
2640 2519 2704 2574 sit
2731 2520 3052 2574 sacerdotem
3083 2525 3148 2574 de
3171 2521 3366 2576 sanctis
3411 2522 3607 2592 egredi.

2306 2606 2493 2663 Sancti
2540 2609 2698 2678 plane
2739 2613 3039 2666 sacerdotis
3064 2619 3180 2678 est,
3213 2620 3270 2666 et
3293 2627 3413 2682 quae
3441 2619 3628 2668 sancta
3661 2621 3822 2684 sunt,

2234 2703 2507 2772 cogitare;
2535 2712 2590 2757 et
2615 2719 2735 2773 qua:
2775 2712 2955 2759 mente
2981 2705 3322 2776 conceperit,
3353 2705 3516 2760 etiam
3559 2706 3614 2760 in
3645 2709 3824 2777 operi-

2234 2792 2336 2847 bus
2385 2793 2666 2848 evidenter
2715 2795 3084 2870 cxprimere’:
3129 2795 3365 2866 alioquin
3417 2796 3547 2866 quid
3599 2798 3822 2867 prodest

556 2890 795 2957 potiores
815 2901 914 2958 ego
938 2887 1140 2956 gratias
1169 2889 1358 2954 debeo,
1383 2891 1472 2959 qui
1498 2871 1905 2948 benedictiones
1945 2871 2128 2966 accepi

2234 2881 2431 2936 bonum
2460 2881 2677 2953 aliquod
2725 2883 2996 2954 cogitare,
3041 2884 3146 2939 nisi
3177 2885 3409 2964 solerter
3436 2885 3684 2957 invigilet
3709 2888 3816 2942 hoc

556 2997 661 3034 nou
693 2988 1004 3034 cruentatas
1029 2981 1278 3036 manibus
1303 2981 1536 3036 hostium
1567 2983 1908 3050 Domini,scd
1932 2987 2136 3041 sancti-

555 3073 775 3138 ticatas,
822 3081 983 3142 atque
1031 3073 1372 3144 depromptas
1419 3088 1450 3128 e
1511 3078 1821 3132 sanctuario
1878 3078 2128 3136 Domini!

557 3163 755 3217 Verum
801 3173 856 3217 ιιι
883 3164 950 3218 ab
991 3163 1275 3218 occasione
1316 3166 1675 3234 corporalium
1716 3183 2033 3238 munerum,
2064 3171 2132 3227 ad

554 3252 917 3323 spiritualium
952 3253 1392 3308 benedictionum
1424 3269 1483 3310 se
1517 3271 1698 3312 sermo
1729 3259 1926 3328 dirigat
1951 3276 2128 3316 sacra-

553 3352 834 3408 mentum;
884 3357 1005 3396 cum
1050 3345 1326 3413 apostolus
1373 3347 1475 3400 hoc
1525 3347 1576 3400 in
1629 3362 1825 3418 magna
1871 3349 2131 3406 felicitate

555 3434 852 3488 constituat
879 3473 893 3498 ,
923 3433 1064 3501 quod
1097 3434 1228 3488 dicit
1262 3453 1274 3489 :
1319 3453 1336 3486 ι
1373 3435 1429 3489 1η
1468 3437 1570 3491 hoc
1594 3439 1768 3493 vocati
1800 3440 1932 3495 estis
1959 3450 2018 3496 ut
2045 3442 2131 3497 be-

554 3523 914 3576 nedictionem
948 3524 1262 3579 haereditate
1299 3518 1619 3595 poSsideatis
1668 3527 1720 3599 (Ι
1771 3528 1913 3583 Petr.
1950 3531 2068 3603 ttt);
2105 3553 2123 3586 ι

552 3622 758 3679 quanta
786 3611 969 3674 vobis,
1000 3612 1100 3665 hoc
1126 3624 1238 3679 est,
1277 3618 1506 3670 summis
1547 3615 1802 3672 Ecclesiae
1829 3621 2127 3677 sacerdoti-

551 3703 654 3755 bus
682 3711 765 3754 est
788 3700 1024 3772 dignitas
1072 3714 1372 3774 praerogata
1397 3745 1410 3768 ,
1452 3712 1510 3758 ut
1560 3705 1989 3763 benedictionem
2020 3725 2128 3767 non

551 3791 712 3845 modo
747 3792 898 3845 vobis
927 3793 1224 3847 exhibitam
1255 3794 1556 3863 possidere,
1587 3797 1683 3851 sed
1711 3798 1930 3867 possitis
1962 3800 2126 3855 etiam

554 3881 678 3935 aliis
705 3881 948 3936 tradere!
984 3882 1048 3935 Et
1070 3897 1178 3938 non
1207 3883 1638 3954 qualemcunque
1661 3928 1676 3953 ,
1710 3886 1804 3941 sed
1828 3888 1991 3943 etiam
2013 3889 2128 3960 epi-

553 3975 858 4044 scopalem,
896 3991 992 4044 per
1033 3991 1195 4044 quam
1246 3976 1483 4044 scilicet,
1512 3978 1676 4033 vestri
1697 3977 1836 4047 juris
1862 3991 1946 4037 est
1982 3983 2127 4039 ordi-

548 4079 683 4118 nare
713 4065 1021 4133 pontificem
1046 4082 1060 4130 ;
1088 4074 1143 4119 et
1193 4080 1314 4120 cum
1358 4081 1463 4120 non
1492 4067 1640 4135 parvi
1675 4069 1899 4125 terroris
1926 4071 1997 4127 sit
2039 4079 2124 4126 at-

549 4168 655 4222 que.
671 4151 978 4208 formidinis
1000 4168 1120 4209 esse
1145 4153 1227 4209 vel
1247 4153 1517 4210 inferioris
1540 4157 1748 4211 ordinis
1764 4159 2123 4227 sacerdotem,

2237 2973 2409 3041 ipsum
2441 2981 2494 3027 et
2525 2973 2578 3026 iu
2607 2973 2924 3042 operatione
2952 2975 3246 3043 perﬁcere?

2304 3065 2699 3120 Elaborandum
2727 3075 2810 3120 est
2839 3081 2968 3138 ergo
2991 3068 3285 3133 sacerdoti,
3310 3076 3370 3122 ut
3396 3076 3449 3123 et
3483 3078 3643 3140 caput
3676 3069 3820 3126 illius

2233 3169 2607 3213 consecratum
2639 3158 2708 3211 sit
2736 3171 2832 3227 per
2859 3159 2960 3228 piae
2999 3159 3294 3216 voluntatis
3327 3161 3599 3228 intuitttm,
3629 3171 3683 3216 et
3704 3176 3819 3216 ma—

2233 3260 2336 3300 nus
2367 3244 2482 3314 ejus
2509 3245 2806 3315 spiritualis
2828 3246 2932 3301 olei
2957 3247 3066 3302 sint
3099 3249 3428 3304 charismate
3451 3249 3701 3304 delibuta:
3720 3265 3819 3319 per

2231 3334 2453 3388 evidens
2493 3343 2696 3388 sanctae
2724 3335 3057 3405 operationis
3093 3336 3370 3392 indicium.
3399 3337 3501 3405 Qui
3528 3339 3692 3394 etiam
3718 3353 3814 3393 ve-

2231 3424 2390 3479 stitus
2419 3425 2620 3480 sanctis
2659 3426 2901 3481 vestibus
2940 3426 3160 3493 dicitur,
3191 3427 3318 3497 quia
3362 3427 3580 3498 dignum
3613 3436 3722 3494 εει,
3753 3437 3815 3483 ιιι

2230 3517 2483 3571 sacerdos
2517 3517 2729 3586 pietatis
2757 3515 2920 3588 497
2953 3526 3115 3587 atque
3141 3517 3364 3587 iustitia:
3400 3532 3616 3588 semper
3655 3517 3816 3572 indu-

2229 3607 2333 3662 viis
2378 3609 2691 3675 adornetur,
2753 3609 2894 3664 sicut
2951 3609 3210 3680 scriptutn
3265 3618 3390 3664 est:
3428 3627 3446 3660 ι
3485 3608 3812 3664 Sacerdotes

2230 3701 2306 3755 tui
2332 3701 2552 3755 induant
2595 3699 2862 3768 justitiam
2913 3698 3086 3772 (Psal.
3126 3701 3332 3770 cxxxt).
3372 3718 3392 3754 ›
3425 3700 3524 3756 Cui
3566 3701 3813 3772 praecipi-

2229 3796 2337 3854 tur,
2365 3799 2423 3843 ut
2444 3799 2605 3859 caput
2659 3805 2812 3856 suum
2845 3806 2952 3844 non
2983 3792 3365 3862 discoopcriat,
3399 3791 3452 3846 id
3486 3799 3589 3855 est,
3613 3799 3674 3844 ut
3715 3805 3811 3845 cor

2229 3891 2385 3931 suum
2415 3876 2576 3945 hujus
2601 3879 2784 3933 mundi
2811 3879 3098 3935 desideriis
3123 3895 3230 3935 non
3261 3879 3565 3949 expandat,
3595 3879 3690 3934 sed
3712 3894 3807 3934 oc-

2228 3969 2433 4024 cultum
2469 3985 2682 4040 semper
2725 3971 2776 4024 in
2808 3971 3141 4040 adipiscendi
3175 3971 3330 4042 regni
3367 3969 3603 4025 cmlestis
3625 3970 3804 4023 inten-

2227 4063 2378 4118 tione
2415 4063 2700 4118 custodiat.
2726 4062 2955 4119 Jubetur
2983 4067 3148 4119 etiam
3182 4065 3502 4119 vestimenta
3527 4077 3630 4118 non
3661 4061 3804 4116 scin-

2231 4154 2384 4221 dere,
2447 4155 2718 4220 videlicet,
2761 4165 2822 4210 ut
2863 4157 2942 4210 sic
2979 4171 3195 4226 semper
3247 4155 3546 4210 honestatis
3595 4168 3659 4208 ac
3708 4155 3807 4222 pia:

545 4246 804 4301 nimirum
836 4244 935 4316 ipsi
967 4261 1182 4315 quoque
1212 4245 1330 4318 lege
1349 4248 1676 4319 praecipitur,
1707 4258 1764 4303 ut
1790 4251 1969 4320 populi
1995 4266 2118 4320 por-
2152 4231 2197 4292 (ἶ
2230 4247 2660 4301 conversationis
2709 4255 2861 4301 veste
2895 4255 3175 4302 contectus
3220 4246 3466 4312 incedat;
3505 4260 3605 4312 ne,
3661 4244 3802 4313 quoi

545 4348 624 4393 tet
648 4339 988 4408 iniquitatem
1033 4338 1225 4409 (Num.
1264 4340 1421 4412 xvm)
1453 4356 1468 4406 ;
1497 4355 1658 4411 quam
1687 4343 1986 4411 pavendum
2034 4353 2119 4398 est

547 4447 613 4486 ac
669 4430 1000 4484 tremefactis
1040 4431 1338 4486 visceribus
1387 4430 1806 4498 formidandum,
1873 4435 2122 4490 omnibus

543 4534 688 4575 nunc
738 4519 791 4572 in
845 4519 1212 4578 ecclesiastica
1281 4519 1539 4589 dignitate
1594 4521 1936 4591 prtecellere,
1983 4539 2120 4594 quos

537 4624 694 4679 aeque
716 4623 937 4663 necesse
962 4601 1070 4671 est,
1095 4617 1150 4664 et
1179 4617 1304 4664 ante
1330 4625 1520 4665 omnes
1553 4609 1604 4664 in
1636 4612 1899 4667 tremendi
1921 4613 2120 4681 judieis

536 4699 796 4754 examine
822 4701 1178 4769 respondere!
1214 4698 1367 4755 Unde
1394 4701 1622 4757 sollicite
1668 4703 2118 4761 considerandum

538 4798 658 4858 est,
689 4800 749 4845 ut
794 4806 954 4861 quem
1001 4791 1067 4844 ad
1116 4791 1437 4846 obtinendas
1477 4793 1828 4848 ecclesiastici
1873 4795 2122 4853 culminis

541 4885 742 4942 infulas
790 4885 985 4941 summi
1032 4885 1320 4941 sacerdotii
1370 4885 1672 4942 sublimitas
1715 4887 1918 4953 elevat,
1967 4890 2123 4946 celsi-

543 4979 675 5034 tudo
702 4993 915 5048 quoque
943 4977 1227 5034 laudabilis
1263 4987 1318 5033 et
1344 4978 1528 5034 arduae
1563 4981 1993 5035 conversationis
2041 4991 2121 5036 at-

540 5067 730 5135 tollat;
760 5077 814 5122 et
845 5069 984 5123 sicut
1009 5084 1107 5139 per
1136 5077 1375 5138 acceptae
1396 5068 1676 5139 dignitatis
1706 5069 1936 5124 sublime
1974 5070 2123 5125 fasti-

541 5161 688 5233 gium
717 5160 930 5216 caeteris
959 5161 1194 5226 eminet,
1228 5161 1306 5215 sic
1334 5175 1456 5214 eum
1486 5176 1598 5231 prae
1637 5161 1852 5216 caeteris
1882 5161 1988 5215 vita
2033 5175 2122 5216 su-

538 5255 888 5326 percminens
908 5295 922 5319 ,
947 5265 1000 5309 et
1044 5253 1402 5323 spiritualium
1437 5245 1646 5308 morum
1675 5253 1927 5322 splendor
1960 5269 2120 5308 exor-

539 5355 656 5401 net.
680 5345 833 5402 Unde
877 5361 972 5416 per
1002 5346 1220 5417 Moysen
1254 5347 1494 5401 dicitur:
1539 5363 1558 5396 ι
1593 5345 1842 5401 Pontifex
1867 5385 1882 5410 ,
1917 5346 1967 5398 id
2007 5355 2120 5412 est,

543 5437 799 5491 sacerdos
823 5437 1242 5491 maximusinter
1258 5434 1452 5490 fratres
1466 5442 1610 5498 suos,
1628 5433 1951 5504 supereujus
1965 5445 2123 5505 caput

541 5526 719 5582 fusum
747 5536 829 5581 est
860 5527 1130 5581 unctionis
1151 5527 1328 5581 oleum
1348 5569 1361 5594 ,
1386 5535 1440 5582 et
1467 5525 1621 5594 cujus
1644 5542 1835 5581 manus
1865 5527 1916 5580 in
1947 5542 2123 5580 sacer-

2228 4338 2392 4401 absit,
2421 4339 2563 4394 hanc
2589 4339 2826 4406 perversi
2850 4339 3134 4409 cujuslibet
3154 4339 3334 4409 operis
3358 4337 3803 4408 interpretatione

2225 4427 2546 4496 disrtunpat.
2573 4427 2900 4483 Prohibetur
2946 4429 3164 4498 insuper
3218 4437 3272 4482 et
3311 4428 3378 4482 ad
3411 4437 3685 4481 mortuum
3715 4425 3797 4478 iu-

2223 4521 2403 4591 gredi;
2442 4520 2699 4574 nimirum
2755 4530 2816 4574 ut.
2863 4521 3079 4576 studeat
3124 4536 3154 4575 a
3183 4519 3359 4585 malis,
3393 4519 3588 4589 quibus
3621 4517 3798 4571 anima

2223 4613 2474 4677 moritur,
2509 4613 2697 4682 pedem
2729 4621 2887 4669 caute
2918 4611 3260 4676 subtrahere,
3290 4624 3518 4679 seseque
3547 4609 3616 4663 ab
3669 4620 3797 4678 ope-

2225 4703 2375 4758 ribus
2426 4703 2653 4756 mortuis
2704 4701 2952 4770 pervigili
2999 4701 3359 4756 sollicitudine
3397 4697 3691 4753 custodire.
3726 4693 3799 4748 De

2223 4796 2417 4864 quibus
2457 4795 2591 4849 dicit
2630 4792 2918 4863 Apostolus
2949 4808 2961 4844 :
2999 4809 3016 4842 ι
3047 4790 3298 4846 Christus
3352 4788 3551 4858 eripuit
3587 4801 3684 4840 nos
3731 4784 3798 4837 ab

2223 4883 2482 4955 cperibus
2507 4883 2740 4940 mortuis
2761 4883 2830 4938 ad
2856 4881 3202 4937 serviendum
3234 4882 3344 4936 Deo
3367 4878 3569 4934 viventi
3611 4874 3797 4948 (Hebr.
3851 4890 3862 4896 ’

2225 4976 2324 5044 tit).
2366 4993 2383 5024 ι
2422 4973 2779 5043 Suhjuugitur
2817 4973 3006 5040 etiam,
3037 4977 3096 5027 ut
3150 4981 3312 5042 super
3354 4979 3512 5041 patre
3540 4977 3596 5022 et
3630 4975 3800 5020 matre

2225 5080 2332 5118 non
2356 5065 2772 5127 contaminetur,
2819 5063 2872 5119 id
2896 5072 3000 5128 est,
3025 5074 3084 5117 ut
3112 5078 3287 5133 neque
3329 5061 3510 5116 mundi
3542 5055 3796 5127 negotiis.

2225 5170 2400 5224 neque
2427 5155 2674 5209 mortalis
2705 5154 2862 5223 hujus
2886 5157 3012 5210 vita:
3033 5154 3302 5210 desiderio
3329 5152 3617 5221 polluatur.
3647 5146 3802 5202 Unde

2223 5247 2362 5300 bene
2382 5243 2745 5315 subjungitur,
2771 5248 2836 5302 de
2857 5247 3060 5302 sanctis
3089 5261 3194 5300 non
3223 5244 3558 5314 egredietur,
3590 5255 3658 5295 ne
3689 5236 3801 5304 pol-

2223 5337 2336 5391 luat
2385 5321 2754 5392 sanctn'arium
2799 5353 2998 5393 meum.
3029 5337 3105 5391 De
3135 5337 3335 5390 sanctis
3357 5334 3501 5388 enim
3551 5329 3803 5386 sacerdos

2223 5429 2517 5500 egreditur,
2547 5444 2668 5483 cum
2698 5429 2958 5500 neglectis
2991 5429 3294 5482 animarum
3327 5423 3473 5478 curis
3527 5435 3625 5490 per
3656 5417 3802 5473 desi-

2230 5520 2374 5574 deria
2406 5527 2620 5576 terrena
2664 5530 2910 5591 vagatur.
2958 5521 3033 5575 De
3083 5518 3286 5573 sanctis
3331 5514 3630 5586 egreditur,
3679 5524 3801 5564 cum

540 5618 692 5674 tlotio
729 5627 1058 5675 consecratze
1113 5629 1270 5685 sunt,
1305 5591 1639 5689 vestitusque
1671 5627 1752 5676 est
1801 5619 2002 5675 sanctis
2040 5633 2131 5674 ve-
2156 5591 2206 5649 D
2233 5614 2597 5669 ecclesiastica
2664 5611 2943 5684 disciplina
3009 5611 3343 5682 postposita,
3409 5601 3805 5660 transeuntium

541 5715 733 5782 stibus,
749 5723 906 5785 caput
931 5728 1084 5769 suum
1109 5729 1214 5770 non
1242 5713 1600 5784 discooperiet
1621 5755 1636 5781 ,
1669 5714 1990 5770 vestimenta
2013 5726 2116 5768 non

2229 5723 2515 5765 causarum
2572 5709 2804 5779 negotiis
2849 5707 3257 5764 immoderatius
3315 5701 3644 5773 implicatur.
3701 5693 3806 5752 Ubi
