4132 6324
326 329 433 392 695

1186 327 1430 388 OPUSC.
1469 327 1637 413 XXV.
1668 356 1735 367 —-—
1776 323 2250 380 DEDIGNITATE
2290 321 2719 382 SACERDOTII.

3477 321 3584 378 494

327 461 457 504 mox
511 453 632 516 apte
669 440 1052 514 subjungitur:
1101 458 1120 493 ι
1150 440 1227 496 Ne
1277 440 1480 511 polluat
1531 437 1896 494 sanctuarium
1927 433 2370 507 Avirjungitur,
2416 433 2640 504 ejusque
2688 430 2829 488 male
2875 429 3202 487 blandientis
3243 432 3586 504 amplexibus

328 553 533 594 meum.
573 555 591 589 ι
619 535 998 592 Sanetuarium
1037 533 1233 604 quippe
1278 531 1556 602 polluitur,
1581 545 1704 585 cum
1730 543 1907 583 sacer-

330 630 429 684 dos
449 627 676 698 quilibet
704 644 800 698 per
829 636 1046 681 terrena
1070 624 1338 680 desideria
1356 638 1598 692 sparsus,
1622 621 1908 688 causisque

329 714 683 776 smularibus
707 716 1019 781 dissolutus,
1045 713 1408 770 sacrosanctis
1453 711 1717 766 altaribus
1745 711 1910 763 audao

330 818 449 866 cter
469 809 725 862 assistere
749 824 855 861 uon
879 815 1120 872 veretur;
1141 820 1262 859 cum
1287 802 1536 857 videlicet
1557 802 1635 864 ﬁt,
1652 800 1792 870 quod
1815 815 1912 868 per

333 899 656 972 prophetam
688 899 890 952 dicitur
923 915 935 950 :
971 915 989 949 t
1020 896 1085 950 Et
1108 896 1211 950 erit
1241 894 1382 949 sicut
1437 892 1684 963 populus,
1717 891 1794 944 sic
1820 905 1910 944 sa-

334 993 532 1047 cerdos
599 989 746 1059 (Isa.
799 988 988 1058 xxiv).
1026 1006 1045 1040 ›
1109 987 1472 1053 Quamobrem
1522 994 1580 1038 ut
1635 982 1908 1045 Ecclesia,

332 1083 538 1138 Christi
565 1082 616 1135 in
683 1097 778 1135 sua
823 1082 1008 1152 vigere
1055 1078 1320 1133 munditia
1349 1076 1545 1140 valeat,
1597 1084 1652 1129 et
1678 1073 1912 1128 obsceno

287 1169 290 1171 Α
331 1173 474 1228 male
538 1171 964 1226 ministrantium
1025 1171 1275 1240 eontagio
1326 1184 1434 1224 non
1478 1167 1776 1232 sordescat,
1803 1165 1913 1219 illic

331 1263 509 1319 adhuc
543 1273 665 1332 apte
693 1263 1036 1332 subjungitur
1062 1279 1076 1316 :
1106 1281 1124 1312 ‹
1154 1259 1429 1330 Virginem
1467 1260 1630 1313 ducet
1664 1273 1910 1320 uxorem,

333 1370 442 1408 non
465 1355 702 1417 viduam,
749 1369 853 1408 non
893 1352 1249 1424 repudiatam,
1303 1360 1358 1406 et
1413 1350 1706 1414 sordidam,
1752 1357 1914 1417 atque

335 1446 680 1499 meretricem
725 1460 831 1499 non
888 1445 1138 1515 accipiet,
1195 1444 1288 1498 sed
1322 1443 1554 1514 puellam
1607 1443 1674 1498 de
1718 1441 1915 1514 populo

332 1550 451 1598 suo,
487 1550 552 1588 ne
575 1535 927 1590 commisceat
959 1535 1183 1606 stirpem
1212 1533 1426 1606 generis
1457 1533 1538 1588 sui
1561 1533 1716 1604 vulgo
1739 1533 1914 1602 gentis

333 1641 479 1692 suae;
515 1626 639 1696 quia
673 1642 771 1696 ego
812 1627 1089 1693 Dominus,
1115 1625 1206 1696 qui
1257 1624 1538 1680 sanctiﬁco
1583 1638 1704 1677 eum
1727 1621 1912 1694 (Leuit.

339 1722 475 1787 xxi).
511 1738 528 1769 ι
582 1716 896 1772 Sacerdotis
943 1733 1080 1772 uxor
1134 1729 1240 1772 vita
1296 1716 1436 1787 ejus,
1484 1724 1540 1771 et
1573 1716 1916 1770 conversatio

334 1815 441 1861 non
468 1807 910 1864 inconvenienter
935 1809 1232 1879 accipitur;
1264 1823 1384 1877 qua:
1402 1807 1611 1862 scilicet
1630 1822 1749 1862 esse
1762 1807 1913 1877 virgo
1947 1795 1988 1852 Β

335 1900 669 1970 prtccipitur,
686 1901 774 1955 ubi
802 1900 1147 1956 abimmundi
1174 1900 1394 1971 spiritus
1423 1899 1662 1954 obsoleta
1681 1899 1914 1961 luxuria,

332 1990 426 2059 qui
453 1988 682 2045 violator
722 1998 806 2045 est
834 1991 1159 2054 animarum,
1214 1989 1471 2044 immunis
1520 1998 1576 2044 et
1603 1991 1914 2058 incorrupta

335 2089 601 2154 servetur.
632 2079 747 2134 Non
775 2081 844 2135 sit
878 2081 1052 2147 vidua,
1082 2081 1176 2135 sed
1199 2080 1406 2136 caelesti
1449 2095 1647 2150 sponso
1677 2080 1817 2134 felici
1848 2080 1919 2134 sit

337 2155 543 2227 ﬁndere
564 2171 833 2241 copulata.
866 2172 1166 2242 Repudiata
1196 2187 1435 2242 quoque,
1464 2188 1526 2226 ac
1570 2171 1808 2237 sordida,
1833 2171 1917 2225 vel

336 2264 505 2319 etiam
541 2278 659 2320 esse
719 2265 979 2320 meretrix
1029 2265 1394 2331 interdicitur,
1454 2279 1521 2320 ne
1567 2263 1839 2330 videlicet,
1869 2263 1916 2318 si
1980 2267 1984 2270 ’

335 2369 534 2425 Spurca
556 2353 814 2419 libidinis,
866 2371 929 2410 ac
958 2353 1347 2410 luxuriantium
1373 2355 1626 2409 vitiorum
1653 2354 1920 2410 contami-

337 2446 560 2501 natione
583 2447 858 2518 polluitur,
891 2447 959 2502 ab
985 2449 1175 2503 eodem
1236 2447 1541 2502 animarum
1589 2461 1788 2518 sponso
1834 2444 1917 2501 fe-

339 2540 440 2594 rali
462 2540 691 2594 divortio
721 2550 1022 2610 separetur.
1069 2539 1207 2595 Huic
1229 2540 1460 2595 sordidae
1491 2541 1646 2594 uxori
1687 2540 1920 2610 Aposto-

338 2635 423 2690 lus
449 2635 685 2689 libellum
715 2635 920 2706 repudii
975 2634 1214 2701 dederat,
1269 2650 1391 2689 cum
1444 2633 1696 2688 dicebat:
1734 2651 1752 2684 ι
1790 2632 1920 2700 Quae

340 2727 472 2780 mihi
525 2725 743 2781 fuerunt
773 2724 945 2793 lucra,
999 2727 1114 2781 haec
1170 2726 1468 2781 arbitratus
1533 2740 1652 2780 sum
1701 2731 1920 2794 propter

338 2817 620 2873 Christum
670 2817 1015 2884 detrimenta,
1062 2824 1284 2887 propter
1321 2829 1482 2886 quem
1535 2814 1715 2870 omnia
1754 2814 1923 2870 detri-

341 2921 582 2966 mentum
606 2902 734 2976 feci,
752 2920 806 2966 et
831 2904 1068 2966 arbitror
1087 2910 1231 2964 velut
1258 2919 1495 2965 stercora
1525 2904 1746 2979 (Philip.
1769 2907 1873 2977 tu).
1895 2925 1912 2959 ι

341 3001 418 3056 Ac
450 3002 493 3056 si
523 2999 950 3057 dicatzUxorem
995 3000 1143 3055 illam
1166 2994 1443 3055 sordidam
1469 3014 1535 3054 ac
1552 2999 1917 3063 meretricem,

340 3095 428 3149 cui
455 3089 735 3164 copulatus
779 3095 833 3149 in
862 3093 1140 3149 Judaismo
1190 3086 1420 3158 fueram,
1476 3105 1572 3162 per
1628 3091 1918 3146 divortium

341 3185 798 3256 desero,eamque
811 3187 1017 3257 repudii
1034 3181 1640 3250 intervenientelibello,
1661 3193 1917 3253 tanquam
1947 3155 1992 3218 ο

278 3294 280 3296 '
340 3286 555 3338 stercus
595 3269 827 3349 'abjicio.
874 3279 952 3333 Ex
1006 3271 1313 3345 lmjusmodi
1365 3278 1563 3348 quippe
1621 3277 1923 3333 sacerdotis

341 3386 513 3426 uxore
537 3384 642 3426 non
688 3370 822 3426 tales
871 3367 1028 3426 liberi
1073 3378 1452 3439 procreantur,
1485 3370 1578 3440 qui
1616 3369 1726 3430 Deo
1755 3369 1926 3424 sacri-

342 3459 526 3516 ﬁcium
551 3459 805 3526 oﬁ'erant,
833 3463 925 3518 sed
956 3463 1135 3532 potius
1161 3462 1254 3532 qui
1289 3461 1659 3527 severitatem,
1687 3472 1741 3517 et
1767 3462 1925 3517 ultio-

344 3570 468 3609 nem
509 3555 706 3610 divinze
756 3545 1244 3610 animadversionis
1294 3555 1595 3609 incurrant.
1630 3553 1766 3610 llinc
1821 3565 1921 3620 est,

344 3646 487 3715 quod
515 3661 634 3700 cum
666 3645 732 3700 ad
775 3646 912 3701 Osee
941 3646 1258 3716 prophetam
1296 3645 1475 3700 divina
1509 3660 1640 3700 voce
1671 3647 1881 3700 dicatur
1907 3663 1924 3702 :

344 3757 368 3788 ι
409 3737 576 3803 Vade,
611 3753 762 3792 sume
788 3738 881 3792 tibi
925 3751 1147 3792 uxorem
1179 3736 1621 3802 fornicationum,
1663 3733 1786 3806 quia
1815 3737 1925 3792 for-

347 3826 537 3882 nicans
588 3827 948 3881 fornicabitur
994 3836 1140 3881 terra
1168 3837 1209 3881 a'
1247 3825 1494 3881 Domino.
1533 3843 1552 3876 ι
1609 3824 1733 3892 lllc,
1789 3827 1931 3882 sicut

347 3917 627 3986 Scriptura
661 3927 917 3983 testatur,
953 3937 970 3970 ι
994 3919 1148 3984 abiit,
1192 3927 1246 3974 et
1277 3919 1486 3990 accepit
1510 3918 1732 3986 Gomer,
1765 3920 1928 3974 ﬁliam

289 4003 292 4005 ’
342 4004 513 4077 ωδ
544 4006 850 4074 Dehclaim;
888 4017 943 4062 et
978 4010 1245 4079 concepit,
1279 4018 1334 4064 et
1382 4011 1593 4081 peperit
1642 4011 1829 4064 ﬁlium.
1862 4004 1931 4065 Et

347 4098 483 4152 dixit
511 4097 764 4153 Dominus
794 4101 862 4154 ad
902 4099 1239 4156 Osee:Voca
1291 4117 1487 4157 nomen
1522 4103 1638 4170 ejus
1681 4101 1930 4158 chrahel

349 4185 503 4259 (Osee
527 4190 586 4258 ι).
610 4208 627 4239 ι
659 4188 812 4256 Quod
865 4193 1053 4262 utique
1083 4207 1298 4256 nomen,
1326 4193 1574 4262 quamvis
1606 4210 1927 4264 prosperum

348 4281 655 4350 signiﬁcare
681 4283 944 4348 videatur,
979 4285 1032 4338 in
1064 4300 1128 4340 eo
1153 4284 1297 4355 quod
1334 4286 1727 4353 interpretatur
1751 4302 1927 4342 semen

348 4374 474 4438 Dei;
506 4376 593 4436 hic
626 4387 802 4431 tamen
825 4376 1105 4432 vindictam
1154 4377 1253 4432 Dei
1274 4385 1328 4432 et
1349 4377 1580 4447 furerent
1606 4387 1785 4443 sonat,
1807 4395 1932 4434 cum

348 4467 596 4536 protinus
645 4468 1016 4526 subinfertur:
1047 4489 1064 4522 ι
1100 4468 1364 4536 Quoniam
1421 4471 1596 4526 adhuc
1634 4471 1928 4535 modicum,

348 4569 405 4616 et
427 4562 658 4618 visitabo
686 4564 1000 4634 sanguinem
1029 4562 1282 4618 Jezrabel
1319 4580 1481 4634 super
1520 4565 1736 4620 domum
1767 4564 1928 4628 Jehu,

332 4640 405 4705 'et
431 4654 773 4722 requiescere
800 4653 996 4713 faciam
1026 4670 1251 4725 regnum
1309 4657 1526 4710 donmm
1577 4656 1761 4719 Israel,
1792 4666 1846 4711 et
1877 4657 1929 4710 in

350 4735 440 4796 illa
481 4743 567 4798 die
629 4753 907 4800 conteram
959 4760 1144 4801 arcum
1181 4746 1369 4811 lsrael,
1417 4747 1471 4799 in
1524 4747 1660 4802 valle
1685 4746 1933 4803 Jezrahel

353 4833 539 4905 (Ibid).
567 4854 586 4886 ι
621 4833 771 4902 Quod
800 4843 977 4890 autem
1009 4836 1096 4890 hic
1149 4850 1247 4905 per
1283 4827 1557 4900 Jezrahel,
1601 4851 1708 4892 non
1766 4837 1933 4904 salus,

352 4925 466 4980 sive
489 4928 840 4996 prosperitas,
875 4929 967 4982 sed
1013 4927 1106 4981 Dei
1156 4927 1334 4998 potius
1360 4928 1440 4984 ira
1471 4929 1738 5000 signatur,
1769 4921 1934 4984 etiam

355 5017 408 5072 in
433 5019 536 5080 hoc
561 5021 820 5085 innuitur,
837 5038 958 5077 cum
982 5023 1228 5093 protinus
1251 5021 1614 5077 subinfertur:
1635 5043 1653 5075 c
1679 5022 1940 5091 Concepit

333 5103 554 5184 adhuc,
569 5121 622 5167 et
642 5116 850 5184 peperit
872 5113 1056 5179 tiliam,
1071 5105 1126 5170 et
1140 5115 1272 5170 dixit
1287 5114 1546 5169 Dominus
1563 5113 1940 5169 :Vocanomen

353 5202 738 5274 ejus:Absque
762 5206 1158 5268 misericordia,
1182 5207 1304 5276 quia
1324 5221 1427 5260 non
1455 5205 1646 5260 addam
1679 5207 1817 5259 ultra
1844 5206 1942 5258 mi-

355 5291 529 5347 sercri
556 5294 735 5348 domui
763 5291 946 5360 Israel,
975 5298 1067 5352 sed
1095 5297 1366 5350 oblivione
1387 5297 1677 5350 obliviscar
1729 5313 1938 5350 eorum.

358 5383 601 5454 Cumque
654 5388 1054 5455 peperisset-ct
1098 5387 1338 5449 tertiam,
1385 5387 1460 5440 ait
1501 5405 1513 5440 :
1548 5381 1690 5441 Voca
1750 5403 1942 5440 nomen

359 5469 636 5544 ejuszNon
663 5477 892 5546 populus
915 5495 1092 5543 meus;
1116 5479 1239 5548 quia
1261 5495 1351 5532 vos
1377 5493 1480 5532 non
1512 5477 1738 5549 populus
1761 5496 1939 5544 meus;

356 5576 416 5622 et
443 5584 543 5638 ego
593 5585 698 5624 non
730 5585 825 5625 ero
848 5581 1024 5625 vester
1052 5573 1214 5626 Deus.
1255 5592 1273 5624 ι
1313 5571 1367 5624 In
1412 5572 1609 5641 quibus
1633 5573 1818 5640 utique
1844 5588 1943 5625 no-

291 5661 296 5664 ’
327 5651 599 5715 ἰῐηίιιὶὺιιε
629 5655 860 5716 ﬁliorum
912 5662 1216 5718 fornicaria:
1246 5655 1490 5718 mulieris
1541 5664 1824 5718 evidenter
1852 5664 1948 5716 ad-

321 5744 799 5822 ﬁdiscimus,'quia
837 5754 1084 5826 quisquis
1126 5754 1420 5810 immunda:
1469 5755 1592 5810 vita:
1626 5755 1772 5810 velut
1793 5753 1948 5810 ultori

2008 525 2327 591 oblectatur,
2359 527 2544 597 nequit
2585 541 2649 580 ex
2687 540 2750 579 ea
2781 524 3001 591 liberos,
3027 525 3119 595 qui
3174 525 3283 580 Deo
3314 526 3588 596 placeant,

2009 619 2254 690 gignere;
2284 620 2410 689 quia
2437 634 2537 673 nec
2566 626 2740 688 potest
2765 633 2831 672 ex
2860 633 3042 671 amara
3064 618 3246 676 radice
3272 618 3443 674 dulcis
3471 619 3590 674 fru-

2010 721 2129 764 ctus
2159 709 2342 764 afferri
2371 727 2382 762 :
2424 728 2442 760 ι
2472 708 2589 764 Non
2625 709 2770 764 enim
2804 717 2982 778 potest
3026 710 3189 764 arbor
3218 709 3356 764 mala
3380 710 3593 767 fructus

2009 801 2180 857 bonos
2210 801 2388 856 facere
2418 802 2636 874 (Matth.
2678 799 2774 869 vt).
2807 820 2825 852 ι
2856 800 3009 856 Unde
3047 803 3346 856 cavendum
3396 811 3478 858 est
3503 820 3592 859 sa-

2009 893 2236 958 cerdoti,
2262 908 2329 948 ne
2351 892 2647 956 sordidam,
2673 894 3123 946 autmeretricem
3151 893 3313 948 ducat
3338 910 3592 960 uxorem,

2011 989 2107 1044 sed
2161 996 2324 1043 castae
2378 1001 2614 1057 semper,
2693 994 2854 1055 atque
2909 985 3119 1056 pudica:
3165 989 3594 1043 conversationis

2010 1080 2262 1136 exhibeat
2287 1081 2648 1134 honestatem.
2684 1077 2762 1131 Ex
2800 1093 2906 1148 qua
2936 1077 3189 1131 nimirum
3218 1093 3324 1132 non
3353 1079 3591 1147 spurius,

2012 1175 2107 1231 sed
2132 1174 2401 1246 legitimos
2454 1173 2636 1228 valeat
2693 1171 2832 1226 ﬁlios
2867 1171 3107 1242 gignere,
3141 1171 3267 1225 dum
3299 1172 3478 1225 studet
3507 1172 3596 1226 in-

2013 1282 2218 1338 genuos
2261 1267 2528 1321 bonorum
2578 1279 2806 1335 operum
2850 1262 3082 1328 fructus,
3116 1263 3298 1317 divina
3335 1262 3600 1334 largiente

2014 1359 2207 1429 gratia,
2265 1357 2594 1428 germinare.
2627 1355 2858 1411 Necesse
2885 1365 2970 1411 est
3013 1371 3142 1426 ergo
3183 1364 3243 1409 ut
3291 1355 3600 1410 sacerdota-

2017 1449 2120 1504 lem
2148 1449 2405 1504 sacerdos
2464 1448 2626 1503 ducat
2655 1461 2904 1508 uxorem,
2962 1461 3030 1502 ex
3057 1462 3163 1516 qua
3217 1461 3600 1516 responsuram

2013 1545 2241 1606 paterno
2267 1537 2451 1607 generi
2490 1547 2742 1607 procreet
2769 1521 3027 1591 sobolem.
3057 1535 3208 1591 Unde
3238 1547 3292 1590 et
3325 1536 3436 1591 illic
3463 1553 3600 1592 con-

2015 1639 2147 1696 grue
2174 1627 2425 1681 subditur
2458 1643 2472 1680 :
2512 1642 2530 1676 ι
2567 1625 2684 1679 Non
2718 1624 3069 1679 commisceat
3118 1625 3342 1694 stirpem
3382 1612 3602 1694 generis

2017 1717 2099 1770 sui
2124 1716 2283 1786 vulgo
2309 1716 2488 1786 gentis
2528 1732 2639 1770 suae
2667 1714 2854 1785 (Levit.
2888 1717 3026 1785 xxi).
3061 1734 3079 1767 ι
3109 1713 3375 1771 Sacerdos
3399 1717 3600 1772 etenim

2017 1809 2231 1880 generis
2253 1810 2334 1863 sui
2364 1809 2588 1879 stirpem
2635 1808 2792 1878 vulgo
2819 1823 2929 1862 suae
2965 1809 3142 1879 gentis
3192 1811 3448 1874 associat,
3477 1825 3602 1864 cum

2015 1900 2309 1971 vulgariter
2335 1900 2521 1955 vivens
2550 1917 2580 1954 a
2621 1899 2819 1970 populo
2854 1915 2949 1970 per
2991 1900 3237 1955 clarioris
3264 1903 3388 1956 vitae
3432 1901 3600 1956 meri-

2018 2001 2129 2047 tum
2192 2009 2299 2048 non
2350 1992 2628 2049 discordat
2671 2006 2686 2045 :
2724 2007 2845 2047 cum
2905 1992 3136 2063 denique
3173 2008 3272 2063 per
3335 1992 3499 2047 latam
3548 1999 3606 2048 et

2016 2083 2309 2153 spatiosam
2360 2083 2505 2138 viam
2565 2083 2848 2138 mundanae
2897 2083 3327 2139 conversationis
3381 2083 3600 2147 incedit,

2017 2192 2244 2246 seseque
2269 2193 2366 2248 per
2395 2192 2606 2232 morum
2659 2176 3024 2246 spiritualium
3058 2176 3399 2231 honestatem
3428 2191 3460 2230 a
3492 2186 3605 2231 tur-

2017 2267 2104 2324 bis
2151 2267 2465 2340 vulgaribus
2502 2284 2608 2323 non
2652 2268 2905 2322 secernit.
2975 2267 3045 2322 Ut
3110 2275 3289 2323 autem
3350 2270 3607 2324 sacerdos

2019 2361 2235 2431 dignam
2261 2361 2446 2432 generi
2473 2375 2571 2416 suo
2600 2358 2840 2415 sobolem
2889 2369 3159 2430 procreet,
3182 2360 3298 2431 ipse
3324 2376 3537 2432 quoque
3573 2377 3607 2416 a

2018 2460 2234 2524 patrum
2266 2461 2510 2519 suorum,
2561 2459 2875 2507 sanctorum
2902 2451 3153 2506 videlicet
3181 2452 3607 2522 praecedentium

2020 2545 2384 2610 sacerdotum,
2413 2543 2655 2614 vestigiis
2696 2557 2802 2597 non
2853 2542 3070 2597 aberret
3105 2559 3116 2596 :
3145 2558 3232 2610 ne,
3256 2544 3299 2598 si
3323 2544 3390 2598 ab
3416 2557 3605 2598 eorum

2021 2632 2218 2703 insigni
2256 2634 2508 2704 prosapia
2542 2633 2852 2705 ignobiliter
2897 2635 3125 2689 vivendo
3168 2631 3478 2704 degenerat,
3516 2633 3608 2704 jus

2022 2723 2380 2779 sacerdotalis
2406 2723 2585 2791 cilicii,
2613 2739 2720 2796 quo
2747 2723 3231 2797 videlicetindigne
3258 2724 3605 2806 fungebatur,

2025 2816 2266 2872 amittat.

2643 2913 2868 2970 CAPUT
2906 2913 2967 2968 ll.

2197 3004 2351 3072 Quod
2389 3004 2628 3062 nobilitas
2657 3007 2984 3060 sacerdotum
3015 2999 3078 3060 sit
3109 2998 3207 3060 vita
3234 3016 3440 3083 sancta_

2097 3095 2233 3151 Hinc
2259 3105 2363 3162 est,
2406 3097 2548 3166 quod
2603 3097 2654 3150 in
2688 3097 2824 3150 libro
2873 3095 3077 3160 Esdrac,
3115 3112 3236 3151 cum
3270 3094 3606 3165 praemissum

2025 3186 2114 3252 sit,
2145 3187 2208 3240 de
2238 3186 2364 3241 ﬁliis
2395 3186 2738 3242 sacerdotum
2791 3185 2885 3239 ﬁlii
2919 3173 3111 3251 llobia,
3164 3185 3258 3240 ﬁlii
3286 3185 3482 3250 Accos,
3516 3184 3612 3239 lilii

2026 3276 2308 3354 Berzellai,
2332 3278 2422 3348 qui
2454 3278 2663 3349 accepit
2692 3279 2757 3332 de
2784 3276 2996 3333 ﬁliabus
3026 3276 3284 3331 Berzellai
3310 3273 3616 3332 Galaaditis

2028 3383 2277 3432 uxorem,
2301 3376 2357 3423 et
2384 3378 2632 3423 vocatum
2661 3376 2743 3423 est
2766 3383 2962 3422 nomen
2995 3381 3202 3434 eorum,
3238 3366 3483 3438 protinus
3511 3367 3613 3420 ad-

2028 3459 2172 3513 ditur
2203 3476 2215 3512 :
2246 3479 2263 3510 ι
2294 3458 2333 3513 li
2359 3459 2691 3530 quaesierunt
2728 3459 3053 3529 scripturam
3101 3458 3429 3529 genealogite
3481 3472 3616 3522 sum,

2028 3558 2082 3606 et
2144 3565 2250 3604 non
2305 3551 2646 3616 invenerunt,
2711 3559 2766 3604 et
2817 3549 2976 3622 ejecti
3027 3560 3155 3605 sunt
3187 3549 3254 3606 de
3310 3549 3618 3605 sacerdotio

2031 3638 2081 3712 (Ι
2117 3643 2274 3697 Esdr.
2303 3643 2386 3714 ιι).
2427 3663 2445 3696 ι
2481 3643 2648 3698 Plane
2687 3645 2776 3713 qui
2800 3643 3124 3716 genealogis:
3147 3657 3258 3700 suae
3286 3643 3614 3714 scripturam

2032 3743 2138 3788 non
2177 3733 2480 3799 inveniunt,
2505 3734 2571 3788 de
2615 3735 2918 3788 sacerdotio
2952 3735 3316 3805 repelluntur;
3355 3736 3481 3806 quia
3516 3735 3611 3804 qui

2032 3841 2093 3880 se
2121 3841 2215 3896 per
2243 3824 2636 3896 ignobilitatem
2667 3825 2946 3880 szecularis
2972 3826 3098 3880 vita:
3120 3825 3188 3880 ab
3218 3825 3453 3897 ingenuo
3485 3841 3620 3896 prae-

2033 3918 2339 3972 cedentitim
2380 3925 2593 3986 patrum
2648 3926 2934 3972 stemmate
2969 3917 3332 3988 degenerasse
3367 3918 3621 3973 conside.

2035 4019 2176 4075 rant,
2201 4011 2421 4080 dignum
2445 4009 2688 4080 profecto
2716 4020 2800 4064 est
2826 4019 2884 4064 ut
2914 4024 3009 4064 eos
3036 4026 3067 4064 a
3116 4010 3425 4065 sacerdotio
3453 4008 3620 4083 499

2034 4119 2281 4159 censurae
2308 4103 2585 4158 canonicae
2614 4105 2768 4173 vigor
2805 4103 3060 4173 expellat.
3093 4101 3337 4158 Nobilem
3365 4119 3493 4175 ergo
3524 4120 3620 4158 ne-

2035 4209 2187 4249 cesse
2214 4204 2299 4249 est
2323 4210 2444 4249 esse
2468 4190 2725 4248 Ecclesia:
2753 4196 3091 4248 sacerdotem
3111 4236 3124 4259 ,
3159 4203 3219 4248 ut
3260 4195 3352 4265 qui
3378 4196 3628 4250 minister

2037 4298 2116 4340 εει
2153 4285 2387 4350 Domini,
2415 4285 2704 4340 erubescat
2746 4299 2806 4339 se
2853 4299 3071 4339 servum
3103 4300 3225 4340 esse
3275 4285 3509 4353 peccati.
3538 4285 3623 4339 Ad

2037 4391 2200 4446 quam
2233 4375 2570 4431 nobilitatem
2599 4391 2696 4430 nos
2726 4373 2814 4430 ille
2843 4375 3114 4446 provexit,
3147 4377 3212 4430 de
3239 4389 3350 4447 quo
3389 4375 3626 4446 Aposto-

2037 4463 2122 4519 lus
2143 4465 2217 4518 ait
2243 4483 2256 4520 :
2289 4483 2307 4516 ι
2337 4464 2438 4532 Qui
2461 4465 2664 4536 eripuit
2693 4480 2792 4520 nos
2822 4466 2888 4521 de
2933 4472 3203 4536 potestate
3253 4468 3625 4533 tenebrarum,

2036 4565 2093 4616 et
2117 4557 2392 4612 transtulit
2415 4558 2466 4612 in
2499 4572 2723 4629 regnum
2756 4559 2851 4613 lilii
2879 4556 3186 4617 dilectionis
3225 4576 3359 4629 suae,
3387 4553 3630 4618 servitu-

2037 4661 2256 4722 temque
2307 4651 2514 4721 peccati
2565 4650 2710 4707 illius
2758 4667 2787 4706 a
2827 4653 2984 4708 nobis
3007 4669 3170 4710 cruor
3204 4655 3462 4710 abstersit
3507 4654 3631 4724 (Co-

2039 4739 2165 4795 loss.
2205 4742 2276 4814 t);
2317 4761 2335 4794 ι
2365 4743 2431 4797 de
2461 4757 2570 4813 quo
2598 4758 2696 4814 per
2722 4741 2984 4799 Joannem
3002 4744 3241 4800 dicitur:
3275 4765 3293 4796 ι
3316 4745 3416 4813 Qui
3441 4745 3631 4800 dilexit

2040 4847 2159 4898 nos,
2190 4842 2246 4887 et
2279 4833 2410 4888 lavit
2431 4849 2530 4890 nos
2569 4850 2598 4888 a
2626 4836 2864 4906 peccatis
2895 4835 3096 4891 nostris
3131 4837 3183 4890 in
3214 4837 3477 4906 sanguine
3531 4853 3632 4892 suo

2043 4923 2227 4994 (Apoc.
2261 4922 2324 4995 ι).
2357 4943 2375 4976 ι
2413 4925 2567 4980 Hanc
2596 4935 2777 4980 autem
2828 4923 3174 4992 munditiam,
3205 4935 3264 4981 ut
3292 4927 3546 4982 sacerdos
3577 4929 3632 4982 in

2046 5032 2104 5072 se
2128 5017 2443 5088 valeatpra:
2495 5020 2709 5074 caeteris
2761 5016 3061 5089 possidere,
3095 5020 3287 5088 stigma
3352 5021 3634 5090 sanguinis

2047 5107 2250 5162 Christi
2318 5109 2534 5163 studeat
2576 5109 2629 5163 in
2688 5125 2746 5162 se
2795 5109 3072 5177 signanter
3125 5111 3458 5179 exprimere;
3494 5111 3637 5166 sicut

2049 5199 2178 5253 dicit
2210 5201 2539 5268 Apostolus:
2581 5220 2597 5251 ι
2631 5201 2739 5270 Ego
2764 5202 3014 5270 stigmata
3037 5201 3160 5256 Jesu
3193 5217 3406 5272 semper
3437 5203 3489 5256 in
3514 5219 3634 5257 cor-

2050 5307 2182 5362 pore
2219 5309 2338 5347 meo
2375 5303 2532 5361 porto
2586 5293 2731 5364 (Gul.
2766 5299 2862 5362 vt).
2906 5313 2922 5344 ι
2981 5293 3134 5348 Unde
3156 5305 3210 5349 et
3250 5297 3302 5349 in
3336 5295 3452 5366 lege
3496 5312 3634 5364 prce-

2052 5397 2268 5454 ceptum
2301 5395 2404 5450 est,
2427 5394 2483 5438 ut
2507 5385 2770 5456 sanguine
2800 5385 2986 5439 arietis
3013 5387 3295 5447 immolati,
3324 5396 3636 5456 t:mgcretur

2049 5487 2349 5532 extremum
2385 5477 2637 5530 auriculis
2682 5477 2917 5531 dexterae
2949 5478 3145 5531 sumini
3196 5478 3514 5540 sacerdotis,
3555 5476 3632 5530 si-

2051 5569 2252 5622 militer
2281 5577 2335 5623 et
2365 5584 2558 5622 manus
2614 5568 2868 5634 dexterae,
2928 5579 2981 5623 et
3023 5569 3173 5637 pedis
3206 5567 3390 5636 (Lerit.
3425 5569 3505 5634 tt).
3566 5564 3635 5621 Ut

2051 5662 2178 5716 hinc
2202 5663 2386 5732 itaque
2415 5676 2472 5716 se
2501 5677 2682 5716 sermo
2715 5661 2859 5715 celer
2881 5661 3153 5730 expediat,
3183 5661 3236 5713 in
3275 5658 3512 5714 auricula
3544 5674 3631 5711 sa—

2053 5755 2245 5810 cerdos
2275 5754 2463 5810 arietis
2490 5754 2753 5812 immolati
2777 5757 3090 5824 sanguinem
3125 5763 3319 5823 portat,
3362 5768 3482 5807 cum
3507 5766 3634 5805 eum
