4132 6324
520 302 525 307 ’
553 346 660 409 495

983 351 1040 408 8.
1079 351 1282 409 PETRI
1321 351 1609 409 DAMIANI
1647 353 1796 412 OPP.
1847 354 2085 413 TOMUS
2121 351 2253 410 SEU
2302 351 2485 408 PARS
2520 353 2607 409 ill.
2638 382 2710 395 —-—
2746 351 3110 411 OPUSCULA
3155 353 3393 412 VARIA.

3707 353 3816 416 696

550 458 825 540 passionis
864 465 1066 523 Christi
1119 466 1435 540 mysterium
1470 467 1744 527 inhianter
1798 468 1987 524 audire
2034 468 2127 523 de-
2154 472 2205 530 Α
2232 467 2408 523 crucis
2437 452 2640 524 cornua
2696 467 2984 539 quadrifidi
3015 469 3163 526 orbis
3191 479 3375 541 partes
3407 470 3812 542 amplectentia.

549 552 734 617 lectat.
766 554 1016 614 Dextera:
1041 572 1254 627 quoque
1294 556 1413 628 ejus
1458 556 1599 612 idem
1624 558 1847 629 sanguis
1880 557 2125 620 illinitur,
2151 608 2182 629 ι

546 662 672 703 cum
701 646 775 714 id,
802 647 946 718 quod
973 647 1247 703 studiosus
1283 647 1500 701 auditor
1539 646 1810 719 intelligit,
1841 645 2133 702 eﬂicaciter

516 728 807 821 (operatur
835 758 847 797 :
876 740 1065 796 dexter
1093 740 1257 796 etiam
1282 755 1379 811 pes
1403 740 1593 796 eodem
1634 756 1829 796 cruore
1866 739 2130 812 signatur,

548 847 671 888 cum
696 834 813 888 vita
863 832 1163 889 sacerdotis
1217 833 1478 889 adversus
1534 842 1868 890 tentamenta
1930 834 2131 892 diaboli

543 924 817 994 passionis
867 923 1072 980 Christi
1119 923 1500 980 recordatione
1551 926 1819 991 munitur;
1871 933 1933 980 ut
1989 927 2135 982 sicut

545 1008 872 1088 potestatem
900 1019 1130 1088 accepit,
1161 1033 1324 1090 super
1376 1028 1674 1089 serpentes,
1711 1028 1767 1074 et
1815 1018 2133 1089 scorpiones

546 1106 814 1168 incedat:
849 1128 1061 1171 morsus
1101 1121 1281 1167 tamen
1314 1127 1524 1180 eorum,
1560 1121 1616 1167 et
1662 1112 1882 1166 invalidi
1927 1111 2133 1167 furoris

545 1219 759 1260 venena
780 1220 889 1261 non
919 1194 1150 1270 metuat;
1183 1204 1298 1261 sive
1329 1213 1502 1271 certe,
1529 1205 1655 1275 quia
1702 1221 1798 1276 pes
1824 1213 1907 1260 est
1935 1221 2129 1276 corpo—

551 1297 625 1351 ris
652 1296 940 1364 terminus,
999 1296 1128 1367 quid
1178 1310 1277 1367 per
1314 1296 1439 1362 hoc,
1474 1297 1577 1352 nisi
1627 1296 1752 1352 boni
1781 1297 1963 1366 operis
1990 1296 2133 1351 desi-

548 1396 745 1460 gnatur
776 1387 1113 1444 extremum?
1143 1386 1432 1451 Nimirum,
1459 1397 1519 1441 ut
1546 1401 1708 1441 omne
1734 1386 1957 1451 bonum,
1986 1386 2132 1456 quod

542 1475 861 1546 incipimus,
912 1483 1333 1547 perseveranter
1379 1475 1543 1531 etiam
1592 1491 1767 1547 usque
1815 1476 1881 1531 ad
1919 1475 2129 1531 felicem

546 1567 838 1622 terminum
882 1568 1267 1637 perducamus.
1313 1565 1453 1622 Hinc
1499 1574 1602 1631 est,
1636 1566 1780 1636 quod
1834 1564 2131 1622 Israelitico

536 1657 748 1729 populo
787 1657 966 1713 divina
994 1673 1093 1714 vox
1125 1658 1201 1714 ait
1232 1676 1245 1711 :
1277 1677 1297 1711 ι
1334 1657 1390 1713 Si
1416 1658 1672 1723 audieris,
1715 1657 1907 1728 inquit,
1945 1673 2128 1714 vocem

540 1750 763 1805 Domini
798 1750 893 1807 Dei
912 1751 1023 1816 tui,
1054 1761 1112 1807 ut
1140 1750 1314 1806 facias
1364 1760 1530 1821 atque
1572 1751 1846 1805 custodias
1877 1751 2127 1815 mandata

2235 558 2387 613 Hanc
2416 560 2671 614 sacerdos
2700 561 2949 627 portabat
2971 560 3023 615 in
3047 559 3273 632 gloriam
3296 569 3351 617 et
3374 554 3655 629 decorem;
3679 579 3819 634 quo-

2230 648 2378 703 niam
2404 656 2460 703 et
2503 647 2791 717 Apostolus
2814 648 2945 703 dicit
2974 668 2985 701 :
3021 669 3039 701 ι
3069 649 3198 705 Mihi
3223 660 3403 707 autem
3429 652 3573 708 absit
3596 653 3817 725 gloriari

2233 740 2336 795 nisi
2371 741 2424 796 in
2455 757 2615 797 cruce
2645 742 2852 796 Domini
2888 743 3056 798 nostri
3086 742 3214 799 Jesu
3244 744 3444 801 Christi
3478 743 3621 817 (Gal.
3655 749 3756 820 vr).
3790 767 3814 802 ι

2234 833 2419 889 Portet
2447 850 2573 905 ergo
2597 835 2853 889 laminam
2883 851 3100 891 auream
3142 837 3397 893 sacerdos
3436 838 3490 893 in
3521 842 3723 910 capite,
3753 848 3819 894 ut

2233 941 2447 981 crucem
2508 926 2706 981 Christi
2761 927 2965 998 jugiter
3009 941 3188 985 verset
3219 930 3273 985 in
3312 941 3516 986 mente.
3554 930 3819 988 Sanctum

2233 1033 2450 1088 quoque
2483 1015 2695 1072 Domini
2732 1016 2886 1072 freno
2927 1018 3050 1088 equi
3093 1021 3177 1074 sui
3220 1033 3620 1091 consequenter
3662 1022 3813 1077 adhi-

2233 1109 2380 1173 beat,
2415 1119 2473 1164 ut
2496 1124 2719 1165 carnem
2769 1124 2925 1164 suam
2951 1125 3074 1165 cum
3103 1110 3251 1167 vitiis
3284 1122 3340 1169 et
3367 1113 3824 1183 concupiscentiis

2233 1200 2538 1272 crucifigat.
2567 1199 2719 1255 Tunc
2760 1201 2904 1255 enim
2932 1203 3187 1258 sacerdos
3215 1212 3269 1259 et
3309 1202 3564 1258 laminam
3595 1220 3820 1260 auream

2234 1290 2420 1361 capiti,
2448 1300 2504 1345 et
2545 1300 2791 1345 sanctum
2837 1289 3049 1345 Domini
3079 1290 3236 1347 freno
3271 1292 3490 1348 adhibet
3514 1293 3669 1362 equi;
3694 1309 3819 1349 curn

2212 1380 2303 1457 ,τιό
2333 1397 2551 1437 crucem
2576 1380 2778 1437 Christi
2818 1382 3017 1438 mentis
3042 1383 3297 1439 intuitum
3321 1384 3524 1451 dirigit,
3548 1393 3818 1457 ctcorpus

2233 1490 2389 1531 suum
2418 1473 2822 1531 vclutferocem
2846 1489 3067 1545 equum,
3109 1476 3180 1532 ab
3226 1476 3374 1532 omni
3423 1475 3821 1531 lascivientium

2232 1566 2489 1622 vitiorum
2524 1567 2779 1622 libertate
2809 1569 3125 1638 compescit.
3174 1567 3405 1639 Propter
3432 1568 3538 1624 hoc
3566 1584 3701 1624 sane
3725 1585 3824 1640 ge-

2232 1658 2647 1714 miuumcrucis
2686 1659 2968 1729 portandas
3014 1659 3335 1730 mysterium
3388 1660 3655 1731 scriptum
3712 1673 3824 1724 est,

2233 1747 2495 1818 quoniam
2526 1756 2582 1803 et
2624 1746 2770 1804 Elias
2796 1747 2904 1819 (IV
2929 1746 3058 1820 Reg.
3087 1748 3175 1820 ιι),
3214 1759 3270 1805 et
3297 1748 3534 1806 Joannes
3582 1750 3823 1821 Baptista

531 1841 681 1911 ~ejus,
737 1841 899 1897 faciet
929 1851 981 1897 te
1007 1841 1267 1899 Dominus
1293 1844 1433 1897 Deus
1462 1851 1583 1897 tuus
1610 1840 1965 1897 excelsiorem
1994 1857 2128 1897 cun»
2162 1826 2204 1884 Β
2235 1859 2400 1898 zonas
2428 1842 2684 1913 pelliceas
2712 1843 2987 1898 habebant
3016 1843 3163 1899 circa
3198 1843 3413 1900 lumbos
3443 1859 3571 1900 suos
3597 1842 3818 1916 (Matth.

535 1932 651 1988 ctis
672 1934 924 2003 gentibus
952 1932 1131 2005 (Deut.
1168 1932 1281 2005 xx).
1318 1952 1337 1985 ι
1372 1932 1428 1987 1η
1474 1934 1671 2003 quibus
1724 1934 1911 2004 utique
1950 1933 2132 1987 verbis

539 2030 798 2092 patenter
824 2022 1170 2095 exprimitur,
1210 2022 1354 2094 quod
1408 2022 1669 2094 figuratur
1713 2023 1766 2077 in
1825 2023 2128 2078 membris:

448 2102 457 2109 ”
541 2133 570 2167 ς
603 2113 661 2169 Si
691 2114 950 2180 audieris,
999 2114 1194 2186 inquit,
1226 2129 1413 2170 vocem
1442 2115 1653 2169 Domini
1684 2113 1778 2169 Dei
1814 2115 1915 2180 tui,
1948 2135 1966 2165 ι
2002 2129 2132 2171 ecce

542 2207 769 2277 sanguis
797 2206 986 2263 arietis
1029 2205 1292 2263 immolati
1323 2206 1482 2261 rubet
1528 2206 1580 2280 in
1621 2220 1753 2261 aure
1801 2206 2129 2263 sacerdotis.

546 2294 699 2366 Quod
727 2312 854 2353 vero
878 2297 1143 2369 sequitur,
1170 2316 1193 2349 ι
1228 2306 1288 2352 ιιι
1334 2297 1524 2363 facias,
1566 2316 1585 2350 ι
1623 2313 1749 2355 ecce
1777 2314 1971 2354 manus
1996 2313 2128 2370 ope-

546 2389 744 2444 rantis.
768 2388 926 2456 Quod
963 2398 1147 2445 autem
1201 2398 1478 2461 postremo
1505 2391 1870 2462 subjungitur,
1913 2409 1934 2445 ι
1962 2398 2131 2463 atque

2234 1934 2351 2005 ιιι).
2383 1934 2456 1989 De
2481 1932 2765 1988 Salvatore
2792 1948 2918 1988 vero
2945 1941 3136 1989 nostro
3156 1931 3395 1990 Joannes
3419 1935 3473 1988 in
3497 1932 3822 2005 Apocalypsi

2232 2022 2362 2078 dicit
2409 2041 2422 2077 :
2469 2041 2488 2073 ι
2542 2021 2811 2090 Quoniam
2862 2022 3100 2078 habebat
3149 2039 3343 2080 zonam
3389 2039 3610 2078 auream
3669 2024 3819 2079 circa

2231 2113 2503 2169 mamillas
2527 2130 2652 2170 suas
2682 2114 2870 2185 (Apoc.
2906 2114 2967 2186 ι).
3010 2134 3030 2168 ι
3054 2115 3500 2182 Constatautem,
3525 2115 3649 2186 quia
3672 2116 3817 2172 inter

2231 2214 2525 2275 utramque
2555 2203 2848 2259 mamillatn
2875 2220 2970 2260 eor
2995 2204 3231 2260 hominis
3260 2207 3630 2261 constituitur.
3663 2204 3819 2261 Unde

2231 2310 2432 2365 sponsa
2457 2293 2588 2349 dicit
2628 2294 2682 2348 in
2706 2293 2950 2350 Canticis
2982 2312 2996 2348 :
3035 2294 3303 2351 «Dilectus
3330 2295 3639 2350 meusinter
3655 2296 3824 2350 ubera

2231 2400 2353 2440 mea
2393 2385 2822 2440 commorabitur
2847 2382 3026 2457 (Cant.
3059 2383 3131 2457 r);
3155 2405 3173 2439 ι
3200 2385 3304 2441 hoc
3324 2394 3408 2441 est
3433 2386 3487 2440 in
3508 2386 3674 2440 corde
3697 2400 3820 2440 meo

543 2482 822 2538 custodias
875 2483 1129 2538 mandata
1179 2484 1317 2554 ejus,
1350 2503 1367 2536 ι
1399 2500 1527 2541 ecce
1568 2485 1974 2554 perseverantia
2000 2484 2128 2542 boni

2236 2475 2429 2548 iugiter
2445 2477 2769 2548 requiescet.
2797 2475 2935 2544 Quid
2958 2485 3043 2533 est
3064 2493 3193 2549 ergo
3227 2477 3467 2549 pelliceis
3497 2479 3673 2544 zonis,
3705 2493 3829 2548 quae

545 2574 749 2646 aperis.
806 2573 952 2631 Nihil
1004 2575 1149 2631 enim
1184 2575 1405 2647 prodest
1456 2577 1710 2647 cuiquam
1746 2578 1946 2633 bonum
1992 2591 2129 2647 opus
2227 2567 2478 2623 videlicet
2511 2583 2580 2623 ex
2623 2568 2851 2624 mortuis
2874 2567 3202 2625 animalibus
3226 2568 3827 2635 fiunt,lumbos,ubili-

546 2663 806 2736 incipere,
865 2665 970 2722 nisi
1018 2665 1233 2723 studeat
1281 2666 1445 2722 etiam
1476 2683 1668 2739 usque,
1707 2668 1831 2724 dum
1859 2666 2126 2739 perficiat,

547 2754 847 2811 custodire.

620 2846 685 2901 Et
711 2846 1028 2915 notandum,
1053 2847 1198 2918 quod
1233 2848 1453 2904 dextera
1485 2856 1694 2904 tantum
1723 2847 1989 2915 auricula,
2018 2865 2131 2905 ma-

542 2953 651 2994 nus
673 2949 728 2994 et
744 2954 841 3011 pes
865 2939 1166 2995 sacerdotis
1194 2938 1286 2995 illo
1310 2940 1574 3012 sanguine
1606 2940 1751 2996 liniri
1789 2941 2126 3011 praecipitur;

537 3044 655 3099 quo
681 3028 935 3085 videlicet
963 3029 1042 3085 sic
1071 3043 1288 3100 semper
1316 3030 1554 3086 dextera:
1589 3030 2014 3086 conversationis
2064 3044 2130 3085 ac
2174 3098 2179 3101 κ

548 3121 670 3176 fidei
693 3119 1074 3178 rectitudinem
1102 3120 1157 3175 in
1179 3122 1433 3178 omnibus
1457 3129 1657 3187 teneat,
1686 3131 1747 3177 ut
1766 3120 2128 3177 exorbitanti-

2228 2659 2354 2715 Lilo
2379 2658 2717 2730 permaxime
2738 2657 2905 2730 viget,
2934 2659 3254 2730 accingere;
3284 2658 3390 2714 nisi
3412 2672 3603 2714 omnes
3632 2673 3827 2714 carna-

2230 2750 2360 2805 lium
2396 2751 2709 2821 passionum
2741 2750 2960 2806 illicitos
2989 2760 3169 2807 motus
3197 2766 3263 2807 ac
3302 2749 3519 2807 fomites
3542 2765 3641 2822 per
3687 2746 3827 2803 allii-

2237 2830 2482 2896 ctionem
2541 2840 2788 2911 corporis
2815 2841 3055 2910 undique
3087 2840 3372 2897 refrenare
3400 2841 3423 2894 ?
3472 2839 3542 2896 Et
3589 2840 3716 2911 quid
3747 2842 3843 2894 est'

2240 2931 2390 2986 circa
2407 2929 2676 2986 mamillas
2687 2944 2904 2985 auream
2919 2930 3120 2987 habere
3130 2947 3323 2987 zonam
3339 2949 3353 3000 ;
3378 2930 3481 2986 nisi
3503 2931 3829 2986 etadversus

2232 3025 2597 3099 ingruentium
2641 3025 3030 3098 cogitationum
3077 3025 3382 3095 importuna
3414 3026 3828 3097 phantasmata,

2236 3116 2466 3172 sollicita
2483 3130 2698 3186 semper
2719 3115 2999 3187 invigilare
3018 3116 3298 3173 custodia?
3318 3115 3394 3172 Lu
3403 3117 3553 3172 mbos
3564 3131 3694 3186 ergo
3708 3117 3821 3187 pel~

532 3211 650 3267 :hus
701 3228 729 3266 ει
786 3213 874 3267 via
931 3200 1197 3285 vestigiis,
1233 3213 1515 3269 anfractus
1545 3214 1781 3270 sinistra;
1808 3215 1995 3269 devius
2024 3228 2133 3269 non
2159 3195 2205 3260 Ε
2236 3208 2374 3265 licea
2401 3224 2532 3264 zona
2550 3207 3083 3279 praacingimus,cum
3106 3208 3573 3265 earnislasciviam
3592 3224 3689 3279 per
3706 3210 3824 3265 ine-

532 3304 815 3361 :incnrrat.
860 3304 988 3361 Sive
1019 3318 1168 3363 certe
1199 3308 1278 3363 sic
1306 3323 1522 3377 semper
1545 3308 1841 3365 Dominicm
1868 3309 2136 3380 passionis

549 3406 950 3452 sacramentum
975 3413 1074 3467 pro
1100 3399 1291 3454 dextro
1317 3409 1517 3466 teneat,
1543 3410 1603 3454 ut
1631 3410 1885 3471 tanquam
1908 3401 2135 3457 sinistra

535 3505 774 3561 prorsus
822 3505 888 3545 ac
916 3489 1041 3545 vilia
1072 3500 1269 3547 cuncta
1316 3493 1502 3548 mundi
1557 3491 1718 3562 hujus
1762 3493 2133 3550 blandimenta

533 3587 885 3657 (contemnat.
912 3578 1203 3638 Enimvero
1230 3581 1357 3653 quia
1403 3583 1658 3639 sacerdos
1678 3584 1808 3651 dux,
1842 3594 1899 3640 et
1927 3586 2134 3641 antesi-

498 3684 501 3687 ·
548 3684 760 3741 gnauus
778 3678 858 3726 est
884 3671 1158 3728 exercitus
1170 3672 1408 3741 Domini,
1425 3674 1509 3729 his
1532 3674 1808 3730 titulorum
1837 3664 2135 3746 insignibus

531 3763 770 3836 jubetur
813 3764 1114 3819 adornatus
1160 3764 1443 3832 incedere,
1509 3781 1734 3837 seseque
1783 3767 2135 3836 sequentibus

549 3857 936 3912 ecclesiastica:
994 3855 1202 3913 militiae
1251 3859 1441 3914 cuneis
1506 3859 1788 3929 sanguinis
1849 3868 1904 3915 et
1956 3860 2135 3915 crucis

551 3945 753 4021 Christi
790 3949 985 4004 debeat
1019 3948 1215 4004 vexilla
1258 3948 1534 4018 prmi‘erre.
1580 3947 1694 4004 Hoc
1740 3950 2007 4021 ﬁgurabat
2033 3949 2136 4004 Za-

541 4040 769 4096 charias
797 4044 1062 4112 pr0phcta
1082 4058 1205 4099 cum
1233 4040 1474 4100 diceret:
1504 4062 1521 4094 ι
1548 4043 1605 4098 In
1629 4043 1716 4099 die
1740 4044 1826 4098 illa
1852 4045 1974 4108 erit,
1991 4045 2135 4115 quod

550 4148 714 4204 super
736 4132 949 4189 frenum
965 4135 1089 4205 equi
1105 4143 1205 4197 est,
1226 4145 1476 4190 sanctum
1505 4135 1731 4191 Domino
1749 4134 1933 4208 (Zacli.
1962 4136 2128 4208 xxv)»

542 4220 719 4277 Porro
751 4233 932 4279 autem
962 4231 1091 4281 ante
1139 4224 1441 4282 Salvatoris
1468 4228 1757 4282 adventum
1788 4226 1917 4298 quid
1963 4243 2136 4298 genus

543 4313 868 4383 humanum,
932 4316 1039 4372 nisi
1086 4316 1234 4373 velut
1288 4315 1517 4374 infrenis
1585 4334 1757 4389 equus
1803 4328 1944 4384 erat,
1991 4320 2134 4390 quod

545 4405 749 4477 ubique
773 4422 872 4476 per
902 4406 1235 4478 voluptatum
1250 4424 1471 4464 suarum
1496 4425 1718 4479 campos
1733 4408 1954 4466 libertas
1975 4406 2137 4480 500

534 4495 812 4553 'iufrunita
842 4498 1121 4567 raptabat?
1148 4498 1257 4556 Sed
1285 4500 1367 4555 ori
1405 4499 1522 4568 ejus
1561 4499 1774 4555 frenum
1805 4499 2136 4569 Redemptor

2239 3300 2341 3356 dia:
2390 3298 2780 3354 continentiam
2837 3314 3172 3355 coercemus.
3201 3301 3437 3356 Auream
3479 3315 3607 3356 vero
3635 3315 3830 3355 zonam

2238 3390 2389 3447 circa
2415 3390 2684 3445 mamillas
2709 3391 2992 3456 habemus,
3018 3407 3141 3447 cum
3174 3394 3432 3448 adversus
3457 3392 3827 3449 infestantium

2238 3482 2623 3552 cogitationum
2648 3481 2883 3551 impetus
2909 3483 3265 3546 infmderabili
3289 3484 3586 3539 certamine
3605 3484 3832 3539 dimica-

2237 3588 2383 3630 mus.
2436 3572 2588 3629 Tunc
2641 3574 2823 3643 itaque
2861 3575 2955 3631 fiet
3007 3577 3151 3646 quod
3210 3576 3322 3632 illic
3351 3577 3642 3648 sequitur;
3697 3592 3822 3633 mox

2235 3666 2379 3721 enim
2409 3674 2468 3719 ut
2503 3674 2749 3719 sanctum
2774 3665 2988 3720 Domini
3014 3682 3179 3738 super
3198 3667 3410 3723 frenum
3437 3670 3560 3738 equi
3587 3669 3830 3724 futurum

2237 3757 2500 3827 pmpheta
2520 3757 2796 3826 prarmisit,
2822 3764 3017 3827 praesto
3043 3756 3349 3828 subjunxit:
3370 3778 3387 3811 ι
3412 3759 3478 3814 Et
3498 3769 3659 3815 erunt
3686 3759 3831 3816 lebe-

2237 3855 2319 3901 tes
2345 3847 2398 3900 in
2427 3848 2586 3902 domo
2616 3847 2853 3913 Domini,
2909 3851 3061 3919 quasi
3095 3850 3289 3920 phialae
3342 3865 3528 3906 coram
3556 3849 3737 3915 altari,
3772 3857 3831 3905 et

2236 3943 2336 3995 erit
2361 3941 2538 3996 omnis
2564 3940 2712 3996 lebes
2741 3942 2792 3996 in
2823 3941 3182 4009 Hierusalem,
3205 3951 3259 3997 et
3288 3942 3341 3999 in
3361 3943 3498 3999 Juda
3526 3942 3831 3998 sanctifica-

2236 4038 2324 4085 tus
2356 4029 2582 4085 Domino
2618 4032 2956 4086 exercituum
2982 4030 3171 4104 (Zurlr.
3205 4031 3338 4104 xrv).
3371 4051 3391 4083 ι
3426 4031 3655 4087 Lebetes
3669 4031 3831 4103 plane

2237 4120 2291 4175 in
2320 4121 2531 4193 phialas
2562 4121 2699 4176 verti
2727 4138 2742 4187 ;
2786 4132 2841 4178 et
2870 4138 3061 4177 zonam
3088 4139 3309 4179 auream
3355 4122 3502 4179 circa
3524 4116 3532 4125 ’
3555 4122 3829 4177 mamillas

2236 4210 2424 4266 haberi
2462 4212 2810 4281 prmcipiebat
2850 4211 3110 4267 Dominus
3141 4213 3193 4267 in
3226 4211 3542 4283 Evangelio,
3573 4227 3700 4266 cum
3743 4210 3827 4265 di-

2245 4304 2446 4359 cebat:
2480 4322 2498 4355 ι
2531 4301 2732 4358 Cavete
2771 4318 2838 4357 ne
2878 4313 3174 4373 graventur
3220 4302 3382 4358 corda
3407 4311 3586 4358 vestra
3632 4302 3685 4357 in
3712 4316 3829 4373 (cra-

2238 4395 2362 4467 pula
2389 4404 2445 4451 et
2469 4395 2986 4461 ebrietate,etcuris
3007 4395 3164 4467 hujus
3183 4395 3367 4452 saeculi
3382 4394 3535 4468 (Luc.
3558 4396 3707 4464 xxi):
3733 4414 3752 4448 ι
3771 4394 3828 4453 in

2237 4487 2454 4559 crapula
2475 4487 2704 4554 scilicet,
2722 4498 2777 4542 et
2790 4488 3054 4543 ebrietate
3075 4489 3305 4553 lebetes;
3325 4489 3379 4544 in
3397 4489 3542 4545 curis
3557 4489 3715 4557 hujus
3729 4503 3829 4544 ste~

550 4595 737 4641 noster
770 4585 1031 4650 adhibuit,
1066 4602 1187 4642 cum
1219 4598 1467 4643 sanctum
1514 4589 1885 4659 Evangelium,
1918 4606 2024 4660 quo
2055 4588 2133 4644 vi-
2157 4579 2212 4640 D
2238 4579 2342 4634 euli
2364 4578 2524 4650 50]
2556 4588 2745 4634 zonam
2772 4580 3070 4635 habendam
3094 4582 3239 4636 circa
3270 4581 3536 4636 mamillas
3565 4580 3824 4651 intellige.

545 4677 750 4735 delicet
775 4679 960 4735 omnia
1012 4680 1310 4750 pctulantis
1344 4681 1580 4737 lascivia:
1611 4682 1741 4737 vitia
1778 4698 2136 4753 compescun-

548 4784 661 4841 tur,
684 4773 903 4845 objecit.
931 4774 1105 4848 Super
1127 4776 1229 4832 hoc
1255 4784 1433 4831 autem
1475 4776 1688 4831 frenum
1733 4786 1979 4832 sanctum
2034 4777 2136 4835 Do-

548 4865 706 4935 mini,
731 4865 835 4923 hoc
855 4877 961 4931 est,
985 4882 1115 4922 crux
1132 4865 1377 4938 ponitur,
1405 4866 1531 4936 quia
1548 4874 1750 4922 'cuneta
1765 4867 1940 4924 sancti
1963 4866 2138 4923 Evan-

547 4958 675 5030 gelii
733 4968 1006 5032 pracepta
1055 4973 1277 5015 erucem
1334 4958 1544 5030 spirant
1599 4966 1675 5025 et,
1729 4966 1791 5014 ut
1820 4974 1954 5014 crux
2015 4968 2137 5030 post

549 5050 825 5109 Christum
856 5060 1135 5124 portetur,
1180 5051 1430 5107 invitant.

1174 5161 1403 5219 CAPUT
1439 5160 1526 5216 lll.

624 5254 781 5320 Quod
805 5255 1066 5309 sacerdoti
1094 5250 1172 5309 vel
1200 5254 1429 5392 7min";
1460 5252 1696 5306 criminis
1716 5251 1946 5322 suspicio
1997 5251 2067 5304 sit

1240 5341 1392 5392 ugren
1432 5342 1485 5377 α.

1240 5341 1485 5394 ugrenaa.

618 5413 680 5471 Id
700 5415 877 5486 ipsum
899 5414 1145 5486 signabat
1165 5424 1219 5470 et
1249 5414 1447 5469 lamina
1470 5414 1559 5469 illa
1581 5428 1768 5478 aurea,
1798 5429 1958 5483 quam
1982 5428 2133 5469 sum-

550 5520 677 5564 mus
704 5506 962 5564 sacerdos
1008 5506 1061 5589 in
1090 5505 1316 5579 gloriam
1348 5514 1404 5560 et
1432 5507 1684 5561 decorem
1710 5506 1935 5577 gerebat
1953 5505 2007 5559 in
2042 5521 2136 5561 ca-

551 5602 687 5674 pite,
727 5602 814 5658 cui
843 5599 1094 5656 videlicet
1142 5614 1338 5655 nomen
1386 5600 1601 5655 Domini
1651 5608 2136 5670 tetragrammatou

554 5702 676 5750 erat
700 5692 1022 5764 inscriptum
1047 5687 1247 5764 (Exod.
1284 5692 1501 5762 xxvtu).
1536 5690 1691 5747 Sicut
1716 5693 1860 5748 enim
1906 5701 2139 5762 quatuor

556 5787 667 5843 illic
700 5796 855 5843 erant
903 5784 1130 5855 litterae,
1189 5784 1264 5840 ita
1320 5783 1675 5839 nihilominus
1722 5791 1953 5853 quatuor
2011 5791 2140 5839 sunt

2241 4671 2472 4727 Lebetes
2506 4671 2664 4742 plane
2708 4671 2923 4727 illorum
2954 4684 3114 4728 erant
3164 4683 3409 4745 pectora,
3439 4674 3531 4744 qui
3581 4675 3824 4743 suspira-

2244 4763 2373 4818 bant
2403 4763 2581 4834 pisces
2616 4760 2837 4834 Egypti
2857 4804 2870 4825 ,
2910 4765 2999 4833 qui
3024 4774 3349 4821 nauseantes
3381 4780 3603 4829 manna,
3623 4765 3829 4820 esurie-

2243 4852 2375 4909 baut
2410 4869 2665 4925 pepones,
2699 4854 3195 4926 inhiabanticrepas
3224 4867 3278 4910 et
3306 4856 3451 4910 allia.
3498 4856 3579 4909 An
3605 4855 3831 4926 ~lebetes

2241 4960 2348 4999 non
2361 4954 2540 5010 erant,
2569 4945 2658 5015 qui
2675 4945 2900 5000 ferventi
2919 4960 2948 5001 ιι
2966 4945 3293 5012 clamabant,
3310 4947 3435 5017 quia
3465 4964 3485 4996 ι
3507 4943 3828 5001 sedehatnus

2241 5054 2405 5111 super
2424 5038 2560 5096 ollas
2580 5040 2860 5094 carnium?
2888 5059 2907 5092 ι
2936 5039 3128 5112 (Num.
3152 5041 3254 5104 xi.)
3295 5039 3387 5094 Illa
3418 5040 3617 5111 quippe
3659 5038 3828 5093 corda

2222 5122 2446 5190 ilebetes
2473 5141 2621 5197 sunt,
2654 5133 2707 5187 in
2734 5133 2930 5202 quibus
2963 5133 3204 5189 edacitas
3236 5143 3448 5204 regnat,
3480 5143 3533 5188 et
3556 5146 3654 5202 per
3679 5130 3825 5200 cupi-

2250 5226 2436 5281 ditatis
2464 5235 2654 5281 aestum
2692 5234 3071 5297 excoquuntur
3113 5226 3289 5280 edulia
3332 5235 3388 5281 et
3423 5225 3579 5295 copia
3613 5225 3828 5280 diversa

2247 5320 2515 5377 ciborum.
2548 5319 2654 5375 Sed
2684 5320 2742 5375 hi
2784 5319 2986 5376 lebetes
3012 5329 3405 5374 convertuntur
3437 5319 3489 5373 in
3518 5317 3747 5389 phialas,
3778 5327 3833 5373 et

2248 5420 2374 5465 sunt
2418 5427 2600 5467 coram
2658 5410 2841 5476 altari,
2900 5428 2965 5467 ac
3008 5410 3335 5466 sanetilicati
3396 5410 3648 5474 Domino,
3706 5422 3832 5463 cum

2245 5500 2504 5559 Sanctum
2542 5503 2753 5558 Domini
2787 5503 2943 5572 equis
2963 5501 3120 5558 freno
3150 5503 3552 5574 superponitur,
3583 5516 3708 5556 cum
3736 5498 3829 5556 de-

2242 5597 2406 5668 nique
2449 5612 2584 5653 zona
2627 5612 2792 5651 aurea
2831 5596 3085 5650 mamillis
3122 5597 3476 5651 interioribus
3515 5594 3827 5649 adhibetur.

2249 5689 2401 5745 Tunc
2437 5689 2692 5743 nimirum
2740 5686 2943 5741 lebetes
2990 5693 3045 5740 et
3069 5685 3189 5741 ollae
3217 5686 3461 5741 carnium
3501 5692 3831 5740 convertun-

2245 5781 2416 5857 turhin
2439 5778 2652 5851 phialas
2678 5793 2890 5845 aureas,
2920 5777 3168 5834 videlicet
3208 5777 3395 5849 plenas
3442 5776 3830 5832 odoramento—
