4132 6324
336 329 440 385 497

872 324 1116 382 OPL’SC.
1152 325 1344 383 XXVI.
1386 357 1455 369 —-
1492 323 1770 384 CONTRA
1809 325 2156 381 INSCITIAM
2195 325 2283 382 ΕΤ
2335 320 2670 380 INCURIAM
2725 319 2990 378 CLERIC.

3491 319 3595 373 £98

341 459 483 508 rum,
517 454 635 510 quae
674 447 799 492 sunt
826 440 1104 494 orationes
1135 449 1450 494 sanctorum
1497 439 1680 509 (Apoc.
1727 435 1805 506 v).
1850 437 1915 492 Et
1942 448 1988 506 Α
2017 455 2084 494 ex
2107 453 2328 494 munere
2350 437 2545 492 summi
2573 434 2844 504 largitoris
2878 434 3107 502 accepit,
3148 433 3503 502 meritoj‘am,
3541 446 3572 485 e

340 538 458 588 Istas
479 540 756 604 ponuntur
776 545 960 586 coram
985 530 1141 587 altari
1169 530 1361 602 phialae
1381 546 1500 601 qua:
1523 531 1671 600 prius
1694 531 1818 583 dum
1842 529 1919 584 le-

333 627 497 682 betes
519 631 719 687 essent,
743 621 920 690 petius
951 623 1305 676 versabantur
1334 622 1388 676 in
1417 621 1606 676 nidore
1631 619 1844 675 culinw.

413 715 570 785 502
609 715 758 770 Tunc
793 721 972 768 autem
997 719 1148 769 uten's
1189 712 1484 769 sacerdotis
1512 721 1593 767 est
1621 711 1799 780 phiala
1822 725 1918 764 au-

338 827 477 878 rea,
536 823 700 883 atque
762 813 1133 868 odor-amentis
1205 810 1560 881 spiritualium
1614 819 1914 863 aromatum

341 903 523 973 plena,
560 919 682 959 cum
713 903 1049 960 orationibus
1082 918 1146 956 ac
1174 903 1279 972 piis
1303 902 1555 970 operibus
1583 899 1917 968 estvigilan-

341 1006 427 1051 ter
449 996 679 1050 intenta.
710 996 777 1051 Et
806 996 920 1050 haec
949 995 1128 1065 phiala
1160 1011 1341 1050 coram
1366 994 1524 1048 altari
1551 1009 1672 1048 esse
1699 991 1917 1054 dicitur,

340 1086 466 1154 quia
490 1099 673 1152 ornue,
699 1086 840 1156 quod
868 1087 1090 1156 cogitat,
1113 1085 1224 1141 Deo
1251 1085 1550 1140 sacrarium
1586 1083 1781 1138 offerre
1812 1097 1922 1138 nou

339 1184 538 1230 cessat.
578 1173 644 1228 Et
683 1185 810 1230 tunc
839 1175 988 1230 lebes
1027 1176 1128 1230 iste
1162 1175 1528 1230 sanctiﬁcatus
1556 1183 1638 1229 est
1670 1173 1916 1239 Domino,

341 1274 507 1336 atque
538 1265 661 1320 ideo
690 1266 1116 1322 consecrationis
1148 1272 1399 1337 gratiam,
1425 1280 1588 1335 quam
1632 1264 1746 1336 ipse
1773 1264 1922 1319 intus

2023 531 2076 584 in
2104 529 2239 584 alios
2261 527 2497 582 adhibita
2523 541 2711 580 manus
2733 524 3077 593 impositioue
3098 521 3446 578 transfundit'.
3479 521 3588 577 Sed

2020 636 2141 692 ego,
2167 619 2319 689 quasi
2351 618 2442 688 qui
2469 617 2681 688 loquor,
2711 615 2930 679 oblitus,
2965 616 3091 670 dum
3126 628 3434 669 sermonem
3463 612 3592 668 diu-

2023 714 2128 767 tius
2153 712 2435 782 protraho,
2475 718 2670 764 metam
2697 707 3002 778 compendii
3027 704 3330 776 epistolaris
3366 703 3594 759 excedet

2019 805 2137 860 Jam
2181 805 2339 874 igitur
2379 804 2478 859 ista
2505 802 2787 865 sulIiciant,
2823 788 3029 854 tantum
3073 806 3133 852 ut
3178 798 3268 867 qui
3310 813 3338 850 a
3374 796 3596 850 benedi-

2023 897 2198 951 c:ione
2228 909 2519 962 coeperam,
2537 893 2757 948 verbum
2783 893 2834 945 in
2859 889 3233 946 benedictione.
3254 886 3593 943 concludam.

2093 989 2327 1043 Dextera
2348 985 2467 1051 Dei,
2491 983 2817 1039 venerabilis
2843 991 3015 1051 pater,
3047 979 3162 1034 suis
3192 986 3243 1032 te
3272 975 3600 1032 benedictio-

2024 1080 2180 1134 nibus
2211 1079 2446 1148 repleat;
2474 1084 2526 1130 ct
2550 1091 2712 1147 grege
2754 1075 3046 1130 comitante
3086 1071 3375 1126 commisso
3419 1068 3600 1138 regnis

2027 1171 2336 1229 cmlestibus
2369 1168 2696 1224 introducat.

2341 1259 2423 1315 Sit
2451 1274 2641 1312 nomen
2666 1256 2876 1310 Domini
2912 1254 3257 1309 benedictum.

443 1449 3588 1492 MM

542 1635 886 1704 “3'5"”
954 1651 1796 1769 OPUSCULUM
1880 1579 2687 1766 VICESIMUM
2788 1637 3414 1753 SEXTUM.

993 1871 1314 1933 CONTRA
1358 1870 1770 1932 INSCITIAM
1819 1869 1921 1929 ET
1966 1864 2358 1948 INCUBIAM
2401 1861 2951 1930 CLERICORUM.

343 2115 741 2172 Anconem“.
777 2144 848 2155 --
885 2112 1242 2168 Sacerdotum
1280 2114 1576 2176 inscitiam,
1610 2112 2044 2179 imperitiamque
2079 2109 2428 2180 singularem,
2460 2108 2512 2162 in
2543 2110 2714 2162 sacris
2760 2123 2974 2180 quoque
3015 2107 3175 2162 rebus
3208 2108 3498 2180 incuriam,
3538 2117 3596 2165 et

423 2186 824 2256 negligentiam,
867 2200 959 2239 seu
988 2184 1169 2256 potius
1198 2192 1566 2256 contemptum
1596 2178 2144 2256 religiopisgraviter
2165 2178 2469 2256 detestatur
2480 2188 2588 2256 _:_.et
2613 2180 2727 2234 hare
2757 2179 2941 2256 omnia
2977 2192 3141 2246 quam
3172 2178 3285 2256 _si_nt
3320 2188 3440 2256 tam
3461 2179 3593 2250 ipsis

419 2248 810 2332 sacerdotibus.
833 2248 1005 2323 quam'
1033 2253 1362 2332 reliquorum
1388 2248 1668 2332 hominum
1699 2248 2000 2331 ordinibus,
2026 2265 2261 2332 qttoriun
2286 2249 2432 2332 salus
2458 2248 2562 2332 illis
2590 2249 2880 2330 commissa
2893 2256 3018 2332 est.
3033 2248 3360 2316 perniciosa,
3391 2248 3596 2332 diserto

417 2326 692 2380 ostendit:
749 2325 984 2394 itemque
1013 2339 1174 2392 quam
1202 2324 1347 2377 cauti
1370 2323 1604 2377 debeam
1642 2337 1762 2376 esse
1801 2338 1830 2375 e

1873 2318 2117 2388 iscopi'in
2142 2320 2338 2374 talibus
2365 2319 2432 2373 ad
2453 2318 2849 2373 ecclesiasticas
2877 2318 3166 2388 dignitates
3196 2319 3600 2387 promovendis;

417 2337 692 2380 ostendit:
751 2337 984 2394 Itemque
1013 2339 1174 2392 quam
1202 2337 1347 2377 cauti
1370 2337 1604 2377 aenean:
1642 2337 1762 2376 esse
1801 2337 2040 2444 episcopi
2064 2337 2117 2373 ιη
2142 2337 2338 2374 ωιιυυε
2365 2337 2432 2373 aa
2453 2337 2849 2373 eccresrasucas
2877 2337 3166 2387 Ulgllllales
3196 2337 3600 2387 promovendis;

415 2412 484 2450 ne
508 2403 730 2465 peccata
759 2393 1072 2451 ecruindcm
1095 2394 1163 2448 ad
1184 2394 1330 2464 ipsos
1355 2393 1674 2448 redundent.
1699 2393 1834 2459 Quot
1873 2392 1925 2445 in
1948 2401 2192 2446 extrema
2217 2397 2370 2460 parte
2403 2390 2681 2460 episcopo,
2710 2389 2778 2444 ad
2815 2402 2976 2459 quem
3003 2387 3290 2454 scribit,et
3313 2389 3601 2460 diligenter

417 2465 784 2520 commendat.

419 2599 626 2654 Domno
654 2597 718 2652 γ.
763 2596 1202 2652 reverentissimo
1225 2597 1478 2668 episcopo
1498 2593 1718 2651 Parens
1738 2610 1927 2666 pecca-
1956 2609 2001 2670 Β

350 2700 434 2744 tor
467 2698 522 2744 et
560 2687 879 2741 monachus.

417 2781 553 2847 Quia
590 2789 663 2845 te,
694 2781 777 2835 vir
810 2779 1273 2846 reverentissime,
1305 2779 1596 2837 sacerdotii
1623 2781 1838 2837 culmen
1872 2783 1926 2834 in

350 2873 593 2929 Ecclesia
629 2881 815 2929 tenere
845 2873 1141 2942 conspicio,
1172 2873 1351 2928 inesse
1373 2887 1587 2943 quoque
1617 2872 1711 2927 tibi
1739 2887 1925 2927 sacer-

351 2961 589 3016 dotalem
617 2962 856 3015 animum
907 2961 1227 3017 ﬁducialiter
1262 2962 1453 3027 credo,
1483 2961 1721 3016 dolorem
1750 2962 1931 3018 cordis

349 3049 479 3113 mei,
531 3049 621 3118 qui
674 3064 761 3104 me
805 3049 872 3104 de
893 3048 1268 3104 sacerdotibus
1309 3049 1681 3115 cniciat,tibi
1714 3050 1934 3118 potissi-

351 3151 497 3190 mum
527 3137 932 3194 communicare
985 3139 1238 3194 decerno.
1287 3139 1392 3195 Per
1435 3139 1758 3210 episcopalis
1787 3140 1932 3194 enim

351 3229 584 3297 lorporis
631 3231 907 3301 ignaviam
959 3232 1031 3286 ita
1081 3248 1225 3288 nunc
1274 3233 1580 3304 presbyteri
1623 3233 1929 3288 litterarum

353 3321 697 3389 reperiuntur
710 3331 982 3393 expertes,
1002 3333 1061 3377 ut
1089 3338 1194 3378 non
1224 3325 1383 3380 modo
1401 3339 1613 3391 eorum,
1644 3339 1761 3394 quae
1787 3325 1930 3394 lege-

353 3410 484 3475 rint,
521 3411 928 3482 intelligentiam
970 3427 1076 3468 non
1125 3413 1416 3483 attingant,
1480 3415 1574 3469 sed
1620 3413 1929 3485 syllabatim

357 3511 572 3568 quoque
613 3501 704 3555 vix
735 3501 850 3570 ipsa
885 3501 1224 3557 decurrentis
1268 3502 1485 3558 articuli
1514 3503 1783 3558 elementa
1823 3501 1937 3558 bal-

352 3587 585 3642 butiant.
607 3589 673 3644 Et
691 3591 820 3661 quid
843 3591 956 3660 jam
979 3607 1076 3660 pro
1095 3591 1290 3662 populo
1313 3594 1366 3647 in
1385 3593 1498 3648 suis
1526 3593 1780 3662 precibus
1802 3608 1937 3662 sup-

361 3677 546 3747 plicat,
579 3679 670 3748 qui
713 3682 856 3750 quod
884 3680 1122 3750 loquitur
1145 3683 1259 3752 ipse
1288 3682 1437 3736 velut
1459 3683 1668 3737 alienus
1692 3682 1940 3751 ignorat?

357 3769 626 3838 Scriptum
658 3781 742 3826 est
767 3773 945 3828 enim:
977 3791 995 3824 ι
1018 3771 1122 3838 Qui
1141 3775 1345 3843 ignorat
1377 3773 1703 3844 ignorabitur
1735 3769 1787 3843 (Ι
1814 3770 1937 3826 Cor.

357 3859 522 3930 xm):
565 3861 634 3917 Et
665 3878 787 3917 cum
830 3863 1116 3934 Apostolus
1150 3863 1467 3933 obsequium
1501 3875 1742 3919 nostrum
1775 3863 1940 3918 ratio‘-

2031 2594 2084 2667 (1
2135 2595 2280 2650 Petr.
2330 2595 2406 2666 v).
2447 2614 2466 2648 ι
2526 2593 2846 2650 Sacerdotes
2882 2609 3038 2665 ergo,
3085 2593 3178 2664 qui
3227 2593 3321 2649 Dei
3365 2593 3613 2667 legitima

2026 2684 2296 2746 nesciunt,
2352 2683 2568 2738 leonum
2619 2683 2871 2738 dentibus
2918 2693 3289 2754 exponuntur;
3340 2686 3468 2754 quia
3517 2686 3599 2739 ni-‘

2027 2776 2222 2829 mirum
2256 2774 2376 2829 illos
2417 2774 2772 2844 malignorum
2820 2774 3104 2842 spirituum
3151 2775 3331 2830 rabies
3357 2775 3615 2841 devorat,

2029 2871 2119 2938 qui
2153 2868 2543 2924 sacrificiorum
2575 2869 2743 2923 cultui
2772 2869 3076 2924 temerariis
3104 2869 3322 2925 ausibus
3350 2871 3608 2925 insistena

2031 2969 2133 3024 tes,
2174 2961 2408 3030 qualiter
2459 2960 2598 3015 Deus
2649 2960 2750 3014 rite
2801 2959 3034 3026 colatur,
3083 2959 3352 3028 ignorant.
3402 2959 3602 3028 Sicque

2032 3049 2328 3121 funguntur
2351 3050 2527 3107 oliicio
2557 3051 2922 3115 sacerdotum,
2952 3060 3010 3105 ut
3055 3052 3408 3106 sacerdotalis
3445 3051 3608 3107 ollicii

2032 3142 2278 3197 nesciant
2325 3151 2745 3196 sacramentum.
2785 3143 2849 3196 Et
2902 3144 3042 3196 sicut
3088 3156 3186 3212 per
3239 3141 3455 3197 illorum
3507 3143 3610 3196 im-

2033 3234 2283 3304 peritiam
2349 3233 2552 3287 factum
2597 3243 2708 3300 est,
2780 3235 2921 3304 quod
2994 3233 3278 3304 Scriptura
3331 3230 3614 3290 testatur’:

2041 3344 2058 3377 ‹
2123 3324 2489 3395 υητιᾳυωῳιθ,
2546 3325 2742 3396 inquit,
2802 3341 2934 3396 gens
2989 3324 3253 3381 fabricata
3304 3334 3390 3381 est
3441 3325 3612 3381 Deum

2036 3429 2217 3479 suum,
2275 3422 2679 3484 posueruntque
2727 3430 2821 3470 eos
2871 3415 2927 3470 in
2986 3414 3126 3471 fanis
3174 3415 3426 3482 excelsis,
3483 3431 3612 3486 quae

2040 3503 2287 3561 fecerunt
2325 3504 2638 3571 Samaritae;
2668 3520 2799 3576 gens
2848 3513 2902 3561 et
2930 3521 3062 3576 gens
3105 3505 3159 3560 in
3202 3504 3426 3560 urbibus
3474 3505 3610 3569 suis,

2040 3593 2094 3648 in
2150 3593 2344 3662 quibus
2382 3593 2701 3648 habitabant
2747 3593 2855 3664 (IV
2900 3594 3029 3665 Reg.
3075 3593 3232 3664 xvu).
3281 3612 3301 3646 δ
3354 3593 3430 3648 Ita
3462 3608 3612 3648 nunc

2041 3697 2138 3753 per
2165 3670 2708 3752 pseudosacerdotum
2742 3683 3120 3754 ignorantiam,
3153 3681 3246 3753 qui
3296 3681 3494 3737 docere;
3515 3681 3614 3738 Dei

2039 3774 2295 3845 populum
2343 3775 2617 3842 nesciunt,
2665 3774 2780 3831 ﬁeri
2822 3775 3116 3831 dolemus:
3155 3783 3217 3830 ut
3266 3774 3475 3830 scilicet
3522 3773 3620 3830 alii

2043 3880 2271 3934 quorum
2305 3865 2445 3921 Deus
2475 3875 2660 3920 venter
2703 3874 2818 3932 est,
2846 3875 2900 3920 et
2931 3877 3143 3921 terrena
3178 3867 3422 3937 sapiunt,
3463 3865 3618 3919 luxu-

360 3949 541 4004 nabile
569 3966 689 4006 esse
717 3954 994 4023 praecipiat
1040 3953 1209 4024 (Rom.
1237 3955 1356 4026 xu),
1384 3955 1656 4023 quomodo
1695 3953 1801 4009 illic
1850 3972 1939 4010 ra-
1967 3964 2010 4024 ρ
2044 3954 2178 4008 riam
2229 3954 2410 4010 colant
2451 3953 2672 4026 (Philip.
2723 3956 2844 4028 tu);
2893 3956 2982 4010 alii
3029 3957 3332 4017 avaritiam,
3367 3971 3485 4024 qua:
3534 3965 3620 4012 est

362 4041 618 4097 tionabile
653 4045 758 4098 erit
783 4045 1125 4114 obsequium,
1149 4047 1239 4102 ubi
1273 4047 1334 4110 is,
1385 4046 1474 4116 qui
1508 4045 1690 4114 oﬂert,
1717 4047 1943 4104 oblatio-

359 4131 448 4183 nis
499 4147 610 4185 sua:
636 4148 740 4186 non
803 4135 1040 4204 concipit
1090 4135 1459 4191 intellectum?
1505 4136 1749 4205 Cumque
1801 4138 1943 4196 Deus

361 4222 700 4290 omnipotens
755 4225 807 4278 in
867 4223 1215 4281 offerentibus
1274 4227 1537 4281 mentium
1593 4228 1764 4297 magis
1817 4238 1942 4282 vota

361 4313 699 4379 consideret,
729 4329 892 4384 quam
950 4318 1236 4387 strepitum
1288 4319 1437 4374 vocis
1487 4320 1762 4386 attendat;
1815 4320 1944 4390 quid

354 4407 418 4460 'in
451 4408 565 4462 suis
609 4407 855 4463 obtinere
899 4411 1154 4479 precibus
1183 4410 1378 4476 valeat,
1422 4412 1514 4480 qui
1567 4412 1707 4480 quod
1750 4413 1943 4478 nescit,

365 4500 915 4569 ituploratTQuibus
971 4502 1098 4571 quid
1158 4503 1301 4557 aliud
1359 4505 1580 4558 evenire
1646 4505 1945 4574 putandum

355 4590 623 4654 ‘cst,‘nisi
674 4592 818 4660 quod
877 4591 982 4646 illis
1036 4593 1409 4648 sacerdotibus
1461 4594 1768 4664 contigerit,
1811 4609 1948 4664 quos

355 4690 490 4749 post
533 4683 902 4751 captivitatem
951 4685 1232 4740 lsraclitici
1257 4685 1431 4754 populi
1482 4701 1577 4742 rex
1605 4688 1948 4758 Assyriorum

359 4774 423 4825 'iu
455 4774 680 4833 urbibus
727 4775 992 4829 Samaria:
1042 4775 1413 4840 constituerat,
1468 4786 1524 4833 et
1557 4777 1723 4832 divini
1774 4779 1950 4833 cultus

353 4865 727 4919 ‘cze'rcmouias
757 4865 1122 4936 ignorabant?
1158 4864 1290 4922 Nam
1319 4881 1440 4920 cum
1484 4868 1754 4922 nescirent
1781 4867 1950 4923 Deum

365 4953 520 5021 juxta
572 4955 823 5025 legalium
866 4956 1245 5011 mandatorum
1281 4958 1688 5014 observantiam
1747 4959 1946 5026 colere,

373 5041 588 5097 leonum
625 5059 719 5100 eos
761 5047 938 5101 rabies
983 5047 1303 5116 perimebat.
1347 5047 1643 5118 Scriptura:
1686 5050 1951 5120 siquidem

376 5134 489 5189 lucc
520 5138 684 5192 verba
715 5147 840 5192 sunt
870 5157 883 5192 :
936 5158 954 5191 ‹
984 5138 1406 5210 Nuntiatumque
1439 5152 1522 5210 est
1552 5143 1663 5214 regi
1707 5143 1954 5212 Assyrio-

377 5243 519 5294 rum,
562 5240 750 5300 gentes
802 5247 937 5300 quas
989 5232 1331 5298 transtulisti,
1383 5243 1438 5287 et
1492 5235 1736 5290 habitare
1782 5232 1954 5288 fecisti

2041 4045 2306 4100 idolorum
2331 4048 2586 4111 servitus,
2611 4057 2938 4103 venerentur
2966 4047 3182 4119 (Ephes.
3227 4049 3283 4118 v)
3308 4065 3327 4112 ;
3355 4048 3444 4101 alii
3477 4048 3621 4116 rapi-

2043 4136 2148 4202 nis,
2195 4137 2284 4190 alii
2335 4137 2612 4207 perjuriis,
2661 4137 2753 4190 alii
2812 4137 3140 4201 homicidiis,
3198 4137 3289 4190 alii
3343 4135 3619 4194 veneﬁciis

2042 4228 2301 4299 sacrilega
2349 4227 2634 4283 devotione
2666 4228 3008 4292 deserviant;
3042 4237 3096 4282 et
3144 4228 3223 4281 sic
3254 4227 3484 4282 diversis
3509 4227 3622 4282 cri-

2045 4324 2297 4386 minibus,
2333 4333 2590 4393 tauquam
2642 4322 2968 4384 simulacris,
3016 4330 3069 4376 et
3099 4321 3436 4391 sculptilibns
3464 4323 3622 4377 obse-

2045 4416 2233 4486 quium
2251 4415 2528 4471 servitutis
2554 4415 2892 4485 impendant.
2910 4413 3292 4484 Unusquisque
3309 4415 3462 4484 cujus
3484 4429 3620 4484 opus

2045 4505 2196 4573 facit,
2249 4506 2393 4560 illius
2437 4514 2497 4562 et
2537 4520 2729 4561 servus
2763 4505 3103 4575 appellatur,
3137 4505 3202 4560 de
3248 4505 3445 4574 quibus
3488 4503 3622 4559 dicit

2045 4597 2374 4667 Apostolus:
2412 4615 2430 4651 ι
2472 4597 2609 4666 Quia
2641 4597 2861 4653 tradidit
2905 4597 3024 4654 illos
3070 4597 3212 4653 Deus
3254 4597 3310 4652 in
3350 4595 3622 4652 desideria

2047 4689 2232 4744 cordis
2260 4704 2472 4755 eorum,
2501 4689 2556 4743 in
2595 4688 3022 4753 immunditiam,
3051 4697 3112 4742 ut
3138 4687 3480 4744 contumeliis
3502 4687 3622 4740 am-

2048 4779 2195 4834 ciant
2223 4794 2447 4848 corpora
2477 4793 2571 4832 sua
2599 4779 2653 4832 in
2685 4778 3013 4848 semetipsis,
3037 4779 3126 4846 qui
3153 4783 3624 4832 commutaverunt

2050 4871 2335 4926 veritatem
2368 4871 2462 4925 Dei
2503 4871 2558 4925 in
2605 4870 2967 4935 mendacium,
3000 4877 3056 4925 et
3090 4869 3397 4936 coluerunt,
3425 4874 3480 4919 et
3511 4881 3629 4919 ser-

2052 4960 2269 5016 vierunt
2310 4970 2574 5016 creatum
2604 4960 2781 5030 potius
2831 4974 2992 5029 quam
3024 4957 3268 5014 Creatori
3301 4955 3478 5027 (Rom.
3505 4953 3567 5025 ι).
3601 4971 3620 5005 ι

2052 5050 2152 5117 Qui
2196 5052 2450 5104 nimirum
2491 5066 2586 5119 per
2637 5049 2828 5114 ﬁdem,
2884 5063 3047 5118 quam
3106 5054 3322 5110 tenent,
3375 5041 3630 5121 Ecclesia:

2055 5144 2351 5215 parietibus
2405 5143 2750 5199 includuntur
2771 5183 2786 5206 ,
2819 5141 2911 5195 sed
2940 5154 3037 5210 per
3081 5137 3323 5209 reproba:
3349 5138 3474 5190 vitae
3513 5149 3628 5189 me-

2059 5234 2244 5299 ritum,
2269 5235 2609 5288 extrinsecus
2634 5241 2778 5286 sunt.
2812 5251 2829 5281 ι
2867 5230 3205 5286 Conﬁtentur
3232 5231 3375 5283 enim
3394 5243 3451 5282 se
3469 5241 3630 5282 nosse

377 5320 431 5374 in
457 5322 767 5378 civitatibus
794 5323 1072 5388 Samarite,
1099 5325 1349 5395 ignorant
1369 5325 1606 5395 legitima
1637 5326 1735 5380 Dei
1767 5313 1947 5391 terrae;
1983 5318 2028 5376 D
2055 5323 2247 5389 Deum,
2276 5325 2434 5380 factis
2461 5333 2641 5377 autem
2689 5319 2888 5392 negant
2933 5319 3063 5390 (Tit.
3089 5321 3148 5377 il.
3188 5339 3205 5372 ι
3252 5319 3403 5374 Fidei
3433 5318 3632 5388 quippe

377 5419 432 5465 et
464 5412 691 5468 immisit
729 5415 782 5468 in
811 5430 904 5470 eos
937 5416 1196 5472 Dominus
1244 5415 1447 5481 leones,
1474 5424 1529 5471 et
1561 5432 1688 5470 ecce
1737 5415 1948 5471 interli-

377 5499 529 5556 ciunt
555 5517 672 5570 eos,
711 5519 777 5559 eo
824 5504 965 5574 quod
1001 5505 1254 5576 ignorent
1298 5507 1463 5560 ritqu
1521 5504 1615 5559 Dei
1663 5512 1820 5558 terra:
1843 5502 1950 5573 (IV

377 5589 504 5664 Reg.
540 5596 702 5666 xvu).
745 5603 770 5649 ⁸»
814 5596 1007 5653 Petrus
1038 5605 1218 5653 autem
1273 5598 1448 5654 dicit:
1483 5617 1501 5650 ‹
1545 5597 1679 5664 Quia
1709 5596 1954 5652 diabolus

381 5696 636 5758 tanquam
663 5690 746 5745 leo
775 5693 1012 5760 rugiens,
1043 5692 1236 5747 circuit
1261 5707 1508 5761 quarens
1553 5707 1710 5759 quem
1733 5691 1958 5744 devoret

2055 5418 2219 5471 verba
2253 5416 2611 5485 prmtendunt,
2661 5415 2754 5468 sed
2794 5413 3087 5482 impietatis
3132 5413 3387 5482 operibus
3417 5410 3630 5464 inhian-

2057 5514 2141 5560 ter
2161 5506 2434 5561 insistunt.
2470 5504 2621 5559 Unde
2660 5513 2716 5558 et
2741 5504 2850 5558 illic
2873 5503 3098 5573 legitur:
3136 5522 3153 5553 ι
3185 5501 3428 5556 Fuerunt
3469 5498 3634 5570 igitur

2059 5605 2246 5669 gentes
2270 5598 2385 5649 istre
2420 5596 2671 5649 timentes
2693 5593 2908 5663 quidem
2941 5593 3128 5656 Deum,
3156 5591 3248 5646 sed
3282 5587 3634 5645 nihilominus

2059 5699 2114 5746 et
2133 5691 2289 5746 idolis
2311 5689 2422 5744 suis
2450 5687 2745 5744 servientes
2775 5685 2826 5759 (l
2843 5684 2882 5740 ν
2914 5685 3042 5757 Reg.
3072 5686 3205 5754 xiv).
3235 5703 3251 5737 ι
3284 5681 3433 5750 Quos
3450 5678 3633 5748 utique
