4132 6324
553 340 660 399 499

967 346 1028 402 s.
1066 324 1272 404 parm
1313 350 1597 415 nauium
1634 352 1783 411 ora.
1824 356 2061 414 TOMUS
2092 356 2235 417 seu
2269 357 2449 416 rans
2479 357 2569 419 lli.
2608 366 2679 404 -;
2714 359 3077 425 OPUSCULA
3120 347 3337 428 vrtan

3705 374 3815 432 500

560 457 836 551 redarguit
896 458 1110 551 \teritas
1150 461 1294 532 ipsa,
1328 477 1450 519 cum
1497 464 1660 521 dicit:
1691 484 1710 518 ι
1745 464 1916 541 Nemo
1947 476 2128 543 potest
2156 471 2203 533 Α
2231 486 2459 531 censura
2489 450 2761 546 coerceat,
2782 476 2867 533 vel
2895 477 2994 536 sub
3013 478 3222 551 pudicae
3242 467 3636 550 quodammodo
3662 484 3814 545 locu-

552 547 762 603 duobus
787 547 1021 603 dominis
1045 551 1253 607 servire
1282 552 1498 624 (Matth.
1523 557 1622 628 γι).
1647 576 1665 609 ι
1739 571 1745 576 ‘

950 632 1120 710 U505
1138 639 1368 699 CAPUT
1402 642 1687 705 PRIMUM.

548 728 704 795 Quod
734 731 965 801 imperiti
1002 740 1105 787 n'on
1139 745 1262 789 sunt
1288 737 1359 791 ad
1388 739 1739 794 sacerdotium
1774 742 2130 811 promerendi.

616 818 751 873 Cum
787 835 918 892 ergo
950 837 1049 893 per
1074 825 1414 882 sacerdotum
1442 828 1754 884 vecordium
1803 830 2133 903 imperitiam

541 906 697 978 plebs
754 909 968 965 indocta
1017 913 1295 983 depereat,
1330 931 1431 985 par
1475 916 1673 986 fuerat,
1705 928 1765 974 ιιι
1814 921 2135 993 episcopalis

543 998 786 1067 gravitas
825 1014 857 1054 a
902 1000 1089 1055 talium
1132 1018 1191 1059 se
1224 1007 1564 1075 promotione
1608 1011 1982 1081 suspenderet,
2032 1027 2135 1069 nec

544 1085 754 1144 alienos
800 1104 1059 1148 excessus
1107 1093 1159 1148 in
1219 1110 1279 1150 se
1344 1103 1634 1153 temeraria
1708 1102 2135 1172 praecipitatione

543 1182 897 1250 transferret;
954 1189 1254 1256 praesertim
1326 1206 1450 1247 cum
1506 1192 1793 1251 Timotheo
1842 1197 2136 1268 Apostolus

542 1272 725 1331 dicat:
759 1294 779 1328 ι
819 1276 1010 1335 Manus
1035 1281 1143 1336 cito
1175 1272 1375 1340 nemini
1407 1286 1753 1359 imposueris,
1786 1306 1961 1362 neque
1984 1309 2136 1350 com-
2171 1300 2175 1304 ’

543 1364 908 1422 municaveris
961 1371 1201 1439 peccatis
1257 1373 1449 1432 alienis
1493 1376 1653 1445 (Tim.
1695 1380 1774 1451 v).
1814 1399 1833 1432 ι
1868 1381 2135 1453 Quisquis

538 1454 687 1509 enim
719 1456 803 1511 vel
835 1458 1065 1528 turpiter
1089 1459 1323 1532 lap.:um,
1363 1465 1449 1522 vel
1473 1466 1668 1525 divina:
1698 1468 1830 1543 legis
1886 1474 2134 1544 ignarum

543 1549 612 1605 ad
643 1565 858 1607 sacrum
889 1556 1139 1624 provehit
1171 1556 1582 1629 ordinemfeius
1611 1578 1668 1618 se
1693 1566 1934 1635 peccatis
1963 1565 2137 1623 invol-

541 1642 644 1708 vit,
684 1643 769 1699 cui
806 1648 1067 1715 peccandi
1120 1651 1404 1707 materiam
1457 1654 1624 1710 tradit
1682 1671 1698 1710 :
1738 1665 1930 1715 etnon
1974 1662 2137 1718 modo

540 1732 629 1789 his
658 1749 738 1798 se,
758 1736 972 1805 quibus
994 1738 1082 1793 ille
1102 1738 1216 1809 jam
1248 1738 1518 1800 invnlutus
1539 1752 1623 1801 est
1648 1739 1971 1805 criminibus
1991 1751 2132 1806 obli-

540 1833 651 1895 gat,
670 1827 763 1881 sed
791 1828 876 1883 bis
902 1831 1090 1897 etiam,
1120 1848 1241 1919 qua:
1265 1836 1654 1894 commissurus
1675 1847 1782 1919 est,
1809 1854 1908 1911 per
1930 1841 2129 1901 antici-
2160 1820 2207 1882 Β

530 1917 818 1987 νριιῑίοηθηι
846 1921 1145 1978 obnoxium
1172 1914 1351 1994 parat.

612 1999 711 2063 Est
747 2008 913 2075 aliud,
947 2011 1089 2080 quod
1137 2014 1269 2069 mibi
1318 2015 1383 2071 de
1438 2004 1811 2077 sacerdotibus
1862 2022 2136 2080 saecularis

540 2095 753 2153 ordinis
778 2097 1058 2168 displicet;
1109 2103 1233 2171 quia
1276 2104 1417 2160 sicut
1467 2106 1818 2165 saecularibus
1862 2116 2021 2169 mista
2052 2128 2137 2168 reo

542 2184 1125 2269 gionarite-civilitatis
1176 2193 1512 2251 habitatione
1558 2197 1858 2266 collimant,
1888 2202 1968 2256 ita
1994 2203 2136 2259 nihi-

450 2322 457 2329 .
541 2279 778 2336 lominus
819 2274 1062 2353 plerique
1093 2287 1159 2340 ab
1190 2301 1378 2342 corum
1409 2292 1821 2351 conversatione
1848 2303 1903 2349 et
1944 2296 2134 2352 incon-

544 2372 683 2430 ditis
703 2363 947 2433 moribus
975 2390 1082 2431 non
1110 2377 1458 2445 discordant;
1497 2382 1646 2441 curis
1672 2384 2021 2443 saecularibus
2049 2388 2134 2443 in-

541 2463 860 2543 differenter
881 2466 1205 2535 inserviunt,
1235 2470 1303 2525 ab
1341 2471 1516 2535 otiosi
1538 2488 1598 2529 se
1625 2477 1891 2533 sermonis
1919 2478 2136 2550 ineptiis

546 2573 654 2613 non
684 2569 1070 2629 compescunt;
1103 2560 1212 2617 imo
1236 2577 1336 2633 per
1356 2562 1479 2620 lites
1506 2572 1562 2620 et
1600 2564 1782 2637 jurgia
1817 2567 2137 2639 frequenter

541 2669 571 2704 a
626 2652 998 2722 proximorum
1038 2670 1261 2711 suorum
1309 2657 1576 2715 charitate
1611 2661 1876 2728 resiliunt,
1909 2671 1966 2718 et
2009 2679 2132 2721 cum

540 2740 750 2807 livoris,
766 2741 852 2796 vel
876 2743 1164 2813 cujuslibet
1182 2753 1411 2802 terrenae
1424 2749 1879 2819 concupiscentiae
1890 2750 2135 2810 ﬂammas

540 2830 593 2883 in
623 2830 733 2885 suis
778 2835 1086 2902 pectoribus
1132 2835 1344 2895 fervere
1372 2854 1478 2894 non
1509 2840 1779 2907 nesciunt,
1806 2844 2132 2902 venerandis

545 2933 724 2977 tamen
749 2923 1010 2981 altaribus
1038 2941 1098 2982 se
1136 2927 1479 2999 impudenter
1503 2931 1779 3004 ingemat,
1809 2941 1866 2989 et
1914 2933 1982 2989 ab
2008 2933 2134 2990 olfe-

542 3012 695 3067 rendi
718 3016 1049 3072 sacrosancti
1080 3015 1356 3075 libaminis
1378 3019 1681 3077 ministerio
1711 3038 1818 3078 non
1844 3024 2127 3081 recedunt.

539 3101 656 3157 Non
686 3106 1041 3175 attendentes,
1074 3110 1219 3180 quod
1254 3108 1347 3165 filii
1393 3110 1574 3168 Aaron
1624 3112 1827 3169 idcirco
1890 3115 2132 3172 ccelestis

2235 557 2407 619 tionis
2423 566 2786 622 moderamine
2818 568 2997 624 sobria
3028 570 3188 645 verba
3216 573 3515 643 depromat.

2299 653 2617 726 ,506111υά
2643 658 2804 712 etiam
2846 668 3058 731 quanta:
3102 661 3433 721 confusionis
3462 670 3813 739 opprobrium

2232 738 2337 813 est,
2366 745 2508 818 quod
2534 751 2769 805 nonnulli
2794 752 2936 807 circa
2971 753 3111 807 sacri
3140 755 3328 811 altaris
3372 738 3621 815 utensilia
3650 770 3818 821 tanta:

2234 840 2570 910 negligentiae
2592 852 2735 909 sunt,
2759 853 2813 898 et
2845 852 2950 899 tam
2979 848 3159 913 segnis
3187 847 3427 914 incuriae,
3458 860 3517 907 ut
3536 860 3813 921 stanneos,

2233 932 2317 1017 vel
2340 934 2505 988 etiam
2529 937 2776 1009 supparis
2809 936 3178 1008 cujuscunque
3213 942 3414 996 metalli
3438 943 3636 1000 calices
3654 946 3820 1017 longo

2234 1012 2338 1078 situ
2377 1024 2709 1080 scabredinis
2737 1027 3109 1084 inhorrescere
3137 1030 3407 1101 patienter
3429 1034 3725 1102 aspiciant;
3750 1012 3816 1090 in

2233 1113 2477 1185 squalido
2525 1114 2692 1171 linteo
2748 1117 3086 1173 Dominicum
3129 1136 3324 1191 corpus
3374 1122 3604 1179 oil'erant
3650 1128 3820 1181 etin-

2233 1204 2484 1271 volvant;
2511 1213 2565 1260 et
2595 1206 2738 1275 quod
2762 1222 2867 1262 non
2895 1205 3210 1281 dignaretur
3237 1220 3427 1280 potens
3453 1213 3700 1283 quilibet,
3722 1216 3816 1285 qui
3912 1208 3915 1211 λ

2235 1305 2417 1354 tamen
2445 1298 2646 1354 vermis
2679 1306 2783 1366 est,
2820 1301 3055 1371 propriis
3091 1302 3348 1357 adhibere
3388 1299 3566 1371 labiis,
3613 1305 3666 1359 in
3713 1306 3819 1362 hoc

2234 1389 2321 1447 isti
2363 1405 2559 1461 corpus
2593 1407 2698 1446 non
2727 1401 2980 1447 verentur
3015 1393 3293 1463 imponere
3321 1394 3641 1451 Salvatoris.
3675 1397 3817 1464 Quid

2233 1497 2396 1555 porro
2438 1483 2524 1555 ide
2577 1484 2867 1540 conscissis
2917 1501 2980 1540 ac
3044 1487 3480 1556 putrescentibus
3534 1504 3817 1543 sacrorum

2235 1577 2484 1632 altarium
2525 1578 2795 1648 prandeis,
2824 1579 2953 1648 quid
2996 1579 3061 1633 de
3090 1579 3320 1635 diversis
3363 1580 3508 1636 vasis
3545 1582 3614 1636 ad
3644 1581 3819 1636 eccle-

2234 1666 2452 1741 siastica
2500 1667 2810 1733 ministeria,
2861 1668 3241 1735 necessariis,
3279 1669 3405 1739 quid
3457 1671 3687 1741 denique
3751 1672 3823 1727 de

2235 1758 2655 1815 sacerdotalibus
2703 1759 2925 1828 eloquar
2970 1759 3336 1815 indumentis?
3361 1760 3498 1828 Quid
3542 1772 3823 1832 postremo

2236 1851 2305 1909 de
2351 1853 2627 1907 codicibus
2662 1853 2861 1919 dicam,
2911 1854 2962 1907 in
2997 1853 3192 1923 quibus
3234 1855 3488 1910 nimirum
3535 1859 3649 1913 haec
3703 1859 3819 1928 ipsa

2235 1942 2657 2014 quoque'legere
2708 1942 2968 2000 inoffense
2998 1960 3104 2002 non
3131 1944 3440 2014 possumus,
3467 1964 3586 2018 quae
3641 1950 3819 2004 tenaci

2235 2032 2413 2088 adhuc
2442 2032 2704 2087 memoria
2764 2034 3139 2089 reservamus?
3173 2033 3302 2101 Qum
3328 2035 3582 2091 nimirum
3614 2040 3815 2100 omnia,

2234 2120 2406 2181 oculis
2448 2124 2686 2195 subjecta
2741 2126 3109 2193 cernentibus,
3165 2135 3222 2181 et
3275 2126 3481 2183 levibus
3534 2129 3819 2183 excutiunt

2238 2217 2426 2280 risum,
2455 2225 2510 2271 et
2534 2216 2805 2286 sapientes
2834 2224 3128 2286 provocant
3182 2216 3250 2272 ad
3305 2216 3621 2274 lamentum.
3666 2218 3822 2276 [inde

2234 2310 2423 2380 primae
2452 2309 2736 2380 dignitatis
2781 2309 3153 2364 sacerdotibus
3178 2309 3335 2365 valde
3360 2312 3659 2365 cavendum
3710 2320 3822 2377 est,

2234 2407 2288 2455 et
2322 2399 2639 2454 terribiliter
2694 2399 3119 2465 formidandum,
3151 2414 3220 2455 ne
3248 2400 3393 2470 quod
3426 2401 3494 2455 ab
3544 2400 3675 2469 illis,
3723 2402 3817 2470 qui

2233 2491 2488 2547 videntur
2514 2491 2760 2554 subesse,
2809 2490 3168 2561 delinquitur;
3204 2490 3271 2545 ab
3321 2490 3407 2546 his
3459 2492 3549 2561 qui
3590 2492 3821 2561 potioris

2235 2592 2362 2637 sunt
2387 2581 2607 2654 gradus,
2637 2589 2693 2638 et
2712 2581 2910 2653 quibus
2938 2583 3054 2639 haec
3094 2581 3411 2652 corrigenda
3447 2592 3595 2649 sunt,
3634 2583 3818 2652 requi-

2235 2683 2405 2727 ratur.
2437 2671 2626 2726 Nullus
2676 2671 2833 2740 plane
2863 2671 3197 2736 mortalium,
3248 2680 3309 2726 ut
3344 2672 3615 2739 existimo,
3645 2670 3823 2742 majus

2235 2764 2435 2835 aliquid
2482 2765 2535 2820 in
2576 2764 2772 2819 divinis
2816 2764 3026 2834 peragit
3080 2765 3455 2830 sacramentis,
3504 2780 3665 2834 quam
3716 2765 3820 2832 ipsi

2235 2872 2450 2928 quoque
2476 2856 2566 2925 qui
2620 2855 2894 2910 saecularis
2923 2864 3051 2910 sunt
3097 2855 3303 2910 ordinis
3337 2856 3664 2911 sacerdotes.
3689 2856 3821 2910 Esto

2233 2946 2520 3016 siquidem,
2550 2945 2693 3015 quod
2721 2943 3066 3015 patriarchas,
3094 2943 3180 2999 vel
3202 2944 3554 3015 metropolita:
3572 2945 3817 3015 quilibet,
3879 2984 3883 2987 .

2232 3049 2290 3095 et
2312 3037 2553 3109 episcopi
2575 3047 2919 3103 consecrent,
2945 3037 3185 3092 divinum
3224 3036 3465 3092 chrisma
3503 3037 3819 3102 conficiant,

2234 3137 2290 3184 et
2313 3138 2528 3193 caetera,
2566 3143 2685 3197 quae
2709 3128 2821 3183 suis
2849 3126 3159 3197 specialiter
3179 3136 3495 3197 competunt
3520 3127 3819 3198 privilegiis

543 3190 684 3262 ignis
713 3195 964 3251 incendio
990 3202 1322 3256 concremati
1347 3215 1493 3268 sunt,
1523 3203 1650 3273 quia
1692 3205 1925 3260 alienum
1957 3206 2135 3279 ignem
2162 3204 2207 3266 C
2238 3190 2609 3289 experimenta
2632 3190 2971 3289 percurram.
2991 3216 3096 3273 Sed
3119 3232 3297 3289 neque
3314 3218 3622 3289 episcopus,
3645 3232 3823 3286 neque

540 3284 740 3343 offerre
769 3288 822 3343 in
855 3288 952 3345 Dei
983 3292 1255 3349 sacrificio
1282 3308 1781 3366 praesumpserant:
1814 3316 1833 3350 α
1860 3298 2131 3371 Arreptis,

546 3377 723 3447 inquit
746 3378 1048 3450 Scriptura,
1083 3381 1294 3451 Nadab,
1331 3395 1388 3442 et
1445 3386 1584 3444 Abiu
1616 3388 1711 3445 filii
1737 3389 1917 3445 Aaron
1954 3391 2132 3446 thuri-

538 3469 680 3525 bulis
728 3471 862 3535 suis,
904 3484 1205 3541 posuerunt
1256 3476 1457 3547 ignem,
1485 3486 1541 3533 et
1566 3479 1849 3536 incensum
1879 3482 2131 3554 desuper,

541 3560 832 3620 offerentes
862 3581 1046 3628 coram
1078 3569 1308 3626 Domino
1356 3571 1533 3643 ignem
1575 3572 1832 3642 alienum,
1861 3577 2004 3645 quod
2052 3577 2134 3634 eis

539 3661 872 3732 praeceptum
895 3671 1001 3724 non
1032 3658 1354 3732 crat(Levit.
1386 3660 1467 3732 x);
1501 3682 1521 3715 ι
1554 3678 1788 3734 moxque
1810 3665 2084 3739 subjungit
2116 3684 2130 3720 :

546 3765 563 3796 ‹
603 3745 669 3801 Ει
715 3763 967 3819 egressus
1018 3751 1158 3824 ignis
1214 3769 1246 3807 a
1305 3755 1533 3812 Domino
1588 3759 1870 3815 devoravit
1899 3776 2016 3828 eos,
2078 3771 2134 3819 et

544 3838 742 3893 mortui
770 3848 899 3896 sunt
933 3856 1121 3898 coram
1164 3842 1396 3901 Domino
1422 3845 1630 3918 (Ibid.).
1675 3867 1695 3903 ι
1726 3848 1863 3907 Nam
1889 3866 2013 3906 cum
2056 3852 2135 3911 ad

541 3927 876 3987 offerendum
908 3932 1016 3988 Deo
1046 3934 1307 3992 terribilis
1352 3940 1683 3994 sacramenti
1713 3940 1947 3999 libamen
1978 3956 2134 4001 accer

541 4016 741 4083 dimus,
773 4021 1071 4079 cavendum
1100 4024 1257 4080 valde
1277 4035 1379 4090 est,
1410 4041 1479 4081 ne
1507 4026 1740 4084 alienum
1788 4031 1990 4102 ignem,
2029 4031 2134 4093 hoc

541 4118 643 4173 est,
665 4108 901 4168 libidinis
924 4113 1219 4183 flammam,
1246 4116 1330 4173 vel
1358 4116 1728 4189 cujuscunque
1749 4120 1865 4175 vitii
1890 4121 2132 4178 fomitem

543 4198 684 4267 inter
721 4201 987 4261 salutares
1038 4206 1246 4264 hostias
1290 4206 1620 4268 deferamus.
1670 4210 1775 4266 Sed
1821 4212 1910 4268 ille
1955 4214 2135 4283 potius

542 4292 683 4364 ignis
712 4288 765 4350 in
799 4305 1111 4354 nostrarum
1143 4301 1405 4356 mentium
1459 4303 1752 4359 tburibulis
1807 4305 2019 4371 ardeat,
2045 4305 2133 4360 illa

541 4400 637 4438 cor
658 4396 902 4447 nostrum
929 4388 1096 4445 divini
1119 4393 1323 4448 amoris
1368 4391 1585 4448 ﬂantum
1613 4396 1931 4463 succcndat,
1963 4411 2127 4466 quam

444 4534 451 4543 ,
542 4477 638 4531 Dei
664 4477 886 4548 spiritus
901 4497 997 4550 per
1023 4483 1347 4542 invisibilem
1365 4488 1594 4556 gratiam
1618 4488 1819 4543 nostris
1833 4488 2134 4543 visceribus

2235 3311 2494 3375 chrisma,
2546 3325 2721 3379 neque
2756 3309 2899 3364 aliud
2927 3310 3059 3379 quid
3100 3308 3157 3364 in
3205 3309 3593 3365 ecclesiasticis
3632 3324 3819 3365 sacra-
3916 3296 3935 3323 ⁵

2236 3401 2435 3457 mentis
2480 3399 2656 3472 majus
2693 3415 2854 3470 quam
2881 3404 3081 3469 corpus
3132 3408 3190 3455 et
3214 3399 3436 3470 sanguis
3459 3409 3543 3454 est
3573 3398 3819 3454 Salvato-

2237 3495 2334 3551 ris.
2384 3494 2461 3549 Ea
2512 3509 2661 3565 ergo,
2714 3508 2834 3564 quas
2880 3493 3093 3564 potiora
3138 3499 3195 3548 et
3243 3492 3555 3547 sublimiora
3609 3490 3817 3545 suntin

2196 3636 2201 3641 .
2237 3587 2501 3652 Ecclesia,
2538 3585 2839 3657 presbyteri
2887 3600 3009 3640 eum
3038 3583 3331 3654 pontiﬁcali
3359 3584 3622 3655 dignitate
3651 3581 3820 3652 parti-

2235 3681 2439 3750 cipant.
2505 3677 2575 3732 Et
2629 3676 2881 3746 quamvis
2949 3675 3064 3730 suis
3140 3674 3345 3745 quique
3418 3673 3683 3729 limitibus
3730 3670 3818 3739 ju-

2236 3768 2465 3827 beantur
2529 3782 2679 3823 esse»
2709 3766 2949 3823 contenti
2982 3807 2998 3832 ,
3067 3765 3230 3821 iidem
3278 3763 3380 3835 ipsi
3439 3764 3530 3836 qui
3580 3772 3709 3818 sunt
3761 3762 3816 3817 in

2233 3856 2554 3934 quibusdam
2587 3874 2868 3930 suppares,
2896 3859 2950 3914 in
2971 3856 3447 3915 excellentioribus
3471 3856 3635 3911 rebus
3665 3853 3817 3908 inve-

2234 3956 2458 4011 niuntur
2490 3950 2745 4022 mquales.

2864 4039 3092 4098 CAPUT
3126 4039 3191 4096 ll.

2237 4136 2390 4204 Quod
2413 4134 2589 4191 nullus
2612 4134 2823 4206 gravius
2850 4143 3025 4216 peccat
3053 4148 3209 4215 quam
3236 4128 3504 4202 presbyter
3524 4126 3721 4191 malus,
3736 4124 3819 4179 uel
3892 4110 3983 4203 ff

2885 4216 3174 4257 mammas.
3836 4218 3900 4257 τ.)
3936 4232 3967 4257 ε

2885 4218 3174 4274 imperitus.
3836 4218 3865 4274 τε
3876 4220 3900 4266 ,3

2307 4299 2496 4356 Nullus
2542 4299 2709 4371 igitur
2738 4297 2958 4368 gravius
2985 4293 3333 4350 convincitur
3377 4305 3608 4363 peccare
3651 4302 3869 4358 quam»;
3917 4300 3979 4381 ς

2236 4393 2539 4465 presbyter,
2591 4390 2684 4460 qui
2731 4388 2819 4444 vel
2871 4403 2969 4452 per
3018 4386 3368 4455 imperitiam,
3402 4383 3487 4440 vel
3532 4381 3843 4524 reprobat?

2240 4486 2403 4524 vitam
2442 4483 2565 4524 dum
2582 4480 2801 4524 indigne
2821 4477 3392 4524 ministrat--miantum
3407 4476 3547 4524 adse
3564 4471 3791 4524 salutari

2240 4486 2403 4538 vitam
2416 4523 2430 4546 .
2442 4483 2566 4538 dum
2582 4480 2801 4551 indigne
2821 4477 3392 4548 ministrat,-quantum
3407 4476 3477 4531 ad
3489 4490 3547 4530 se
3564 4473 3791 4529 salutari

544 4569 912 4629 administrat.
951 4572 1289 4635 Admoncndi
1317 4586 1447 4632 sunt
1472 4579 1659 4650 itaque
1681 4579 1772 4648 qui
1797 4579 1968 4636 sacris
1995 4579 2133 4634 alta.
2159 4581 2210 4641 D
2237 4575 2471 4630 victimae
2517 4578 2859 4628 sacramenta
2899 4568 3256 4624 contaminat.
3315 4566 3448 4636 Regi
3500 4564 3678 4635 plane,
3735 4558 3821 4614 vel

540 4660 693 4717 ribus
744 4662 1061 4722 ministrare
1109 4666 1421 4737 disponunt,
1473 4679 1534 4724 ut
1580 4684 1684 4723 non
1739 4670 1898 4725 modo
1939 4685 2034 4725 cor
2063 4671 2132 4727 ab

541 4755 885 4812 aestuantium
937 4758 1251 4827 passionum
1280 4760 1405 4831 igne
1453 4761 1785 4830 custodiant,
1814 4762 1909 4818 sed
1967 4762 2129 4817 etiam

540 4850 804 4919 linguam,
833 4865 955 4921 quae
985 4850 1127 4906 inter
1148 4852 1319 4909 Deum
1349 4862 1404 4910 et
1454 4870 1554 4912 nos
1584 4856 1984 4926 quodammodo
2016 4871 2130 4925 me-

537 4940 741 4995 diatrix
770 4950 875 5007 est,
924 4958 955 4997 a
994 4945 1317 5014 supervacui
1355 4947 1626 5002 sermonis
1671 4946 1891 5004 levitate
1915 4961 2132 5015 compe-

539 5042 715 5087 scant.
738 5031 934 5099 Petrus
982 5035 1126 5091 enim
1153 5034 1370 5107 (Matth.
1418 5054 1578 5103 xxvr;
1620 5037 1792 5093 Marc.
1844 5054 1968 5104 xrv;
1996 5036 2126 5095 Luc.

543 5138 657 5199 ηιξ
677 5139 690 5187 ;
713 5124 874 5179 Joan.
904 5127 1049 5198 xm),
1085 5128 1213 5197 quia
1255 5143 1405 5184 ream
1431 5144 1605 5191 suam,
1637 5128 1876 5200 linguam
1896 5128 2128 5195 scilicet,

546 5211 838 5283 deliquisse
865 5218 1139 5286 cognovit,
1190 5216 1306 5287 ejus
1332 5218 1475 5274 inter
1503 5233 1563 5274 se
1593 5227 1647 5274 et
1677 5218 1847 5275 Deum
1875 5227 2132 5288 tanquam

545 5302 879 5359 niediatrieis
909 5305 1110 5362 habere
1136 5308 1496 5376 patrocinium
1550 5309 1851 5375 recusavit;
1879 5309 1973 5365 sed
2003 5309 2133 5364 dum

546 5405 731 5447 amare
757 5395 925 5461 ﬂevit,
972 5399 1432 5455 reconciliationis
1460 5415 1570 5455 sum
1600 5415 1751 5470 spem
1775 5401 1828 5456 in
1865 5400 2135 5472 lacryma-

547 5497 669 5560 rum
716 5484 1113 5544 interventione
1141 5491 1444 5557 constituit,
1476 5501 1533 5547 et
1561 5493 1757 5559 oculis,
1795 5494 1990 5565 quibus
2024 5510 2130 5551 non

548 5586 889 5648 peccaverat,
925 5580 1159 5636 veniam-
1190 5583 1522 5653 impetravit.
1555 5584 1640 5639 Sit
1682 5599 1815 5655 ergo
1865 5601 2037 5656 usque
2064 5586 2133 5641 ad

549 5669 839 5740 missarum
879 5672 1184 5745 peragenda
1226 5674 1481 5746 mysteria
1514 5675 1678 5731 saliva
1709 5676 1906 5748 linguae
1934 5685 2136 5739 nostris

550 5762 707 5837 virgo
735 5764 819 5822 vel
847 5774 1020 5836 casta,
1053 5773 1112 5822 ut
1140 5766 1225 5824 vel
1253 5782 1313 5823 se
1338 5768 1442 5823 sub
1475 5767 1721 5837 virginali
1748 5767 2137 5828 taciturnitatis

2240 4664 2543 4722 Sublimiori
2581 4663 2777 4732 cuique
2801 4676 3046 4731 persona:
3083 4661 3129 4716 si
3158 4659 3401 4729 quisper
3422 4657 3613 4711 vitium
3635 4654 3819 4707 detra-

2236 4757 2436 4813 ctionis
2460 4755 2789 4824 obloquitur,
2812 4753 2896 4807 vel
2921 4752 3083 4807 etiam
3122 4751 3174 4804 in
3217 4747 3544 4818 diripienda,
3568 4746 3684 4801 sive
3727 4743 3823 4798 de-

2239 4846 2510 4903 molienda
2543 4860 2725 4901 rerum
2750 4857 2972 4899 suarum
3017 4840 3279 4896 facultate
3325 4846 3621 4909 grassatur,
3666 4832 3823 4891 facile

2239 4936 2380 4991 redit
2421 4936 2474 4989 in
2513 4934 2766 5005 gratiam,
2793 4933 2838 4987 si
2879 4920 3037 5001 digne
3067 4928 3410 4990 satisfaciens
3451 4927 3707 4983 emendat
3734 4922 3822 4978 of-

2239 5028 2469 5085 fensam.
2494 5028 2566 5083 At
2604 5027 2648 5083 si
2677 5025 2926 5082 manibus
2953 5023 3187 5085 excedit,
3219 5022 3265 5076 si
3293 5022 3350 5077 in
3389 5020 3508 5090 ejus
3533 5029 3823 5089 personam

2239 5121 2497 5177 audacter
2520 5119 2749 5191 prosilit,
2775 5118 2819 5174 si
2842 5116 3113 5173 hostiliter
3138 5115 3320 5180 irruit,
3352 5113 3478 5184 quia
3506 5126 3613 5166 non
3657 5122 3822 5178 pecu-

2240 5214 2437 5276 niaria,
2462 5213 2555 5269 sed
2592 5209 2891 5268 criminalis
2935 5217 3234 5272 estcausa,
3280 5204 3417 5261 nihil
3458 5202 3528 5257 ab
3567 5216 3633 5279 eo
3679 5195 3824 5253 aliud

2239 5303 2494 5374 exigitur,
2540 5316 2703 5371 quam
2728 5299 2966 5357 vindicta
2996 5317 3011 5353 :
3040 5306 3095 5351 et
3122 5312 3230 5351 non
3274 5296 3388 5366 jam
3420 5294 3566 5348 inter
3615 5304 3712 5345 eos
3757 5285 3823 5341 de

2241 5390 2586 5463 reparatione
2642 5398 2937 5458 sequestra:
2983 5387 3132 5458 pacis
3182 5384 3403 5457 agitur,
3457 5381 3554 5438 sed
3599 5379 3669 5435 de
3708 5375 3819 5432 sola

2238 5486 2501 5541 duntaxat
2548 5481 2776 5552 augendi
2820 5479 3027 5536 fenoris
3071 5479 3275 5534 ultione
3316 5471 3713 5535 tractatur..lta
3740 5469 3823 5527 ni-
3876 5517 3879 5520 ,

2240 5576 2447 5637 mirum
2466 5572 2609 5628 aliud
2629 5582 2716 5627 est
2743 5572 2797 5627 in
2832 5573 2999 5628 Deum
3031 5586 3128 5640 per
3150 5569 3394 5624 diversos
3415 5565 3605 5621 modos
3633 5562 3823 5658 huma-

2242 5665 2648 5736 n:e_fragilitatis
2669 5662 2954 5727 excedere,
2975 5660 3122 5717 aliud
3145 5661 3199 5716 in
3222 5655 3557 5717 sacrosancti
3579 5655 3824 5721 corporis

2204 5814 2209 5819 ,
2242 5760 2356 5829 ejus
2385 5768 2439 5815 ct
2482 5757 2764 5829 sanguinis
2788 5755 3079 5815 oblatione.
3102 5750 3537 5826 peccare..Sicut
3563 5742 3715 5803 aliud
3738 5749 3823 5798 est
3858 5766 3865 5791 ε
