  <div class='ocr_page' id='page_1' title='image "/cluster/home/n/w/nwhite01/storage/ocr_20150623/145/hvd.32044015471824/258.png"; bbox 0 0 4132 6324; ppageno 0'>
   <div class='ocr_carea' id='block_1_1' title="bbox 364 355 467 416">
    <p class='ocr_par' dir='ltr' id='par_1_1' title="bbox 364 355 467 416">
     <span class='ocr_line' id='line_1_1' title="bbox 364 355 467 416; baseline 0 0"><span class='ocrx_word' id='word_1_1' title='bbox 364 355 467 416; x_wconf 70' lang='grc'><strong>801</strong></span> 
     </span>
    </p>
   </div>
   <div class='ocr_carea' id='block_1_2' title="bbox 942 347 3021 431">
    <p class='ocr_par' dir='ltr' id='par_1_2' title="bbox 942 347 3021 431">
     <span class='ocr_line' id='line_1_2' title="bbox 942 347 3021 431; baseline -0.003 -17"><span class='ocrx_word' id='word_1_2' title='bbox 942 350 1187 431; x_wconf 78' lang='lat' dir='ltr'><strong>OPUSC.</strong></span> <span class='ocrx_word' id='word_1_3' title='bbox 1228 353 1422 412; x_wconf 79' lang='lat' dir='ltr'><strong>XXVI.</strong></span> <span class='ocrx_word' id='word_1_4' title='bbox 1447 380 1521 398; x_wconf 86' lang='lat'><strong>-—</strong></span> <span class='ocrx_word' id='word_1_5' title='bbox 1548 352 1828 412; x_wconf 73' lang='lat' dir='ltr'><strong>CONTRA</strong></span> <span class='ocrx_word' id='word_1_6' title='bbox 1871 353 2216 412; x_wconf 71' lang='lat' dir='ltr'><strong>INSCITIAM</strong></span> <span class='ocrx_word' id='word_1_7' title='bbox 2251 357 2341 412; x_wconf 83' lang='lat' dir='ltr'><strong>ET</strong></span> <span class='ocrx_word' id='word_1_8' title='bbox 2360 351 2712 414; x_wconf 52' lang='lat' dir='ltr'><strong>‘INCURIAM</strong></span> <span class='ocrx_word' id='word_1_9' title='bbox 2748 347 3021 413; x_wconf 78' lang='lat' dir='ltr'><strong>CLERIC.</strong></span> 
     </span>
    </p>
   </div>
   <div class='ocr_carea' id='block_1_3' title="bbox 3502 333 3632 410">
    <p class='ocr_par' dir='ltr' id='par_1_3' title="bbox 3502 333 3629 410">
     <span class='ocr_line' id='line_1_3' title="bbox 3502 333 3629 410; baseline 0 0"><span class='ocrx_word' id='word_1_10' title='bbox 3502 333 3629 410; x_wconf 67' lang='lat' dir='ltr'><strong>‘mn</strong></span> 
     </span>
    </p>
   </div>
   <div class='ocr_carea' id='block_1_4' title="bbox 357 465 3634 549">
    <p class='ocr_par' dir='ltr' id='par_1_4' title="bbox 357 465 3634 549">
     <span class='ocr_line' id='line_1_4' title="bbox 357 465 3634 549; baseline -0.002 -18"><span class='ocrx_word' id='word_1_11' title='bbox 357 473 704 549; x_wconf 73' lang='lat' dir='ltr'><strong>promulgata</strong></span> <span class='ocrx_word' id='word_1_12' title='bbox 729 471 893 544; x_wconf 68' lang='lat' dir='ltr'><strong>regia:</strong></span> <span class='ocrx_word' id='word_1_13' title='bbox 918 470 1052 542; x_wconf 85' lang='lat' dir='ltr'><strong>legis</strong></span> <span class='ocrx_word' id='word_1_14' title='bbox 1071 469 1247 526; x_wconf 81' lang='lat' dir='ltr'><strong>edicta</strong></span> <span class='ocrx_word' id='word_1_15' title='bbox 1269 469 1564 541; x_wconf 82' lang='lat' dir='ltr'><strong>negligere,</strong></span> <span class='ocrx_word' id='word_1_16' title='bbox 1604 469 1747 524; x_wconf 86' lang='lat' dir='ltr'><strong>aliud</strong></span> <span class='ocrx_word' id='word_1_17' title='bbox 1770 469 1941 538; x_wconf 85' lang='lat' dir='ltr'><strong>ipsum</strong></span> <span class='ocrx_word' id='word_1_18' title='bbox 1970 467 2114 528; x_wconf 75' lang='lat' dir='ltr'><strong>Alis</strong></span> <span class='ocrx_word' id='word_1_19' title='bbox 2159 485 2266 524; x_wconf 91' lang='lat' dir='ltr'><strong>non</strong></span> <span class='ocrx_word' id='word_1_20' title='bbox 2315 468 2500 525; x_wconf 88' lang='lat' dir='ltr'><strong>obviat</strong></span> <span class='ocrx_word' id='word_1_21' title='bbox 2549 467 2770 523; x_wconf 90' lang='lat' dir='ltr'><strong>Patrum</strong></span> <span class='ocrx_word' id='word_1_22' title='bbox 2799 508 2816 534; x_wconf 91' lang='lat'><strong>,</strong></span> <span class='ocrx_word' id='word_1_23' title='bbox 2867 466 2959 538; x_wconf 89' lang='lat' dir='ltr'><strong>qui</strong></span> <span class='ocrx_word' id='word_1_24' title='bbox 3009 472 3298 538; x_wconf 87' lang='lat' dir='ltr'><strong>paternum</strong></span> <span class='ocrx_word' id='word_1_25' title='bbox 3347 477 3455 520; x_wconf 91' lang='lat' dir='ltr'><strong>non</strong></span> <span class='ocrx_word' id='word_1_26' title='bbox 3515 465 3634 524; x_wconf 84' lang='lat' dir='ltr'><strong>vio-</strong></span> 
     </span>
    </p>
   </div>
   <div class='ocr_carea' id='block_1_5' title="bbox 357 559 1946 639">
    <p class='ocr_par' dir='ltr' id='par_1_5' title="bbox 357 559 1946 639">
     <span class='ocr_line' id='line_1_5' title="bbox 357 559 1946 639; baseline -0.006 -15"><span class='ocrx_word' id='word_1_27' title='bbox 357 566 673 639; x_wconf 75' lang='lat' dir='ltr'><strong>specialiter</strong></span> <span class='ocrx_word' id='word_1_28' title='bbox 741 577 924 635; x_wconf 89' lang='lat' dir='ltr'><strong>regem</strong></span> <span class='ocrx_word' id='word_1_29' title='bbox 973 561 1190 617; x_wconf 90' lang='lat' dir='ltr'><strong>vibrato</strong></span> <span class='ocrx_word' id='word_1_30' title='bbox 1240 561 1472 632; x_wconf 66' lang='lat' dir='ltr'><strong>propriae</strong></span> <span class='ocrx_word' id='word_1_31' title='bbox 1537 559 1696 631; x_wconf 81' lang='lat'><strong>507</strong></span> <span class='ocrx_word' id='word_1_32' title='bbox 1753 573 1946 614; x_wconf 88' lang='lat' dir='ltr'><strong>manus</strong></span> 
     </span>
    </p>
   </div>
   <div class='ocr_carea' id='block_1_6' title="bbox 352 648 1940 725">
    <p class='ocr_par' dir='ltr' id='par_1_6' title="bbox 352 648 1940 725">
     <span class='ocr_line' id='line_1_6' title="bbox 352 648 1940 725; baseline -0.006 -14"><span class='ocrx_word' id='word_1_33' title='bbox 352 657 537 725; x_wconf 83' lang='lat' dir='ltr'><strong>jaculo</strong></span> <span class='ocrx_word' id='word_1_34' title='bbox 591 655 860 712; x_wconf 84' lang='lat' dir='ltr'><strong>sauciare.</strong></span> <span class='ocrx_word' id='word_1_35' title='bbox 923 651 1105 708; x_wconf 82' lang='lat' dir='ltr'><strong>Multis</strong></span> <span class='ocrx_word' id='word_1_36' title='bbox 1161 665 1355 722; x_wconf 81' lang='lat' dir='ltr'><strong>nempe</strong></span> <span class='ocrx_word' id='word_1_37' title='bbox 1432 650 1729 706; x_wconf 81' lang='lat' dir='ltr'><strong>sceleribus</strong></span> <span class='ocrx_word' id='word_1_38' title='bbox 1782 648 1940 718; x_wconf 88' lang='lat' dir='ltr'><strong>plebs</strong></span> 
     </span>
    </p>
   </div>
   <div class='ocr_carea' id='block_1_7' title="bbox 358 740 1946 815">
    <p class='ocr_par' dir='ltr' id='par_1_7' title="bbox 358 740 1946 815">
     <span class='ocr_line' id='line_1_7' title="bbox 358 740 1946 815; baseline -0.009 -10"><span class='ocrx_word' id='word_1_39' title='bbox 358 747 658 805; x_wconf 81' lang='lat' dir='ltr'><strong>Israelitica</strong></span> <span class='ocrx_word' id='word_1_40' title='bbox 695 760 753 802; x_wconf 88' lang='lat' dir='ltr'><strong>se</strong></span> <span class='ocrx_word' id='word_1_41' title='bbox 794 743 1109 815; x_wconf 80' lang='lat' dir='ltr'><strong>frequenter</strong></span> <span class='ocrx_word' id='word_1_42' title='bbox 1137 742 1432 797; x_wconf 75' lang='lat' dir='ltr'><strong>immiscuit</strong></span> <span class='ocrx_word' id='word_1_43' title='bbox 1463 781 1479 807; x_wconf 93' lang='lat'><strong>,</strong></span> <span class='ocrx_word' id='word_1_44' title='bbox 1525 740 1624 795; x_wconf 90' lang='lat' dir='ltr'><strong>sed</strong></span> <span class='ocrx_word' id='word_1_45' title='bbox 1669 752 1946 808; x_wconf 81' lang='lat' dir='ltr'><strong>nunquam</strong></span> 
     </span>
    </p>
   </div>
   <div class='ocr_carea' id='block_1_8' title="bbox 357 832 1947 906">
    <p class='ocr_par' dir='ltr' id='par_1_8' title="bbox 357 832 1947 906">
     <span class='ocr_line' id='line_1_8' title="bbox 357 832 1947 906; baseline -0.009 -9"><span class='ocrx_word' id='word_1_46' title='bbox 357 856 421 898; x_wconf 87' lang='lat' dir='ltr'><strong>se</strong></span> <span class='ocrx_word' id='word_1_47' title='bbox 453 849 566 896; x_wconf 85' lang='lat' dir='ltr'><strong>tam</strong></span> <span class='ocrx_word' id='word_1_48' title='bbox 598 837 892 895; x_wconf 78' lang='lat' dir='ltr'><strong>crudeliter</strong></span> <span class='ocrx_word' id='word_1_49' title='bbox 918 835 1132 906; x_wconf 84' lang='lat' dir='ltr'><strong>polluit,</strong></span> <span class='ocrx_word' id='word_1_50' title='bbox 1160 850 1320 904; x_wconf 91' lang='lat' dir='ltr'><strong>quam</strong></span> <span class='ocrx_word' id='word_1_51' title='bbox 1351 843 1477 888; x_wconf 91' lang='lat' dir='ltr'><strong>tunc</strong></span> <span class='ocrx_word' id='word_1_52' title='bbox 1505 847 1627 887; x_wconf 93' lang='lat' dir='ltr'><strong>cum</strong></span> <span class='ocrx_word' id='word_1_53' title='bbox 1659 832 1947 886; x_wconf 90' lang='lat' dir='ltr'><strong>Dominum</strong></span> 
     </span>
    </p>
   </div>
   <div class='ocr_carea' id='block_1_9' title="bbox 359 921 1949 997">
    <p class='ocr_par' dir='ltr' id='par_1_9' title="bbox 359 921 1949 997">
     <span class='ocr_line' id='line_1_9' title="bbox 359 921 1949 997; baseline -0.008 -10"><span class='ocrx_word' id='word_1_54' title='bbox 359 930 656 988; x_wconf 80' lang='lat' dir='ltr'><strong>cruciﬁxit.</strong></span> <span class='ocrx_word' id='word_1_55' title='bbox 691 929 758 983; x_wconf 88' lang='lat' dir='ltr'><strong>Et</strong></span> <span class='ocrx_word' id='word_1_56' title='bbox 788 935 936 983; x_wconf 89' lang='lat' dir='ltr'><strong>certe</strong></span> <span class='ocrx_word' id='word_1_57' title='bbox 970 926 1062 997; x_wconf 85' lang='lat' dir='ltr'><strong>qui</strong></span> <span class='ocrx_word' id='word_1_58' title='bbox 1111 925 1449 980; x_wconf 80' lang='lat' dir='ltr'><strong>Dominicum</strong></span> <span class='ocrx_word' id='word_1_59' title='bbox 1495 938 1690 993; x_wconf 89' lang='lat' dir='ltr'><strong>corpus</strong></span> <span class='ocrx_word' id='word_1_60' title='bbox 1729 921 1949 992; x_wconf 79' lang='lat' dir='ltr'><strong>pollutis</strong></span> 
     </span>
    </p>
   </div>
   <div class='ocr_carea' id='block_1_10' title="bbox 361 1010 1946 1084">
    <p class='ocr_par' dir='ltr' id='par_1_10' title="bbox 361 1010 1946 1084">
     <span class='ocr_line' id='line_1_10' title="bbox 361 1010 1946 1084; baseline -0.008 -8"><span class='ocrx_word' id='word_1_61' title='bbox 361 1029 598 1076; x_wconf 78' lang='lat' dir='ltr'><strong>tractare</strong></span> <span class='ocrx_word' id='word_1_62' title='bbox 618 1019 870 1074; x_wconf 90' lang='lat' dir='ltr'><strong>manibus</strong></span> <span class='ocrx_word' id='word_1_63' title='bbox 891 1032 997 1072; x_wconf 92' lang='lat' dir='ltr'><strong>non</strong></span> <span class='ocrx_word' id='word_1_64' title='bbox 1027 1025 1264 1078; x_wconf 86' lang='lat' dir='ltr'><strong>veretur,</strong></span> <span class='ocrx_word' id='word_1_65' title='bbox 1299 1013 1731 1084; x_wconf 88' lang='lat' dir='ltr'><strong>crueiﬁgentium</strong></span> <span class='ocrx_word' id='word_1_66' title='bbox 1762 1010 1946 1065; x_wconf 81' lang='lat' dir='ltr'><strong>Jesum</strong></span> 
     </span>
    </p>
   </div>
   <div class='ocr_carea' id='block_1_11' title="bbox 359 1103 1944 1184">
    <p class='ocr_par' dir='ltr' id='par_1_11' title="bbox 359 1103 1944 1184">
     <span class='ocr_line' id='line_1_11' title="bbox 359 1103 1944 1184; baseline -0.007 -21"><span class='ocrx_word' id='word_1_67' title='bbox 359 1111 634 1184; x_wconf 83' lang='lat' dir='ltr'><strong>particeps</strong></span> <span class='ocrx_word' id='word_1_68' title='bbox 659 1123 783 1164; x_wconf 90' lang='lat' dir='ltr'><strong>esse</strong></span> <span class='ocrx_word' id='word_1_69' title='bbox 811 1106 1170 1163; x_wconf 91' lang='lat' dir='ltr'><strong>convincitur.</strong></span> <span class='ocrx_word' id='word_1_70' title='bbox 1221 1104 1427 1172; x_wconf 86' lang='lat' dir='ltr'><strong>Quibus</strong></span> <span class='ocrx_word' id='word_1_71' title='bbox 1472 1103 1726 1158; x_wconf 87' lang='lat' dir='ltr'><strong>nimirum</strong></span> <span class='ocrx_word' id='word_1_72' title='bbox 1777 1114 1944 1169; x_wconf 81' lang='lat' dir='ltr'><strong>expa-</strong></span> 
     </span>
    </p>
   </div>
   <div class='ocr_carea' id='block_1_12' title="bbox 359 1197 1948 1272">
    <p class='ocr_par' dir='ltr' id='par_1_12' title="bbox 359 1197 1948 1272">
     <span class='ocr_line' id='line_1_12' title="bbox 359 1197 1948 1272; baseline -0.008 -10"><span class='ocrx_word' id='word_1_73' title='bbox 359 1209 631 1264; x_wconf 89' lang='lat' dir='ltr'><strong>vescenda</strong></span> <span class='ocrx_word' id='word_1_74' title='bbox 676 1207 837 1261; x_wconf 91' lang='lat' dir='ltr'><strong>nimis</strong></span> <span class='ocrx_word' id='word_1_75' title='bbox 885 1212 969 1260; x_wconf 90' lang='lat' dir='ltr'><strong>est</strong></span> <span class='ocrx_word' id='word_1_76' title='bbox 1015 1201 1310 1272; x_wconf 88' lang='lat' dir='ltr'><strong>apostolica</strong></span> <span class='ocrx_word' id='word_1_77' title='bbox 1361 1199 1450 1254; x_wconf 93' lang='lat' dir='ltr'><strong>illa</strong></span> <span class='ocrx_word' id='word_1_78' title='bbox 1495 1197 1783 1257; x_wconf 88' lang='lat' dir='ltr'><strong>sententia,</strong></span> <span class='ocrx_word' id='word_1_79' title='bbox 1842 1209 1948 1266; x_wconf 89' lang='lat' dir='ltr'><strong>qua</strong></span> 
     </span>
    </p>
   </div>
   <div class='ocr_carea' id='block_1_13' title="bbox 362 1287 1947 1368">
    <p class='ocr_par' dir='ltr' id='par_1_13' title="bbox 362 1287 1947 1368">
     <span class='ocr_line' id='line_1_13' title="bbox 362 1287 1947 1368; baseline -0.009 -12"><span class='ocrx_word' id='word_1_80' title='bbox 362 1301 589 1356; x_wconf 86' lang='lat' dir='ltr'><strong>dicitur:</strong></span> <span class='ocrx_word' id='word_1_81' title='bbox 611 1318 630 1352; x_wconf 75' lang='grc' dir='ltr'><strong><em>ι</em></strong></span> <span class='ocrx_word' id='word_1_82' title='bbox 665 1295 1004 1368; x_wconf 87' lang='lat' dir='ltr'><strong>lmpossibile</strong></span> <span class='ocrx_word' id='word_1_83' title='bbox 1029 1303 1114 1350; x_wconf 89' lang='lat' dir='ltr'><strong>est</strong></span> <span class='ocrx_word' id='word_1_84' title='bbox 1143 1307 1257 1358; x_wconf 88' lang='lat' dir='ltr'><strong>eos,</strong></span> <span class='ocrx_word' id='word_1_85' title='bbox 1291 1293 1383 1363; x_wconf 90' lang='lat' dir='ltr'><strong>qui</strong></span> <span class='ocrx_word' id='word_1_86' title='bbox 1406 1290 1573 1348; x_wconf 89' lang='lat' dir='ltr'><strong>semel</strong></span> <span class='ocrx_word' id='word_1_87' title='bbox 1595 1299 1721 1345; x_wconf 92' lang='lat' dir='ltr'><strong>sunt</strong></span> <span class='ocrx_word' id='word_1_88' title='bbox 1746 1287 1947 1342; x_wconf 78' lang='lat' dir='ltr'><strong>illumi—</strong></span> 
     </span>
    </p>
   </div>
   <div class='ocr_carea' id='block_1_14' title="bbox 362 1380 1950 1461">
    <p class='ocr_par' dir='ltr' id='par_1_14' title="bbox 362 1380 1950 1461">
     <span class='ocr_line' id='line_1_14' title="bbox 362 1380 1950 1461; baseline -0.008 -15"><span class='ocrx_word' id='word_1_89' title='bbox 362 1391 500 1455; x_wconf 89' lang='lat' dir='ltr'><strong>nati,</strong></span> <span class='ocrx_word' id='word_1_90' title='bbox 522 1399 874 1461; x_wconf 88' lang='lat' dir='ltr'><strong>gustaverunt</strong></span> <span class='ocrx_word' id='word_1_91' title='bbox 903 1387 1068 1443; x_wconf 92' lang='lat' dir='ltr'><strong>etiam</strong></span> <span class='ocrx_word' id='word_1_92' title='bbox 1096 1385 1295 1441; x_wconf 90' lang='lat' dir='ltr'><strong>donum</strong></span> <span class='ocrx_word' id='word_1_93' title='bbox 1323 1383 1633 1446; x_wconf 89' lang='lat' dir='ltr'><strong>coeleste,et</strong></span> <span class='ocrx_word' id='word_1_94' title='bbox 1657 1380 1950 1450; x_wconf 82' lang='lat' dir='ltr'><strong>participes</strong></span> 
     </span>
    </p>
   </div>
   <div class='ocr_carea' id='block_1_15' title="bbox 361 1470 1949 1550">
    <p class='ocr_par' dir='ltr' id='par_1_15' title="bbox 361 1470 1949 1550">
     <span class='ocr_line' id='line_1_15' title="bbox 361 1470 1949 1550; baseline -0.006 -15"><span class='ocrx_word' id='word_1_95' title='bbox 361 1481 493 1536; x_wconf 83' lang='lat' dir='ltr'><strong>facti</strong></span> <span class='ocrx_word' id='word_1_96' title='bbox 533 1489 662 1536; x_wconf 89' lang='lat' dir='ltr'><strong>sunt</strong></span> <span class='ocrx_word' id='word_1_97' title='bbox 703 1479 938 1550; x_wconf 89' lang='lat' dir='ltr'><strong>Spiritus</strong></span> <span class='ocrx_word' id='word_1_98' title='bbox 979 1477 1177 1542; x_wconf 86' lang='lat' dir='ltr'><strong>sancti,</strong></span> <span class='ocrx_word' id='word_1_99' title='bbox 1207 1482 1562 1548; x_wconf 88' lang='lat' dir='ltr'><strong>gustaverunt</strong></span> <span class='ocrx_word' id='word_1_100' title='bbox 1595 1470 1949 1527; x_wconf 86' lang='lat' dir='ltr'><strong>nihilominus</strong></span> 
     </span>
    </p>
   </div>
   <div class='ocr_carea' id='block_1_16' title="bbox 357 1561 1951 1637">
    <p class='ocr_par' dir='ltr' id='par_1_16' title="bbox 357 1561 1951 1637">
     <span class='ocr_line' id='line_1_16' title="bbox 357 1561 1951 1637; baseline -0.008 -9"><span class='ocrx_word' id='word_1_101' title='bbox 357 1574 558 1628; x_wconf 90' lang='lat' dir='ltr'><strong>bonum</strong></span> <span class='ocrx_word' id='word_1_102' title='bbox 594 1571 688 1627; x_wconf 88' lang='lat' dir='ltr'><strong>Dei</strong></span> <span class='ocrx_word' id='word_1_103' title='bbox 723 1571 969 1633; x_wconf 79' lang='lat' dir='ltr'><strong>verbum,</strong></span> <span class='ocrx_word' id='word_1_104' title='bbox 994 1569 1331 1637; x_wconf 76' lang='lat' dir='ltr'><strong>virtutesque</strong></span> <span class='ocrx_word' id='word_1_105' title='bbox 1373 1565 1553 1621; x_wconf 70' lang='lat' dir='ltr'><strong>smculi</strong></span> <span class='ocrx_word' id='word_1_106' title='bbox 1610 1561 1847 1626; x_wconf 89' lang='lat' dir='ltr'><strong>venturi,</strong></span> <span class='ocrx_word' id='word_1_107' title='bbox 1895 1569 1951 1616; x_wconf 93' lang='lat' dir='ltr'><strong>et</strong></span> 
     </span>
    </p>
   </div>
   <div class='ocr_carea' id='block_1_17' title="bbox 358 1653 1946 1740">
    <p class='ocr_par' dir='ltr' id='par_1_17' title="bbox 358 1653 1946 1740">
     <span class='ocr_line' id='line_1_17' title="bbox 358 1653 1946 1740; baseline -0.007 -25"><span class='ocrx_word' id='word_1_108' title='bbox 358 1661 593 1740; x_wconf 79' lang='lat' dir='ltr'><strong>prolapsi</strong></span> <span class='ocrx_word' id='word_1_109' title='bbox 639 1668 786 1725; x_wconf 88' lang='lat' dir='ltr'><strong>sunt,</strong></span> <span class='ocrx_word' id='word_1_110' title='bbox 826 1673 1015 1714; x_wconf 86' lang='lat' dir='ltr'><strong>rursus</strong></span> <span class='ocrx_word' id='word_1_111' title='bbox 1042 1657 1292 1712; x_wconf 91' lang='lat' dir='ltr'><strong>renovari</strong></span> <span class='ocrx_word' id='word_1_112' title='bbox 1314 1657 1380 1710; x_wconf 90' lang='lat' dir='ltr'><strong>ad</strong></span> <span class='ocrx_word' id='word_1_113' title='bbox 1403 1653 1802 1725; x_wconf 81' lang='lat' dir='ltr'><strong>paenitentiam,</strong></span> <span class='ocrx_word' id='word_1_114' title='bbox 1824 1668 1946 1706; x_wconf 80' lang='lat' dir='ltr'><strong>rur-</strong></span> 
     </span>
    </p>
   </div>
   <div class='ocr_carea' id='block_1_18' title="bbox 359 1744 1944 1825">
    <p class='ocr_par' dir='ltr' id='par_1_18' title="bbox 359 1744 1944 1825">
     <span class='ocr_line' id='line_1_18' title="bbox 359 1744 1944 1825; baseline -0.007 -17"><span class='ocrx_word' id='word_1_115' title='bbox 359 1769 478 1808; x_wconf 88' lang='lat' dir='ltr'><strong>sum</strong></span> <span class='ocrx_word' id='word_1_116' title='bbox 502 1751 885 1825; x_wconf 88' lang='lat' dir='ltr'><strong>cruciﬁgcntes</strong></span> <span class='ocrx_word' id='word_1_117' title='bbox 912 1748 1265 1819; x_wconf 87' lang='lat' dir='ltr'><strong>sibimetipsis</strong></span> <span class='ocrx_word' id='word_1_118' title='bbox 1280 1746 1474 1801; x_wconf 87' lang='lat' dir='ltr'><strong>Filium</strong></span> <span class='ocrx_word' id='word_1_119' title='bbox 1493 1745 1609 1808; x_wconf 92' lang='lat' dir='ltr'><strong>Dei,</strong></span> <span class='ocrx_word' id='word_1_120' title='bbox 1633 1755 1686 1800; x_wconf 90' lang='lat' dir='ltr'><strong>et</strong></span> <span class='ocrx_word' id='word_1_121' title='bbox 1710 1744 1944 1798; x_wconf 82' lang='lat' dir='ltr'><strong>ostentui</strong></span> 
     </span>
    </p>
   </div>
   <div class='ocr_carea' id='block_1_19' title="bbox 2046 556 3628 632">
    <p class='ocr_par' dir='ltr' id='par_1_19' title="bbox 2046 556 3628 632">
     <span class='ocr_line' id='line_1_19' title="bbox 2046 556 3628 632; baseline 0.001 -17"><span class='ocrx_word' id='word_1_122' title='bbox 2046 559 2123 615; x_wconf 88' lang='lat' dir='ltr'><strong>lat</strong></span> <span class='ocrx_word' id='word_1_123' title='bbox 2145 561 2472 625; x_wconf 90' lang='lat' dir='ltr'><strong>institutum,</strong></span> <span class='ocrx_word' id='word_1_124' title='bbox 2505 561 2650 616; x_wconf 89' lang='lat' dir='ltr'><strong>unde</strong></span> <span class='ocrx_word' id='word_1_125' title='bbox 2673 561 2883 632; x_wconf 85' lang='lat' dir='ltr'><strong>Moyses</strong></span> <span class='ocrx_word' id='word_1_126' title='bbox 2909 559 2986 615; x_wconf 88' lang='lat' dir='ltr'><strong>ait</strong></span> <span class='ocrx_word' id='word_1_127' title='bbox 3020 577 3034 612; x_wconf 89' lang='lat'><strong>:</strong></span> <span class='ocrx_word' id='word_1_128' title='bbox 3060 559 3224 631; x_wconf 77' lang='lat'><strong>508</strong></span> <span class='ocrx_word' id='word_1_129' title='bbox 3256 575 3276 611; x_wconf 73' lang='grc' dir='ltr'>ι</span> <span class='ocrx_word' id='word_1_130' title='bbox 3308 556 3516 615; x_wconf 81' lang='lat' dir='ltr'><strong>Oﬁ&#39;erat</strong></span> <span class='ocrx_word' id='word_1_131' title='bbox 3551 560 3628 616; x_wconf 91' lang='lat' dir='ltr'><strong>si-</strong></span> 
     </span>
    </p>
   </div>
   <div class='ocr_carea' id='block_1_20' title="bbox 2045 651 3635 708">
    <p class='ocr_par' dir='ltr' id='par_1_20' title="bbox 2045 651 3635 708">
     <span class='ocr_line' id='line_1_20' title="bbox 2045 651 3635 708; baseline 0.001 -2"><span class='ocrx_word' id='word_1_132' title='bbox 2045 652 2230 707; x_wconf 87' lang='lat' dir='ltr'><strong>milam</strong></span> <span class='ocrx_word' id='word_1_133' title='bbox 2283 652 2514 708; x_wconf 86' lang='lat' dir='ltr'><strong>calidam</strong></span> <span class='ocrx_word' id='word_1_134' title='bbox 2565 653 2621 708; x_wconf 90' lang='lat' dir='ltr'><strong>in</strong></span> <span class='ocrx_word' id='word_1_135' title='bbox 2683 652 2906 708; x_wconf 91' lang='lat' dir='ltr'><strong>odorem</strong></span> <span class='ocrx_word' id='word_1_136' title='bbox 2965 652 3349 708; x_wconf 90' lang='lat' dir='ltr'><strong>suavissimum</strong></span> <span class='ocrx_word' id='word_1_137' title='bbox 3402 651 3635 707; x_wconf 90' lang='lat' dir='ltr'><strong>Domino</strong></span> 
     </span>
    </p>
   </div>
   <div class='ocr_carea' id='block_1_21' title="bbox 2045 741 3622 815">
    <p class='ocr_par' dir='ltr' id='par_1_21' title="bbox 2045 741 3622 815">
     <span class='ocr_line' id='line_1_21' title="bbox 2045 741 3622 815; baseline 0 -18"><span class='ocrx_word' id='word_1_138' title='bbox 2045 743 2321 809; x_wconf 82' lang='lat' dir='ltr'><strong>sacerdos,</strong></span> <span class='ocrx_word' id='word_1_139' title='bbox 2352 745 2443 814; x_wconf 89' lang='lat' dir='ltr'><strong>qui</strong></span> <span class='ocrx_word' id='word_1_140' title='bbox 2499 743 2643 813; x_wconf 89' lang='lat' dir='ltr'><strong>patri</strong></span> <span class='ocrx_word' id='word_1_141' title='bbox 2685 745 2809 814; x_wconf 83' lang='lat' dir='ltr'><strong>jure</strong></span> <span class='ocrx_word' id='word_1_142' title='bbox 2859 743 3186 800; x_wconf 87' lang='lat' dir='ltr'><strong>successerit</strong></span> <span class='ocrx_word' id='word_1_143' title='bbox 3231 741 3422 815; x_wconf 75' lang='lat' dir='ltr'><strong>(Levii.</strong></span> <span class='ocrx_word' id='word_1_144' title='bbox 3471 742 3575 813; x_wconf 76' lang='lat' dir='ltr'><strong>vn).</strong></span> <span class='ocrx_word' id='word_1_145' title='bbox 3603 763 3622 797; x_wconf 73' lang='grc' dir='ltr'>ι</span> 
     </span>
    </p>
   </div>
   <div class='ocr_carea' id='block_1_22' title="bbox 2045 831 3631 905">
    <p class='ocr_par' dir='ltr' id='par_1_22' title="bbox 2045 831 3631 905">
     <span class='ocr_line' id='line_1_22' title="bbox 2045 831 3631 905; baseline 0.001 -19"><span class='ocrx_word' id='word_1_146' title='bbox 2045 831 2136 886; x_wconf 86' lang='lat' dir='ltr'><strong>Ille</strong></span> <span class='ocrx_word' id='word_1_147' title='bbox 2162 833 2358 904; x_wconf 89' lang='lat' dir='ltr'><strong>quippe</strong></span> <span class='ocrx_word' id='word_1_148' title='bbox 2384 834 2636 890; x_wconf 88' lang='lat' dir='ltr'><strong>sacerdos</strong></span> <span class='ocrx_word' id='word_1_149' title='bbox 2665 834 2803 904; x_wconf 91' lang='lat' dir='ltr'><strong>patri</strong></span> <span class='ocrx_word' id='word_1_150' title='bbox 2826 832 2952 903; x_wconf 89' lang='lat' dir='ltr'><strong>jure</strong></span> <span class='ocrx_word' id='word_1_151' title='bbox 2980 835 3250 901; x_wconf 90' lang='lat' dir='ltr'><strong>succedit,</strong></span> <span class='ocrx_word' id='word_1_152' title='bbox 3281 835 3372 905; x_wconf 89' lang='lat' dir='ltr'><strong>qui</strong></span> <span class='ocrx_word' id='word_1_153' title='bbox 3411 843 3631 889; x_wconf 54' lang='lat' dir='ltr'><strong>sancto.</strong></span> 
     </span>
    </p>
   </div>
   <div class='ocr_carea' id='block_1_23' title="bbox 2047 925 3629 998">
    <p class='ocr_par' dir='ltr' id='par_1_23' title="bbox 2047 925 3629 998">
     <span class='ocr_line' id='line_1_23' title="bbox 2047 925 3629 998; baseline 0.001 -18"><span class='ocrx_word' id='word_1_154' title='bbox 2047 941 2167 980; x_wconf 91' lang='lat' dir='ltr'><strong>rum</strong></span> <span class='ocrx_word' id='word_1_155' title='bbox 2194 925 2418 982; x_wconf 86' lang='lat' dir='ltr'><strong>Patrum</strong></span> <span class='ocrx_word' id='word_1_156' title='bbox 2477 926 2867 996; x_wconf 81' lang='lat' dir='ltr'><strong>ingenuitatem</strong></span> <span class='ocrx_word' id='word_1_157' title='bbox 2920 927 2974 982; x_wconf 92' lang='lat' dir='ltr'><strong>in</strong></span> <span class='ocrx_word' id='word_1_158' title='bbox 3025 928 3330 998; x_wconf 90' lang='lat' dir='ltr'><strong>conspicuis</strong></span> <span class='ocrx_word' id='word_1_159' title='bbox 3375 926 3629 998; x_wconf 84' lang='lat' dir='ltr'><strong>operibus</strong></span> 
     </span>
    </p>
   </div>
   <div class='ocr_carea' id='block_1_24' title="bbox 2047 1017 3631 1092">
    <p class='ocr_par' dir='ltr' id='par_1_24' title="bbox 2047 1017 3631 1092">
     <span class='ocr_line' id='line_1_24' title="bbox 2047 1017 3631 1092; baseline 0.001 -18"><span class='ocrx_word' id='word_1_160' title='bbox 2047 1017 2319 1088; x_wconf 82' lang='lat' dir='ltr'><strong>exprimit,</strong></span> <span class='ocrx_word' id='word_1_161' title='bbox 2351 1019 2442 1088; x_wconf 92' lang='lat' dir='ltr'><strong>qui</strong></span> <span class='ocrx_word' id='word_1_162' title='bbox 2472 1019 2734 1090; x_wconf 84' lang='lat' dir='ltr'><strong>majorum</strong></span> <span class='ocrx_word' id='word_1_163' title='bbox 2765 1035 2986 1075; x_wconf 90' lang='lat' dir='ltr'><strong>suorum</strong></span> <span class='ocrx_word' id='word_1_164' title='bbox 3015 1021 3321 1091; x_wconf 85' lang='lat' dir='ltr'><strong>prosapiam</strong></span> <span class='ocrx_word' id='word_1_165' title='bbox 3375 1035 3476 1092; x_wconf 93' lang='lat' dir='ltr'><strong>per</strong></span> <span class='ocrx_word' id='word_1_166' title='bbox 3508 1035 3631 1090; x_wconf 86' lang='lat' dir='ltr'><strong>spu-</strong></span> 
     </span>
    </p>
   </div>
   <div class='ocr_carea' id='block_1_25' title="bbox 2051 1110 3635 1184">
    <p class='ocr_par' dir='ltr' id='par_1_25' title="bbox 2051 1110 3635 1184">
     <span class='ocr_line' id='line_1_25' title="bbox 2051 1110 3635 1184; baseline 0 -18"><span class='ocrx_word' id='word_1_167' title='bbox 2051 1113 2142 1168; x_wconf 75' lang='lat' dir='ltr'><strong>ria:</strong></span> <span class='ocrx_word' id='word_1_168' title='bbox 2181 1113 2609 1168; x_wconf 82' lang='lat' dir='ltr'><strong>conversationis</strong></span> <span class='ocrx_word' id='word_1_169' title='bbox 2646 1113 2994 1184; x_wconf 79' lang='lat' dir='ltr'><strong>ignominiam</strong></span> <span class='ocrx_word' id='word_1_170' title='bbox 3023 1127 3131 1169; x_wconf 92' lang='lat' dir='ltr'><strong>non</strong></span> <span class='ocrx_word' id='word_1_171' title='bbox 3154 1110 3466 1177; x_wconf 80' lang='lat' dir='ltr'><strong>confundit;</strong></span> <span class='ocrx_word' id='word_1_172' title='bbox 3499 1110 3635 1166; x_wconf 86' lang='lat' dir='ltr'><strong>alio-</strong></span> 
     </span>
    </p>
   </div>
   <div class='ocr_carea' id='block_1_26' title="bbox 2047 1203 3696 1274">
    <p class='ocr_par' dir='ltr' id='par_1_26' title="bbox 2047 1203 3696 1274">
     <span class='ocr_line' id='line_1_26' title="bbox 2047 1203 3696 1274; baseline 0 -18"><span class='ocrx_word' id='word_1_173' title='bbox 2047 1204 2177 1273; x_wconf 90' lang='lat' dir='ltr'><strong>quin</strong></span> <span class='ocrx_word' id='word_1_174' title='bbox 2205 1203 2452 1273; x_wconf 89' lang='lat' dir='ltr'><strong>quisquis</strong></span> <span class='ocrx_word' id='word_1_175' title='bbox 2481 1203 2570 1258; x_wconf 91' lang='lat' dir='ltr'><strong>ille</strong></span> <span class='ocrx_word' id='word_1_176' title='bbox 2603 1213 2706 1270; x_wconf 88' lang='lat' dir='ltr'><strong>est,</strong></span> <span class='ocrx_word' id='word_1_177' title='bbox 2737 1204 2827 1274; x_wconf 93' lang='lat' dir='ltr'><strong>qui</strong></span> <span class='ocrx_word' id='word_1_178' title='bbox 2848 1203 2991 1258; x_wconf 86' lang='lat' dir='ltr'><strong>velut</strong></span> <span class='ocrx_word' id='word_1_179' title='bbox 3018 1219 3048 1259; x_wconf 89' lang='lat' dir='ltr'><strong>a</strong></span> <span class='ocrx_word' id='word_1_180' title='bbox 3075 1203 3245 1259; x_wconf 89' lang='lat' dir='ltr'><strong>titulis</strong></span> <span class='ocrx_word' id='word_1_181' title='bbox 3275 1216 3629 1274; x_wconf 87' lang='lat' dir='ltr'><strong>proavorum,</strong></span> <span class='ocrx_word' id='word_1_182' title='bbox 3693 1217 3696 1224; x_wconf 85' lang='lat'>&#39;</span> 
     </span>
    </p>
   </div>
   <div class='ocr_carea' id='block_1_27' title="bbox 2047 1291 3636 1366">
    <p class='ocr_par' dir='ltr' id='par_1_27' title="bbox 2047 1291 3636 1366">
     <span class='ocr_line' id='line_1_27' title="bbox 2047 1291 3636 1366; baseline -0.003 -16"><span class='ocrx_word' id='word_1_183' title='bbox 2047 1303 2102 1350; x_wconf 90' lang='lat' dir='ltr'><strong>et</strong></span> <span class='ocrx_word' id='word_1_184' title='bbox 2131 1294 2277 1349; x_wconf 88' lang='lat' dir='ltr'><strong>clara</strong></span> <span class='ocrx_word' id='word_1_185' title='bbox 2307 1295 2668 1366; x_wconf 81' lang='lat' dir='ltr'><strong>generositate</strong></span> <span class='ocrx_word' id='word_1_186' title='bbox 2715 1295 3027 1362; x_wconf 74' lang='lat' dir='ltr'><strong>degenerat,</strong></span> <span class='ocrx_word' id='word_1_187' title='bbox 3078 1294 3170 1364; x_wconf 91' lang='lat' dir='ltr'><strong>qui</strong></span> <span class='ocrx_word' id='word_1_188' title='bbox 3206 1308 3268 1349; x_wconf 89' lang='lat' dir='ltr'><strong>se</strong></span> <span class='ocrx_word' id='word_1_189' title='bbox 3302 1308 3410 1350; x_wconf 90' lang='lat' dir='ltr'><strong>non</strong></span> <span class='ocrx_word' id='word_1_190' title='bbox 3460 1291 3636 1363; x_wconf 84' lang='lat' dir='ltr'><strong>legiti-</strong></span> 
     </span>
    </p>
   </div>
   <div class='ocr_carea' id='block_1_28' title="bbox 2051 1381 3632 1452">
    <p class='ocr_par' dir='ltr' id='par_1_28' title="bbox 2051 1381 3632 1452">
     <span class='ocr_line' id='line_1_28' title="bbox 2051 1381 3632 1452; baseline -0.003 -12"><span class='ocrx_word' id='word_1_191' title='bbox 2051 1402 2222 1452; x_wconf 91' lang='lat' dir='ltr'><strong>mum,</strong></span> <span class='ocrx_word' id='word_1_192' title='bbox 2255 1387 2349 1444; x_wconf 92' lang='lat' dir='ltr'><strong>sed</strong></span> <span class='ocrx_word' id='word_1_193' title='bbox 2381 1385 2746 1440; x_wconf 85' lang='lat' dir='ltr'><strong>adulterinum</strong></span> <span class='ocrx_word' id='word_1_194' title='bbox 2779 1385 2862 1440; x_wconf 93' lang='lat' dir='ltr'><strong>vel</strong></span> <span class='ocrx_word' id='word_1_195' title='bbox 2888 1393 3212 1442; x_wconf 80' lang='lat' dir='ltr'><strong>extraneum</strong></span> <span class='ocrx_word' id='word_1_196' title='bbox 3241 1383 3432 1447; x_wconf 85' lang='lat' dir='ltr'><strong>alienis</strong></span> <span class='ocrx_word' id='word_1_197' title='bbox 3462 1381 3632 1438; x_wconf 83' lang='lat' dir='ltr'><strong>mori-</strong></span> 
     </span>
    </p>
   </div>
   <div class='ocr_carea' id='block_1_29' title="bbox 2049 1474 3633 1550">
    <p class='ocr_par' dir='ltr' id='par_1_29' title="bbox 2049 1474 3633 1550">
     <span class='ocr_line' id='line_1_29' title="bbox 2049 1474 3633 1550; baseline -0.004 -17"><span class='ocrx_word' id='word_1_198' title='bbox 2049 1477 2152 1533; x_wconf 91' lang='lat' dir='ltr'><strong>bus</strong></span> <span class='ocrx_word' id='word_1_199' title='bbox 2198 1486 2574 1550; x_wconf 84' lang='lat' dir='ltr'><strong>repraesentat,</strong></span> <span class='ocrx_word' id='word_1_200' title='bbox 2622 1477 2948 1545; x_wconf 76' lang='lat' dir='ltr'><strong>ejiciendum</strong></span> <span class='ocrx_word' id='word_1_201' title='bbox 2984 1491 3043 1532; x_wconf 91' lang='lat' dir='ltr'><strong>se</strong></span> <span class='ocrx_word' id='word_1_202' title='bbox 3073 1476 3140 1531; x_wconf 85' lang='lat' dir='ltr'><strong>de</strong></span> <span class='ocrx_word' id='word_1_203' title='bbox 3170 1475 3476 1531; x_wconf 85' lang='lat' dir='ltr'><strong>sacerdotio</strong></span> <span class='ocrx_word' id='word_1_204' title='bbox 3521 1474 3633 1530; x_wconf 83' lang='lat' dir='ltr'><strong>evi-</strong></span> 
     </span>
    </p>
   </div>
   <div class='ocr_carea' id='block_1_30' title="bbox 2048 1564 3641 1636">
    <p class='ocr_par' dir='ltr' id='par_1_30' title="bbox 2048 1564 3641 1636">
     <span class='ocr_line' id='line_1_30' title="bbox 2048 1564 3641 1636; baseline -0.004 -13"><span class='ocrx_word' id='word_1_205' title='bbox 2048 1567 2242 1625; x_wconf 90' lang='lat' dir='ltr'><strong>denter</strong></span> <span class='ocrx_word' id='word_1_206' title='bbox 2267 1569 2488 1624; x_wconf 88' lang='lat' dir='ltr'><strong>indicat.</strong></span> <span class='ocrx_word' id='word_1_207' title='bbox 2520 1566 2674 1623; x_wconf 90' lang='lat' dir='ltr'><strong>Unde</strong></span> <span class='ocrx_word' id='word_1_208' title='bbox 2703 1577 2755 1622; x_wconf 91' lang='lat' dir='ltr'><strong>et</strong></span> <span class='ocrx_word' id='word_1_209' title='bbox 2785 1569 2836 1622; x_wconf 91' lang='lat' dir='ltr'><strong>iu</strong></span> <span class='ocrx_word' id='word_1_210' title='bbox 2867 1567 3006 1623; x_wconf 84' lang='lat' dir='ltr'><strong>libm</strong></span> <span class='ocrx_word' id='word_1_211' title='bbox 3023 1566 3208 1623; x_wconf 81' lang='lat' dir='ltr'><strong>Esdrae</strong></span> <span class='ocrx_word' id='word_1_212' title='bbox 3231 1564 3641 1636; x_wconf 87' lang='lat' dir='ltr'><strong>dequibusdam-</strong></span> 
     </span>
    </p>
   </div>
   <div class='ocr_carea' id='block_1_31' title="bbox 2047 1657 3634 1730">
    <p class='ocr_par' dir='ltr' id='par_1_31' title="bbox 2047 1657 3634 1730">
     <span class='ocr_line' id='line_1_31' title="bbox 2047 1657 3634 1730; baseline -0.002 -15"><span class='ocrx_word' id='word_1_213' title='bbox 2047 1659 2275 1715; x_wconf 89' lang='lat' dir='ltr'><strong>dicitur:</strong></span> <span class='ocrx_word' id='word_1_214' title='bbox 2319 1677 2338 1711; x_wconf 72' lang='grc' dir='ltr'><strong>ς</strong></span> <span class='ocrx_word' id='word_1_215' title='bbox 2371 1659 2508 1726; x_wconf 88' lang='lat' dir='ltr'><strong>Quia</strong></span> <span class='ocrx_word' id='word_1_216' title='bbox 2535 1659 2868 1730; x_wconf 69' lang='lat' dir='ltr'><strong>quaesierunt</strong></span> <span class='ocrx_word' id='word_1_217' title='bbox 2925 1660 3250 1730; x_wconf 85' lang='lat' dir='ltr'><strong>scripturam</strong></span> <span class='ocrx_word' id='word_1_218' title='bbox 3305 1657 3634 1729; x_wconf 66' lang='lat' dir='ltr'><strong>genealogis:</strong></span> 
     </span>
    </p>
   </div>
   <div class='ocr_carea' id='block_1_32' title="bbox 2049 1747 3629 1820">
    <p class='ocr_par' dir='ltr' id='par_1_32' title="bbox 2049 1747 3629 1820">
     <span class='ocr_line' id='line_1_32' title="bbox 2049 1747 3629 1820; baseline -0.003 -15"><span class='ocrx_word' id='word_1_219' title='bbox 2049 1766 2179 1816; x_wconf 85' lang='lat' dir='ltr'><strong>suae,</strong></span> <span class='ocrx_word' id='word_1_220' title='bbox 2211 1759 2266 1805; x_wconf 92' lang='lat' dir='ltr'><strong>et</strong></span> <span class='ocrx_word' id='word_1_221' title='bbox 2293 1765 2397 1804; x_wconf 92' lang='lat' dir='ltr'><strong>non</strong></span> <span class='ocrx_word' id='word_1_222' title='bbox 2429 1752 2767 1811; x_wconf 84' lang='lat' dir='ltr'><strong>invenerunt,</strong></span> <span class='ocrx_word' id='word_1_223' title='bbox 2800 1749 3024 1820; x_wconf 88' lang='lat' dir='ltr'><strong>ideoque</strong></span> <span class='ocrx_word' id='word_1_224' title='bbox 3059 1749 3218 1819; x_wconf 91' lang='lat' dir='ltr'><strong>ejecti</strong></span> <span class='ocrx_word' id='word_1_225' title='bbox 3257 1757 3384 1802; x_wconf 90' lang='lat' dir='ltr'><strong>sunt</strong></span> <span class='ocrx_word' id='word_1_226' title='bbox 3437 1747 3502 1802; x_wconf 90' lang='lat' dir='ltr'><strong>dc</strong></span> <span class='ocrx_word' id='word_1_227' title='bbox 3540 1762 3629 1801; x_wconf 84' lang='lat' dir='ltr'><strong>sa-</strong></span> 
     </span>
    </p>
   </div>
   <div class='ocr_carea' id='block_1_33' title="bbox 358 1820 1946 1912">
    <p class='ocr_par' dir='ltr' id='par_1_33' title="bbox 358 1820 1946 1912">
     <span class='ocr_line' id='line_1_33' title="bbox 358 1820 1946 1912; baseline -0.007 -14"><span class='ocrx_word' id='word_1_228' title='bbox 358 1845 621 1905; x_wconf 84' lang='lat' dir='ltr'><strong>habentcs</strong></span> <span class='ocrx_word' id='word_1_229' title='bbox 657 1820 844 1911; x_wconf 60' lang='lat' dir='ltr'><strong>(Hebr.</strong></span> <span class='ocrx_word' id='word_1_230' title='bbox 873 1840 970 1912; x_wconf 79' lang='lat' dir='ltr'><strong>vi).</strong></span> <span class='ocrx_word' id='word_1_231' title='bbox 998 1840 1038 1894; x_wconf 86' lang='lat' dir='ltr'><strong>A</strong></span> <span class='ocrx_word' id='word_1_232' title='bbox 1081 1840 1230 1895; x_wconf 92' lang='lat' dir='ltr'><strong>nullo</strong></span> <span class='ocrx_word' id='word_1_233' title='bbox 1255 1839 1411 1909; x_wconf 90' lang='lat' dir='ltr'><strong>plane</strong></span> <span class='ocrx_word' id='word_1_234' title='bbox 1435 1837 1572 1892; x_wconf 88' lang='lat' dir='ltr'><strong>Deus</strong></span> <span class='ocrx_word' id='word_1_235' title='bbox 1604 1837 1946 1904; x_wconf 87' lang='lat' dir='ltr'><strong>omnipotens</strong></span> 
     </span>
    </p>
   </div>
   <div class='ocr_carea' id='block_1_34' title="bbox 2049 1820 3635 1912">
    <p class='ocr_par' dir='ltr' id='par_1_34' title="bbox 2051 1837 3635 1912">
     <span class='ocr_line' id='line_1_34' title="bbox 2051 1837 3635 1912; baseline -0.004 -16"><span class='ocrx_word' id='word_1_236' title='bbox 2051 1841 2291 1897; x_wconf 90' lang='lat' dir='ltr'><strong>cerdotio</strong></span> <span class='ocrx_word' id='word_1_237' title='bbox 2313 1840 2368 1912; x_wconf 88' lang='lat' dir='ltr'><strong>(I</strong></span> <span class='ocrx_word' id='word_1_238' title='bbox 2389 1839 2549 1895; x_wconf 78' lang='lat' dir='ltr'><strong>Esdr.</strong></span> <span class='ocrx_word' id='word_1_239' title='bbox 2583 1840 2677 1909; x_wconf 84' lang='lat' dir='ltr'><strong>n);</strong></span> <span class='ocrx_word' id='word_1_240' title='bbox 2712 1859 2730 1893; x_wconf 76' lang='grc' dir='ltr'><strong><em>ι</em></strong></span> <span class='ocrx_word' id='word_1_241' title='bbox 2764 1840 2958 1910; x_wconf 89' lang='lat' dir='ltr'><strong>quibus</strong></span> <span class='ocrx_word' id='word_1_242' title='bbox 2985 1847 3041 1896; x_wconf 91' lang='lat' dir='ltr'><strong>et</strong></span> <span class='ocrx_word' id='word_1_243' title='bbox 3066 1841 3169 1896; x_wconf 92' lang='lat' dir='ltr'><strong>hoc</strong></span> <span class='ocrx_word' id='word_1_244' title='bbox 3189 1839 3436 1908; x_wconf 89' lang='lat' dir='ltr'><strong>protinus</strong></span> <span class='ocrx_word' id='word_1_245' title='bbox 3465 1837 3635 1892; x_wconf 89' lang='lat' dir='ltr'><strong>inter-</strong></span> 
     </span>
    </p>
   </div>
   <div class='ocr_carea' id='block_1_35' title="bbox 358 1923 1946 2003">
    <p class='ocr_par' dir='ltr' id='par_1_35' title="bbox 358 1923 1946 2003">
     <span class='ocr_line' id='line_1_35' title="bbox 358 1923 1946 2003; baseline -0.006 -17"><span class='ocrx_word' id='word_1_246' title='bbox 358 1932 580 2003; x_wconf 84' lang='lat' dir='ltr'><strong>majoris</strong></span> <span class='ocrx_word' id='word_1_247' title='bbox 601 1930 810 2000; x_wconf 75' lang='lat' dir='ltr'><strong>injuria:</strong></span> <span class='ocrx_word' id='word_1_248' title='bbox 831 1923 1200 2001; x_wconf 68' lang='lat' dir='ltr'><strong>prmjudicium</strong></span> <span class='ocrx_word' id='word_1_249' title='bbox 1224 1927 1439 1994; x_wconf 87' lang='lat' dir='ltr'><strong>tolerat,</strong></span> <span class='ocrx_word' id='word_1_250' title='bbox 1467 1927 1575 1981; x_wconf 91' lang='lat' dir='ltr'><strong>imo</strong></span> <span class='ocrx_word' id='word_1_251' title='bbox 1597 1924 1832 1980; x_wconf 87' lang='lat' dir='ltr'><strong>deterius</strong></span> <span class='ocrx_word' id='word_1_252' title='bbox 1848 1939 1946 1978; x_wconf 85' lang='lat' dir='ltr'><strong>ne-</strong></span> 
     </span>
    </p>
   </div>
   <div class='ocr_carea' id='block_1_36' title="bbox 361 2016 1954 2094">
    <p class='ocr_par' dir='ltr' id='par_1_36' title="bbox 361 2016 1954 2094">
     <span class='ocr_line' id='line_1_36' title="bbox 361 2016 1954 2094; baseline -0.005 -16"><span class='ocrx_word' id='word_1_253' title='bbox 361 2039 450 2078; x_wconf 89' lang='lat' dir='ltr'><strong>mo</strong></span> <span class='ocrx_word' id='word_1_254' title='bbox 513 2031 724 2094; x_wconf 89' lang='lat' dir='ltr'><strong>peccat,</strong></span> <span class='ocrx_word' id='word_1_255' title='bbox 747 2038 911 2093; x_wconf 88' lang='lat' dir='ltr'><strong>quam</strong></span> <span class='ocrx_word' id='word_1_256' title='bbox 937 2020 1206 2083; x_wconf 89' lang='lat' dir='ltr'><strong>sacerdos,</strong></span> <span class='ocrx_word' id='word_1_257' title='bbox 1234 2020 1325 2090; x_wconf 89' lang='lat' dir='ltr'><strong>qui</strong></span> <span class='ocrx_word' id='word_1_258' title='bbox 1357 2016 1767 2091; x_wconf 88' lang='lat' dir='ltr'><strong>prohibentibus</strong></span> <span class='ocrx_word' id='word_1_259' title='bbox 1789 2030 1954 2072; x_wconf 85' lang='lat' dir='ltr'><strong>cano-</strong></span> 
     </span>
    </p>
   </div>
   <div class='ocr_carea' id='block_1_37' title="bbox 361 2108 1952 2187">
    <p class='ocr_par' dir='ltr' id='par_1_37' title="bbox 361 2108 1952 2187">
     <span class='ocr_line' id='line_1_37' title="bbox 361 2108 1952 2187; baseline -0.004 -17"><span class='ocrx_word' id='word_1_260' title='bbox 361 2118 521 2172; x_wconf 90' lang='lat' dir='ltr'><strong>nibus</strong></span> <span class='ocrx_word' id='word_1_261' title='bbox 549 2115 765 2187; x_wconf 79' lang='lat' dir='ltr'><strong>indigne</strong></span> <span class='ocrx_word' id='word_1_262' title='bbox 795 2113 1085 2171; x_wconf 90' lang='lat' dir='ltr'><strong>sacriﬁcat.</strong></span> <span class='ocrx_word' id='word_1_263' title='bbox 1143 2112 1317 2170; x_wconf 86' lang='lat' dir='ltr'><strong>Aliter</strong></span> <span class='ocrx_word' id='word_1_264' title='bbox 1344 2112 1398 2166; x_wconf 93' lang='lat' dir='ltr'><strong>in</strong></span> <span class='ocrx_word' id='word_1_265' title='bbox 1431 2123 1752 2182; x_wconf 88' lang='lat' dir='ltr'><strong>quocunque</strong></span> <span class='ocrx_word' id='word_1_266' title='bbox 1791 2108 1952 2164; x_wconf 87' lang='lat' dir='ltr'><strong>modo</strong></span> 
     </span>
    </p>
   </div>
   <div class='ocr_carea' id='block_1_38' title="bbox 357 2202 1950 2280">
    <p class='ocr_par' dir='ltr' id='par_1_38' title="bbox 357 2202 1950 2280">
     <span class='ocr_line' id='line_1_38' title="bbox 357 2202 1950 2280; baseline -0.004 -15"><span class='ocrx_word' id='word_1_267' title='bbox 357 2217 646 2280; x_wconf 81' lang='lat' dir='ltr'><strong>peccantes</strong></span> <span class='ocrx_word' id='word_1_268' title='bbox 667 2209 820 2278; x_wconf 90' lang='lat' dir='ltr'><strong>quasi</strong></span> <span class='ocrx_word' id='word_1_269' title='bbox 859 2207 1146 2268; x_wconf 89' lang='lat' dir='ltr'><strong>Dominum</strong></span> <span class='ocrx_word' id='word_1_270' title='bbox 1197 2207 1250 2261; x_wconf 89' lang='lat' dir='ltr'><strong>in</strong></span> <span class='ocrx_word' id='word_1_271' title='bbox 1281 2206 1440 2261; x_wconf 88' lang='lat' dir='ltr'><strong>rebus</strong></span> <span class='ocrx_word' id='word_1_272' title='bbox 1461 2203 1577 2273; x_wconf 82' lang='lat' dir='ltr'><strong>ejus</strong></span> <span class='ocrx_word' id='word_1_273' title='bbox 1597 2202 1950 2268; x_wconf 87' lang='lat' dir='ltr'><strong>oﬁ&#39;endimus;</strong></span> 
     </span>
    </p>
   </div>
   <div class='ocr_carea' id='block_1_39' title="bbox 358 2293 1951 2371">
    <p class='ocr_par' dir='ltr' id='par_1_39' title="bbox 358 2293 1951 2371">
     <span class='ocr_line' id='line_1_39' title="bbox 358 2293 1951 2371; baseline -0.003 -18"><span class='ocrx_word' id='word_1_274' title='bbox 358 2301 577 2371; x_wconf 88' lang='lat' dir='ltr'><strong>indigne</strong></span> <span class='ocrx_word' id='word_1_275' title='bbox 607 2313 734 2354; x_wconf 90' lang='lat' dir='ltr'><strong>vero</strong></span> <span class='ocrx_word' id='word_1_276' title='bbox 769 2298 1164 2365; x_wconf 85' lang='lat' dir='ltr'><strong>sacriﬁcantes,</strong></span> <span class='ocrx_word' id='word_1_277' title='bbox 1195 2296 1344 2352; x_wconf 89' lang='lat' dir='ltr'><strong>velut</strong></span> <span class='ocrx_word' id='word_1_278' title='bbox 1396 2296 1448 2350; x_wconf 93' lang='lat' dir='ltr'><strong>in</strong></span> <span class='ocrx_word' id='word_1_279' title='bbox 1493 2309 1778 2366; x_wconf 84' lang='lat' dir='ltr'><strong>personam</strong></span> <span class='ocrx_word' id='word_1_280' title='bbox 1832 2293 1951 2362; x_wconf 85' lang='lat' dir='ltr'><strong>ejus</strong></span> 
     </span>
    </p>
   </div>
   <div class='ocr_carea' id='block_1_40' title="bbox 358 2387 1950 2460">
    <p class='ocr_par' dir='ltr' id='par_1_40' title="bbox 358 2387 1950 2460">
     <span class='ocr_line' id='line_1_40' title="bbox 358 2387 1950 2460; baseline -0.004 -13"><span class='ocrx_word' id='word_1_281' title='bbox 358 2409 555 2448; x_wconf 91' lang='lat' dir='ltr'><strong>manus</strong></span> <span class='ocrx_word' id='word_1_282' title='bbox 603 2391 828 2460; x_wconf 90' lang='lat' dir='ltr'><strong>injicere</strong></span> <span class='ocrx_word' id='word_1_283' title='bbox 873 2406 979 2451; x_wconf 80' lang='lat' dir='ltr'><strong>non</strong></span> <span class='ocrx_word' id='word_1_284' title='bbox 1019 2392 1293 2454; x_wconf 89' lang='lat' dir='ltr'><strong>timemus,</strong></span> <span class='ocrx_word' id='word_1_285' title='bbox 1341 2404 1462 2444; x_wconf 90' lang='lat' dir='ltr'><strong>cum</strong></span> <span class='ocrx_word' id='word_1_286' title='bbox 1503 2390 1765 2458; x_wconf 87' lang='lat' dir='ltr'><strong>scriptum</strong></span> <span class='ocrx_word' id='word_1_287' title='bbox 1811 2387 1880 2442; x_wconf 92' lang='lat' dir='ltr'><strong>sit</strong></span> <span class='ocrx_word' id='word_1_288' title='bbox 1930 2399 1950 2440; x_wconf 88' lang='lat'><strong>:</strong></span> 
     </span>
    </p>
   </div>
   <div class='ocr_carea' id='block_1_41' title="bbox 363 2479 1946 2556">
    <p class='ocr_par' dir='ltr' id='par_1_41' title="bbox 363 2479 1946 2556">
     <span class='ocr_line' id='line_1_41' title="bbox 363 2479 1946 2556; baseline -0.004 -19"><span class='ocrx_word' id='word_1_289' title='bbox 363 2504 383 2537; x_wconf 74' lang='grc' dir='ltr'>ι</span> <span class='ocrx_word' id='word_1_290' title='bbox 422 2484 479 2540; x_wconf 91' lang='lat' dir='ltr'><strong>Si</strong></span> <span class='ocrx_word' id='word_1_291' title='bbox 501 2484 807 2556; x_wconf 88' lang='lat' dir='ltr'><strong>peccaverit</strong></span> <span class='ocrx_word' id='word_1_292' title='bbox 831 2483 918 2537; x_wconf 90' lang='lat' dir='ltr'><strong>vir</strong></span> <span class='ocrx_word' id='word_1_293' title='bbox 944 2484 998 2537; x_wconf 89' lang='lat' dir='ltr'><strong>in</strong></span> <span class='ocrx_word' id='word_1_294' title='bbox 1023 2483 1222 2546; x_wconf 91' lang='lat' dir='ltr'><strong>virum,</strong></span> <span class='ocrx_word' id='word_1_295' title='bbox 1254 2479 1455 2551; x_wconf 89' lang='lat' dir='ltr'><strong>placari</strong></span> <span class='ocrx_word' id='word_1_296' title='bbox 1479 2480 1527 2534; x_wconf 91' lang='lat' dir='ltr'><strong>ei</strong></span> <span class='ocrx_word' id='word_1_297' title='bbox 1554 2488 1730 2549; x_wconf 84' lang='lat' dir='ltr'><strong>potest</strong></span> <span class='ocrx_word' id='word_1_298' title='bbox 1760 2481 1900 2533; x_wconf 86' lang='lat' dir='ltr'><strong>Deus</strong></span> <span class='ocrx_word' id='word_1_299' title='bbox 1932 2495 1946 2531; x_wconf 91' lang='lat'>:</span> 
     </span>
    </p>
   </div>
   <div class='ocr_carea' id='block_1_42' title="bbox 356 2567 1940 2639">
    <p class='ocr_par' dir='ltr' id='par_1_42' title="bbox 356 2567 1940 2639">
     <span class='ocr_line' id='line_1_42' title="bbox 356 2567 1940 2639; baseline -0.007 -8"><span class='ocrx_word' id='word_1_300' title='bbox 356 2576 401 2631; x_wconf 95' lang='lat' dir='ltr'><strong>si</strong></span> <span class='ocrx_word' id='word_1_301' title='bbox 428 2584 608 2630; x_wconf 91' lang='lat' dir='ltr'><strong>autem</strong></span> <span class='ocrx_word' id='word_1_302' title='bbox 636 2575 688 2629; x_wconf 93' lang='lat' dir='ltr'><strong>in</strong></span> <span class='ocrx_word' id='word_1_303' title='bbox 714 2574 880 2628; x_wconf 91' lang='lat' dir='ltr'><strong>Deum</strong></span> <span class='ocrx_word' id='word_1_304' title='bbox 905 2573 1209 2629; x_wconf 80' lang='lat' dir='ltr'><strong>peccaverit</strong></span> <span class='ocrx_word' id='word_1_305' title='bbox 1230 2573 1335 2635; x_wconf 89' lang='lat' dir='ltr'><strong>vir,</strong></span> <span class='ocrx_word' id='word_1_306' title='bbox 1350 2571 1472 2639; x_wconf 88' lang='lat' dir='ltr'><strong>quis</strong></span> <span class='ocrx_word' id='word_1_307' title='bbox 1492 2570 1669 2624; x_wconf 88' lang='lat' dir='ltr'><strong>orabit</strong></span> <span class='ocrx_word' id='word_1_308' title='bbox 1689 2584 1787 2637; x_wconf 82' lang='lat' dir='ltr'><strong>pro</strong></span> <span class='ocrx_word' id='word_1_309' title='bbox 1810 2583 1873 2623; x_wconf 91' lang='lat' dir='ltr'><strong>eo</strong></span> <span class='ocrx_word' id='word_1_310' title='bbox 1888 2567 1940 2621; x_wconf 63' lang='lat'><strong>‘3)</strong></span> 
     </span>
    </p>
   </div>
   <div class='ocr_carea' id='block_1_43' title="bbox 333 2658 1951 2736">
    <p class='ocr_par' dir='ltr' id='par_1_43' title="bbox 333 2658 1951 2736">
     <span class='ocr_line' id='line_1_43' title="bbox 333 2658 1951 2736; baseline -0.002 -18"><span class='ocrx_word' id='word_1_311' title='bbox 333 2660 412 2736; x_wconf 76' lang='grc'><strong>’(1</strong></span> <span class='ocrx_word' id='word_1_312' title='bbox 442 2665 568 2735; x_wconf 83' lang='lat' dir='ltr'><strong>Reg.</strong></span> <span class='ocrx_word' id='word_1_313' title='bbox 603 2664 686 2734; x_wconf 75' lang='grc' dir='ltr'><strong>ιι.)</strong></span> <span class='ocrx_word' id='word_1_314' title='bbox 715 2663 852 2718; x_wconf 87' lang='lat' dir='ltr'><strong>Eant</strong></span> <span class='ocrx_word' id='word_1_315' title='bbox 889 2679 1019 2735; x_wconf 88' lang='lat' dir='ltr'><strong>ergo</strong></span> <span class='ocrx_word' id='word_1_316' title='bbox 1062 2678 1204 2717; x_wconf 91' lang='lat' dir='ltr'><strong>nunc</strong></span> <span class='ocrx_word' id='word_1_317' title='bbox 1227 2661 1550 2732; x_wconf 85' lang='lat' dir='ltr'><strong>presbyteri,</strong></span> <span class='ocrx_word' id='word_1_318' title='bbox 1581 2669 1634 2715; x_wconf 90' lang='lat' dir='ltr'><strong>et</strong></span> <span class='ocrx_word' id='word_1_319' title='bbox 1661 2675 1758 2729; x_wconf 88' lang='lat' dir='ltr'><strong>pro</strong></span> <span class='ocrx_word' id='word_1_320' title='bbox 1785 2658 1951 2714; x_wconf 88' lang='lat' dir='ltr'><strong>lucris</strong></span> 
     </span>
    </p>
   </div>
   <div class='ocr_carea' id='block_1_44' title="bbox 356 2753 1949 2824">
    <p class='ocr_par' dir='ltr' id='par_1_44' title="bbox 356 2753 1949 2824">
     <span class='ocr_line' id='line_1_44' title="bbox 356 2753 1949 2824; baseline -0.004 -14"><span class='ocrx_word' id='word_1_321' title='bbox 356 2756 518 2824; x_wconf 85' lang='lat' dir='ltr'><strong>hujus</strong></span> <span class='ocrx_word' id='word_1_322' title='bbox 578 2755 701 2809; x_wconf 81' lang='lat' dir='ltr'><strong>vitae</strong></span> <span class='ocrx_word' id='word_1_323' title='bbox 753 2755 927 2810; x_wconf 90' lang='lat' dir='ltr'><strong>sacris</strong></span> <span class='ocrx_word' id='word_1_324' title='bbox 981 2769 1040 2809; x_wconf 91' lang='lat' dir='ltr'><strong>se</strong></span> <span class='ocrx_word' id='word_1_325' title='bbox 1096 2753 1355 2808; x_wconf 88' lang='lat' dir='ltr'><strong>altaribus</strong></span> <span class='ocrx_word' id='word_1_326' title='bbox 1411 2753 1677 2815; x_wconf 69' lang='lat' dir='ltr'><strong>inserant,</strong></span> <span class='ocrx_word' id='word_1_327' title='bbox 1709 2765 1806 2820; x_wconf 92' lang='lat' dir='ltr'><strong>pro</strong></span> <span class='ocrx_word' id='word_1_328' title='bbox 1851 2765 1949 2804; x_wconf 89' lang='lat' dir='ltr'><strong>suo</strong></span> 
     </span>
    </p>
   </div>
   <div class='ocr_carea' id='block_1_45' title="bbox 355 2840 1949 2922">
    <p class='ocr_par' dir='ltr' id='par_1_45' title="bbox 355 2840 1949 2922">
     <span class='ocr_line' id='line_1_45' title="bbox 355 2840 1949 2922; baseline -0.003 -21"><span class='ocrx_word' id='word_1_329' title='bbox 355 2861 576 2922; x_wconf 75' lang='lat' dir='ltr'><strong>sumque</strong></span> <span class='ocrx_word' id='word_1_330' title='bbox 598 2845 1084 2918; x_wconf 80' lang='lat' dir='ltr'><strong>consanguinitatis</strong></span> <span class='ocrx_word' id='word_1_331' title='bbox 1105 2841 1301 2898; x_wconf 83' lang='lat' dir='ltr'><strong>aﬁ‘ectu</strong></span> <span class='ocrx_word' id='word_1_332' title='bbox 1325 2858 1392 2896; x_wconf 80' lang='lat' dir='ltr'><strong>ex</strong></span> <span class='ocrx_word' id='word_1_333' title='bbox 1415 2841 1650 2896; x_wconf 92' lang='lat' dir='ltr'><strong>ﬁdelium</strong></span> <span class='ocrx_word' id='word_1_334' title='bbox 1677 2840 1949 2896; x_wconf 80' lang='lat' dir='ltr'><strong>oblatione</strong></span> 
     </span>
    </p>
   </div>
   <div class='ocr_carea' id='block_1_46' title="bbox 356 2933 1942 3006">
    <p class='ocr_par' dir='ltr' id='par_1_46' title="bbox 356 2933 1942 3006">
     <span class='ocr_line' id='line_1_46' title="bbox 356 2933 1942 3006; baseline -0.004 -12"><span class='ocrx_word' id='word_1_335' title='bbox 356 2940 630 2998; x_wconf 83' lang='lat' dir='ltr'><strong>ditescant</strong></span> <span class='ocrx_word' id='word_1_336' title='bbox 663 2956 676 3004; x_wconf 88' lang='lat'><strong>;</strong></span> <span class='ocrx_word' id='word_1_337' title='bbox 709 2955 813 2993; x_wconf 91' lang='lat' dir='ltr'><strong>non</strong></span> <span class='ocrx_word' id='word_1_338' title='bbox 845 2938 1094 2994; x_wconf 85' lang='lat' dir='ltr'><strong>videlicet</strong></span> <span class='ocrx_word' id='word_1_339' title='bbox 1135 2945 1194 2990; x_wconf 93' lang='lat' dir='ltr'><strong>ut</strong></span> <span class='ocrx_word' id='word_1_340' title='bbox 1237 2935 1454 3006; x_wconf 89' lang='lat' dir='ltr'><strong>pupillis</strong></span> <span class='ocrx_word' id='word_1_341' title='bbox 1503 2949 1566 2989; x_wconf 90' lang='lat' dir='ltr'><strong>ac</strong></span> <span class='ocrx_word' id='word_1_342' title='bbox 1602 2934 1782 2988; x_wconf 88' lang='lat' dir='ltr'><strong>viduis</strong></span> <span class='ocrx_word' id='word_1_343' title='bbox 1837 2933 1942 2987; x_wconf 89' lang='lat' dir='ltr'><strong>ali-</strong></span> 
     </span>
    </p>
   </div>
   <div class='ocr_carea' id='block_1_47' title="bbox 357 3026 1946 3107">
    <p class='ocr_par' dir='ltr' id='par_1_47' title="bbox 357 3026 1946 3107">
     <span class='ocr_line' id='line_1_47' title="bbox 357 3026 1946 3107; baseline -0.003 -21"><span class='ocrx_word' id='word_1_344' title='bbox 357 3041 542 3088; x_wconf 89' lang='lat' dir='ltr'><strong>menta</strong></span> <span class='ocrx_word' id='word_1_345' title='bbox 583 3032 926 3107; x_wconf 86' lang='lat' dir='ltr'><strong>provideant,</strong></span> <span class='ocrx_word' id='word_1_346' title='bbox 964 3046 1072 3084; x_wconf 91' lang='lat' dir='ltr'><strong>non</strong></span> <span class='ocrx_word' id='word_1_347' title='bbox 1100 3037 1155 3083; x_wconf 90' lang='lat' dir='ltr'><strong>ut</strong></span> <span class='ocrx_word' id='word_1_348' title='bbox 1209 3027 1445 3084; x_wconf 90' lang='lat' dir='ltr'><strong>subsidia</strong></span> <span class='ocrx_word' id='word_1_349' title='bbox 1475 3026 1946 3098; x_wconf 80' lang='lat' dir='ltr'><strong>peregrinantibus</strong></span> 
     </span>
    </p>
   </div>
   <div class='ocr_carea' id='block_1_48' title="bbox 357 3110 1942 3192">
    <p class='ocr_par' dir='ltr' id='par_1_48' title="bbox 357 3110 1942 3192">
     <span class='ocr_line' id='line_1_48' title="bbox 357 3110 1942 3192; baseline -0.006 -11"><span class='ocrx_word' id='word_1_350' title='bbox 357 3127 797 3192; x_wconf 88' lang='lat' dir='ltr'><strong>submimstrent,</strong></span> <span class='ocrx_word' id='word_1_351' title='bbox 850 3124 942 3179; x_wconf 93' lang='lat' dir='ltr'><strong>sed</strong></span> <span class='ocrx_word' id='word_1_352' title='bbox 1004 3130 1064 3178; x_wconf 92' lang='lat' dir='ltr'><strong>ut</strong></span> <span class='ocrx_word' id='word_1_353' title='bbox 1109 3110 1235 3185; x_wconf 83' lang='lat' dir='ltr'><strong>sibi,</strong></span> <span class='ocrx_word' id='word_1_354' title='bbox 1279 3119 1364 3174; x_wconf 89' lang='lat' dir='ltr'><strong>vel</strong></span> <span class='ocrx_word' id='word_1_355' title='bbox 1407 3119 1520 3174; x_wconf 91' lang='lat' dir='ltr'><strong>suis</strong></span> <span class='ocrx_word' id='word_1_356' title='bbox 1576 3118 1749 3188; x_wconf 90' lang='lat' dir='ltr'><strong>turpia</strong></span> <span class='ocrx_word' id='word_1_357' title='bbox 1795 3116 1942 3172; x_wconf 86' lang='lat' dir='ltr'><strong>lucra</strong></span> 
     </span>
    </p>
   </div>
   <div class='ocr_carea' id='block_1_49' title="bbox 356 3212 1945 3285">
    <p class='ocr_par' dir='ltr' id='par_1_49' title="bbox 356 3212 1945 3285">
     <span class='ocr_line' id='line_1_49' title="bbox 356 3212 1945 3285; baseline -0.008 -10"><span class='ocrx_word' id='word_1_358' title='bbox 356 3226 699 3275; x_wconf 90' lang='lat' dir='ltr'><strong>convectcnt.</strong></span> <span class='ocrx_word' id='word_1_359' title='bbox 729 3217 891 3278; x_wconf 84' lang='lat' dir='ltr'><strong>Eant,</strong></span> <span class='ocrx_word' id='word_1_360' title='bbox 919 3217 1161 3285; x_wconf 91' lang='lat' dir='ltr'><strong>inquam,</strong></span> <span class='ocrx_word' id='word_1_361' title='bbox 1190 3221 1246 3268; x_wconf 90' lang='lat' dir='ltr'><strong>et</strong></span> <span class='ocrx_word' id='word_1_362' title='bbox 1295 3227 1354 3267; x_wconf 89' lang='lat' dir='ltr'><strong>se</strong></span> <span class='ocrx_word' id='word_1_363' title='bbox 1401 3225 1635 3281; x_wconf 87' lang='lat' dir='ltr'><strong>suosque</strong></span> <span class='ocrx_word' id='word_1_364' title='bbox 1682 3212 1945 3265; x_wconf 82' lang='lat' dir='ltr'><strong>duntaxat</strong></span> 
     </span>
    </p>
   </div>
   <div class='ocr_carea' id='block_1_50' title="bbox 359 3302 1944 3378">
    <p class='ocr_par' dir='ltr' id='par_1_50' title="bbox 359 3302 1944 3378">
     <span class='ocr_line' id='line_1_50' title="bbox 359 3302 1944 3378; baseline -0.007 -13"><span class='ocrx_word' id='word_1_365' title='bbox 359 3309 582 3366; x_wconf 89' lang='lat' dir='ltr'><strong>demissi</strong></span> <span class='ocrx_word' id='word_1_366' title='bbox 621 3309 701 3363; x_wconf 92' lang='lat' dir='ltr'><strong>sui</strong></span> <span class='ocrx_word' id='word_1_367' title='bbox 761 3307 1119 3378; x_wconf 87' lang='lat' dir='ltr'><strong>acquisitione</strong></span> <span class='ocrx_word' id='word_1_368' title='bbox 1166 3304 1434 3368; x_wconf 90' lang='lat' dir='ltr'><strong>reﬁciant,</strong></span> <span class='ocrx_word' id='word_1_369' title='bbox 1491 3312 1550 3359; x_wconf 93' lang='lat' dir='ltr'><strong>ut</strong></span> <span class='ocrx_word' id='word_1_370' title='bbox 1601 3302 1944 3371; x_wconf 92' lang='lat' dir='ltr'><strong>postmodum</strong></span> 
     </span>
    </p>
   </div>
   <div class='ocr_carea' id='block_1_51' title="bbox 355 3393 1948 3470">
    <p class='ocr_par' dir='ltr' id='par_1_51' title="bbox 355 3393 1948 3470">
     <span class='ocr_line' id='line_1_51' title="bbox 355 3393 1948 3470; baseline -0.004 -14"><span class='ocrx_word' id='word_1_371' title='bbox 355 3401 609 3456; x_wconf 87' lang='lat' dir='ltr'><strong>medullis</strong></span> <span class='ocrx_word' id='word_1_372' title='bbox 627 3399 737 3455; x_wconf 84' lang='lat' dir='ltr'><strong>suis</strong></span> <span class='ocrx_word' id='word_1_373' title='bbox 757 3399 896 3470; x_wconf 79' lang='lat' dir='ltr'><strong>ignis</strong></span> <span class='ocrx_word' id='word_1_374' title='bbox 916 3397 1104 3454; x_wconf 73' lang='lat' dir='ltr'><strong>:eterni</strong></span> <span class='ocrx_word' id='word_1_375' title='bbox 1131 3396 1441 3466; x_wconf 83' lang='lat' dir='ltr'><strong>voraginem</strong></span> <span class='ocrx_word' id='word_1_376' title='bbox 1457 3403 1702 3465; x_wconf 89' lang='lat' dir='ltr'><strong>pascant.</strong></span> <span class='ocrx_word' id='word_1_377' title='bbox 1721 3393 1948 3461; x_wconf 63' lang='lat' dir='ltr'><strong>Quanta:</strong></span> 
     </span>
    </p>
   </div>
   <div class='ocr_carea' id='block_1_52' title="bbox 359 3487 1949 3560">
    <p class='ocr_par' dir='ltr' id='par_1_52' title="bbox 359 3487 1949 3560">
     <span class='ocr_line' id='line_1_52' title="bbox 359 3487 1949 3560; baseline -0.004 -11"><span class='ocrx_word' id='word_1_378' title='bbox 359 3493 569 3550; x_wconf 86' lang='lat' dir='ltr'><strong>scilicet</strong></span> <span class='ocrx_word' id='word_1_379' title='bbox 595 3491 960 3548; x_wconf 89' lang='lat' dir='ltr'><strong>damnationis</strong></span> <span class='ocrx_word' id='word_1_380' title='bbox 984 3498 1068 3546; x_wconf 89' lang='lat' dir='ltr'><strong>est</strong></span> <span class='ocrx_word' id='word_1_381' title='bbox 1111 3504 1229 3556; x_wconf 91' lang='lat' dir='ltr'><strong>eos,</strong></span> <span class='ocrx_word' id='word_1_382' title='bbox 1256 3489 1347 3560; x_wconf 89' lang='lat' dir='ltr'><strong>qui</strong></span> <span class='ocrx_word' id='word_1_383' title='bbox 1392 3495 1615 3559; x_wconf 91' lang='lat' dir='ltr'><strong>peccata</strong></span> <span class='ocrx_word' id='word_1_384' title='bbox 1652 3487 1828 3557; x_wconf 89' lang='lat' dir='ltr'><strong>populi</strong></span> <span class='ocrx_word' id='word_1_385' title='bbox 1856 3501 1949 3542; x_wconf 74' lang='lat' dir='ltr'><strong>co—</strong></span> 
     </span>
    </p>
   </div>
   <div class='ocr_carea' id='block_1_53' title="bbox 361 3577 1949 3652">
    <p class='ocr_par' dir='ltr' id='par_1_53' title="bbox 361 3577 1949 3652">
     <span class='ocr_line' id='line_1_53' title="bbox 361 3577 1949 3652; baseline -0.004 -14"><span class='ocrx_word' id='word_1_386' title='bbox 361 3583 581 3638; x_wconf 88' lang='lat' dir='ltr'><strong>medere</strong></span> <span class='ocrx_word' id='word_1_387' title='bbox 600 3582 974 3652; x_wconf 89' lang='lat' dir='ltr'><strong>prohibentur,</strong></span> <span class='ocrx_word' id='word_1_388' title='bbox 1009 3594 1073 3634; x_wconf 82' lang='lat' dir='ltr'><strong>ex</strong></span> <span class='ocrx_word' id='word_1_389' title='bbox 1107 3579 1387 3648; x_wconf 89' lang='lat' dir='ltr'><strong>acquisitis</strong></span> <span class='ocrx_word' id='word_1_390' title='bbox 1414 3577 1574 3634; x_wconf 87' lang='lat' dir='ltr'><strong>rebus</strong></span> <span class='ocrx_word' id='word_1_391' title='bbox 1595 3592 1700 3632; x_wconf 92' lang='lat' dir='ltr'><strong>non</strong></span> <span class='ocrx_word' id='word_1_392' title='bbox 1733 3577 1949 3632; x_wconf 92' lang='lat' dir='ltr'><strong>codices</strong></span> 
     </span>
    </p>
   </div>
   <div class='ocr_carea' id='block_1_54' title="bbox 358 3668 1948 3738">
    <p class='ocr_par' dir='ltr' id='par_1_54' title="bbox 358 3668 1948 3738">
     <span class='ocr_line' id='line_1_54' title="bbox 358 3668 1948 3738; baseline -0.003 -9"><span class='ocrx_word' id='word_1_393' title='bbox 358 3686 569 3738; x_wconf 77' lang='lat' dir='ltr'><strong>emere,</strong></span> <span class='ocrx_word' id='word_1_394' title='bbox 603 3688 708 3728; x_wconf 87' lang='lat' dir='ltr'><strong>non</strong></span> <span class='ocrx_word' id='word_1_395' title='bbox 741 3681 1085 3737; x_wconf 83' lang='lat' dir='ltr'><strong>ornamenta,</strong></span> <span class='ocrx_word' id='word_1_396' title='bbox 1115 3669 1202 3725; x_wconf 91' lang='lat' dir='ltr'><strong>vel</strong></span> <span class='ocrx_word' id='word_1_397' title='bbox 1231 3669 1482 3726; x_wconf 80' lang='lat' dir='ltr'><strong>utensilia</strong></span> <span class='ocrx_word' id='word_1_398' title='bbox 1522 3669 1636 3724; x_wconf 92' lang='lat' dir='ltr'><strong>suis</strong></span> <span class='ocrx_word' id='word_1_399' title='bbox 1693 3668 1948 3725; x_wconf 83' lang='lat' dir='ltr'><strong>Eeclesiis</strong></span> 
     </span>
    </p>
   </div>
   <div class='ocr_carea' id='block_1_55' title="bbox 361 3759 1948 3833">
    <p class='ocr_par' dir='ltr' id='par_1_55' title="bbox 361 3759 1948 3833">
     <span class='ocr_line' id='line_1_55' title="bbox 361 3759 1948 3833; baseline -0.003 -16"><span class='ocrx_word' id='word_1_400' title='bbox 361 3763 673 3833; x_wconf 77' lang='lat' dir='ltr'><strong>providere,</strong></span> <span class='ocrx_word' id='word_1_401' title='bbox 726 3762 821 3818; x_wconf 92' lang='lat' dir='ltr'><strong>sed</strong></span> <span class='ocrx_word' id='word_1_402' title='bbox 882 3762 936 3816; x_wconf 92' lang='lat' dir='ltr'><strong>in</strong></span> <span class='ocrx_word' id='word_1_403' title='bbox 991 3760 1357 3825; x_wconf 90' lang='lat' dir='ltr'><strong>necessitatis,</strong></span> <span class='ocrx_word' id='word_1_404' title='bbox 1394 3759 1480 3816; x_wconf 91' lang='lat' dir='ltr'><strong>vel</strong></span> <span class='ocrx_word' id='word_1_405' title='bbox 1529 3759 1948 3815; x_wconf 91' lang='lat' dir='ltr'><strong>necessitudinis</strong></span> 
     </span>
    </p>
   </div>
   <div class='ocr_carea' id='block_1_56' title="bbox 363 3850 1949 3924">
    <p class='ocr_par' dir='ltr' id='par_1_56' title="bbox 363 3850 1949 3924">
     <span class='ocr_line' id='line_1_56' title="bbox 363 3850 1949 3924; baseline -0.001 -17"><span class='ocrx_word' id='word_1_406' title='bbox 363 3863 614 3924; x_wconf 86' lang='lat' dir='ltr'><strong>sumptus</strong></span> <span class='ocrx_word' id='word_1_407' title='bbox 658 3862 852 3909; x_wconf 90' lang='lat' dir='ltr'><strong>cuncta</strong></span> <span class='ocrx_word' id='word_1_408' title='bbox 897 3851 1218 3923; x_wconf 76' lang='lat' dir='ltr'><strong>prodigere?</strong></span> <span class='ocrx_word' id='word_1_409' title='bbox 1262 3850 1569 3906; x_wconf 72' lang='lat' dir='ltr'><strong>Prtesertim</strong></span> <span class='ocrx_word' id='word_1_410' title='bbox 1636 3865 1758 3906; x_wconf 92' lang='lat' dir='ltr'><strong>cum</strong></span> <span class='ocrx_word' id='word_1_411' title='bbox 1832 3850 1949 3905; x_wconf 79' lang='lat' dir='ltr'><strong>haec</strong></span> 
     </span>
    </p>
   </div>
   <div class='ocr_carea' id='block_1_57' title="bbox 367 3945 1949 4016">
    <p class='ocr_par' dir='ltr' id='par_1_57' title="bbox 367 3945 1949 4016">
     <span class='ocr_line' id='line_1_57' title="bbox 367 3945 1949 4016; baseline -0.001 -14"><span class='ocrx_word' id='word_1_412' title='bbox 367 3948 572 4002; x_wconf 82' lang='lat' dir='ltr'><strong>idcirco</strong></span> <span class='ocrx_word' id='word_1_413' title='bbox 597 3947 970 4004; x_wconf 89' lang='lat' dir='ltr'><strong>sacerdotibus</strong></span> <span class='ocrx_word' id='word_1_414' title='bbox 996 3946 1372 4012; x_wconf 81' lang='lat' dir='ltr'><strong>conferantur,</strong></span> <span class='ocrx_word' id='word_1_415' title='bbox 1397 3953 1458 4000; x_wconf 93' lang='lat' dir='ltr'><strong>ut</strong></span> <span class='ocrx_word' id='word_1_416' title='bbox 1494 3945 1594 4014; x_wconf 91' lang='lat' dir='ltr'><strong>ipsi</strong></span> <span class='ocrx_word' id='word_1_417' title='bbox 1625 3960 1724 4016; x_wconf 91' lang='lat' dir='ltr'><strong>pro</strong></span> <span class='ocrx_word' id='word_1_418' title='bbox 1753 3945 1949 4015; x_wconf 89' lang='lat' dir='ltr'><strong>populo</strong></span> 
     </span>
    </p>
   </div>
   <div class='ocr_carea' id='block_1_58' title="bbox 363 4035 1948 4108">
    <p class='ocr_par' dir='ltr' id='par_1_58' title="bbox 363 4035 1948 4108">
     <span class='ocr_line' id='line_1_58' title="bbox 363 4035 1948 4108; baseline -0.001 -16"><span class='ocrx_word' id='word_1_419' title='bbox 363 4037 616 4108; x_wconf 87' lang='lat' dir='ltr'><strong>precibus</strong></span> <span class='ocrx_word' id='word_1_420' title='bbox 662 4053 726 4092; x_wconf 89' lang='lat' dir='ltr'><strong>ae</strong></span> <span class='ocrx_word' id='word_1_421' title='bbox 755 4038 894 4094; x_wconf 90' lang='lat' dir='ltr'><strong>votis</strong></span> <span class='ocrx_word' id='word_1_422' title='bbox 921 4037 1194 4102; x_wconf 89' lang='lat' dir='ltr'><strong>insistere,</strong></span> <span class='ocrx_word' id='word_1_423' title='bbox 1218 4035 1440 4106; x_wconf 88' lang='lat' dir='ltr'><strong>ejusque</strong></span> <span class='ocrx_word' id='word_1_424' title='bbox 1471 4036 1700 4092; x_wconf 85' lang='lat' dir='ltr'><strong>debeant</strong></span> <span class='ocrx_word' id='word_1_425' title='bbox 1724 4043 1948 4104; x_wconf 87' lang='lat' dir='ltr'><strong>peccata</strong></span> 
     </span>
    </p>
   </div>
   <div class='ocr_carea' id='block_1_59' title="bbox 361 4123 1951 4197">
    <p class='ocr_par' dir='ltr' id='par_1_59' title="bbox 361 4123 1951 4197">
     <span class='ocr_line' id='line_1_59' title="bbox 361 4123 1951 4197; baseline 0.001 -16"><span class='ocrx_word' id='word_1_426' title='bbox 361 4135 600 4197; x_wconf 92' lang='lat' dir='ltr'><strong>portare.</strong></span> <span class='ocrx_word' id='word_1_427' title='bbox 637 4126 772 4182; x_wconf 91' lang='lat' dir='ltr'><strong>llinc</strong></span> <span class='ocrx_word' id='word_1_428' title='bbox 835 4134 919 4181; x_wconf 91' lang='lat' dir='ltr'><strong>est</strong></span> <span class='ocrx_word' id='word_1_429' title='bbox 963 4126 1107 4196; x_wconf 88' lang='lat' dir='ltr'><strong>quod</strong></span> <span class='ocrx_word' id='word_1_430' title='bbox 1157 4124 1405 4192; x_wconf 88' lang='lat' dir='ltr'><strong>Eleazar,</strong></span> <span class='ocrx_word' id='word_1_431' title='bbox 1449 4133 1505 4179; x_wconf 91' lang='lat' dir='ltr'><strong>et</strong></span> <span class='ocrx_word' id='word_1_432' title='bbox 1553 4124 1787 4180; x_wconf 81' lang='lat' dir='ltr'><strong>Themar</strong></span> <span class='ocrx_word' id='word_1_433' title='bbox 1825 4123 1951 4182; x_wconf 90' lang='lat' dir='ltr'><strong>ﬁliis</strong></span> 
     </span>
    </p>
   </div>
   <div class='ocr_carea' id='block_1_60' title="bbox 359 4215 1948 4290">
    <p class='ocr_par' dir='ltr' id='par_1_60' title="bbox 359 4215 1948 4290">
     <span class='ocr_line' id='line_1_60' title="bbox 359 4215 1948 4290; baseline 0.002 -19"><span class='ocrx_word' id='word_1_434' title='bbox 359 4219 541 4273; x_wconf 82' lang='lat' dir='ltr'><strong>Aaron</strong></span> <span class='ocrx_word' id='word_1_435' title='bbox 568 4218 776 4290; x_wconf 82' lang='lat' dir='ltr'><strong>Moyses</strong></span> <span class='ocrx_word' id='word_1_436' title='bbox 796 4218 905 4273; x_wconf 88' lang='lat' dir='ltr'><strong>ait:</strong></span> <span class='ocrx_word' id='word_1_437' title='bbox 938 4235 956 4270; x_wconf 86' lang='grc'><strong><em>‹</em></strong></span> <span class='ocrx_word' id='word_1_438' title='bbox 987 4217 1098 4273; x_wconf 88' lang='lat' dir='ltr'><strong>Cur</strong></span> <span class='ocrx_word' id='word_1_439' title='bbox 1125 4233 1230 4273; x_wconf 92' lang='lat' dir='ltr'><strong>non</strong></span> <span class='ocrx_word' id='word_1_440' title='bbox 1258 4215 1573 4273; x_wconf 86' lang='lat' dir='ltr'><strong>comedistis</strong></span> <span class='ocrx_word' id='word_1_441' title='bbox 1595 4217 1829 4272; x_wconf 90' lang='lat' dir='ltr'><strong>hostiam</strong></span> <span class='ocrx_word' id='word_1_442' title='bbox 1851 4233 1948 4288; x_wconf 92' lang='lat' dir='ltr'><strong>pro</strong></span> 
     </span>
    </p>
   </div>
   <div class='ocr_carea' id='block_1_61' title="bbox 357 4307 1950 4379">
    <p class='ocr_par' dir='ltr' id='par_1_61' title="bbox 357 4307 1950 4379">
     <span class='ocr_line' id='line_1_61' title="bbox 357 4307 1950 4379; baseline 0.001 -16"><span class='ocrx_word' id='word_1_443' title='bbox 357 4318 589 4378; x_wconf 84' lang='lat' dir='ltr'><strong>peccato</strong></span> <span class='ocrx_word' id='word_1_444' title='bbox 616 4309 814 4368; x_wconf 86' lang='lat' dir='ltr'><strong>inloco</strong></span> <span class='ocrx_word' id='word_1_445' title='bbox 837 4318 1045 4372; x_wconf 90' lang='lat' dir='ltr'><strong>sancto,</strong></span> <span class='ocrx_word' id='word_1_446' title='bbox 1077 4309 1170 4379; x_wconf 93' lang='lat' dir='ltr'><strong>qui</strong></span> <span class='ocrx_word' id='word_1_447' title='bbox 1200 4307 1400 4364; x_wconf 89' lang='lat' dir='ltr'><strong>Sancta</strong></span> <span class='ocrx_word' id='word_1_448' title='bbox 1429 4317 1741 4364; x_wconf 87' lang='lat' dir='ltr'><strong>sanctorum</strong></span> <span class='ocrx_word' id='word_1_449' title='bbox 1771 4317 1875 4375; x_wconf 90' lang='lat' dir='ltr'><strong>est,</strong></span> <span class='ocrx_word' id='word_1_450' title='bbox 1895 4318 1950 4365; x_wconf 91' lang='lat' dir='ltr'><strong>et</strong></span> 
     </span>
    </p>
   </div>
   <div class='ocr_carea' id='block_1_62' title="bbox 359 4400 1947 4471">
    <p class='ocr_par' dir='ltr' id='par_1_62' title="bbox 359 4400 1947 4471">
     <span class='ocr_line' id='line_1_62' title="bbox 359 4400 1947 4471; baseline 0.003 -18"><span class='ocrx_word' id='word_1_451' title='bbox 359 4401 483 4455; x_wconf 91' lang='lat' dir='ltr'><strong>data</strong></span> <span class='ocrx_word' id='word_1_452' title='bbox 509 4409 594 4456; x_wconf 86' lang='lat' dir='ltr'><strong>est</strong></span> <span class='ocrx_word' id='word_1_453' title='bbox 628 4402 802 4467; x_wconf 89' lang='lat' dir='ltr'><strong>vobis,</strong></span> <span class='ocrx_word' id='word_1_454' title='bbox 837 4410 896 4456; x_wconf 87' lang='lat' dir='ltr'><strong>ut</strong></span> <span class='ocrx_word' id='word_1_455' title='bbox 924 4401 1152 4471; x_wconf 86' lang='lat' dir='ltr'><strong>portetis</strong></span> <span class='ocrx_word' id='word_1_456' title='bbox 1188 4400 1528 4470; x_wconf 87' lang='lat' dir='ltr'><strong>iniquitatem</strong></span> <span class='ocrx_word' id='word_1_457' title='bbox 1563 4401 1947 4469; x_wconf 88' lang='lat' dir='ltr'><strong>multitudinis,</strong></span> 
     </span>
    </p>
   </div>
   <div class='ocr_carea' id='block_1_63' title="bbox 2053 1929 3638 1999">
    <p class='ocr_par' dir='ltr' id='par_1_63' title="bbox 2053 1929 3638 1999">
     <span class='ocr_line' id='line_1_63' title="bbox 2053 1929 3638 1999; baseline -0.004 -11"><span class='ocrx_word' id='word_1_458' title='bbox 2053 1934 2255 1989; x_wconf 91' lang='lat' dir='ltr'><strong>dictum</strong></span> <span class='ocrx_word' id='word_1_459' title='bbox 2283 1940 2384 1999; x_wconf 91' lang='lat' dir='ltr'><strong>est,</strong></span> <span class='ocrx_word' id='word_1_460' title='bbox 2417 1940 2476 1988; x_wconf 91' lang='lat' dir='ltr'><strong>ut</strong></span> <span class='ocrx_word' id='word_1_461' title='bbox 2504 1948 2612 1988; x_wconf 92' lang='lat' dir='ltr'><strong>non</strong></span> <span class='ocrx_word' id='word_1_462' title='bbox 2646 1934 2992 1988; x_wconf 87' lang='lat' dir='ltr'><strong>comodcrent</strong></span> <span class='ocrx_word' id='word_1_463' title='bbox 3040 1933 3110 1987; x_wconf 92' lang='lat' dir='ltr'><strong>de</strong></span> <span class='ocrx_word' id='word_1_464' title='bbox 3162 1929 3364 1988; x_wconf 84' lang='lat' dir='ltr'><strong>sanctis</strong></span> <span class='ocrx_word' id='word_1_465' title='bbox 3419 1939 3638 1985; x_wconf 82' lang='lat' dir='ltr'><strong>sancto-</strong></span> 
     </span>
    </p>
   </div>
   <div class='ocr_carea' id='block_1_64' title="bbox 2055 2020 3631 2096">
    <p class='ocr_par' dir='ltr' id='par_1_64' title="bbox 2055 2020 3631 2096">
     <span class='ocr_line' id='line_1_64' title="bbox 2055 2020 3631 2096; baseline -0.003 -18"><span class='ocrx_word' id='word_1_466' title='bbox 2055 2039 2196 2079; x_wconf 92' lang='lat' dir='ltr'><strong>rum.</strong></span> <span class='ocrx_word' id='word_1_467' title='bbox 2218 2023 2370 2081; x_wconf 92' lang='lat' dir='ltr'><strong>Sicut</strong></span> <span class='ocrx_word' id='word_1_468' title='bbox 2396 2039 2527 2095; x_wconf 83' lang='lat' dir='ltr'><strong>ergo</strong></span> <span class='ocrx_word' id='word_1_469' title='bbox 2556 2023 2654 2088; x_wconf 91' lang='lat' dir='ltr'><strong>illi,</strong></span> <span class='ocrx_word' id='word_1_470' title='bbox 2683 2023 2773 2094; x_wconf 91' lang='lat' dir='ltr'><strong>qui</strong></span> <span class='ocrx_word' id='word_1_471' title='bbox 2803 2022 3190 2096; x_wconf 85' lang='lat' dir='ltr'><strong>ingenuitatem</strong></span> <span class='ocrx_word' id='word_1_472' title='bbox 3239 2020 3631 2082; x_wconf 85' lang='lat' dir='ltr'><strong>vcnerabilium</strong></span> 
     </span>
    </p>
   </div>
   <div class='ocr_carea' id='block_1_65' title="bbox 2051 2114 3636 2180">
    <p class='ocr_par' dir='ltr' id='par_1_65' title="bbox 2051 2114 3636 2180">
     <span class='ocr_line' id='line_1_65' title="bbox 2051 2114 3636 2180; baseline 0 -10"><span class='ocrx_word' id='word_1_473' title='bbox 2051 2114 2275 2172; x_wconf 86' lang='lat' dir='ltr'><strong>Patrum</strong></span> <span class='ocrx_word' id='word_1_474' title='bbox 2295 2125 2497 2180; x_wconf 70' lang='lat' dir='ltr'><strong>sancta:</strong></span> <span class='ocrx_word' id='word_1_475' title='bbox 2513 2114 2948 2174; x_wconf 85' lang='lat' dir='ltr'><strong>conversationis</strong></span> <span class='ocrx_word' id='word_1_476' title='bbox 2971 2114 3256 2174; x_wconf 89' lang='lat' dir='ltr'><strong>honestate</strong></span> <span class='ocrx_word' id='word_1_477' title='bbox 3288 2119 3636 2175; x_wconf 81' lang='lat' dir='ltr'><strong>conservant,</strong></span> 
     </span>
    </p>
   </div>
   <div class='ocr_carea' id='block_1_66' title="bbox 2054 2204 3632 2278">
    <p class='ocr_par' dir='ltr' id='par_1_66' title="bbox 2054 2204 3632 2278">
     <span class='ocr_line' id='line_1_66' title="bbox 2054 2204 3632 2278; baseline -0.004 -16"><span class='ocrx_word' id='word_1_478' title='bbox 2054 2207 2107 2262; x_wconf 95' lang='lat' dir='ltr'><strong>in</strong></span> <span class='ocrx_word' id='word_1_479' title='bbox 2137 2206 2402 2278; x_wconf 88' lang='lat' dir='ltr'><strong>dignitate</strong></span> <span class='ocrx_word' id='word_1_480' title='bbox 2453 2204 2807 2261; x_wconf 88' lang='lat' dir='ltr'><strong>sacerdotalis</strong></span> <span class='ocrx_word' id='word_1_481' title='bbox 2837 2204 2998 2260; x_wconf 82' lang='lat' dir='ltr'><strong>ollicii</strong></span> <span class='ocrx_word' id='word_1_482' title='bbox 3029 2204 3223 2261; x_wconf 91' lang='lat' dir='ltr'><strong>merito</strong></span> <span class='ocrx_word' id='word_1_483' title='bbox 3252 2211 3632 2274; x_wconf 89' lang='lat' dir='ltr'><strong>perseverant:</strong></span> 
     </span>
    </p>
   </div>
   <div class='ocr_carea' id='block_1_67' title="bbox 2052 2295 3638 2370">
    <p class='ocr_par' dir='ltr' id='par_1_67' title="bbox 2052 2295 3638 2370">
     <span class='ocr_line' id='line_1_67' title="bbox 2052 2295 3638 2370; baseline -0.006 -14"><span class='ocrx_word' id='word_1_484' title='bbox 2052 2301 2134 2356; x_wconf 89' lang='lat' dir='ltr'><strong>sic</strong></span> <span class='ocrx_word' id='word_1_485' title='bbox 2162 2315 2192 2356; x_wconf 95' lang='lat' dir='ltr'><strong>e</strong></span> <span class='ocrx_word' id='word_1_486' title='bbox 2222 2301 2438 2359; x_wconf 87' lang='lat' dir='ltr'><strong>diverso</strong></span> <span class='ocrx_word' id='word_1_487' title='bbox 2478 2298 2571 2370; x_wconf 92' lang='lat' dir='ltr'><strong>qui</strong></span> <span class='ocrx_word' id='word_1_488' title='bbox 2599 2313 2628 2353; x_wconf 92' lang='lat' dir='ltr'><strong>a</strong></span> <span class='ocrx_word' id='word_1_489' title='bbox 2657 2297 3082 2369; x_wconf 60' lang='lat' dir='ltr'><strong>priccedentium</strong></span> <span class='ocrx_word' id='word_1_490' title='bbox 3127 2295 3352 2351; x_wconf 86' lang='lat' dir='ltr'><strong>Patrum</strong></span> <span class='ocrx_word' id='word_1_491' title='bbox 3403 2295 3638 2364; x_wconf 82' lang='lat' dir='ltr'><strong>degene-</strong></span> 
     </span>
    </p>
   </div>
   <div class='ocr_carea' id='block_1_68' title="bbox 2054 2384 3624 2460">
    <p class='ocr_par' dir='ltr' id='par_1_68' title="bbox 2054 2384 3624 2460">
     <span class='ocr_line' id='line_1_68' title="bbox 2054 2384 3624 2460; baseline -0.005 -16"><span class='ocrx_word' id='word_1_492' title='bbox 2054 2396 2176 2446; x_wconf 90' lang='lat' dir='ltr'><strong>rant</strong></span> <span class='ocrx_word' id='word_1_493' title='bbox 2202 2389 2438 2454; x_wconf 87' lang='lat' dir='ltr'><strong>meritis,</strong></span> <span class='ocrx_word' id='word_1_494' title='bbox 2477 2388 2697 2460; x_wconf 90' lang='lat' dir='ltr'><strong>dignum</strong></span> <span class='ocrx_word' id='word_1_495' title='bbox 2732 2395 2838 2453; x_wconf 90' lang='lat' dir='ltr'><strong>est,</strong></span> <span class='ocrx_word' id='word_1_496' title='bbox 2866 2395 2928 2443; x_wconf 92' lang='lat' dir='ltr'><strong>ut</strong></span> <span class='ocrx_word' id='word_1_497' title='bbox 2950 2387 3113 2443; x_wconf 90' lang='lat' dir='ltr'><strong>etiam</strong></span> <span class='ocrx_word' id='word_1_498' title='bbox 3140 2395 3378 2457; x_wconf 66' lang='lat' dir='ltr'><strong>paternae</strong></span> <span class='ocrx_word' id='word_1_499' title='bbox 3404 2384 3624 2454; x_wconf 79' lang='lat' dir='ltr'><strong>priven-</strong></span> 
     </span>
    </p>
   </div>
   <div class='ocr_carea' id='block_1_69' title="bbox 2054 2475 3629 2551">
    <p class='ocr_par' dir='ltr' id='par_1_69' title="bbox 2054 2475 3629 2551">
     <span class='ocr_line' id='line_1_69' title="bbox 2054 2475 3629 2551; baseline -0.006 -13"><span class='ocrx_word' id='word_1_500' title='bbox 2054 2491 2144 2538; x_wconf 92' lang='lat' dir='ltr'><strong>tur</strong></span> <span class='ocrx_word' id='word_1_501' title='bbox 2170 2480 2345 2537; x_wconf 79' lang='lat' dir='ltr'><strong>cilicio</strong></span> <span class='ocrx_word' id='word_1_502' title='bbox 2374 2479 2672 2551; x_wconf 89' lang='lat' dir='ltr'><strong>dignitatis.</strong></span> <span class='ocrx_word' id='word_1_503' title='bbox 2716 2477 2783 2534; x_wconf 86' lang='lat' dir='ltr'><strong>Et</strong></span> <span class='ocrx_word' id='word_1_504' title='bbox 2821 2479 2916 2549; x_wconf 87' lang='lat' dir='ltr'><strong>qui</strong></span> <span class='ocrx_word' id='word_1_505' title='bbox 2965 2478 3097 2534; x_wconf 78' lang='lat' dir='ltr'><strong>facti</strong></span> <span class='ocrx_word' id='word_1_506' title='bbox 3148 2485 3275 2532; x_wconf 86' lang='lat' dir='ltr'><strong>sunt</strong></span> <span class='ocrx_word' id='word_1_507' title='bbox 3325 2491 3356 2530; x_wconf 92' lang='lat' dir='ltr'><strong>a</strong></span> <span class='ocrx_word' id='word_1_508' title='bbox 3403 2475 3629 2530; x_wconf 86' lang='lat' dir='ltr'><strong>Patrum</strong></span> 
     </span>
    </p>
   </div>
   <div class='ocr_carea' id='block_1_70' title="bbox 2053 2571 3632 2642">
    <p class='ocr_par' dir='ltr' id='par_1_70' title="bbox 2053 2571 3632 2642">
     <span class='ocr_line' id='line_1_70' title="bbox 2053 2571 3632 2642; baseline -0.007 -10"><span class='ocrx_word' id='word_1_509' title='bbox 2053 2589 2275 2633; x_wconf 87' lang='lat' dir='ltr'><strong>suorum</strong></span> <span class='ocrx_word' id='word_1_510' title='bbox 2324 2573 2574 2630; x_wconf 88' lang='lat' dir='ltr'><strong>claritate</strong></span> <span class='ocrx_word' id='word_1_511' title='bbox 2627 2571 2938 2638; x_wconf 83' lang='lat' dir='ltr'><strong>dissimiles,</strong></span> <span class='ocrx_word' id='word_1_512' title='bbox 2975 2571 3030 2626; x_wconf 90' lang='lat' dir='ltr'><strong>in</strong></span> <span class='ocrx_word' id='word_1_513' title='bbox 3071 2579 3296 2642; x_wconf 85' lang='lat' dir='ltr'><strong>paterno</strong></span> <span class='ocrx_word' id='word_1_514' title='bbox 3344 2584 3452 2624; x_wconf 92' lang='lat' dir='ltr'><strong>non</strong></span> <span class='ocrx_word' id='word_1_515' title='bbox 3517 2581 3632 2622; x_wconf 90' lang='lat' dir='ltr'><strong>ma-</strong></span> 
     </span>
    </p>
   </div>
   <div class='ocr_carea' id='block_1_71' title="bbox 2051 2655 3631 2728">
    <p class='ocr_par' dir='ltr' id='par_1_71' title="bbox 2051 2655 3631 2728">
     <span class='ocr_line' id='line_1_71' title="bbox 2051 2655 3631 2728; baseline -0.006 -8"><span class='ocrx_word' id='word_1_516' title='bbox 2051 2673 2216 2722; x_wconf 88' lang='lat' dir='ltr'><strong>neant</strong></span> <span class='ocrx_word' id='word_1_517' title='bbox 2241 2663 2415 2722; x_wconf 75' lang='lat' dir='ltr'><strong>ofﬁcio</strong></span> <span class='ocrx_word' id='word_1_518' title='bbox 2437 2663 2776 2728; x_wconf 89' lang='lat' dir='ltr'><strong>sacerdotes;</strong></span> <span class='ocrx_word' id='word_1_519' title='bbox 2805 2671 2861 2718; x_wconf 89' lang='lat' dir='ltr'><strong>et</strong></span> <span class='ocrx_word' id='word_1_520' title='bbox 2887 2662 3190 2718; x_wconf 90' lang='lat' dir='ltr'><strong>nullatenus</strong></span> <span class='ocrx_word' id='word_1_521' title='bbox 3214 2661 3266 2716; x_wconf 93' lang='lat' dir='ltr'><strong>in</strong></span> <span class='ocrx_word' id='word_1_522' title='bbox 3298 2674 3485 2716; x_wconf 90' lang='lat' dir='ltr'><strong>eorum</strong></span> <span class='ocrx_word' id='word_1_523' title='bbox 3505 2655 3631 2728; x_wconf 89' lang='lat' dir='ltr'><strong>jura</strong></span> 
     </span>
    </p>
   </div>
   <div class='ocr_carea' id='block_1_72' title="bbox 2052 2752 3632 2826">
    <p class='ocr_par' dir='ltr' id='par_1_72' title="bbox 2052 2752 3632 2826">
     <span class='ocr_line' id='line_1_72' title="bbox 2052 2752 3632 2826; baseline -0.009 -12"><span class='ocrx_word' id='word_1_524' title='bbox 2052 2758 2368 2826; x_wconf 85' lang='lat' dir='ltr'><strong>succedant,</strong></span> <span class='ocrx_word' id='word_1_525' title='bbox 2393 2771 2425 2811; x_wconf 92' lang='lat' dir='ltr'><strong>a</strong></span> <span class='ocrx_word' id='word_1_526' title='bbox 2455 2771 2688 2826; x_wconf 91' lang='lat' dir='ltr'><strong>quorum</strong></span> <span class='ocrx_word' id='word_1_527' title='bbox 2718 2754 2887 2810; x_wconf 89' lang='lat' dir='ltr'><strong>nobili</strong></span> <span class='ocrx_word' id='word_1_528' title='bbox 2920 2752 3254 2824; x_wconf 87' lang='lat' dir='ltr'><strong>ingenuitate</strong></span> <span class='ocrx_word' id='word_1_529' title='bbox 3280 2753 3632 2822; x_wconf 87' lang='lat' dir='ltr'><strong>degenerant.</strong></span> 
     </span>
    </p>
   </div>
   <div class='ocr_carea' id='block_1_73' title="bbox 2051 2840 3632 2918">
    <p class='ocr_par' dir='ltr' id='par_1_73' title="bbox 2051 2840 3632 2918">
     <span class='ocr_line' id='line_1_73' title="bbox 2051 2840 3632 2918; baseline -0.008 -12"><span class='ocrx_word' id='word_1_530' title='bbox 2051 2850 2198 2918; x_wconf 89' lang='lat' dir='ltr'><strong>Quos</strong></span> <span class='ocrx_word' id='word_1_531' title='bbox 2226 2863 2416 2905; x_wconf 90' lang='lat' dir='ltr'><strong>omnes</strong></span> <span class='ocrx_word' id='word_1_532' title='bbox 2443 2848 2592 2903; x_wconf 90' lang='lat' dir='ltr'><strong>velut</strong></span> <span class='ocrx_word' id='word_1_533' title='bbox 2623 2847 2691 2901; x_wconf 88' lang='lat' dir='ltr'><strong>ab</strong></span> <span class='ocrx_word' id='word_1_534' title='bbox 2721 2861 2826 2900; x_wconf 91' lang='lat' dir='ltr'><strong>una</strong></span> <span class='ocrx_word' id='word_1_535' title='bbox 2853 2859 3084 2917; x_wconf 90' lang='lat' dir='ltr'><strong>persona</strong></span> <span class='ocrx_word' id='word_1_536' title='bbox 3115 2859 3214 2913; x_wconf 92' lang='lat' dir='ltr'><strong>per</strong></span> <span class='ocrx_word' id='word_1_537' title='bbox 3233 2841 3370 2898; x_wconf 89' lang='lat' dir='ltr'><strong>Osee</strong></span> <span class='ocrx_word' id='word_1_538' title='bbox 3397 2840 3632 2912; x_wconf 86' lang='lat' dir='ltr'><strong>prophe-</strong></span> 
     </span>
    </p>
   </div>
   <div class='ocr_carea' id='block_1_74' title="bbox 2052 2933 3632 3009">
    <p class='ocr_par' dir='ltr' id='par_1_74' title="bbox 2052 2933 3632 3009">
     <span class='ocr_line' id='line_1_74' title="bbox 2052 2933 3632 3009; baseline -0.006 -13"><span class='ocrx_word' id='word_1_539' title='bbox 2052 2948 2162 2996; x_wconf 92' lang='lat' dir='ltr'><strong>tam</strong></span> <span class='ocrx_word' id='word_1_540' title='bbox 2212 2939 2474 2995; x_wconf 90' lang='lat' dir='ltr'><strong>Dominus</strong></span> <span class='ocrx_word' id='word_1_541' title='bbox 2527 2938 2805 3009; x_wconf 89' lang='lat' dir='ltr'><strong>reprobat,</strong></span> <span class='ocrx_word' id='word_1_542' title='bbox 2857 2937 3074 2992; x_wconf 86' lang='lat' dir='ltr'><strong>dicens:</strong></span> <span class='ocrx_word' id='word_1_543' title='bbox 3112 2954 3132 2987; x_wconf 73' lang='grc' dir='ltr'>ι</span> <span class='ocrx_word' id='word_1_544' title='bbox 3171 2935 3309 3002; x_wconf 86' lang='lat' dir='ltr'><strong>Quia</strong></span> <span class='ocrx_word' id='word_1_545' title='bbox 3348 2933 3632 2990; x_wconf 89' lang='lat' dir='ltr'><strong>scientiam</strong></span> 
     </span>
    </p>
   </div>
   <div class='ocr_carea' id='block_1_75' title="bbox 2052 3025 3629 3103">
    <p class='ocr_par' dir='ltr' id='par_1_75' title="bbox 2052 3025 3629 3103">
     <span class='ocr_line' id='line_1_75' title="bbox 2052 3025 3629 3103; baseline -0.006 -16"><span class='ocrx_word' id='word_1_546' title='bbox 2052 3031 2315 3103; x_wconf 90' lang='lat' dir='ltr'><strong>repulisti,</strong></span> <span class='ocrx_word' id='word_1_547' title='bbox 2349 3030 2606 3102; x_wconf 89' lang='lat' dir='ltr'><strong>repellam</strong></span> <span class='ocrx_word' id='word_1_548' title='bbox 2635 3039 2706 3095; x_wconf 89' lang='lat' dir='ltr'><strong>te,</strong></span> <span class='ocrx_word' id='word_1_549' title='bbox 2742 3045 2809 3085; x_wconf 91' lang='lat' dir='ltr'><strong>ne</strong></span> <span class='ocrx_word' id='word_1_550' title='bbox 2836 3027 3141 3086; x_wconf 91' lang='lat' dir='ltr'><strong>sacerdotio</strong></span> <span class='ocrx_word' id='word_1_551' title='bbox 3178 3027 3422 3098; x_wconf 82' lang='lat' dir='ltr'><strong>fungaris</strong></span> <span class='ocrx_word' id='word_1_552' title='bbox 3461 3025 3629 3090; x_wconf 84' lang='lat' dir='ltr'><strong>mihi;</strong></span> 
     </span>
    </p>
   </div>
   <div class='ocr_carea' id='block_1_76' title="bbox 2047 3117 3623 3194">
    <p class='ocr_par' dir='ltr' id='par_1_76' title="bbox 2047 3117 3623 3194">
     <span class='ocr_line' id='line_1_76' title="bbox 2047 3117 3623 3194; baseline -0.006 -14"><span class='ocrx_word' id='word_1_553' title='bbox 2047 3133 2102 3180; x_wconf 92' lang='lat' dir='ltr'><strong>et</strong></span> <span class='ocrx_word' id='word_1_554' title='bbox 2127 3125 2326 3180; x_wconf 92' lang='lat' dir='ltr'><strong>oblitus</strong></span> <span class='ocrx_word' id='word_1_555' title='bbox 2346 3138 2406 3178; x_wconf 94' lang='lat' dir='ltr'><strong>es</strong></span> <span class='ocrx_word' id='word_1_556' title='bbox 2435 3121 2570 3194; x_wconf 81' lang='lat' dir='ltr'><strong>legis</strong></span> <span class='ocrx_word' id='word_1_557' title='bbox 2596 3121 2691 3176; x_wconf 90' lang='lat' dir='ltr'><strong>Dei</strong></span> <span class='ocrx_word' id='word_1_558' title='bbox 2730 3122 2827 3186; x_wconf 92' lang='lat' dir='ltr'><strong>tui,</strong></span> <span class='ocrx_word' id='word_1_559' title='bbox 2855 3120 3142 3176; x_wconf 88' lang='lat' dir='ltr'><strong>obliviscar</strong></span> <span class='ocrx_word' id='word_1_560' title='bbox 3170 3127 3225 3173; x_wconf 93' lang='lat' dir='ltr'><strong>ct</strong></span> <span class='ocrx_word' id='word_1_561' title='bbox 3249 3134 3351 3192; x_wconf 88' lang='lat' dir='ltr'><strong>ego</strong></span> <span class='ocrx_word' id='word_1_562' title='bbox 3389 3117 3623 3171; x_wconf 92' lang='lat' dir='ltr'><strong>ﬁliorum</strong></span> 
     </span>
    </p>
   </div>
   <div class='ocr_carea' id='block_1_77' title="bbox 2051 3207 3633 3282">
    <p class='ocr_par' dir='ltr' id='par_1_77' title="bbox 2051 3207 3633 3282">
     <span class='ocr_line' id='line_1_77' title="bbox 2051 3207 3633 3282; baseline -0.006 -12"><span class='ocrx_word' id='word_1_563' title='bbox 2051 3223 2264 3270; x_wconf 90' lang='lat' dir='ltr'><strong>tuorum</strong></span> <span class='ocrx_word' id='word_1_564' title='bbox 2281 3221 2376 3282; x_wconf 19' lang='lat' dir='ltr'><strong>;,et</strong></span> <span class='ocrx_word' id='word_1_565' title='bbox 2391 3212 2685 3269; x_wconf 91' lang='lat' dir='ltr'><strong>secundum</strong></span> <span class='ocrx_word' id='word_1_566' title='bbox 2711 3209 3109 3266; x_wconf 89' lang='lat' dir='ltr'><strong>multitudinem</strong></span> <span class='ocrx_word' id='word_1_567' title='bbox 3130 3220 3316 3264; x_wconf 90' lang='lat' dir='ltr'><strong>eorum</strong></span> <span class='ocrx_word' id='word_1_568' title='bbox 3345 3207 3423 3262; x_wconf 87' lang='lat' dir='ltr'><strong>sic</strong></span> <span class='ocrx_word' id='word_1_569' title='bbox 3447 3221 3633 3278; x_wconf 91' lang='lat' dir='ltr'><strong>pecca-</strong></span> 
     </span>
    </p>
   </div>
   <div class='ocr_carea' id='block_1_78' title="bbox 2051 3299 3635 3374">
    <p class='ocr_par' dir='ltr' id='par_1_78' title="bbox 2051 3299 3635 3374">
     <span class='ocr_line' id='line_1_78' title="bbox 2051 3299 3635 3374; baseline -0.004 -16"><span class='ocrx_word' id='word_1_570' title='bbox 2051 3312 2246 3360; x_wconf 87' lang='lat' dir='ltr'><strong>verunt</strong></span> <span class='ocrx_word' id='word_1_571' title='bbox 2272 3303 2427 3371; x_wconf 90' lang='lat' dir='ltr'><strong>mihi,</strong></span> <span class='ocrx_word' id='word_1_572' title='bbox 2462 3302 2691 3374; x_wconf 88' lang='lat' dir='ltr'><strong>gloriam</strong></span> <span class='ocrx_word' id='word_1_573' title='bbox 2715 3317 2903 3361; x_wconf 85' lang='lat' dir='ltr'><strong>eorum</strong></span> <span class='ocrx_word' id='word_1_574' title='bbox 2926 3301 2980 3355; x_wconf 91' lang='lat' dir='ltr'><strong>in</strong></span> <span class='ocrx_word' id='word_1_575' title='bbox 3009 3299 3359 3371; x_wconf 86' lang='lat' dir='ltr'><strong>ignominiam</strong></span> <span class='ocrx_word' id='word_1_576' title='bbox 3387 3313 3635 3352; x_wconf 82' lang='lat' dir='ltr'><strong>commu-</strong></span> 
     </span>
    </p>
   </div>
   <div class='ocr_carea' id='block_1_79' title="bbox 2053 3389 3634 3466">
    <p class='ocr_par' dir='ltr' id='par_1_79' title="bbox 2053 3389 3634 3466">
     <span class='ocr_line' id='line_1_79' title="bbox 2053 3389 3634 3466; baseline -0.005 -15"><span class='ocrx_word' id='word_1_577' title='bbox 2053 3397 2198 3462; x_wconf 88' lang='lat' dir='ltr'><strong>tabo,</strong></span> <span class='ocrx_word' id='word_1_578' title='bbox 2230 3403 2451 3466; x_wconf 89' lang='lat' dir='ltr'><strong>peccata</strong></span> <span class='ocrx_word' id='word_1_579' title='bbox 2482 3393 2664 3466; x_wconf 90' lang='lat' dir='ltr'><strong>populi</strong></span> <span class='ocrx_word' id='word_1_580' title='bbox 2696 3393 2801 3448; x_wconf 91' lang='lat' dir='ltr'><strong>mei</strong></span> <span class='ocrx_word' id='word_1_581' title='bbox 2832 3391 3140 3456; x_wconf 91' lang='lat' dir='ltr'><strong>comedent,</strong></span> <span class='ocrx_word' id='word_1_582' title='bbox 3167 3399 3225 3446; x_wconf 92' lang='lat' dir='ltr'><strong>et</strong></span> <span class='ocrx_word' id='word_1_583' title='bbox 3270 3393 3338 3445; x_wconf 90' lang='lat' dir='ltr'><strong>ad</strong></span> <span class='ocrx_word' id='word_1_584' title='bbox 3379 3389 3634 3458; x_wconf 85' lang='lat' dir='ltr'><strong>iniquita-</strong></span> 
     </span>
    </p>
   </div>
   <div class='ocr_carea' id='block_1_80' title="bbox 2051 3479 3634 3548">
    <p class='ocr_par' dir='ltr' id='par_1_80' title="bbox 2051 3479 3634 3548">
     <span class='ocr_line' id='line_1_80' title="bbox 2051 3479 3634 3548; baseline -0.004 -7"><span class='ocrx_word' id='word_1_585' title='bbox 2051 3497 2159 3544; x_wconf 91' lang='lat' dir='ltr'><strong>tem</strong></span> <span class='ocrx_word' id='word_1_586' title='bbox 2191 3502 2378 3543; x_wconf 90' lang='lat' dir='ltr'><strong>eorum</strong></span> <span class='ocrx_word' id='word_1_587' title='bbox 2399 3485 2759 3542; x_wconf 88' lang='lat' dir='ltr'><strong>sublevabunt</strong></span> <span class='ocrx_word' id='word_1_588' title='bbox 2788 3484 2999 3539; x_wconf 89' lang='lat' dir='ltr'><strong>animas</strong></span> <span class='ocrx_word' id='word_1_589' title='bbox 3023 3496 3244 3548; x_wconf 88' lang='lat' dir='ltr'><strong>eorum;</strong></span> <span class='ocrx_word' id='word_1_590' title='bbox 3274 3491 3329 3538; x_wconf 90' lang='lat' dir='ltr'><strong>et</strong></span> <span class='ocrx_word' id='word_1_591' title='bbox 3358 3481 3465 3536; x_wconf 92' lang='lat' dir='ltr'><strong>erit</strong></span> <span class='ocrx_word' id='word_1_592' title='bbox 3491 3479 3634 3535; x_wconf 90' lang='lat' dir='ltr'><strong>sicut</strong></span> 
     </span>
    </p>
   </div>
   <div class='ocr_carea' id='block_1_81' title="bbox 2049 3575 3633 3652">
    <p class='ocr_par' dir='ltr' id='par_1_81' title="bbox 2049 3575 3633 3652">
     <span class='ocr_line' id='line_1_81' title="bbox 2049 3575 3633 3652; baseline -0.007 -14"><span class='ocrx_word' id='word_1_593' title='bbox 2049 3579 2300 3652; x_wconf 88' lang='lat' dir='ltr'><strong>populus,</strong></span> <span class='ocrx_word' id='word_1_594' title='bbox 2329 3581 2410 3637; x_wconf 91' lang='lat' dir='ltr'><strong>sic</strong></span> <span class='ocrx_word' id='word_1_595' title='bbox 2439 3578 2721 3645; x_wconf 86' lang='lat' dir='ltr'><strong>sacerdos;</strong></span> <span class='ocrx_word' id='word_1_596' title='bbox 2749 3588 2803 3635; x_wconf 91' lang='lat' dir='ltr'><strong>et</strong></span> <span class='ocrx_word' id='word_1_597' title='bbox 2852 3580 3083 3635; x_wconf 90' lang='lat' dir='ltr'><strong>visitabo</strong></span> <span class='ocrx_word' id='word_1_598' title='bbox 3131 3593 3294 3648; x_wconf 90' lang='lat' dir='ltr'><strong>super</strong></span> <span class='ocrx_word' id='word_1_599' title='bbox 3347 3591 3468 3632; x_wconf 91' lang='lat' dir='ltr'><strong>eum</strong></span> <span class='ocrx_word' id='word_1_600' title='bbox 3515 3575 3633 3629; x_wconf 88' lang='lat' dir='ltr'><strong>vias</strong></span> 
     </span>
    </p>
   </div>
   <div class='ocr_carea' id='block_1_82' title="bbox 2049 3666 3624 3742">
    <p class='ocr_par' dir='ltr' id='par_1_82' title="bbox 2049 3666 3624 3742">
     <span class='ocr_line' id='line_1_82' title="bbox 2049 3666 3624 3742; baseline -0.004 -17"><span class='ocrx_word' id='word_1_601' title='bbox 2049 3669 2186 3739; x_wconf 90' lang='lat' dir='ltr'><strong>ejus,</strong></span> <span class='ocrx_word' id='word_1_602' title='bbox 2215 3681 2272 3727; x_wconf 91' lang='lat' dir='ltr'><strong>ct</strong></span> <span class='ocrx_word' id='word_1_603' title='bbox 2318 3671 2675 3742; x_wconf 90' lang='lat' dir='ltr'><strong>cogitationes</strong></span> <span class='ocrx_word' id='word_1_604' title='bbox 2727 3671 2843 3742; x_wconf 91' lang='lat' dir='ltr'><strong>ejus</strong></span> <span class='ocrx_word' id='word_1_605' title='bbox 2901 3668 3122 3726; x_wconf 90' lang='lat' dir='ltr'><strong>reddam</strong></span> <span class='ocrx_word' id='word_1_606' title='bbox 3172 3669 3220 3724; x_wconf 90' lang='lat' dir='ltr'><strong>ei</strong></span> <span class='ocrx_word' id='word_1_607' title='bbox 3269 3666 3424 3740; x_wconf 82' lang='lat' dir='ltr'><strong>(Osee</strong></span> <span class='ocrx_word' id='word_1_608' title='bbox 3464 3667 3562 3736; x_wconf 82' lang='lat' dir='ltr'><strong>tv).</strong></span> <span class='ocrx_word' id='word_1_609' title='bbox 3603 3684 3624 3717; x_wconf 74' lang='grc' dir='ltr'><strong><em>ι</em></strong></span> 
     </span>
    </p>
   </div>
   <div class='ocr_carea' id='block_1_83' title="bbox 2053 3758 3630 3835">
    <p class='ocr_par' dir='ltr' id='par_1_83' title="bbox 2053 3758 3630 3835">
     <span class='ocr_line' id='line_1_83' title="bbox 2053 3758 3630 3835; baseline -0.004 -16"><span class='ocrx_word' id='word_1_610' title='bbox 2053 3765 2186 3821; x_wconf 83' lang='lat' dir='ltr'><strong>Nolo</strong></span> <span class='ocrx_word' id='word_1_611' title='bbox 2211 3773 2290 3821; x_wconf 93' lang='lat' dir='ltr'><strong>tot</strong></span> <span class='ocrx_word' id='word_1_612' title='bbox 2317 3780 2505 3821; x_wconf 91' lang='lat' dir='ltr'><strong>eorum</strong></span> <span class='ocrx_word' id='word_1_613' title='bbox 2535 3779 2859 3819; x_wconf 90' lang='lat' dir='ltr'><strong>enumerare</strong></span> <span class='ocrx_word' id='word_1_614' title='bbox 2884 3763 3108 3835; x_wconf 84' lang='lat' dir='ltr'><strong>ﬂagitia,</strong></span> <span class='ocrx_word' id='word_1_615' title='bbox 3134 3775 3254 3832; x_wconf 82' lang='lat' dir='ltr'><strong>quae</strong></span> <span class='ocrx_word' id='word_1_616' title='bbox 3281 3761 3368 3816; x_wconf 91' lang='lat' dir='ltr'><strong>vel</strong></span> <span class='ocrx_word' id='word_1_617' title='bbox 3395 3761 3448 3814; x_wconf 91' lang='lat' dir='ltr'><strong>in</strong></span> <span class='ocrx_word' id='word_1_618' title='bbox 3478 3758 3630 3814; x_wconf 90' lang='lat' dir='ltr'><strong>obla-</strong></span> 
     </span>
    </p>
   </div>
   <div class='ocr_carea' id='block_1_84' title="bbox 2053 3849 3631 3927">
    <p class='ocr_par' dir='ltr' id='par_1_84' title="bbox 2053 3849 3631 3927">
     <span class='ocr_line' id='line_1_84' title="bbox 2053 3849 3631 3927; baseline -0.004 -19"><span class='ocrx_word' id='word_1_619' title='bbox 2053 3856 2199 3910; x_wconf 90' lang='lat' dir='ltr'><strong>tione</strong></span> <span class='ocrx_word' id='word_1_620' title='bbox 2229 3855 2493 3927; x_wconf 89' lang='lat' dir='ltr'><strong>mysterii,</strong></span> <span class='ocrx_word' id='word_1_621' title='bbox 2527 3854 2613 3910; x_wconf 89' lang='lat' dir='ltr'><strong>vel</strong></span> <span class='ocrx_word' id='word_1_622' title='bbox 2634 3853 2772 3909; x_wconf 91' lang='lat' dir='ltr'><strong>inter</strong></span> <span class='ocrx_word' id='word_1_623' title='bbox 2802 3855 2915 3924; x_wconf 90' lang='lat' dir='ltr'><strong>ipsa</strong></span> <span class='ocrx_word' id='word_1_624' title='bbox 2955 3867 3170 3926; x_wconf 90' lang='lat' dir='ltr'><strong>quoque</strong></span> <span class='ocrx_word' id='word_1_625' title='bbox 3204 3849 3631 3922; x_wconf 88' lang='lat' dir='ltr'><strong>regenerationis</strong></span> 
     </span>
    </p>
   </div>
   <div class='ocr_carea' id='block_1_85' title="bbox 2053 3939 3632 4016">
    <p class='ocr_par' dir='ltr' id='par_1_85' title="bbox 2053 3939 3632 4016">
     <span class='ocr_line' id='line_1_85' title="bbox 2053 3939 3632 4016; baseline -0.003 -19"><span class='ocrx_word' id='word_1_626' title='bbox 2053 3945 2301 4000; x_wconf 75' lang='lat' dir='ltr'><strong>humanae</strong></span> <span class='ocrx_word' id='word_1_627' title='bbox 2328 3953 2645 4016; x_wconf 90' lang='lat' dir='ltr'><strong>perpetrant</strong></span> <span class='ocrx_word' id='word_1_628' title='bbox 2669 3953 3042 4000; x_wconf 88' lang='lat' dir='ltr'><strong>sacramenta:</strong></span> <span class='ocrx_word' id='word_1_629' title='bbox 3067 3941 3319 3997; x_wconf 89' lang='lat' dir='ltr'><strong>videlicet</strong></span> <span class='ocrx_word' id='word_1_630' title='bbox 3349 3939 3400 3995; x_wconf 91' lang='lat' dir='ltr'><strong>in</strong></span> <span class='ocrx_word' id='word_1_631' title='bbox 3429 3939 3632 3994; x_wconf 83' lang='lat' dir='ltr'><strong>scruti-</strong></span> 
     </span>
    </p>
   </div>
   <div class='ocr_carea' id='block_1_86' title="bbox 2052 4031 3636 4106">
    <p class='ocr_par' dir='ltr' id='par_1_86' title="bbox 2052 4031 3636 4106">
     <span class='ocr_line' id='line_1_86' title="bbox 2052 4031 3636 4106; baseline -0.003 -17"><span class='ocrx_word' id='word_1_632' title='bbox 2052 4035 2179 4102; x_wconf 90' lang='lat' dir='ltr'><strong>niis,</strong></span> <span class='ocrx_word' id='word_1_633' title='bbox 2207 4035 2263 4092; x_wconf 91' lang='lat' dir='ltr'><strong>in</strong></span> <span class='ocrx_word' id='word_1_634' title='bbox 2288 4035 2548 4106; x_wconf 86' lang='lat' dir='ltr'><strong>symbolis</strong></span> <span class='ocrx_word' id='word_1_635' title='bbox 2594 4043 2756 4106; x_wconf 90' lang='lat' dir='ltr'><strong>atque</strong></span> <span class='ocrx_word' id='word_1_636' title='bbox 2787 4035 2840 4090; x_wconf 93' lang='lat' dir='ltr'><strong>in</strong></span> <span class='ocrx_word' id='word_1_637' title='bbox 2863 4033 3200 4106; x_wconf 89' lang='lat' dir='ltr'><strong>baptismalis</strong></span> <span class='ocrx_word' id='word_1_638' title='bbox 3220 4031 3423 4088; x_wconf 90' lang='lat' dir='ltr'><strong>lavacri</strong></span> <span class='ocrx_word' id='word_1_639' title='bbox 3450 4044 3636 4086; x_wconf 86' lang='lat' dir='ltr'><strong>sacra-</strong></span> 
     </span>
    </p>
   </div>
   <div class='ocr_carea' id='block_1_87' title="bbox 2053 4123 3631 4198">
    <p class='ocr_par' dir='ltr' id='par_1_87' title="bbox 2053 4123 3631 4198">
     <span class='ocr_line' id='line_1_87' title="bbox 2053 4123 3631 4198; baseline -0.005 -16"><span class='ocrx_word' id='word_1_640' title='bbox 2053 4135 2256 4184; x_wconf 90' lang='lat' dir='ltr'><strong>mento.</strong></span> <span class='ocrx_word' id='word_1_641' title='bbox 2293 4127 2499 4186; x_wconf 89' lang='lat' dir='ltr'><strong>Omitto</strong></span> <span class='ocrx_word' id='word_1_642' title='bbox 2518 4141 2715 4198; x_wconf 91' lang='lat' dir='ltr'><strong>panem</strong></span> <span class='ocrx_word' id='word_1_643' title='bbox 2748 4127 2802 4198; x_wconf 90' lang='lat' dir='ltr'><strong>in</strong></span> <span class='ocrx_word' id='word_1_644' title='bbox 2851 4125 3120 4181; x_wconf 90' lang='lat' dir='ltr'><strong>salutares</strong></span> <span class='ocrx_word' id='word_1_645' title='bbox 3151 4123 3360 4179; x_wconf 89' lang='lat' dir='ltr'><strong>hostias</strong></span> <span class='ocrx_word' id='word_1_646' title='bbox 3400 4135 3631 4176; x_wconf 85' lang='lat' dir='ltr'><strong>conver-</strong></span> 
     </span>
    </p>
   </div>
   <div class='ocr_carea' id='block_1_88' title="bbox 2053 4197 3632 4291">
    <p class='ocr_par' dir='ltr' id='par_1_88' title="bbox 2053 4197 3632 4291">
     <span class='ocr_line' id='line_1_88' title="bbox 2053 4197 3632 4291; baseline -0.008 -15"><span class='ocrx_word' id='word_1_647' title='bbox 2053 4220 2298 4287; x_wconf 91' lang='lat' dir='ltr'><strong>tendum,</strong></span> <span class='ocrx_word' id='word_1_648' title='bbox 2343 4219 2438 4291; x_wconf 88' lang='lat' dir='ltr'><strong>qui</strong></span> <span class='ocrx_word' id='word_1_649' title='bbox 2480 4197 2869 4286; x_wconf 78' lang='lat' dir='ltr'><strong>nonnunquam</strong></span> <span class='ocrx_word' id='word_1_650' title='bbox 2920 4225 3045 4271; x_wconf 90' lang='lat' dir='ltr'><strong>ante</strong></span> <span class='ocrx_word' id='word_1_651' title='bbox 3068 4217 3128 4270; x_wconf 88' lang='lat' dir='ltr'><strong>ﬁt</strong></span> <span class='ocrx_word' id='word_1_652' title='bbox 3167 4214 3434 4278; x_wconf 89' lang='lat' dir='ltr'><strong>mucidus,</strong></span> <span class='ocrx_word' id='word_1_653' title='bbox 3465 4225 3632 4281; x_wconf 89' lang='lat' dir='ltr'><strong>quam</strong></span> 
     </span>
    </p>
   </div>
   <div class='ocr_carea' id='block_1_89' title="bbox 2053 4303 3633 4378">
    <p class='ocr_par' dir='ltr' id='par_1_89' title="bbox 2053 4303 3633 4378">
     <span class='ocr_line' id='line_1_89' title="bbox 2053 4303 3633 4378; baseline -0.008 -11"><span class='ocrx_word' id='word_1_654' title='bbox 2053 4311 2427 4367; x_wconf 89' lang='lat' dir='ltr'><strong>sanctiﬁcetur</strong></span> <span class='ocrx_word' id='word_1_655' title='bbox 2449 4308 2694 4364; x_wconf 88' lang='lat' dir='ltr'><strong>oblatus:</strong></span> <span class='ocrx_word' id='word_1_656' title='bbox 2726 4311 2901 4378; x_wconf 82' lang='lat' dir='ltr'><strong>ipsum</strong></span> <span class='ocrx_word' id='word_1_657' title='bbox 2936 4321 3152 4376; x_wconf 91' lang='lat' dir='ltr'><strong>quoque</strong></span> <span class='ocrx_word' id='word_1_658' title='bbox 3174 4303 3490 4375; x_wconf 84' lang='lat' dir='ltr'><strong>mysterium</strong></span> <span class='ocrx_word' id='word_1_659' title='bbox 3524 4315 3633 4356; x_wconf 85' lang='lat' dir='ltr'><strong>non</strong></span> 
     </span>
    </p>
   </div>
   <div class='ocr_carea' id='block_1_90' title="bbox 2049 4393 3624 4467">
    <p class='ocr_par' dir='ltr' id='par_1_90' title="bbox 2049 4393 3624 4467">
     <span class='ocr_line' id='line_1_90' title="bbox 2049 4393 3624 4467; baseline -0.008 -11"><span class='ocrx_word' id='word_1_660' title='bbox 2049 4404 2195 4459; x_wconf 78' lang='lat' dir='ltr'><strong>intra</strong></span> <span class='ocrx_word' id='word_1_661' title='bbox 2222 4403 2338 4458; x_wconf 89' lang='lat' dir='ltr'><strong>dies</strong></span> <span class='ocrx_word' id='word_1_662' title='bbox 2355 4409 2478 4456; x_wconf 91' lang='lat' dir='ltr'><strong>octo</strong></span> <span class='ocrx_word' id='word_1_663' title='bbox 2505 4398 2864 4464; x_wconf 91' lang='lat' dir='ltr'><strong>consumitur,</strong></span> <span class='ocrx_word' id='word_1_664' title='bbox 2895 4397 2988 4452; x_wconf 90' lang='lat' dir='ltr'><strong>sed</strong></span> <span class='ocrx_word' id='word_1_665' title='bbox 3023 4396 3340 4467; x_wconf 91' lang='lat' dir='ltr'><strong>plerumque</strong></span> <span class='ocrx_word' id='word_1_666' title='bbox 3367 4393 3433 4448; x_wconf 89' lang='lat' dir='ltr'><strong>ad</strong></span> <span class='ocrx_word' id='word_1_667' title='bbox 3457 4393 3624 4448; x_wconf 91' lang='lat' dir='ltr'><strong>omni-</strong></span> 
     </span>
    </p>
   </div>
   <div class='ocr_carea' id='block_1_91' title="bbox 361 4487 3632 4584">
    <p class='ocr_par' dir='ltr' id='par_1_91' title="bbox 361 4487 3632 4584">
     <span class='ocr_line' id='line_1_91' title="bbox 361 4487 3632 4584; baseline -0.003 -38"><span class='ocrx_word' id='word_1_668' title='bbox 361 4500 416 4546; x_wconf 90' lang='lat' dir='ltr'><strong>et</strong></span> <span class='ocrx_word' id='word_1_669' title='bbox 448 4494 651 4564; x_wconf 89' lang='lat' dir='ltr'><strong>rogetis</strong></span> <span class='ocrx_word' id='word_1_670' title='bbox 682 4508 780 4564; x_wconf 93' lang='lat' dir='ltr'><strong>pro</strong></span> <span class='ocrx_word' id='word_1_671' title='bbox 806 4509 868 4548; x_wconf 92' lang='lat' dir='ltr'><strong>ea</strong></span> <span class='ocrx_word' id='word_1_672' title='bbox 904 4494 956 4547; x_wconf 93' lang='lat' dir='ltr'><strong>in</strong></span> <span class='ocrx_word' id='word_1_673' title='bbox 983 4501 1273 4564; x_wconf 90' lang='lat' dir='ltr'><strong>conspectu</strong></span> <span class='ocrx_word' id='word_1_674' title='bbox 1305 4493 1559 4548; x_wconf 88' lang='lat' dir='ltr'><strong>Domini?</strong></span> <span class='ocrx_word' id='word_1_675' title='bbox 1585 4492 1770 4565; x_wconf 70' lang='lat' dir='ltr'><strong>(Leuit.</strong></span> <span class='ocrx_word' id='word_1_676' title='bbox 1805 4493 1882 4562; x_wconf 67' lang='grc' dir='ltr'><strong>κ).</strong></span> <span class='ocrx_word' id='word_1_677' title='bbox 1919 4513 1937 4546; x_wconf 75' lang='grc' dir='ltr'><strong><em>ι</em></strong></span> <span class='ocrx_word' id='word_1_678' title='bbox 1971 4525 2023 4584; x_wconf 76' lang='lat' dir='ltr'><strong>D</strong></span> <span class='ocrx_word' id='word_1_679' title='bbox 2054 4494 2288 4565; x_wconf 89' lang='lat' dir='ltr'><strong>potentis</strong></span> <span class='ocrx_word' id='word_1_680' title='bbox 2319 4493 2415 4548; x_wconf 91' lang='lat' dir='ltr'><strong>Dei</strong></span> <span class='ocrx_word' id='word_1_681' title='bbox 2441 4490 2693 4561; x_wconf 78' lang='lat' dir='ltr'><strong>iniuriam</strong></span> <span class='ocrx_word' id='word_1_682' title='bbox 2735 4489 2788 4544; x_wconf 92' lang='lat' dir='ltr'><strong>in</strong></span> <span class='ocrx_word' id='word_1_683' title='bbox 2825 4501 3066 4544; x_wconf 90' lang='lat' dir='ltr'><strong>mensem</strong></span> <span class='ocrx_word' id='word_1_684' title='bbox 3121 4487 3340 4541; x_wconf 88' lang='lat' dir='ltr'><strong>tertium</strong></span> <span class='ocrx_word' id='word_1_685' title='bbox 3390 4498 3632 4538; x_wconf 57' lang='lat' dir='ltr'><strong>reserva.</strong></span> 
     </span>
    </p>
   </div>
   <div class='ocr_carea' id='block_1_92' title="bbox 366 4581 1946 4654">
    <p class='ocr_par' dir='ltr' id='par_1_92' title="bbox 366 4581 1946 4654">
     <span class='ocr_line' id='line_1_92' title="bbox 366 4581 1946 4654; baseline 0.003 -17"><span class='ocrx_word' id='word_1_686' title='bbox 366 4581 473 4637; x_wconf 88' lang='lat' dir='ltr'><strong>Sed</strong></span> <span class='ocrx_word' id='word_1_687' title='bbox 504 4599 627 4639; x_wconf 91' lang='lat' dir='ltr'><strong>cum</strong></span> <span class='ocrx_word' id='word_1_688' title='bbox 671 4600 864 4654; x_wconf 89' lang='lat' dir='ltr'><strong>passus</strong></span> <span class='ocrx_word' id='word_1_689' title='bbox 919 4585 991 4641; x_wconf 90' lang='lat' dir='ltr'><strong>sit</strong></span> <span class='ocrx_word' id='word_1_690' title='bbox 1022 4585 1282 4640; x_wconf 90' lang='lat' dir='ltr'><strong>Dominus</strong></span> <span class='ocrx_word' id='word_1_691' title='bbox 1333 4585 1387 4638; x_wconf 90' lang='lat' dir='ltr'><strong>in</strong></span> <span class='ocrx_word' id='word_1_692' title='bbox 1427 4599 1590 4640; x_wconf 88' lang='lat' dir='ltr'><strong>cruce</strong></span> <span class='ocrx_word' id='word_1_693' title='bbox 1618 4600 1717 4654; x_wconf 88' lang='lat' dir='ltr'><strong>pro</strong></span> <span class='ocrx_word' id='word_1_694' title='bbox 1773 4585 1946 4641; x_wconf 83' lang='lat' dir='ltr'><strong>salute</strong></span> 
     </span>
    </p>
   </div>
   <div class='ocr_carea' id='block_1_93' title="bbox 364 4675 1944 4746">
    <p class='ocr_par' dir='ltr' id='par_1_93' title="bbox 364 4675 1944 4746">
     <span class='ocr_line' id='line_1_93' title="bbox 364 4675 1944 4746; baseline 0.003 -19"><span class='ocrx_word' id='word_1_695' title='bbox 364 4675 574 4736; x_wconf 88' lang='lat' dir='ltr'><strong>mundi,</strong></span> <span class='ocrx_word' id='word_1_696' title='bbox 609 4691 750 4733; x_wconf 87' lang='lat' dir='ltr'><strong>nunc</strong></span> <span class='ocrx_word' id='word_1_697' title='bbox 773 4685 1042 4732; x_wconf 85' lang='lat' dir='ltr'><strong>mactatur</strong></span> <span class='ocrx_word' id='word_1_698' title='bbox 1067 4675 1120 4730; x_wconf 90' lang='lat' dir='ltr'><strong>in</strong></span> <span class='ocrx_word' id='word_1_699' title='bbox 1144 4675 1300 4730; x_wconf 88' lang='lat' dir='ltr'><strong>altari</strong></span> <span class='ocrx_word' id='word_1_700' title='bbox 1343 4690 1443 4746; x_wconf 82' lang='lat' dir='ltr'><strong>pro</strong></span> <span class='ocrx_word' id='word_1_701' title='bbox 1471 4676 1632 4731; x_wconf 90' lang='lat' dir='ltr'><strong>unius</strong></span> <span class='ocrx_word' id='word_1_702' title='bbox 1659 4677 1944 4733; x_wconf 89' lang='lat' dir='ltr'><strong>commodo</strong></span> 
     </span>
    </p>
   </div>
   <div class='ocr_carea' id='block_1_94' title="bbox 357 4765 1946 4841">
    <p class='ocr_par' dir='ltr' id='par_1_94' title="bbox 357 4765 1946 4841">
     <span class='ocr_line' id='line_1_94' title="bbox 357 4765 1946 4841; baseline 0.004 -21"><span class='ocrx_word' id='word_1_703' title='bbox 357 4775 412 4820; x_wconf 91' lang='lat' dir='ltr'><strong>et</strong></span> <span class='ocrx_word' id='word_1_704' title='bbox 437 4765 690 4824; x_wconf 79' lang='lat' dir='ltr'><strong>facultate</strong></span> <span class='ocrx_word' id='word_1_705' title='bbox 721 4768 1041 4841; x_wconf 89' lang='lat' dir='ltr'><strong>presbyteri.</strong></span> <span class='ocrx_word' id='word_1_706' title='bbox 1067 4765 1218 4823; x_wconf 91' lang='lat' dir='ltr'><strong>Tunc</strong></span> <span class='ocrx_word' id='word_1_707' title='bbox 1242 4770 1532 4824; x_wconf 75' lang='lat' dir='ltr'><strong>cruciﬁxus</strong></span> <span class='ocrx_word' id='word_1_708' title='bbox 1553 4777 1635 4823; x_wconf 90' lang='lat' dir='ltr'><strong>est</strong></span> <span class='ocrx_word' id='word_1_709' title='bbox 1663 4784 1760 4838; x_wconf 90' lang='lat' dir='ltr'><strong>pro</strong></span> <span class='ocrx_word' id='word_1_710' title='bbox 1782 4771 1946 4826; x_wconf 88' lang='lat' dir='ltr'><strong>totius</strong></span> 
     </span>
    </p>
   </div>
   <div class='ocr_carea' id='block_1_95' title="bbox 358 4857 1943 4928">
    <p class='ocr_par' dir='ltr' id='par_1_95' title="bbox 358 4857 1943 4928">
     <span class='ocr_line' id='line_1_95' title="bbox 358 4857 1943 4928; baseline 0.003 -18"><span class='ocrx_word' id='word_1_711' title='bbox 358 4857 544 4927; x_wconf 89' lang='lat' dir='ltr'><strong>populi</strong></span> <span class='ocrx_word' id='word_1_712' title='bbox 575 4858 941 4921; x_wconf 90' lang='lat' dir='ltr'><strong>multitudine,</strong></span> <span class='ocrx_word' id='word_1_713' title='bbox 972 4873 1116 4918; x_wconf 87' lang='lat' dir='ltr'><strong>nunc</strong></span> <span class='ocrx_word' id='word_1_714' title='bbox 1167 4859 1324 4928; x_wconf 90' lang='lat' dir='ltr'><strong>quasi</strong></span> <span class='ocrx_word' id='word_1_715' title='bbox 1373 4873 1471 4928; x_wconf 88' lang='lat' dir='ltr'><strong>pro</strong></span> <span class='ocrx_word' id='word_1_716' title='bbox 1517 4859 1676 4914; x_wconf 88' lang='lat' dir='ltr'><strong>unius</strong></span> <span class='ocrx_word' id='word_1_717' title='bbox 1710 4860 1943 4916; x_wconf 86' lang='lat' dir='ltr'><strong>homun-</strong></span> 
     </span>
    </p>
   </div>
   <div class='ocr_carea' id='block_1_96' title="bbox 351 4947 1943 5005">
    <p class='ocr_par' dir='ltr' id='par_1_96' title="bbox 351 4947 1943 5005">
     <span class='ocr_line' id='line_1_96' title="bbox 351 4947 1943 5005; baseline 0.002 -3"><span class='ocrx_word' id='word_1_718' title='bbox 351 4947 530 5004; x_wconf 89' lang='lat' dir='ltr'><strong>cionis</strong></span> <span class='ocrx_word' id='word_1_719' title='bbox 573 4949 805 5004; x_wconf 83' lang='lat' dir='ltr'><strong>utilitate</strong></span> <span class='ocrx_word' id='word_1_720' title='bbox 853 4949 1112 5004; x_wconf 84' lang='lat' dir='ltr'><strong>salutaris</strong></span> <span class='ocrx_word' id='word_1_721' title='bbox 1157 4949 1332 5004; x_wconf 89' lang='lat' dir='ltr'><strong>hostia</strong></span> <span class='ocrx_word' id='word_1_722' title='bbox 1366 4950 1575 5004; x_wconf 87' lang='lat' dir='ltr'><strong>videtur</strong></span> <span class='ocrx_word' id='word_1_723' title='bbox 1620 4949 1825 5005; x_wconf 75' lang='lat' dir='ltr'><strong>offerri.</strong></span> <span class='ocrx_word' id='word_1_724' title='bbox 1852 4949 1943 5005; x_wconf 82' lang='lat' dir='ltr'><strong>Isti</strong></span> 
     </span>
    </p>
   </div>
   <div class='ocr_carea' id='block_1_97' title="bbox 303 5036 1940 5109">
    <p class='ocr_par' dir='ltr' id='par_1_97' title="bbox 303 5036 1940 5109">
     <span class='ocr_line' id='line_1_97' title="bbox 303 5036 1940 5109; baseline 0.005 -23"><span class='ocrx_word' id='word_1_725' title='bbox 303 5083 306 5086; x_wconf 83' lang='lat'><strong>.</strong></span> <span class='ocrx_word' id='word_1_726' title='bbox 352 5036 518 5107; x_wconf 88' lang='lat' dir='ltr'><strong>plane</strong></span> <span class='ocrx_word' id='word_1_727' title='bbox 548 5047 858 5095; x_wconf 90' lang='lat' dir='ltr'><strong>sanctorum</strong></span> <span class='ocrx_word' id='word_1_728' title='bbox 904 5039 1150 5105; x_wconf 88' lang='lat' dir='ltr'><strong>Patrum,</strong></span> <span class='ocrx_word' id='word_1_729' title='bbox 1194 5040 1285 5109; x_wconf 88' lang='lat' dir='ltr'><strong>qui</strong></span> <span class='ocrx_word' id='word_1_730' title='bbox 1337 5039 1464 5093; x_wconf 89' lang='lat' dir='ltr'><strong>dum</strong></span> <span class='ocrx_word' id='word_1_731' title='bbox 1521 5038 1575 5093; x_wconf 92' lang='lat' dir='ltr'><strong>in</strong></span> <span class='ocrx_word' id='word_1_732' title='bbox 1621 5040 1940 5094; x_wconf 87' lang='lat' dir='ltr'><strong>sacerdotali</strong></span> 
     </span>
    </p>
   </div>
   <div class='ocr_carea' id='block_1_98' title="bbox 349 5129 1944 5202">
    <p class='ocr_par' dir='ltr' id='par_1_98' title="bbox 349 5129 1944 5202">
     <span class='ocr_line' id='line_1_98' title="bbox 349 5129 1944 5202; baseline 0.001 -19"><span class='ocrx_word' id='word_1_733' title='bbox 349 5129 550 5185; x_wconf 88' lang='lat' dir='ltr'><strong>ordine</strong></span> <span class='ocrx_word' id='word_1_734' title='bbox 571 5129 873 5187; x_wconf 82' lang='lat' dir='ltr'><strong>ﬂoruerunt</strong></span> <span class='ocrx_word' id='word_1_735' title='bbox 892 5146 1000 5187; x_wconf 89' lang='lat' dir='ltr'><strong>non</strong></span> <span class='ocrx_word' id='word_1_736' title='bbox 1026 5131 1252 5202; x_wconf 86' lang='lat' dir='ltr'><strong>legitimi</strong></span> <span class='ocrx_word' id='word_1_737' title='bbox 1273 5131 1389 5198; x_wconf 86' lang='lat' dir='ltr'><strong>ﬁlii,</strong></span> <span class='ocrx_word' id='word_1_738' title='bbox 1417 5132 1510 5187; x_wconf 89' lang='lat' dir='ltr'><strong>sed</strong></span> <span class='ocrx_word' id='word_1_739' title='bbox 1531 5131 1710 5202; x_wconf 90' lang='lat' dir='ltr'><strong>potius</strong></span> <span class='ocrx_word' id='word_1_740' title='bbox 1731 5130 1944 5186; x_wconf 91' lang='lat' dir='ltr'><strong>dicendi</strong></span> 
     </span>
    </p>
   </div>
   <div class='ocr_carea' id='block_1_99' title="bbox 352 5221 1948 5291">
    <p class='ocr_par' dir='ltr' id='par_1_99' title="bbox 352 5221 1948 5291">
     <span class='ocr_line' id='line_1_99' title="bbox 352 5221 1948 5291; baseline 0.003 -21"><span class='ocrx_word' id='word_1_741' title='bbox 352 5225 480 5274; x_wconf 82' lang='lat' dir='ltr'><strong>sunt</strong></span> <span class='ocrx_word' id='word_1_742' title='bbox 515 5233 816 5286; x_wconf 81' lang='lat' dir='ltr'><strong>manzeres,</strong></span> <span class='ocrx_word' id='word_1_743' title='bbox 840 5229 1004 5291; x_wconf 91' lang='lat' dir='ltr'><strong>atque</strong></span> <span class='ocrx_word' id='word_1_744' title='bbox 1026 5221 1148 5276; x_wconf 90' lang='lat' dir='ltr'><strong>ideo</strong></span> <span class='ocrx_word' id='word_1_745' title='bbox 1167 5235 1276 5284; x_wconf 85' lang='lat' dir='ltr'><strong>non</strong></span> <span class='ocrx_word' id='word_1_746' title='bbox 1297 5221 1570 5277; x_wconf 92' lang='lat' dir='ltr'><strong>immerito</strong></span> <span class='ocrx_word' id='word_1_747' title='bbox 1590 5221 1732 5276; x_wconf 92' lang='lat' dir='ltr'><strong>inter</strong></span> <span class='ocrx_word' id='word_1_748' title='bbox 1757 5234 1948 5276; x_wconf 88' lang='lat' dir='ltr'><strong>eorum</strong></span> 
     </span>
    </p>
   </div>
   <div class='ocr_carea' id='block_1_100' title="bbox 354 5312 1946 5383">
    <p class='ocr_par' dir='ltr' id='par_1_100' title="bbox 354 5312 1946 5383">
     <span class='ocr_line' id='line_1_100' title="bbox 354 5312 1946 5383; baseline 0.006 -23"><span class='ocrx_word' id='word_1_749' title='bbox 354 5323 461 5362; x_wconf 91' lang='lat' dir='ltr'><strong>non</strong></span> <span class='ocrx_word' id='word_1_750' title='bbox 498 5321 965 5367; x_wconf 87' lang='lat' dir='ltr'><strong>connumerantur</strong></span> <span class='ocrx_word' id='word_1_751' title='bbox 1011 5312 1275 5370; x_wconf 76' lang='lat' dir='ltr'><strong>baeredes.</strong></span> <span class='ocrx_word' id='word_1_752' title='bbox 1331 5312 1414 5368; x_wconf 87' lang='lat' dir='ltr'><strong>Illi</strong></span> <span class='ocrx_word' id='word_1_753' title='bbox 1475 5313 1764 5383; x_wconf 85' lang='lat' dir='ltr'><strong>siquidem,</strong></span> <span class='ocrx_word' id='word_1_754' title='bbox 1788 5312 1946 5381; x_wconf 79' lang='lat' dir='ltr'><strong>juxta</strong></span> 
     </span>
    </p>
   </div>
   <div class='ocr_carea' id='block_1_101' title="bbox 356 5399 1945 5476">
    <p class='ocr_par' dir='ltr' id='par_1_101' title="bbox 356 5399 1945 5476">
     <span class='ocr_line' id='line_1_101' title="bbox 356 5399 1945 5476; baseline 0.007 -26"><span class='ocrx_word' id='word_1_755' title='bbox 356 5399 707 5467; x_wconf 82' lang='lat' dir='ltr'><strong>Hieremiam,</strong></span> <span class='ocrx_word' id='word_1_756' title='bbox 739 5402 1118 5460; x_wconf 89' lang='lat' dir='ltr'><strong>nutricbantur</strong></span> <span class='ocrx_word' id='word_1_757' title='bbox 1167 5405 1224 5459; x_wconf 91' lang='lat' dir='ltr'><strong>in</strong></span> <span class='ocrx_word' id='word_1_758' title='bbox 1274 5404 1518 5470; x_wconf 87' lang='lat' dir='ltr'><strong>croceis;</strong></span> <span class='ocrx_word' id='word_1_759' title='bbox 1549 5403 1662 5472; x_wconf 89' lang='lat' dir='ltr'><strong>isti,</strong></span> <span class='ocrx_word' id='word_1_760' title='bbox 1690 5405 1829 5476; x_wconf 90' lang='lat' dir='ltr'><strong>prob</strong></span> <span class='ocrx_word' id='word_1_761' title='bbox 1849 5404 1945 5461; x_wconf 88' lang='lat' dir='ltr'><strong>do-</strong></span> 
     </span>
    </p>
   </div>
   <div class='ocr_carea' id='block_1_102' title="bbox 355 5488 1854 5567">
    <p class='ocr_par' dir='ltr' id='par_1_102' title="bbox 355 5488 1854 5567">
     <span class='ocr_line' id='line_1_102' title="bbox 355 5488 1854 5567; baseline 0.008 -27"><span class='ocrx_word' id='word_1_762' title='bbox 355 5488 466 5542; x_wconf 83' lang='lat' dir='ltr'><strong>lor!</strong></span> <span class='ocrx_word' id='word_1_763' title='bbox 508 5491 800 5562; x_wconf 83' lang='lat' dir='ltr'><strong>amplexati</strong></span> <span class='ocrx_word' id='word_1_764' title='bbox 821 5503 946 5549; x_wconf 86' lang='lat' dir='ltr'><strong>sunt</strong></span> <span class='ocrx_word' id='word_1_765' title='bbox 973 5505 1214 5551; x_wconf 88' lang='lat' dir='ltr'><strong>stercora</strong></span> <span class='ocrx_word' id='word_1_766' title='bbox 1243 5493 1458 5566; x_wconf 80' lang='lat' dir='ltr'><strong>(Thren.</strong></span> <span class='ocrx_word' id='word_1_767' title='bbox 1487 5493 1586 5567; x_wconf 81' lang='lat' dir='ltr'><strong>IV).</strong></span> <span class='ocrx_word' id='word_1_768' title='bbox 1849 5497 1854 5499; x_wconf 78' lang='grc'><strong>’</strong></span> 
     </span>
    </p>
   </div>
   <div class='ocr_carea' id='block_1_103' title="bbox 970 5585 1334 5660">
    <p class='ocr_par' dir='ltr' id='par_1_103' title="bbox 970 5585 1334 5660">
     <span class='ocr_line' id='line_1_103' title="bbox 970 5585 1334 5660; baseline 0.003 -19"><span class='ocrx_word' id='word_1_769' title='bbox 970 5585 1334 5660; x_wconf 16' lang='lat' dir='ltr'><strong>,CAPUTIH.</strong></span> 
     </span>
    </p>
   </div>
   <div class='ocr_carea' id='block_1_104' title="bbox 825 5675 1916 5746">
    <p class='ocr_par' dir='ltr' id='par_1_104' title="bbox 825 5675 1916 5746">
     <span class='ocr_line' id='line_1_104' title="bbox 825 5675 1916 5746; baseline 0.012 -17"><span class='ocrx_word' id='word_1_770' title='bbox 825 5675 955 5743; x_wconf 71' lang='lat' dir='ltr'><strong>Qui:</strong></span> <span class='ocrx_word' id='word_1_771' title='bbox 977 5680 1041 5731; x_wconf 76' lang='lat' dir='ltr'><strong>sit</strong></span> <span class='ocrx_word' id='word_1_772' title='bbox 1070 5685 1182 5732; x_wconf 71' lang='lat' dir='ltr'><strong>rere</strong></span> <span class='ocrx_word' id='word_1_773' title='bbox 1209 5681 1494 5736; x_wconf 71' lang='lat' dir='ltr'><strong>sacerdos.</strong></span> <span class='ocrx_word' id='word_1_774' title='bbox 1592 5741 1597 5746; x_wconf 65' lang='grc'>,</span> <span class='ocrx_word' id='word_1_775' title='bbox 1622 5743 1625 5746; x_wconf 96' lang='lat'><em>_</em></span> <span class='ocrx_word' id='word_1_776' title='bbox 1687 5743 1692 5746; x_wconf 92' lang='lat'><strong><em>_</em></strong></span> <span class='ocrx_word' id='word_1_777' title='bbox 1913 5740 1916 5742; x_wconf 24' lang='grc' dir='ltr'>γ</span> 
     </span>
    </p>
   </div>
   <div class='ocr_carea' id='block_1_105' title="bbox 431 5759 1952 5844">
    <p class='ocr_par' dir='ltr' id='par_1_105' title="bbox 431 5759 1952 5844">
     <span class='ocr_line' id='line_1_105' title="bbox 431 5759 1952 5844; baseline 0.005 -27"><span class='ocrx_word' id='word_1_778' title='bbox 431 5759 531 5818; x_wconf 77' lang='lat' dir='ltr'><strong>Hic</strong></span> <span class='ocrx_word' id='word_1_779' title='bbox 586 5768 741 5835; x_wconf 85' lang='lat' dir='ltr'><strong>plane</strong></span> <span class='ocrx_word' id='word_1_780' title='bbox 779 5770 906 5838; x_wconf 83' lang='lat' dir='ltr'><strong>jure</strong></span> <span class='ocrx_word' id='word_1_781' title='bbox 959 5762 1199 5840; x_wconf 80' lang='lat' dir='ltr'><strong>fungitur</strong></span> <span class='ocrx_word' id='word_1_782' title='bbox 1245 5775 1548 5830; x_wconf 77' lang='lat' dir='ltr'><strong>sacerdotio</strong></span> <span class='ocrx_word' id='word_1_783' title='bbox 1579 5814 1593 5838; x_wconf 95' lang='lat'><strong>,</strong></span> <span class='ocrx_word' id='word_1_784' title='bbox 1642 5773 1732 5844; x_wconf 88' lang='lat' dir='ltr'><strong>qui</strong></span> <span class='ocrx_word' id='word_1_785' title='bbox 1797 5788 1952 5843; x_wconf 79' lang='lat' dir='ltr'><strong>regu-</strong></span> 
     </span>
    </p>
   </div>
   <div class='ocr_carea' id='block_1_106' title="bbox 2054 4577 3633 4654">
    <p class='ocr_par' dir='ltr' id='par_1_106' title="bbox 2054 4577 3633 4654">
     <span class='ocr_line' id='line_1_106' title="bbox 2054 4577 3633 4654; baseline -0.007 -13"><span class='ocrx_word' id='word_1_786' title='bbox 2054 4599 2162 4642; x_wconf 91' lang='lat' dir='ltr'><strong>tur.</strong></span> <span class='ocrx_word' id='word_1_787' title='bbox 2191 4585 2464 4640; x_wconf 76' lang='lat' dir='ltr'><strong>Przetereo</strong></span> <span class='ocrx_word' id='word_1_788' title='bbox 2489 4582 2633 4654; x_wconf 87' lang='lat' dir='ltr'><strong>quod</strong></span> <span class='ocrx_word' id='word_1_789' title='bbox 2662 4582 2953 4654; x_wconf 87' lang='lat' dir='ltr'><strong>aliquando</strong></span> <span class='ocrx_word' id='word_1_790' title='bbox 2987 4597 3126 4652; x_wconf 90' lang='lat' dir='ltr'><strong>aqua</strong></span> <span class='ocrx_word' id='word_1_791' title='bbox 3154 4580 3279 4634; x_wconf 91' lang='lat' dir='ltr'><strong>vino</strong></span> <span class='ocrx_word' id='word_1_792' title='bbox 3329 4579 3381 4641; x_wconf 84' lang='lat' dir='ltr'><strong>in</strong></span> <span class='ocrx_word' id='word_1_793' title='bbox 3429 4577 3633 4633; x_wconf 81' lang='lat' dir='ltr'><strong>eueha-</strong></span> 
     </span>
    </p>
   </div>
   <div class='ocr_carea' id='block_1_107' title="bbox 2056 4671 3634 4743">
    <p class='ocr_par' dir='ltr' id='par_1_107' title="bbox 2056 4671 3634 4743">
     <span class='ocr_line' id='line_1_107' title="bbox 2056 4671 3634 4743; baseline -0.007 -11"><span class='ocrx_word' id='word_1_794' title='bbox 2056 4677 2207 4733; x_wconf 84' lang='lat' dir='ltr'><strong>ristia</strong></span> <span class='ocrx_word' id='word_1_795' title='bbox 2243 4693 2352 4734; x_wconf 91' lang='lat' dir='ltr'><strong>non</strong></span> <span class='ocrx_word' id='word_1_796' title='bbox 2379 4675 2660 4742; x_wconf 89' lang='lat' dir='ltr'><strong>miscetur,</strong></span> <span class='ocrx_word' id='word_1_797' title='bbox 2683 4687 2740 4730; x_wconf 91' lang='lat' dir='ltr'><strong>et</strong></span> <span class='ocrx_word' id='word_1_798' title='bbox 2767 4674 2847 4730; x_wconf 90' lang='lat' dir='ltr'><strong>sic</strong></span> <span class='ocrx_word' id='word_1_799' title='bbox 2882 4671 3283 4743; x_wconf 90' lang='lat' dir='ltr'><strong>quodammodo</strong></span> <span class='ocrx_word' id='word_1_800' title='bbox 3327 4684 3426 4742; x_wconf 86' lang='lat' dir='ltr'><strong>per</strong></span> <span class='ocrx_word' id='word_1_801' title='bbox 3483 4686 3634 4724; x_wconf 80' lang='lat' dir='ltr'><strong>erro-</strong></span> 
     </span>
    </p>
   </div>
   <div class='ocr_carea' id='block_1_108' title="bbox 2057 4762 3633 4832">
    <p class='ocr_par' dir='ltr' id='par_1_108' title="bbox 2057 4762 3633 4832">
     <span class='ocr_line' id='line_1_108' title="bbox 2057 4762 3633 4832; baseline -0.008 -10"><span class='ocrx_word' id='word_1_802' title='bbox 2057 4784 2173 4824; x_wconf 88' lang='lat' dir='ltr'><strong>rem</strong></span> <span class='ocrx_word' id='word_1_803' title='bbox 2195 4767 2393 4823; x_wconf 87' lang='lat' dir='ltr'><strong>occulti</strong></span> <span class='ocrx_word' id='word_1_804' title='bbox 2423 4765 2732 4822; x_wconf 89' lang='lat' dir='ltr'><strong>schismatis</strong></span> <span class='ocrx_word' id='word_1_805' title='bbox 2759 4780 2786 4818; x_wconf 89' lang='lat' dir='ltr'><strong>a</strong></span> <span class='ocrx_word' id='word_1_806' title='bbox 2814 4763 3031 4820; x_wconf 88' lang='lat' dir='ltr'><strong>Christo</strong></span> <span class='ocrx_word' id='word_1_807' title='bbox 3065 4762 3292 4832; x_wconf 87' lang='lat' dir='ltr'><strong>p0pulus</strong></span> <span class='ocrx_word' id='word_1_808' title='bbox 3323 4767 3633 4828; x_wconf 88' lang='lat' dir='ltr'><strong>separatur.</strong></span> 
     </span>
    </p>
   </div>
   <div class='ocr_carea' id='block_1_109' title="bbox 2057 4853 3633 4927">
    <p class='ocr_par' dir='ltr' id='par_1_109' title="bbox 2057 4853 3633 4927">
     <span class='ocr_line' id='line_1_109' title="bbox 2057 4853 3633 4927; baseline -0.007 -12"><span class='ocrx_word' id='word_1_809' title='bbox 2057 4860 2201 4927; x_wconf 61' lang='lat' dir='ltr'><strong>Haec,</strong></span> <span class='ocrx_word' id='word_1_810' title='bbox 2229 4869 2283 4916; x_wconf 91' lang='lat' dir='ltr'><strong>et</strong></span> <span class='ocrx_word' id='word_1_811' title='bbox 2314 4860 2399 4915; x_wconf 88' lang='lat' dir='ltr'><strong>his</strong></span> <span class='ocrx_word' id='word_1_812' title='bbox 2427 4859 2623 4914; x_wconf 91' lang='lat' dir='ltr'><strong>similia</strong></span> <span class='ocrx_word' id='word_1_813' title='bbox 2657 4859 2816 4914; x_wconf 61' lang='lat' dir='ltr'><strong>taedet</strong></span> <span class='ocrx_word' id='word_1_814' title='bbox 2844 4855 3357 4927; x_wconf 84' lang='lat' dir='ltr'><strong>ultraprotendere,</strong></span> <span class='ocrx_word' id='word_1_815' title='bbox 3395 4868 3461 4906; x_wconf 89' lang='lat' dir='ltr'><strong>ne</strong></span> <span class='ocrx_word' id='word_1_816' title='bbox 3505 4853 3633 4915; x_wconf 87' lang='lat' dir='ltr'><strong>dum</strong></span> 
     </span>
    </p>
   </div>
   <div class='ocr_carea' id='block_1_110' title="bbox 2057 4942 3631 5020">
    <p class='ocr_par' dir='ltr' id='par_1_110' title="bbox 2057 4942 3631 5020">
     <span class='ocr_line' id='line_1_110' title="bbox 2057 4942 3631 5020; baseline -0.007 -13"><span class='ocrx_word' id='word_1_817' title='bbox 2057 4953 2260 5008; x_wconf 78' lang='lat' dir='ltr'><strong>diutius</strong></span> <span class='ocrx_word' id='word_1_818' title='bbox 2327 4952 2434 5007; x_wconf 86' lang='lat' dir='ltr'><strong>ista</strong></span> <span class='ocrx_word' id='word_1_819' title='bbox 2496 4950 2896 5020; x_wconf 87' lang='lat' dir='ltr'><strong>prosequimur,</strong></span> <span class='ocrx_word' id='word_1_820' title='bbox 2969 4947 3295 5007; x_wconf 70' lang='lat' dir='ltr'><strong>Christiana:</strong></span> <span class='ocrx_word' id='word_1_821' title='bbox 3353 4942 3631 5014; x_wconf 69' lang='lat' dir='ltr'><strong>religionis</strong></span> 
     </span>
    </p>
   </div>
   <div class='ocr_carea' id='block_1_111' title="bbox 2050 5042 2935 5113">
    <p class='ocr_par' dir='ltr' id='par_1_111' title="bbox 2050 5042 2935 5113">
     <span class='ocr_line' id='line_1_111' title="bbox 2050 5042 2935 5113; baseline -0.007 -14"><span class='ocrx_word' id='word_1_822' title='bbox 2050 5043 2396 5113; x_wconf 87' lang='lat' dir='ltr'><strong>opprobrium</strong></span> <span class='ocrx_word' id='word_1_823' title='bbox 2432 5051 2612 5098; x_wconf 77' lang='lat' dir='ltr'><strong>texere</strong></span> <span class='ocrx_word' id='word_1_824' title='bbox 2637 5042 2935 5096; x_wconf 85' lang='lat' dir='ltr'><strong>videamur.</strong></span> 
     </span>
    </p>
   </div>
   <div class='ocr_carea' id='block_1_112' title="bbox 2657 5153 2993 5210">
    <p class='ocr_par' dir='ltr' id='par_1_112' title="bbox 2657 5153 2993 5210">
     <span class='ocr_line' id='line_1_112' title="bbox 2657 5153 2993 5210; baseline -0.006 0"><span class='ocrx_word' id='word_1_825' title='bbox 2657 5153 2884 5210; x_wconf 75' lang='lat' dir='ltr'><strong>CAPUT</strong></span> <span class='ocrx_word' id='word_1_826' title='bbox 2905 5153 2993 5209; x_wconf 78' lang='lat' dir='ltr'><strong>IV.</strong></span> 
     </span>
    </p>
   </div>
   <div class='ocr_carea' id='block_1_113' title="bbox 2057 5241 3631 5317">
    <p class='ocr_par' dir='ltr' id='par_1_113' title="bbox 2057 5241 3631 5317">
     <span class='ocr_line' id='line_1_113' title="bbox 2057 5241 3631 5317; baseline -0.004 -15"><span class='ocrx_word' id='word_1_827' title='bbox 2057 5246 2210 5312; x_wconf 84' lang='lat' dir='ltr'><strong>Quod</strong></span> <span class='ocrx_word' id='word_1_828' title='bbox 2239 5248 2464 5317; x_wconf 77' lang='lat' dir='ltr'><strong>episcOpi</strong></span> <span class='ocrx_word' id='word_1_829' title='bbox 2519 5245 2788 5317; x_wconf 74' lang='lat' dir='ltr'><strong>vigilantes</strong></span> <span class='ocrx_word' id='word_1_830' title='bbox 2834 5261 2947 5317; x_wconf 73' lang='lat' dir='ltr'><strong>esse</strong></span> <span class='ocrx_word' id='word_1_831' title='bbox 2998 5243 3183 5317; x_wconf 60' lang='lat' dir='ltr'><strong>debent</strong></span> <span class='ocrx_word' id='word_1_832' title='bbox 3230 5242 3298 5298; x_wconf 79' lang='lat' dir='ltr'><strong>in.</strong></span> <span class='ocrx_word' id='word_1_833' title='bbox 3331 5241 3631 5298; x_wconf 70' lang='lat' dir='ltr'><strong>coercendis</strong></span> 
     </span>
    </p>
   </div>
   <div class='ocr_carea' id='block_1_114' title="bbox 2553 5314 3136 5384">
    <p class='ocr_par' dir='ltr' id='par_1_114' title="bbox 2553 5314 3136 5384">
     <span class='ocr_line' id='line_1_114' title="bbox 2553 5314 3136 5384; baseline -0.002 -14"><span class='ocrx_word' id='word_1_834' title='bbox 2553 5314 2860 5370; x_wconf 70' lang='lat' dir='ltr'><strong>clericorum</strong></span> <span class='ocrx_word' id='word_1_835' title='bbox 2896 5315 3136 5384; x_wconf 74' lang='lat' dir='ltr'><strong>ﬂagitiis.</strong></span> 
     </span>
    </p>
   </div>
   <div class='ocr_carea' id='block_1_115' title="bbox 2130 5404 3634 5478">
    <p class='ocr_par' dir='ltr' id='par_1_115' title="bbox 2130 5404 3634 5478">
     <span class='ocr_line' id='line_1_115' title="bbox 2130 5404 3634 5478; baseline -0.003 -13"><span class='ocrx_word' id='word_1_836' title='bbox 2130 5407 2280 5466; x_wconf 91' lang='lat' dir='ltr'><strong>Unde</strong></span> <span class='ocrx_word' id='word_1_837' title='bbox 2303 5408 2655 5478; x_wconf 86' lang='lat' dir='ltr'><strong>satagendum</strong></span> <span class='ocrx_word' id='word_1_838' title='bbox 2699 5416 2781 5462; x_wconf 89' lang='lat' dir='ltr'><strong>est</strong></span> <span class='ocrx_word' id='word_1_839' title='bbox 2839 5407 3041 5463; x_wconf 81' lang='lat' dir='ltr'><strong>sanctis</strong></span> <span class='ocrx_word' id='word_1_840' title='bbox 3089 5404 3386 5478; x_wconf 85' lang='lat' dir='ltr'><strong>episcopis,</strong></span> <span class='ocrx_word' id='word_1_841' title='bbox 3442 5412 3498 5458; x_wconf 88' lang='lat' dir='ltr'><strong>ut</strong></span> <span class='ocrx_word' id='word_1_842' title='bbox 3548 5404 3634 5460; x_wconf 81' lang='lat' dir='ltr'><strong>his</strong></span> 
     </span>
    </p>
   </div>
   <div class='ocr_carea' id='block_1_116' title="bbox 2014 5495 3630 5568">
    <p class='ocr_par' dir='ltr' id='par_1_116' title="bbox 2014 5495 3630 5568">
     <span class='ocr_line' id='line_1_116' title="bbox 2014 5495 3630 5568; baseline -0.007 -10"><span class='ocrx_word' id='word_1_843' title='bbox 2014 5554 2018 5558; x_wconf 75' lang='grc'>.</span> <span class='ocrx_word' id='word_1_844' title='bbox 2053 5497 2228 5564; x_wconf 85' lang='lat' dir='ltr'><strong>malis,</strong></span> <span class='ocrx_word' id='word_1_845' title='bbox 2256 5513 2376 5567; x_wconf 66' lang='lat' dir='ltr'><strong>qua:</strong></span> <span class='ocrx_word' id='word_1_846' title='bbox 2416 5498 2468 5552; x_wconf 91' lang='lat' dir='ltr'><strong>in</strong></span> <span class='ocrx_word' id='word_1_847' title='bbox 2506 5511 2692 5551; x_wconf 90' lang='lat' dir='ltr'><strong>necem</strong></span> <span class='ocrx_word' id='word_1_848' title='bbox 2722 5495 3018 5552; x_wconf 86' lang='lat' dir='ltr'><strong>Christiani</strong></span> <span class='ocrx_word' id='word_1_849' title='bbox 3043 5496 3230 5568; x_wconf 89' lang='lat' dir='ltr'><strong>p0puli</strong></span> <span class='ocrx_word' id='word_1_850' title='bbox 3287 5501 3630 5566; x_wconf 78' lang='lat' dir='ltr'><strong>grassantur,</strong></span> 
     </span>
    </p>
   </div>
   <div class='ocr_carea' id='block_1_117' title="bbox 2055 5586 3707 5666">
    <p class='ocr_par' dir='ltr' id='par_1_117' title="bbox 2055 5586 3707 5666">
     <span class='ocr_line' id='line_1_117' title="bbox 2055 5586 3707 5666; baseline -0.004 -24"><span class='ocrx_word' id='word_1_851' title='bbox 2055 5597 2378 5656; x_wconf 90' lang='lat' dir='ltr'><strong>occurrant;</strong></span> <span class='ocrx_word' id='word_1_852' title='bbox 2405 5597 2460 5643; x_wconf 90' lang='lat' dir='ltr'><strong>et</strong></span> <span class='ocrx_word' id='word_1_853' title='bbox 2494 5586 2861 5666; x_wconf 82' lang='lat' dir='ltr'><strong>apostolorum</strong></span> <span class='ocrx_word' id='word_1_854' title='bbox 2889 5601 3056 5660; x_wconf 85' lang='lat' dir='ltr'><strong>opera</strong></span> <span class='ocrx_word' id='word_1_855' title='bbox 3087 5603 3188 5658; x_wconf 84' lang='lat' dir='ltr'><strong>per</strong></span> <span class='ocrx_word' id='word_1_856' title='bbox 3242 5587 3633 5658; x_wconf 81' lang='lat' dir='ltr'><strong>pseudosaeer-</strong></span> <span class='ocrx_word' id='word_1_857' title='bbox 3698 5628 3707 5635; x_wconf 93' lang='lat'><strong>.</strong></span> 
     </span>
    </p>
   </div>
   <div class='ocr_carea' id='block_1_118' title="bbox 2009 5679 3632 5751">
    <p class='ocr_par' dir='ltr' id='par_1_118' title="bbox 2009 5679 3632 5751">
     <span class='ocr_line' id='line_1_118' title="bbox 2009 5679 3632 5751; baseline -0.003 -17"><span class='ocrx_word' id='word_1_858' title='bbox 2009 5725 2014 5728; x_wconf 94' lang='lat'><strong>.</strong></span> <span class='ocrx_word' id='word_1_859' title='bbox 2057 5683 2228 5746; x_wconf 88' lang='lat' dir='ltr'><strong>dotes,</strong></span> <span class='ocrx_word' id='word_1_860' title='bbox 2259 5680 2353 5750; x_wconf 91' lang='lat' dir='ltr'><strong>qui</strong></span> <span class='ocrx_word' id='word_1_861' title='bbox 2377 5679 2536 5738; x_wconf 88' lang='lat' dir='ltr'><strong>modo</strong></span> <span class='ocrx_word' id='word_1_862' title='bbox 2562 5687 2688 5741; x_wconf 83' lang='lat' dir='ltr'><strong>sunt</strong></span> <span class='ocrx_word' id='word_1_863' title='bbox 2748 5680 2973 5738; x_wconf 84' lang='lat' dir='ltr'><strong>destrui.</strong></span> <span class='ocrx_word' id='word_1_864' title='bbox 3008 5697 3114 5736; x_wconf 83' lang='lat' dir='ltr'><strong>non</strong></span> <span class='ocrx_word' id='word_1_865' title='bbox 3169 5680 3508 5751; x_wconf 81' lang='lat' dir='ltr'><strong>permittant,</strong></span> <span class='ocrx_word' id='word_1_866' title='bbox 3532 5690 3632 5730; x_wconf 89' lang='lat' dir='ltr'><strong>nec</strong></span> 
     </span>
    </p>
   </div>
   <div class='ocr_carea' id='block_1_119' title="bbox 2064 5765 3634 5844">
    <p class='ocr_par' dir='ltr' id='par_1_119' title="bbox 2064 5765 3634 5844">
     <span class='ocr_line' id='line_1_119' title="bbox 2064 5765 3634 5844; baseline -0.005 -16"><span class='ocrx_word' id='word_1_867' title='bbox 2064 5785 2170 5830; x_wconf 84' lang='lat' dir='ltr'><strong>tam</strong></span> <span class='ocrx_word' id='word_1_868' title='bbox 2193 5773 2417 5830; x_wconf 87' lang='lat' dir='ltr'><strong>arduum</strong></span> <span class='ocrx_word' id='word_1_869' title='bbox 2439 5765 2638 5830; x_wconf 67' lang='lat' dir='ltr'><strong>Christi</strong></span> <span class='ocrx_word' id='word_1_870' title='bbox 2663 5773 2938 5844; x_wconf 79' lang='lat' dir='ltr'><strong>patiantur</strong></span> <span class='ocrx_word' id='word_1_871' title='bbox 2953 5774 3132 5843; x_wconf 81' lang='lat' dir='ltr'><strong>perire</strong></span> <span class='ocrx_word' id='word_1_872' title='bbox 3157 5772 3392 5827; x_wconf 76' lang='lat' dir='ltr'><strong>lalmretu</strong></span> <span class='ocrx_word' id='word_1_873' title='bbox 3417 5776 3634 5839; x_wconf 81' lang='lat' dir='ltr'><strong>propter</strong></span> 
     </span>
    </p>
   </div>
  </div>
