4132 6324
526 322 634 377 803

951 319 1009 378 s.
1047 321 1250 383 manu
1288 318 1571 377 DAMIANI
1611 319 1763 377 ore.
1816 317 2052 388 :roatus
2085 314 2216 375 seu
2253 315 2432 373 rans
2469 314 2556 371 tu.
2589 344 2660 357 -
2689 313 3053 373 OPUSCULA
3089 302 3319 378 vasta.

529 432 832 503 augendam
861 432 930 495 in,
953 441 1390 503 terrenoqutestu
1405 429 2001 502 paueornmhontinum
2026 427 2108 489 ξει-
2134 430 2184 491 A
2212 442 2317 485 non
2351 425 2565 491 fierent,
2590 424 2863 496 quidpiam
2900 423 3128 491 fecerit;
3159 426 3206 482 si
3250 427 3524 494 sacerdos.
3568 432 3664 502 qui
3705 442 3793 490 est

531 523 809 578 cultatem.
834 519 1054 578 Interim
1078 522 1220 592 quod
1239 537 1390 579 mens
1404 530 1595 589 scatet,
1611 522 1954 591 supprimere
1966 518 2109 583 volo,

527 610 691 682 509
718 624 819 667 nec
855 611 1038 668 valeo:
1071 612 1360 669 scintillam
1392 610 1541 667 zelus
1569 612 1771 666 evcntit
1792 651 1808 675 ,
1841 611 1975 665 dum
2024 625 2113 664 ca-

527 701 731 755 minum
769 701 1115 755 conscientia:
1156 699 1309 755 dolor
1349 701 1603 757 incendit.
1647 700 1786 768 Quid
1821 702 1972 755 enim
2009 698 2114 754 erit

525 786 593 844 de
649 790 901 863 quolibet
947 807 1214 861 suprema:
1268 791 1630 846 damnationis
1681 790 1968 861 episcOpo,
2021 788 2114 859 qui

520 878 677 949 lapso
727 882 921 950 cuique
974 883 1290 951 presbytero
1339 881 1473 936 tollit
1523 880 1764 947 lucrum,
1807 891 1863 936 et
1903 880 2114 939 sacrifi-

525 969 684 1023 candi
741 970 919 1024 reddit
962 970 1233 1027 cilicium?
1285 971 1415 1039 Istc,
1430 970 1544 1039 jam
1594 989 1703 1028 non
1746 973 2116 1044 communicat

467 1053 474 1060 ’
514 1053 765 1130 peccatis
804 1060 1029 1127 alienis,
1069 1062 1164 1117 sed
1210 1046 1656 1119 auctorexistit:
1705 1064 1813 1118 imo
1853 1072 2113 1131 tanquam

524 1147 1022 1218 Judaslscariotes,
1057 1151 1222 1206 tradit
1267 1151 1445 1221 impiis
1486 1148 1736 1208 manibus
1774 1152 2113 1209 Salvatorcm

525 1248 749 1319 prepter
774 1240 893 1295 vilis
922 1242 1160 1309 pccunim
1189 1242 1548 1311 quantitatem
1572 1259 1587 1308 ;
1620 1242 1894 1299 Christum
1938 1242 2113 1298 venali

520 1333 858 1399 commercio
898 1333 1179 1393 distrahit.
1227 1343 1281 1387 et
1323 1348 1422 1403 pro
1455 1349 1641 1391 amore
1675 1335 1921 1406 pecunia:
1951 1337 2117 1392 tradit

528 1432 805 1480 auctorem
840 1425 983 1480 vitzc.
1017 1425 1083 1480 Et
1124 1426 1227 1481 iste
1255 1426 1501 1495 protinus
1543 1428 1785 1482 omnium
1820 1430 2115 1486 criminum

525 1527 672 1580 rcus,
709 1530 806 1584 pro
846 1516 1041 1587 quibus
1086 1515 1177 1571 ille
1226 1512 1404 1573 fuerat
1451 1516 1878 1586 sacerdotalibus
1933 1517 2116 1575 infulis

529 1605 831 1660 eruendus.
1813 1668 1818 1675 ,

603 1694 671 1749 Ut
700 1709 829 1764 ergo
862 1694 1030 1766 stylus
1052 1695 1117 1749 ad
1145 1694 1266 1759 hoc,
1296 1696 1438 1750 unde
1463 1694 1740 1766 digressus
1767 1706 1877 1763 est,
1910 1698 2112 1765 redeat,

2215 525 2431 582 unctus,
2458 514 2779 587 peccaverit.
2821 512 3136 585 delinquere
3175 514 3381 572 faciens
3409 518 3683 589 populum,
3709 521 3795 576 of-

2214 606 2352 663 feret
2379 621 2477 676 pro
2509 614 2730 677 peccato
2757 620 2855 660 suo
2882 604 3110 659 vitulum
3135 605 3535 662 immaculatum
3564 609 3795 667 Domino

2217 696 2404 770 (Leuit.
2437 698 2536 767 tv).
2570 716 2590 750 ι
2628 696 2710 751 Ex
2740 696 2934 768 quibus
2961 696 3142 750 verbis
3170 695 3297 752 illud
3330 694 3675 753 formidolose
3698 714 3797 754 no-

2217 788 2434 843 tandum
2459 796 2562 853 est,
2590 787 2733 858 quod
2757 787 2871 841 ait:
2907 805 2926 839 ι
2962 784 3018 842 Si
3044 779 3318 854 sacerdds,
3344 776 3434 859 qui
3461 799 3653 846 unctus
3685 800 3793 857 est,

2215 880 2545 950 peccaverit,
2590 878 2903 948 delinquere
2969 876 3171 934 faciens
3238 880 3534 950 populum;
3594 900 3615 935 ι
3665 882 3795 952 quia

2215 968 2468 1024 nimirum
2508 968 2778 1032 sacerdos,
2826 968 2917 1036 qui
2955 967 3124 1037 legem
3157 968 3251 1024 Dei
3286 970 3579 1026 nesciendo
3623 972 3792 1028 delin-

2215 1058 2351 1127 quit,
2393 1057 2507 1112 suis
2547 1058 2711 1112 etiam
2759 1057 3013 1127 populant
3064 1058 3118 1113 in
3164 1061 3402 1129 peccatis
3446 1062 3693 1132 involvit,
3737 1071 3799 1118 et

2214 1165 2351 1219 quos
2379 1149 2567 1205 doctus
2600 1148 2845 1205 relevare
2872 1158 3143 1219 potuerat,
3175 1167 3357 1208 secum
3384 1152 3545 1208 simul
3567 1168 3667 1211 uer
3695 1153 3799 1210 im-

2212 1241 2463 1313 peritiam
2493 1251 2703 1312 gravat.
2912 1298 2919 1309 ,

2286 1333 2370 1390 Tu
2399 1350 2547 1398 vero,
2577 1334 2883 1389 venerande
2910 1334 3015 1400 vir,
3044 1350 3203 1406 quem
3234 1343 3288 1391 et
3314 1337 3418 1390 vita
3451 1335 3797 1407 praeclarum,

2212 1435 2269 1484 et
2301 1427 2546 1483 doctrina
2588 1427 2982 1495 conspicuum:
3028 1436 3083 1481 et
3137 1428 3280 1497 quod
3330 1427 3414 1483 bis
3451 1428 3798 1497 praestantius

2214 1527 2316 1582 est,
2349 1517 2607 1589 spiritalis
2640 1516 2739 1572 zeli
2771 1515 2953 1570 fervor
2984 1516 3162 1572 reddit
3200 1530 3506 1584 accensum,
3551 1518 3630 1573 sic
3675 1518 3800 1575 aliis

2207 1607 2484 1680 juniorum
2516 1606 2829 1662 memineris
2859 1603 3110 1676 delegare
3139 1607 3462 1671 custodiam,
3494 1616 3554 1661 ut
3579 1616 3634 1661 et
3678 1607 3798 1678 ipse

2216 1697 2531 1768 frequenter
2582 1696 2690 1752 huc
2738 1695 2971 1762 illucque
3018 1696 3325 1752 discurrere
3371 1711 3476 1752 non
3547 1697 3796 1753 omittas.

524 1785 743 1840 videtur
770 1787 944 1851 nobis,
978 1787 1022 1841 si
1051 1776 1245 1857 placet,
1283 1787 1384 1842 hoc
1417 1786 1683 1857 episcopis
1711 1790 1969 1845 utendum
1997 1805 2118 1845 esse
2150 1789 2192 1848 Β
2221 1788 2449 1844 Faciens
2513 1787 2657 1857 quod
2713 1786 2962 1841 hortatur
3014 1787 3267 1843 Salomon
3323 1788 3376 1842 in
3429 1786 3735 1844 Proverbiis
3778 1805 3797 1841 :

526 1876 774 1942 consilio,
805 1884 866 1931 ut
895 1877 1139 1946 indignos
1188 1893 1253 1932 ac
1290 1878 1520 1946 turpiter
1549 1877 1729 1949 lapsos
1758 1879 2110 1936 administra-

523 1964 673 2020 tione
702 1968 1061 2037 suspendant;
1107 1982 1269 2038 super
1305 1982 1400 2024 eos
1428 1968 1632 2032 autem,
1664 1969 1755 2039 qui
1799 1985 2113 2042 permanse-

523 2057 655 2121 rint,
707 2058 927 2113 idoneos
966 2075 996 2111 a
1042 2057 1212 2113 latere
1253 2073 1352 2114 suo
1397 2061 1559 2123 viros,
1606 2060 1698 2129 qui
1743 2075 1839 2115 eos
1882 2060 2114 2117 debeant

527 2148 841 2218 frequenter
885 2147 1155 2213 invisere,
1203 2158 1258 2203 ct
1297 2149 1570 2205 custodire
1611 2150 1969 2205 constituant.
2014 2152 2112 2206 Cui

450 2254 459 2267 ‘
525 2240 703 2295 simile
736 2255 830 2295 rex
880 2241 1041 2296 etiam
1069 2242 1414 2310 Assyriorum
1446 2241 1589 2306 fecit,
1618 2256 1741 2295 cum
1772 2242 2112 2296 sacerdotem

526 2332 598 2401 ad
629 2333 971 2389 instruendus
998 2342 1225 2388 οωιθνοε
1254 2331 1553 2387 Samariam
1593 2330 1918 2388 destinavit:
1955 2352 1974 2385 ι
2008 2332 2114 2387 Du-

529 2421 653 2483 cite,
686 2441 705 2474 ι
735 2422 930 2492 inquit,
949 2441 966 2473 ι
1001 2422 1108 2477 illic
1132 2439 1294 2477 unum
1318 2423 1383 2477 de
1408 2422 1801 2487 sacerdotibus,
1831 2438 1967 2493 quos
1992 2422 2116 2480 inde

530 2514 774 2582 captivos
813 2513 1131 2580 adduxistis,
1176 2523 1235 2569 ut
1281 2514 1490 2570 habitet
1535 2529 1657 2570 cum
1700 2515 1801 2580 eis,
1832 2525 1889 2570 ct
1923 2516 2117 2571 doceat

528 2620 626 2660 eos
673 2605 913 2675 legitima
960 2606 1052 2660 Dei
1107 2614 1262 2660 terrre
1288 2603 1393 2677 (IV
1419 2603 1545 2675 Reg.
1577 2604 1732 2671 xvu).
1772 2623 1791 2656 ι
1825 2605 1927 2675 Qui
1957 2606 2118 2662 nimi-

530 2710 651 2749 rum
681 2697 959 2760 sacerdos,
986 2696 1126 2751 sicut
1154 2694 1432 2766 Scriptura
1457 2696 1823 2765 prosequitur,
1854 2695 2118 2751 habitavit

520 2772 585 2840 in
613 2786 817 2852 Detbel,
861 2787 1184 2843 ctldocebat
1225 2787 1494 2856 quomodo
1535 2786 1775 2841 colerent
1805 2786 2115 2844 Dominum.

529 2875 589 2930 In
628 2875 813 2931 Bethcl
859 2864 1009 2949 ergo,
1056 2877 1155 2932 hoc
1184 2885 1287 2941 est,
1332 2876 1387 2933 in
1414 2876 1575 2931 domo
1620 2876 1736 2941 Dei,
1768 2876 1991 2945 dignum
2035 2884 2120 2930 est

529 2967 798 3038 potiorem
829 2968 1138 3038 quempiam
1165 2967 1477 3040 praesidere,
1523 2965 1614 3037 qui
1649 2964 2001 3022 sacerdotalis
2038 2964 2121 3021 of-

531 3057 643 3112 ticii
677 3058 873 3130 regulis
918 3067 1143 3114 caeteros
1181 3059 1352 3130 possit
1394 3059 1657 3114 imbuere.
1690 3058 1822 3137 Nam
1850 3058 2009 3114 valde
2053 3058 2116 3112 ti-

532 3150 789 3204 mendum
834 3159 936 3217 est,
967 3150 1108 3221 quod
1147 3166 1244 3220 per
1276 3149 1492 3222 Moysen
1529 3130 1775 3206 dicituri
1819 3169 1838 3202 ι
1893 3149 2113 3215 Anima,
2143 3129 2188 3191 ε

514 3255 652 3318 qua:
694 3242 999 3313 peccaverit
1049 3257 1146 3314 per
1191 3242 1546 3312 ignorantiam
1612 3241 1680 3296 de
1724 3242 1900 3297 hostia
1948 3249 2005 3295 ct
2051 3243 2118 3295 de

531 3331 803 3387 universis
830 3332 1092 3391 «laudatis
1124 3324 1287 3410 510
1324 3331 1562 3399 Domini,
1598 3348 1719 3405 qua:
1748 3330 2022 3402 praecepit,
2059 3338 2121 3388 ut

547 3534 3242 3560 W

2223 1901 2241 1932 ι
2279 1879 2550 1945 Discurre,
2592 1879 2810 1944 festina,
2859 1879 3060 1934 suscita
3103 1880 3334 1933 amicum
3375 1888 3549 1945 tuum,
3594 1895 3665 1935 ne
3708 1879 3798 1935 de-

2218 1972 2364 2027 deris
2408 1987 2656 2025 somnum
2694 1970 2866 2024 oculis
2903 1971 3028 2035 tuis,
3079 1985 3149 2025 ne
3192 1969 3485 2024 dormitent
3529 1969 3801 2040 palpebra:

2221 2074 2325 2117 tuze
2357 2061 2539 2133 (Prov.
2583 2062 2680 2127 vt).
2733 2080 2751 2114 ι
2793 2060 2925 2115 lllud
2965 2075 3181 2130 quoque
3219 2075 3326 2114 non
3365 2060 3614 2125 excidat,
3653 2060 3800 2131 quod

2217 2153 2556 2223 postmodum
2603 2152 2767 2208 dicit:
2821 2171 2840 2203 ι
2897 2151 3037 2205 Erue
3085 2166 3207 2216 eos,
3252 2151 3343 2223 qui
3393 2151 3666 2230 ducuntur
3719 2152 3792 2206 ad

2218 2238 2473 2307 mortem,
2506 2253 2560 2297 ct
2586 2244 2676 2314 qui
2710 2242 2996 2297 trahuntur
3023 2242 3088 2294 ad
3122 2242 3393 2296 interitum
3421 2239 3655 2295 liberare
3687 2255 3798 2297 nun

2217 2351 2398 2400 cesses
2446 2333 2628 2407 (Prov.
2679 2335 2847 2406 xxxv).
2906 2354 2925 2387 ι
2984 2333 3084 2390 Ubi
3142 2333 3349 2388 scilicet
3397 2342 3453 2388 et
3518 2333 3805 2390 excusatio

2218 2425 2441 2488 tollitur,
2489 2439 2611 2480 cum
2664 2423 2976 2495 subiungit:
3028 2440 3047 2475 ‹
3108 2422 3164 2481 Si
3203 2422 3444 2481 dixeris:
3492 2419 3648 2476 Vires
3692 2436 3801 2476 non

2217 2526 2532 2587 suppetunt,
2570 2518 2659 2587 qui
2698 2517 2968 2586 inspector
2993 2523 3076 2571 est
3121 2516 3329 2582 cordis,
3381 2515 3495 2585 ipse
3544 2514 3799 2583 intelligit

2219 2607 2404 2676 (Ibid).
2436 2626 2454 2658 ι
2488 2604 2579 2661 Sic
2602 2621 2730 2676 ergo
2757 2619 2918 2675 super
2942 2604 3290 2669 commissqu
3321 2617 3535 2674 gregem
3566 2603 3796 2673 insignis

2217 2710 2403 2770 pastor
2440 2699 2688 2793 invigila,
2724 2707 2780 2752 ut
2817 2708 2873 2753 et
2920 2698 3140 2769 ignavos
3183 2697 3444 2765 opiliones
3484 2696 3550 2751 ab
3599 2708 3791 2751 eorum

2218 2806 2346 2849 cura
2397 2785 2704 2854 removeas,
2754 2802 2807 2845 et
2856 2789 2968 2858 ipse
3012 2803 3132 2843 cum
3182 2788 3346 2843 David
3396 2785 3792 2857 insurgentium

2219 2896 2467 2938 ursorum
2517 2890 2677 2950 atque
2700 2879 2912 2933 leonum
2943 2875 3112 2933 rictus
3133 2878 3458 2949 inl‘ringasU
3480 2878 3605 2949 Reg.
3628 2874 3797 2947 xvii):

2220 2971 2334 3025 sive
2358 2971 2522 3024 etiam
2546 2986 2669 3025 cum
2692 2969 2963 3029 Abraham
2992 2980 3272 3040 postquam
3302 2969 3456 3023 C'JESiS
3478 2967 3798 3023 Amalecitis

2222 3059 2446 3114 fratrem
2496 3068 2645 3113 tuum
2693 3059 2835 3114 Loth
2879 3059 2945 3113 dc
2984 3058 3114 3129 jugo
3164 3059 3493 3128 captivitatis
3545 3058 3801 3114 eduxeris

2222 3148 2580 3222 (δρψ-κη’),
2631 3149 2699 3203 ad
2741 3148 3128 3203 Melchisedech
3178 3163 3358 3219 regem
3401 3147 3627 3219 justitize
3673 3162 3798 3209 cum

2220 3242 2526 3312 triumphali
2559 3241 2727 3312 gloria
2757 3241 3069 3296 revertaris.

2552 3332 2634 3386 Sit
2665 3348 2851 3386 nomen
2874 3329 3086 3385 Domini
3117 3330 3461 3384 benedictum.

3247 3534 3763 3561 ———-———.

652 3664 1007 3828 mel-’-
1065 3683 1920 3799 OPUSCULUM
2002 3608 2806 3802 VICESIMUM
2894 3682 3668 3804 SEPTIMUM.

696 3901 802 3966 DE
858 3902 1235 3968 COMMUNI
1271 3905 1468 3967 VITA
1535 3903 2140 3971 CANONICORUM.

2200 3904 2311 3966 AD
2364 3902 2750 3969 CLERICOS
2785 3902 3171 3971 FANENSIS
3201 3850 3632 3969 IiCCLESIzE.

524 4175 935 4235 Δεςωητκτωι.
964 4203 1039 4217 -
1080 4173 1213 4229 Orta
1251 4173 1587 4229 dissensione
1616 4174 1758 4230 inter
1801 4173 2079 4229 Fanenses
2102 4172 2360 4228 Ecclesia:
2402 4174 2714 4237 canonicos,
2750 4172 2873 4229 aliis
2923 4172 2977 4228 in
3018 4188 3306 4230 commune
3344 4173 3501 4229 bonis
3544 4172 3797 4230 Ecclesia

598 4244 832 4307 collatis,
865 4244 984 4300 aliis
1024 4245 1251 4299 seorsim
1284 4245 1387 4298 sibi
1419 4246 1600 4299 vivere
1637 4244 1960 4309 volentibus,
2004 4243 2191 4298 scribit
2231 4244 2295 4296 ad
2333 4259 2446 4305 eos,
2490 4244 2844 4313 hortaturque
2884 4251 2943 4298 ut
2973 4244 3216 4312 deposita
3259 4243 3403 4298 omni
3433 4244 3795 4311 contentione,

595 4315 968 4383 apostolorum
1024 4325 1078 4368 et
1113 4314 1400 4385 primitivre
1434 4314 1688 4371 Ecclesiae
1717 4329 1922 4367 morem
1964 4321 2293 4382 sequantur;
2328 4313 2573 4367 canonici
2603 4328 2708 4385 non
2742 4322 2861 4385 tam
2894 4315 3129 4373 nomine,
3172 4328 3333 4385 quam
3364 4328 3422 4366 re
3462 4328 3584 4385 esse
3605 4313 3792 4369 velint.

524 4404 529 4409 ο
595 4385 751 4449 (δηθά
778 4384 961 4438 multis
978 4383 1144 4439 etiam
1172 4385 1472 4439 rationibus
1492 4385 1571 4439 cis
1598 4385 1927 4453 persuadere
1956 4392 2207 4447 conatur,
2230 4399 2336 4436 non
2368 4398 2525 4453 posse
2555 4383 2700 4436 enim
2738 4383 2882 4439 inter
2915 4397 3010 4439 eos
3033 4397 3158 4439 esse
3193 4384 3443 4439 unionem
3469 4384 3796 4449 animorum,

604 4454 749 4512 inter
776 4471 913 4525 quos
941 4464 1024 4511 cst
1049 4453 1398 4520 facultatum;
1431 4471 1496 4511 ac
1525 4450 1690 4510 multa
1710 4455 1810 4510 alia
1851 4455 1901 4509 in
1931 4454 2176 4509 eamdem
2206 4450 2528 4509 sententiam
2548 4453 2856 4523 perscribit.

603 4588 821 4645 Sanctis
873 4591 953 4644 in-
981 4588 1196 4646 Christo
1249 4589 1506 4645 fratribus
1546 4589 1809 4645 Fanensis
1855 4588 2107 4646 Ecclesiae
2136 4590 2185 4650 1)
2213 4595 2392 4658 parat,
2441 4593 2598 4656 turpe
2625 4586 2780 4643 estsi
2827 4586 2909 4644 vel
2951 4587 3247 4643 domestica
3290 4586 3657 4653 conversatio,
3710 4586 3799 4642 vel

533 4681 770 4749 clericis,
803 4680 1019 4737 PETRUS
1048 4689 1297 4752 peccator
1324 4682 1620 4736 monachus
1649 4681 1897 4736 salutem.

600 4776 699 4830 Diu
726 4783 829 4840 est,
873 4772 1229 4836 dilectissimi,
1277 4773 1420 4842 quod
1466 4774 1515 4826 in
1563 4772 1647 4827 his
1679 4770 1922 4841 partibus
1967 4769 2111 4826 fama

516 4864 790 4935 vulgavit,
836 4878 944 4918 non
979 4878 1158 4935 parva!
1197 4862 1486 4918 simultatis
1520 4862 1662 4916 inter
1696 4877 1793 4917 vos
1824 4862 2112 4917 emersisse

518 4956 880 5021 discordiam,
917 4956 986 5009 ob
1031 4954 1083 5009 id
1121 4952 1388 5018 videlicet,
1426 4951 1554 5023 quia
1595 4951 1834 5007 nonnulli
1870 4960 2109 5008 vestrum

529 5046 950 5116 aggrederentur
977 5045 1031 5099 in
1069 5043 1331 5099 canonica
1379 5044 1728 5114 regularitate
1760 5044 1961 5107 vivere,
1992 5043 2109 5114 ple-

523 5135 684 5203 rique
730 5142 910 5188 autem
959 5148 1065 5188 non
1113 5134 1561 5203 acquiescerent,
1612 5133 1852 5189 volentes
1901 5141 2108 5189 tantum

519 5224 672 5292 apud
719 5240 779 5279 se
805 5225 874 5279 in
901 5225 1027 5281 suis
1062 5225 1480 5296 proprietatibus
1514 5224 1780 5280 habitare.
1812 5224 1962 5290 Quod
1992 5223 2111 5294 qni«

523 5314 648 5369 dem
679 5330 785 5370 non
829 5318 1107 5380 miramur,
1146 5319 1273 5388 quia
1325 5332 1504 5372 rarum
1544 5332 1648 5371 non
1690 5326 1798 5381 est,
1830 5317 1922 5373 sed
1959 5316 2104 5370 dole-

516 5400 648 5461 mus
673 5407 871 5475 potius,
897 5408 1021 5479 quia
1048 5410 1392 5465 inhonestum
1420 5418 1522 5464 est.
1555 5407 1701 5463 Satis
1723 5408 1866 5463 enim
1894 5408 2105 5462 videtur

519 5496 844 5562 absurdum,
880 5498 940 5553 ut
979 5499 1160 5555 clerici
1189 5498 1310 5571 quis
1347 5500 1646 5571 praetendat
1679 5499 1732 5554 in
1763 5497 1953 5554 ordine
1986 5511 2109 5568 spe-

522 5585 688 5651 ciem,
704 5592 766 5643 et
792 5588 1131 5644 saecularium
1156 5598 1335 5646 teneat
1360 5590 1590 5646 vivendo
1609 5589 2106 5647 conversationem:

514 5684 582 5732 r-ct
616 5684 777 5749 quem
812 5695 843 5736 a
874 5680 1136 5738 laicorum
1170 5683 1343 5738 turbis
1371 5682 1720 5756 professionis
1749 5682 1986 5740 conditio
2022 5695 2104 5737 se-

2213 4677 2407 4749 pccnlii
2445 4680 2802 4735 abominanda
2839 4681 3140 4751 proprietas
3177 4678 3375 4736 laicum
3412 4696 3535 4737 esse
3573 4679 3797 4736 convin-

2214 4777 2321 4825 cat.
2357 4767 2497 4836 Quid
2540 4772 2683 4824 enim
2737 4769 2878 4825 illius
2928 4771 3128 4839 poterit
3161 4770 3652 4841 concupiscentiam
3704 4785 3795 4825 sa-

2212 4861 2368 4925 tiare,
2401 4861 2488 4917 cui
2518 4877 2622 4915 non
2656 4871 2833 4932 potest
2876 4864 2990 4933 ipse
3020 4864 3161 4918 Deus
3190 4864 3241 4918 in
3269 4864 3613 4935 possessione
3653 4861 3793 4919 sufﬁ-

2212 4952 2382 5008 cere?
2415 4951 2655 5007 Clericus
2684 4954 2900 5024 quippe,
2929 4955 3069 5009 sicut
3108 4955 3266 5025 juxta
3300 4955 3380 5010 sui
3413 4955 3792 5027 etymologiam

2210 5041 2482 5106 vocabuli,
2526 5041 2641 5109 ipse
2671 5030 2789 5097 sors
2823 5043 2916 5099 Dci
2944 5053 3044 5106 est,
3077 5043 3146 5098 ita
3181 5042 3533 5099 nihilominus
3561 5053 3617 5098 et
3655 5042 3797 5099 Dens

2211 5132 2552 5202 omnipotens
2605 5131 2724 5202 ejus
2767 5147 2887 5189 esse
2932 5135 3110 5204 portio
3153 5136 3489 5203 perhibetur.
3542 5132 3699 5189 Unde
3742 5143 3799 5189 et

2207 5223 2472 5280 Jcrentias
2500 5224 2609 5282 ait:
2654 5243 2675 5277 ι
2723 5222 2859 5281 Pars
2894 5224 3047 5290 mea,
3099 5223 3384 5291 Dominus,
3432 5225 3569 5280 dixit
3615 5224 3794 5280 anima

2210 5323 2669 5384 tneazproptcrea
2695 5314 3020 5384 exspectabo
3063 5330 3186 5369 eum
3233 5314 3448 5385 (Thren.
3496 5313 3605 5384 tu).
3657 5333 3677 5365 ι
3731 5312 3799 5368 Et

2203 5405 2337 5461 'alibi
2380 5406 2524 5462 Deus
2565 5424 2580 5461 :
2622 5406 2790 5478 Opus,
2839 5406 3038 5479 inquit,
3088 5425 3107 5459 ι
3144 5422 3402 5462 manuum
3443 5421 3687 5462 mearum
3738 5414 3795 5459 tu

2213 5511 2297 5560 cs,
2327 5497 2618 5555 hereditas
2646 5512 2764 5553 mea
2794 5498 2957 5555 Israel
2988 5497 3125 5570 (Isa.
3153 5495 3292 5569 χιι).
3333 5515 3354 5552 ι
3384 5494 3445 5553 Si
3496 5496 3661 5569 igitur
3684 5494 3797 5550 ele-
3886 5544 3895 5551 .

2215 5594 2365 5649 ricus
2391 5593 2484 5649 Dei
2510 5603 2595 5650 est
2617 5593 2820 5666 portio,
2850 5590 2906 5649 et
2938 5592 3082 5650 Deus
3110 5592 3289 5663 portio
3319 5591 3459 5662 ejus,
3489 5605 3596 5646 non
3624 5589 3795 5645 levem

2213 5682 2456 5738 Creatori
2477 5699 2574 5737 suo
2604 5682 2984 5739 contumeliam
3013 5684 3229 5765 videtur
3255 5682 3478 5748 inferre,
3505 5680 3595 5751 qui
3634 5691 3796 5749 super
