4132 6324
313 321 416 379 505

1113 317 1357 374 OPUSC.
1399 318 1610 374 XXVII.
1641 348 1710 360 -
1752 317 1841 374 DE
1869 318 2181 376 COMMUNI
2215 318 2376 374 VI'I‘A
2413 318 2742 400 ςΑΝοΝισ.

3455 319 3564 381 5'36

313 437 417 493 hoc
450 416 725 503 singulare
761 431 1019 486 talentum
1057 438 1326 486 terrenam
1375 440 1569 487 aestuat
1603 433 1888 502 pecuniam
1919 435 1966 495 Α
1995 431 2162 502 ﬁgant
2188 435 2418 489 tentoria
2453 434 2660 505 (υἱώ).
2694 453 2713 486 ι
2749 433 2805 489 Si
2878 434 3022 504 gitur
3056 451 3138 494 ex.
3167 445 3436 505 praecepto
3463 435 3567 491 Do-

315 525 613 581 cumulare.
654 522 785 576 Nam
833 529 888 576 et
925 521 976 574 in
1023 520 1160 575 libro
1187 520 1404 580 Numeri
1437 522 1502 576 de
1520 521 1719 576 Levitis
1752 523 1890 576 Deus

315 617 484 687 Moysi
516 614 790 686 przecipit,
815 614 1053 678 dicens:
1098 630 1118 665 ι
1163 613 1340 669 Tolles
1370 615 1588 668 Levitas
1634 614 1762 669 mibi
1795 629 1892 683 pro

311 709 462 765 omni
495 707 852 778 primogenito
883 705 1112 761 ﬁliorum
1147 705 1312 760 Israel
1341 724 1353 761 :
1393 707 1504 776 Ego
1552 723 1668 762 sum
1715 707 1895 761 Domi.

316 815 458 854 nus:
496 808 553 854 et
591 813 786 870 pecora
834 811 1020 851 eorum
1066 811 1164 865 pro
1208 796 1475 850 universis
1523 797 1892 867 primogenitis

313 906 574 962 pecorum
620 889 852 944 ﬁliorum
898 887 1064 945 Israel
1108 886 1295 956 (Num.
1344 887 1447 953 ιιι).
1496 908 1514 940 ι
1549 890 1614 942 Et
1656 889 1890 945 iterum:

324 997 343 1030 ι
387 978 540 1032 Tolle
571 977 787 1032 Levitas
825 991 922 1046 pro
949 976 1318 1046 primogenitis
1357 977 1586 1031 ﬁliorum
1617 978 1800 1039 Israel,
1840 988 1896 1032 et

317 1082 515 1136 pecora
541 1066 847 1120 Levitarum
896 1081 994 1135 pro
1041 1066 1326 1135 pecoribus
1371 1083 1593 1132 eorum;
1628 1077 1896 1137 eruntque

318 1157 524 1214 Levita:
562 1160 687 1215 mei.
721 1160 833 1228 Ego
864 1174 981 1214 sum
1026 1159 1314 1225 Dominus;
1345 1161 1396 1214 in
1428 1161 1710 1230 praeceptis
1764 1161 1898 1214 meis

321 1251 600 1307 ambulent
631 1251 838 1323 (Ibid).
885 1271 904 1304 ι
948 1250 1027 1306 Ac
1068 1252 1114 1306 si
1165 1251 1500 1306 manifestius
1546 1252 1898 1307 dicatzsicut

320 1356 411 1398 cos
439 1343 566 1396 mihi
597 1343 647 1396 in
675 1345 950 1414 proprium
974 1342 1066 1412 jus
1089 1344 1396 1412 specialiter
1431 1343 1666 1409 vindico,
1695 1343 1773 1398 sic
1794 1342 1896 1396 mi-

321 1435 374 1490 hi
399 1432 600 1505 jugiter
630 1434 902 1490 deservire
937 1436 1142 1505 absque
1167 1436 1312 1491 omni
1350 1444 1578 1490 terrena:
1607 1450 1902 1489 conversa-

321 1523 486 1580 tionis
528 1525 858 1596 subjectione
908 1526 1170 1592 decerno;
1237 1541 1336 1581 nec
1383 1542 1476 1581 eos
1527 1526 1674 1580 velut
1709 1541 1902 1580 servos

314 1613 448 1684 jugo
477 1616 811 1685 negotiorum
845 1614 1183 1676 sazcttlarium
1222 1617 1398 1685 patior
1424 1616 1732 1688 ignobiliter
1766 1615 1900 1669 sub-

316 1703 433 1772 jici,
461 1707 550 1776 qui
576 1706 710 1762 meis
731 1707 1004 1777 obsequiis
1020 1707 1204 1772 dediti,
1224 1707 1488 1764 libertatis
1509 1708 1754 1779 ingenua:
1775 1715 1901 1762 sunt

324 1796 480 1852 titulo
504 1796 762 1852 decorati.

829 1887 1058 1945 CAPUT
1095 1888 1384 1943 PRIMUM.

327 1995 482 2063 Quod
523 1998 699 2053 clerici
732 2016 836 2054 non
883 2000 1071 2055 habent
1116 2003 1482 2074 proprietatem
1519 2019 1728 2069 rerum,
1771 2020 1900 2074 quas

987 2073 1270 2140 possident.

397 2162 466 2215 Et
491 2162 782 2217 notandum
807 2162 948 2233 quod
977 2179 1080 2217 non
1113 2163 1286 2218 solum
1317 2164 1553 2230 Levitas,
1585 2166 1678 2221 sed
1709 2165 1903 2220 levita-

327 2269 450 2308 rum
499 2253 662 2308 etiam
707 2269 904 2323 pecora
955 2255 1212 2308 Dominus
1259 2271 1354 2308 sua
1391 2271 1512 2310 esse
1553 2265 1815 2321 testatur;
1849 2265 1908 2310 ttt

326 2346 613 2417 perspicue
643 2347 854 2412 doceat,
887 2348 1028 2416 quod
1072 2348 1104 2400 ii
1143 2348 1232 2416 qui
1273 2349 1655 2405 ecclesiasticis
1695 2365 1805 2404 mar
1825 2351 1904 2404 ci-

331 2445 532 2504 pantur
565 2437 859 2506 obsequiis,
889 2436 999 2494 Deo
1030 2438 1226 2493 debent
1253 2454 1357 2492 non
1387 2441 1545 2494 modo
1572 2456 1681 2494 sua:
1710 2440 1909 2494 seduli-

329 2526 461 2580 tatis
513 2535 567 2580 et
599 2527 798 2581 laboris
827 2528 1170 2598 impendium,
1204 2529 1298 2583 sed
1329 2530 1490 2583 etiam
1521 2531 1908 2600 preprietatem

327 2631 548 2685 quoque
591 2631 798 2682 earum,
831 2633 964 2687 quas
993 2619 1286 2687 possident,
1324 2619 1672 2674 facultatum:
1711 2622 1910 2678 sciant-

330 2722 438 2776 que
474 2722 564 2771 se,
607 2708 766 2762 simul
801 2717 854 2764 et
893 2723 990 2764 sua
1027 2704 1166 2777 juris'
1213 2725 1332 2765 esse
1375 2727 1480 2766 non
1532 2711 1766 2782 proprii,
1815 2713 1910 2768 sed

331 2795 518 2851 divini.
550 2797 662 2853 Iloc
689 2807 868 2855 autem
894 2809 1133 2870 tempore
1167 2800 1399 2866 clericis,
1420 2804 1563 2872 quo;
1595 2803 1662 2858 de
1691 2803 1912 2872 quibus-

332 2885 457 2941 dam
503 2888 720 2959 loquor,
768 2906 956 2960 parum
1002 2893 1245 2957 videtur,
1276 2894 1322 2947 si
1366 2908 1462 2948 sua
1503 2894 1652 2959 Deo,
1685 2895 1913 2952 vivendo

333 2980 648 3047 carnaliter,
694 2983 1048 3048 subtrahant;
1087 2987 1189 3040 nisi
1225 2986 1386 3040 etiam
1427 2984 1494 3042 a'zi
1535 2984 1914 3044 ecclesiastica:

331 3072 724 3138 procurationis
745 3074 986 3129 excubiis
1008 3090 1105 3144 per
1145 3075 1456 3144 angiportus
1476 3087 1529 3132 et
1549 3079 1910 3135 nundinarum

332 3161 594 3216 stationes
620 3163 910 3220 habitando
934 3166 1206 3221 secedant.
1231 3165 1493 3221 Nimirum
1524 3169 1740 3225 suavius
1764 3170 1911 3238 judi-

330 3261 540 3316 cantes,
568 3253 612 3308 si
634 3269 934 3325 cauponam
976 3257 1228 3312 tabernas
1251 3258 1526 3324 olfaciant,
1560 3275 1720 3329 quam
1757 3262 1804 3316 si
1833 3263 1916 3317 di-

335 3341 447 3395 vini
474 3344 695 3398 sacrarii
717 3344 954 3414 quotidie
979 3345 1138 3400 limen
1165 3356 1360 3412 terant,
1388 3350 1664 3419 magisque
1686 3351 1918 3406 delectat

335 3444 430 3484 eos
469 3433 750 3487 textricum
785 3449 1033 3506 gymecea
1079 3437 1412 3505 conspicere,
1462 3427 1622 3509 quam
1677 3442 1918 3497 cmlestis

337 3524 536 3592 eloquii
601 3528 807 3597 paginis
865 3528 1143 3584 incubare.
1207 3530 1419 3600 Pauper
1477 3525 1634 3603 plane
1697 3533 1916 3589 Samuel

339 3613 390 3683 (I
427 3613 550 3686 Reg.
597 3618 635 3687 ι)
686 3628 808 3688 post
849 3620 1260 3677 ablactationcm
1315 3639 1654 3695 nequaquam
1699 3627 1916 3682 domum

337 3722 461 3760 cum
498 3711 810 3778 parentibus
835 3712 993 3784 513
1028 3723 1253 3780 remeat,
1287 3717 1380 3771 sed
1423 3717 1566 3773 circa
1598 3719 1778 3789 templi
1814 3721 1918 3774 tui-

340 3799 623 3854 nistcrium
647 3803 850 3873 jugiter
874 3816 1186 3876 perseverat
1235 3805 1490 3874 Joannes,
1522 3819 1580 3862 ut
1615 3809 1919 3865 innocentis

340 3890 466 3944 vita:
501 3893 813 3949 munditiam
848 3899 1050 3960 teneat,
1085 3897 1150 3950 ad
1197 3898 1494 3966 squalentis
1529 3901 1696 3955 eremi
1729 3900 1920 3956 solitu-

343 3983 523 4037 dinem
545 3994 725 4040 tcuera
739 3987 912 4043 adhuc
932 3997 1089 4042 :etatc
1107 3988 1552 4060 festiuat(il!attlt.
1572 4007 1659 4056 ιιι;
1679 3990 1850 4046 Marc.
1867 4007 1912 4057 ις

343 4072 472 4130 Luc.
509 4076 618 4144 ιιι);
665 4077 880 4148 illicquc
907 4080 1134 4150 gratiam
1168 4081 1494 4150 prophetica:
1522 4081 1921 4150 praedicationis

342 4168 570 4238 accepit,
599 4185 758 4239 quam
796 4173 846 4225 in
880 4173 1051 4227 turbis
1078 4173 1425 4243 popularibus
1452 4174 1670 4243 degens,
1707 4188 1924 4242 prome-

343 4258 450 4312 reri
486 4275 588 4313 non
622 4262 810 4331 potuit.
854 4263 1004 4318 Nunc
1040 4272 1216 4318 autem
1245 4273 1485 4330 econtra,
1526 4265 1561 4318 ii
1602 4266 1692 4334 qui
1725 4263 1922 4320 divinis

343 4357 472 4406 sunt
491 4353 822 4407 cmrcmoniis
845 4355 1158 4422 mancipati,
1179 4354 1426 4409 Ecclesia:
1447 4355 1684 4409 sacraria
1714 4363 1923 4411 remota

1991 523 2122 577 mini
2157 522 2359 577 Levita:
2400 534 2579 578 castra
2602 539 2700 579 sua
2739 523 2890 589 juxta
2937 525 3342 578 tabernaculum
3377 524 3564 593 ﬁgunt,

1991 628 2092 667 nec
2136 615 2391 670 secedere
2421 613 2788 680 tabernaculo,
2836 614 2918 668 vel
2961 615 3112 689 inter
3136 617 3322 669 turbas
3365 614 3567 669 habere

1992 704 2281 774 hospitium
2315 695 2740 775 permittuntur;
2781 721 2878 760 cur
2908 723 3050 761 nunc
3079 707 3263 762 clerici
3303 707 3455 775 juxta
3486 707 3566 760 tli-

1993 796 2130 872 vina:
2158 797 2562 851 constitutionis
2583 798 2817 850 edictum
2851 798 3181 852 abhorreant
3210 798 3348 869 apud
3380 797 3568 851 Ecele-

1994 887 2130 960 siam
2181 888 2398 958 degere,
2428 899 2484 943 ιιι
2519 888 2923 958 ιιιιιιοιιίιιρτῑιιε
2943 931 2957 953 ,
2986 899 3191 958 quanto
3220 890 3454 959 quietius
3479 931 3492 954 ,
3517 891 3568 944 in

1995 979 2135 1034 Sacri
2156 980 2351 1050 eloquii
2392 980 2607 1034 valeant
2636 981 2985 1035 meditatione
3022 982 3251 1035 vacare?
3283 990 3338 1034 et
3379 981 3569 1034 saltem

1994 1068 2096 1122 hoc
2128 1057 2401 1138 praestent
2449 1069 2746 1133 Ecclesiae,
2797 1085 2956 1138 quam
3008 1070 3334 1139 evangelicae
3388 1071 3574 1139 gratia:

1995 1158 2248 1228 splendor
2279 1159 2534 1224 illustrat,
2565 1161 2706 1228 quod
2747 1159 2819 1213 illi
2857 1159 3169 1213 deferebant
3201 1157 3571 1220 tabernaculo,

1996 1252 2139 1321 quod
2179 1252 2280 1307 sub
2321 1252 2638 1320 ignorantia:
2701 1251 2937 1305 tenebris
2986 1251 3332 1321 aenigmatum
3393 1249 3580 1319 ﬁgura:

1997 1342 2266 1395 velabant.
2301 1341 2368 1395 Et
2416 1350 2564 1395 certe
2604 1339 2761 1395 valde
2808 1349 3200 1410 pra-posterum
3245 1349 3350 1404 est,
3390 1338 3436 1391 si
3485 1336 3580 1390 illa

1999 1451 2141 1488 nunc
2183 1435 2481 1505 denegetur
2510 1434 2812 1487 reverentia
2837 1432 3075 1496 veritati,
3105 1446 3224 1500 qua:
3249 1439 3376 1484 tunc
3394 1423 3584 1484 adumé

1999 1525 2167 1580 hratm
2197 1525 2540 1581 deferebatur
2594 1525 2832 1596 imagini.
2875 1523 3008 1578 Nam
3039 1524 3181 1592 quod
3231 1523 3360 1577 illud
3397 1522 3580 1576 taber-

2000 1618 2252 1672 naculum
2280 1634 2385 1673 non
2417 1619 2527 1687 ipsa
2559 1622 2778 1682 veritas,
2813 1616 2906 1671 sed
2939 1616 3116 1686 potius
3142 1614 3304 1668 fuerit
3330 1611 3581 1668 veritatis

2001 1711 2298 1779 exemplar,
2335 1719 2565 1764 testatur
2610 1708 2889 1769 Dominus,
2919 1707 3046 1760 dum
3099 1704 3340 1774 praecipit
3363 1702 3531 1774 Moysi
3566 1719 3579 1754 :

1931 1777 1975 1835 Β
2010 1822 2027 1854 ι
2067 1777 2220 1867 Vide,
2266 1777 2456 1872 inquit.
2494 1802 2675 1856 omnia
2729 1800 2896 1853 facito
2945 1801 3244 1853 secundum
3299 1794 3443 1864 quod
3487 1791 3583 1848 tibi

2000 1902 2357 1948 monstratum
2382 1902 2463 1946 est
2495 1893 2545 1946 in
2577 1903 2759 1946 monte
2785 1890 2982 1961 (Exod.
3013 1905 3151 1954 xxv;
3186 1886 3346 1941 Hebr.
3377 1883 3519 1956 vttt).
3558 1900 3578 1935 ι

2001 1987 2153 2054 Quod
2203 2002 2333 2056 ergo
2384 1985 2595 2055 Moyses
2646 1985 2780 2037 vidit
2832 1983 2882 2037 in
2924 1996 3125 2044 monte,
3152 1979 3356 2033 veritas
3399 1985 3585 2031 nostra

2002 2077 2136 2139 fuit;
2179 2068 2607 2145 quodlsraelitis
2647 2071 3054 2126 tabernaculum
3099 2069 3250 2132 fecit,
3280 2069 3458 2136 imago
3486 2063 3589 2119 fuit

2005 2168 2381 2223 tantummodo
2437 2165 2704 2220 veritatis.
2771 2163 3000 2218 Ministri
3072 2173 3198 2216 tunc
3252 2154 3591 2213 tabernaculi

2005 2260 2361 2315 comedebaut
2409 2273 2603 2310 manna
2637 2257 2824 2327 procul
2856 2255 3019 2308 dubio
3067 2251 3349 2314 morituri;
3400 2249 3452 2304 in
3483 2247 3617 2302 Ecm

2007 2353 2172 2407 clesia
2201 2367 2330 2404 vero
2357 2349 2558 2404 Christi
2585 2356 2922 2402 sacramenta
2949 2345 3300 2415 percipimus,
3342 2343 3398 2396 in
3427 2348 3591 2395 mter-

2010 2445 2180 2498 nitate
2222 2442 2436 2497 victuri.
2467 2441 2541 2496 De
2570 2457 2674 2510 qua
2717 2440 2968 2493 videlicet
2999 2437 3240 2492 Ecclesia
3273 2434 3403 2489 dicit
3452 2431 3594 2485 Pau-

2011 2534 2130 2590 lus:
2165 2553 2182 2585 ι
2223 2534 2361 2601 Quia
2405 2541 2486 2587 est
2539 2529 2946 2586 tabernaculum
2997 2543 3184 2580 verum
3217 2567 3230 2590 ,
3282 2521 3423 2594 quod
3476 2520 3595 2574 ﬁxit

2010 2631 2188 2694 Deus,
2234 2637 2288 2682 et
2341 2644 2447 2681 non
2481 2627 2643 2680 homo
2699 2622 2886 2694 (Hebr.
2946 2619 3089 2690 vm).
3128 2639 3144 2670 ι
3189 2617 3358 2671 Porro
3411 2622 3591 2667 autem

2013 2721 2269 2791 templum
2296 2718 2603 2775 Salomonis
2637 2732 2798 2787 qualn
2825 2715 3002 2785 jugcs,
3033 2725 3302 2780 quamque
3331 2703 3594 2761 sollicitas

2013 2812 2386 2866 ministrorum
2432 2807 2689 2865 habuisse
2740 2804 2952 2875 legatur
3003 2800 3283 2859 excubias,
3323 2795 3449 2866 quia
3500 2807 3597 2846 vos

2016 2903 2266 2974 ignorare
2314 2916 2421 2956 non
2468 2898 2762 2958 credimus,
2801 2895 3044 2949 scribere
3093 2889 3423 2959 superﬂuum
3452 2883 3598 2953 judi-

2016 3009 2224 3049 camus.
2275 2991 2408 3059 Quis
2437 2991 2582 3046 enim
2634 2988 2762 3043 illud
2795 2985 3098 3056 praesertim
3141 2981 3266 3037 libri
3316 2975 3596 3044 Paralipo-

2019 3101 2215 3140 menon
2255 3084 2536 3153 perspicuc
2564 3095 2669 3134 non
2701 3073 3139 3144 advertat,’quia
3167 3066 3449 3125 constituit
3497 3064 3598 3116 Sa-

2019 3179 2196 3233 lomon
2229 3178 2384 3248 juxta
2433 3173 2840 3244 dispositionem
2894 3168 3065 3239 patris
3109 3163 3191 3219 sui
3224 3158 3392 3216 David
3423 3155 3598 3232 cilicia

2017 3269 2358 3326 sacerdotum
2394 3269 2446 3322 in
2476 3265 2792 3321 ministeriis
2820 3261 2954 3328 suis,
2997 3269 3053 3316 et
3080 3257 3297 3312 chitas
3329 3253 3382 3307 in
3405 3249 3598 3306 ordine

2019 3380 2138 3426 suo,
2187 3372 2244 3417 ut
2282 3361 2568 3414 laudarent
2632 3366 2688 3411 ct
2748 3354 3129 3409 ministrarent
3174 3360 3360 3402 coram
3409 3352 3595 3396 sacer-

2018 3454 2236 3510 dotibus
2266 3453 2420 3521 juxta
2465 3449 2628 3502 ritum
2671 3444 3102 3514 uniuscujusque
3128 3437 3234 3492 diei
3260 3478 3274 3501 ,
3315 3443 3370 3490 et
3395 3430 3600 3521 j-anito:

2021 3562 2107 3601 res
2148 3545 2200 3598 in
2240 3516 2600 3597 divisionibus
2629 3539 2743 3593 suis
2764 3551 2859 3607 per
2890 3544 3124 3604 portam,
3157 3537 3213 3584 et
3241 3521 3488 3598 portam?
3509 3516 3594 3593 (II

2021 3633 2206 3689 Paral.
2228 3631 2372 3703 vm.)
2986 3709 2989 3713 _

2534 3716 2698 3790 514
2733 3713 2961 3772 CAPUT
2986 3711 3064 3766 ιι.

2023 3837 2175 3904 Quod
2214 3838 2259 3891 is
2298 3843 2514 3907 nequeat
2555 3833 2658 3886 dici
2712 3829 3028 3954 cpnonicus,
3067 3824 3158 3897 qui
3209 3837 3315 3876 non
3348 3820 3416 3873 sit
3453 3829 3604 3886 regu-

2227 3915 2231 3918 ’
2763 3919 2889 3954 arts.

2227 3915 2231 3918 ’
2741 3915 2889 3956 ιιιτιδ.

2095 3999 2152 4053 Si
2195 3998 2358 4070 igitur
2385 3996 2483 4062 illi,
2516 3995 2606 4065 qui
2641 4009 2706 4049 ex
2745 3992 3000 4047 mandato
3046 3986 3180 4057 legis
3227 3975 3605 4070 conjugalibus

2022 4099 2178 4145 erant
2206 4067 2412 4158 copulis
2460 4085 2725 4154 obligati,
2781 4092 2941 4136 tanta:
2983 4074 3292 4133 sedulitatis
3341 4067 3603 4158 excubias

2023 4179 2137 4233 suis
2168 4156 2495 4231 sanctuariis
2523 4172 2886 4233 exhibebant;
2937 4166 3067 4235 quid
3119 4176 3260 4216 nunc
3290 4156 3598 4213 faciendum

2023 4276 2108 4322 est
2131 4266 2366 4326 clericis,
2388 4265 2480 4334 qui
2509 4262 2760 4317 videlicet
2789 4257 3056 4314 castitatis
3080 4252 3343 4309 munditia
3369 4244 3604 4318 praediti,

2025 4373 2056 4412 a
2082 4356 2294 4411 cunctis
2320 4362 2449 4410 sunt
2477 4352 2714 4409 carnalis
2734 4349 3051 4406 commercii
3080 4343 3310 4400 vinculis
3341 4335 3610 4396 absoluti?

343 4448 718 4505 contemnunt,
763 4441 1010 4497 habitare
1043 4458 1171 4497 vero
1210 4443 1353 4498 inter
1386 4442 1616 4500 forensis
1665 4444 1922 4515 strepitus
1947 4477 1998 4536 Β
2027 4429 2193 4507 Plane
2217 4463 2326 4519 quo
2355 4454 2518 4518 pacto
2543 4446 2666 4515 quis
2692 4444 2871 4498 valeat
2899 4441 3005 4496 dici
3039 4438 3356 4498 canonicus,
3400 4431 3504 4488 nisi
3534 4430 3609 4535 sit

345 4545 623 4584 murmura
646 4533 1052 4601 concupiscunt.

414 4622 525 4678 Sed
570 4624 848 4679 audiamus
873 4625 1000 4694 quid
1029 4625 1094 4678 de
1127 4625 1394 4680 metandis
1419 4625 1698 4680 levitarum
1730 4627 1925 4682 castris

343 4714 643 4770 auctoritas
668 4715 849 4770 divina
899 4717 1197 4786 prtecipiat,
1246 4717 1434 4785 sicque
1482 4733 1770 4787 possumus
1798 4718 1922 4786 jure

341 4805 697 4874 perpendere,
718 4807 806 4862 ubi
831 4809 1165 4877 potissimum
1193 4809 1376 4863 clerici
1401 4808 1634 4878 debeant
1655 4809 1919 4864 habitare.

347 4914 366 4946 ι
409 4895 653 4965 'I‘ribum,
682 4900 879 4969 inquit,
909 4899 1036 4954 Levi
1063 4899 1170 4953 noli
1194 4915 1503 4964 numerare.
1534 4915 1708 4970 neque
1730 4916 1918 4972 pones,

343 5002 612 5043 summam
638 5007 823 5045 eorum
855 5007 978 5046 cum
1016 4991 1137 5046 tiliis
1170 4990 1370 5057 Israel;
1399 4993 1492 5046 sed
1528 4993 1800 5047 constitue
1827 5008 1923 5048 eos

343 5091 510 5145 super
537 5080 940 5135 tabernaculum
969 5082 1282 5146 testimonii,
1313 5091 1363 5136 et
1403 5094 1595 5136 cuncta
1629 5099 1755 5137 vasa
1785 5083 1920 5151 ejus,

343 5177 400 5220 et
425 5167 686 5238 quidquid
716 5171 782 5224 ad
805 5174 1154 5226 etercmouias
1185 5174 1412 5241 pertinet
1444 5192 1455 5225 :
1499 5173 1599 5242 ipsi
1631 5175 1926 5242 portabunt

345 5257 756 5316 tabernaculum
783 5273 838 5317 et
859 5264 1040 5317 omnia
1086 5264 1331 5317 utensilia
1358 5265 1494 5332 ejus,
1525 5272 1579 5318 et
1613 5264 1719 5318 erit
1743 5263 1796 5316 in
1821 5265 1923 5319 mi—

345 5349 595 5415 nisterio,
611 5367 675 5407 ac
694 5369 790 5424 per
807 5371 994 5424 gyrum
1016 5355 1343 5409 tabernaculi
1370 5355 1715 5409 tnetabuntur
1729 5355 1920 5425 (Num.

348 5441 426 5507 ι).
465 5457 486 5491 ι
527 5440 592 5496 Et
615 5443 773 5512 paulo
809 5452 960 5512 post,
1000 5458 1122 5498 cum
1152 5444 1502 5511 prazmisisset
1536 5461 1548 5496 :
1587 5462 1606 5494 ι
1649 5443 1922 5499 Mclabun-

347 5539 446 5586 tur
465 5539 645 5587 autem
668 5542 845 5588 castra
875 5533 970 5586 ﬁlii
1003 5534 1165 5589 Israel
1188 5533 1558 5604 unusquisque
1578 5549 1676 5604 per
1700 5544 1925 5601 turmas,

346 5630 406 5676 et
433 5621 656 5688 cune’os,
685 5631 849 5695 atque
875 5625 1172 5680 exercitum
1217 5639 1372 5680 suum
1404 5624 1633 5696 (lbid.):
1669 5645 1687 5676 ι
1732 5636 1930 5696 praesto

351 5713 666 5785 suhjunxit:
707 5734 724 5767 ι
770 5716 939 5772 Porro
985 5715 1182 5773 Levita‘
1227 5731 1320 5788 per
1373 5733 1560 5788 gyrum
1597 5719 1927 5774 tabernaculi

2025 4542 2324 4615 regularis?
2375 4538 2648 4610 quomodo
2689 4535 3004 4598 monachus.
3039 4533 3140 4588 nisi
3175 4532 3328 4601 juxta
3358 4527 3470 4580 vim
3515 4522 3608 4577 sui

2026 4634 2280 4690 nominis.
2300 4633 2372 4688 sit
2401 4632 2564 4686 etiam
2607 4629 2929 4699 singularis?
2965 4626 3164 4680 Volunt
3209 4621 3477 4691 siquidem
3513 4630 3608 4698 ca-

2025 4727 2301 4791 nonicum,
2331 4726 2436 4781 hoc
2457 4733 2560 4788 est,
2594 4723 2844 4794 regulare
2884 4736 3079 4775 nomen
3127 4717 3349 4775 habere,
3377 4710 3469 4765 sed
3499 4721 3607 4761 non

2025 4817 2350 4888 regulariter
2400 4817 2606 4870 vivere.
2667 4813 2928 4867 Ambiuut
2982 4805 3289 4863 communia
3350 4797 3608 4854 Ecclesiae

2027 4909 2169 4964 bona
2200 4907 2460 4970 dividere,
2509 4913 2874 4974 aSpernautur
2919 4911 3099 4954 autem
3133 4897 3272 4966 apud
3308 4889 3608 4946 Ecclesiam

2027 4998 2387 5054 communiter
2418 5011 2477 5050 se
2505 4995 2728 5049 habere.
2766 4993 3056 5059 Enimvero
3087 5003 3190 5041 non
3221 4993 3303 5038 cst
3349 4982 3465 5036 haec
3494 4977 3609 5048 pri-

2027 5089 2225 5140 mitivae
2262 5085 2518 5140 Ecclesia:
2567 5083 2760 5144 forma,
2820 5081 2952 5134 satis
3001 5076 3271 5132 exorbitat
3327 5072 3393 5125 ab
3447 5069 3607 5122 iusti-

2030 5179 2254 5232 tutionis
2276 5177 2582 5246 apostolicae
2613 5172 2898 5241 disciplina
2932 5189 2946 5224 :
2981 5169 3178 5238 quibus
3202 5166 3462 5219 nimirum
3489 5166 3608 5215 crat

2033 5282 2130 5321 τοι·
2161 5282 2348 5327 unum,
2380 5274 2436 5320 et
2482 5264 2661 5317 anima
2693 5276 2822 5323 una,
2869 5269 2924 5314 et
2965 5256 3269 5312 vendebant
3318 5267 3478 5322 agros
3507 5263 3604 5320 po-

2033 5357 2341 5424 nebantque
2371 5354 2540 5422 pretia
2571 5352 2636 5405 ad
2668 5351 2833 5421 pedes
2869 5349 3258 5419 aposwlorum,
3293 5354 3351 5400 et
3396 5342 3606 5397 divide-

2035 5447 2165 5501 bant
2193 5445 2420 5517 singulis
2447 5431 2607 5514 prout
2626 5444 2822 5512 cuique
2846 5457 2982 5512 opus
3007 5449 3127 5495 erat
3155 5453 3291 5492 :ncc
3314 5435 3604 5505 quisquam

2033 5557 2244 5606 eorum,
2275 5557 2395 5611 qua:
2442 5538 2775 5610 possidebat,
2803 5535 3008 5604 aliquid
3047 5549 3203 5587 suum
3229 5544 3348 5586 esse
3373 5525 3608 5588 dicebat,

2034 5634 2125 5688 sed
2156 5642 2309 5688 erant
2339 5631 2441 5685 illis
2470 5630 2650 5684 omnia
2677 5627 2987 5684 communia
3022 5626 3156 5696 (Act.
3185 5625 3268 5692 ιι).
3302 5620 3370 5674 At
3391 5625 3604 5676 contra.

2037 5724 2176 5778 ﬁlius
2216 5723 2469 5793 prodigus
2509 5721 2646 5775 dixit
2681 5719 2863 5789 patri:
2901 5735 2919 5770 ι
2961 5717 3033 5771 Da
3081 5715 3209 5770 mihi
3259 5711 3565 5782 portionem
3589 5741 3605 5767 ο
