4132 6324
565 339 693 410 5075-
748 384 750 386 τ

1017 361 1076 418 S.
1117 360 1321 417 PETRI
1360 358 1643 416 DAMIANI
1683 357 1832 416 OPP.
1873 350 2110 413 TOMUS
2144 345 2276 404 SEU
2309 342 2490 407 PARS
2517 341 2603 396 111.
2631 371 2701 382 -
2731 333 3095 395 OPUSCULA
3135 329 3367 388 VARIA.

3715 325 3818 387 508

561 489 677 540 (Ιτιειι
703 493 788 533 me
813 477 1108 547 contingit;
1143 484 1234 530 ret
1257 475 1336 530 sic
1363 474 1642 543 dissipavit
1671 471 1852 527 omnia
1872 469 2014 525 bona
2041 480 2139 522 sua
2168 465 2215 523 Δ
2245 469 2337 514 net
2360 457 2412 512 in
2445 455 2732 520 οιιεπῖιθῑθ,
2770 452 2824 507 in
2853 452 2964 547 Pco
3001 456 3182 547 ξῐξξιηθῑ
3219 445 3364 547 ςῙαξξ
3400 446 3476 517 ι);
3509 437 3617 501 non
3645 445 3822 547 minus.

563 585 686 624 cum
720 556 1114 623 meretricibus.
1171 565 1269 621 llic
1301 564 1546 635 profecto
1596 563 1898 618 electorum
1952 574 2140 629 repro-

562 653 863 728 horumque
892 657 1050 712 lineae
1099 656 1506 720 discernuntur,
1553 654 1678 724 quia
1733 652 2140 721 nimirum‘nisti,

560 765 682 818 qua:
725 749 828 804 sibi
861 755 990 803 sunt
1035 746 1275 818 propria,
1325 745 1563 814 gaudent
1612 758 1736 799 cum
1781 743 1904 799 aliis
1939 741 2142 798 habere

563 838 911 905 communia;
954 838 1030 892 illi
1081 847 1262 892 autem
1313 837 1456 890 sicut
1507 851 1536 890 a
1590 835 1875 891 charitatis
1934 833 2142 906 glutino

560 932 819 987 scindunt
848 940 1071 991 mentes,
1109 932 1183 985 ita
1215 930 1572 985 nihilominus
1617 944 1936 985 communes
1964 944 1995 982 a
2026 926 2141 982 fra-

563 1019 739 1074 tribus
767 1020 1017 1075 dividunt
1043 1019 1353 1076 facultates.
1386 1019 1488 1076 Ubi
1524 1035 1653 1076 vero
1694 1020 1889 1075 divisio
1934 1033 2141 1089 rerum,

560 1110 635 1165 ibi
666 1111 856 1181 procul
893 1111 1058 1166 dubio
1090 1127 1195 1167 non
1223 1121 1307 1167 est
1329 1112 1509 1167 unitas
1541 1111 1868 1170 animorum.
1890 1111 2144 1169 Charitas

563 1203 764 1272 quippe
809 1206 1245 1259 communionem
1295 1203 1467 1270 facit;
1510 1205 1742 1260 avaritia
1796 1205 2140 1260 divisionem.

565 1295 719 1352 Unde
770 1305 824 1350 et
870 1297 1045 1353 Lucas
1095 1299 1270 1352 dicit:
1317 1317 1336 1348 ‹
1375 1300 1464 1353 Ait
1526 1300 1747 1369 quidam
1791 1300 1859 1356 de
1889 1302 2046 1357 turba
2075 1301 2145 1359 ad

565 1386 750 1442 Jcsum
807 1387 935 1458 (non
983 1389 1051 1444 de
1079 1390 1290 1457 magnis
1317 1391 1548 1453 scilicet,
1585 1393 1678 1446 sed
1717 1393 1784 1448 de
1813 1394 1970 1449 turba
1999 1403 2143 1460 erat,

562 1480 689 1548 quia
756 1479 974 1536 fetentis
1031 1483 1275 1537 avaritiae
1333 1485 1587 1553 squalore
1637 1486 1979 1558 sordebat):
2032 1487 2146 1542 Illa-

561 1570 747 1639 gister,
774 1571 968 1639 inquit,
999 1573 1087 1626 dic
1117 1573 1272 1627 fratri
1301 1590 1438 1637 meo,
1468 1585 1526 1629 ut
1559 1577 1762 1632 dividat
1793 1595 2001 1633 mecum
2027 1580 2141 1634 ha:-

564 1662 868 1716 reditatem.
905 1682 923 1712 ι
959 1662 1203 1731 Cumque
1247 1666 1617 1735 respondisset
1669 1685 1681 1721 :
1721 1687 1740 1719 ‹
1791 1667 1986 1734 Homo,
2020 1670 2145 1738 quis

565 1767 650 1804 me
693 1752 1239 1821 constituitjmlicem
1303 1763 1358 1808 et
1399 1755 1690 1809 divisorem
1740 1757 1885 1812 inter
1939 1759 2071 1813 vos?
2117 1778 2134 1809 ι

560 1844 806 1912 protinus
833 1844 1015 1898 intulit
1059 1845 1164 1909 his,
1203 1845 1294 1915 qui
1327 1847 1615 1902 astabant:
1652 1869 1672 1900 ‹
1701 1851 1908 1913 Videte,
1955 1860 2010 1906 et
2045 1867 2139 1906 ca-

560 1945 682 1990 vete
707 1937 774 1990 ab
796 1937 940 1990 omni
969 1939 1360 2006 ataritia,quia
1390 1957 1493 1994 non
1527 1940 1578 1993 in
1601 1939 1930 1997 abundantia
1962 1945 2136 2014 cujus-

562 2045 726 2098 quam
757 2030 869 2083 vita
917 2031 1034 2100 ejus
1060 2040 1226 2084 estex
1260 2033 1343 2086 his
1366 2048 1486 2101 qua:
1521 2034 1759 2101 possidet
1785 2035 1934 2105 (Luc.
1961 2038 2083 2106 xu).
2118 2058 2136 2091 ιι

563 2123 771 2192 Quibus
819 2127 1063 2196 profecto
1104 2128 1288 2183 verbis
1326 2138 1577 2197 patenter
1628 2130 1844 2183 Veritas
1897 2130 2140 2198 indicat,

561 2218 689 2285 quia
734 2219 975 2272 nonnulli
1003 2219 1204 2273 idcirco
1235 2219 1477 2273 dividere
1512 2221 1818 2274 communia
1852 2223 2136 2290 gestiunt;

564 2307 691 2374 quia
745 2308 1056 2377 cupiditatis
1100 2318 1155 2363 et
1208 2310 1454 2364 avaritiae
1507 2309 1719 2365 facibus
1768 2312 2139 2368 inardescunt.

558 2395 801 2451 Ananias
829 2405 884 2450 et
933 2397 1194 2467 Saphira,
1226 2415 1333 2454 non
1362 2400 1487 2469 quia
1526 2403 1832 2455 communia
1871 2402 2140 2471 dividunt,

557 2489 653 2540 sed
681 2488 936 2556 quoniam
964 2498 1230 2544 retentum
1259 2492 1462 2562 aliquid
1495 2492 1560 2546 de
1594 2493 1826 2562 propriis
1855 2509 2143 2549 commune

562 2596 668 2633 non
713 2581 948 2647 faciunt,
989 2599 1269 2652 corporeae
1310 2585 1503 2640 mortis
1532 2587 1799 2640 sententia
1839 2588 2144 2656 percellun-

561 2682 650 2725 tur
676 2672 812 2742 (Act.
863 2674 937 2745 v).
970 2673 1137 2730 Judas
1167 2676 1295 2744 quia
1345 2692 1450 2730 non
1499 2675 1601 2730 fuit
1632 2678 1979 2733 denariorum
2015 2695 2140 2733 cum

559 2765 771 2818 cmteris
803 2768 1180 2822 communione
1206 2777 1514 2832 contentus,
1559 2768 1611 2822 in
1641 2770 1949 2824 traditionis
1977 2787 2138 2826 vora-

562 2856 737 2924 ginem
772 2872 1054 2922 corruens,
1081 2857 1148 2913 de
1177 2861 1555 2914 communione
1582 2860 1776 2915 cecidit
1805 2861 2142 2932 apostolatus

563 2945 780 3015 (Matt/1.
831 2964 988 3014 xxvi;
1029 2948 1159 3005 Luc.
1205 2967 1350 3016 xxn;
1392 2951 1552 3026 Joan.
1595 2953 1739 3020 xm).
1807 2951 1906 3021 μοι
1965 2953 2144 3009 (limit.

564 3048 680 3092 tcns
703 3039 932 3094 Abrahae
963 3042 1241 3111 dispertita
1263 3044 1602 3112 possessione
1622 3046 1974 3111 consortium,
1993 3046 2141 3102 duris

559 3131 764 3184 servire
798 3133 1142 3203 compellitur
1179 3135 1409 3189 vinculis
1439 3135 1794 3190 barbarorum
1837 3136 1989 3206 (Cen.
2018 3153 2114 3191 xm

560 3220 695 3288 xrv).
717 3221 855 3276 Esau
892 3225 1120 3278 venandi
1145 3226 1322 3279 studio
1341 3240 1440 3294 per
1460 3225 1690 3280 saltuum
1729 3226 1895 3280 lustra
1929 3228 2139 3282 discur-

564 3328 710 3375 rens,
748 3314 1104 3386 primogenita
1135 3317 1368 3385 perdidit
1407 3315 1560 3386 (Gen.
1591 3317 1666 3388 ν).
1687 3316 1854 3372 Iacob
1880 3318 2141 3387 simplici-

563 3415 643 3458 ter
666 3407 719 3460 in
758 3408 1118 3464 tabernaculis
1167 3411 1428 3476 residens,
1477 3411 1868 3480 plenitudinem
1901 3412 2141 3480 paternae

561 3499 953 3556 benedictionis
987 3504 1197 3572 accepit
1229 3503 1442 3575 (Ibid).

1073 3613 1232 3685 515
1273 3613 1496 3669 CAPUT
1533 3612 1618 3668 ιιι.

563 3708 718 3780 Quod
767 3717 1008 3770 monachi
1059 3717 1439 3784 discurrentes,
1493 3735 1596 3772 non
1649 3718 1894 3774 monac/ti
1933 3719 2141 3775 dicendi

703 3801 716 3811 '
1053 3797 1171 3841 sunt
1187 3829 1198 3850 ,
1251 3789 1340 3842 sed
1376 3790 1641 3860 gyrovagi.

632 3885 688 3938 ln
730 3889 1045 3944 monachico
1090 3905 1222 3945 sane
1255 3891 1465 3957 ordine,
1495 3908 1628 3962 quos
1670 3894 1722 3948 in
1754 3893 2011 3949 claustris
2039 3895 2139 3952 sub

562 3975 774 4030 abbatis
812 3978 1039 4046 imperio
1092 3980 1416 4049 regulariter
1466 3998 1686 4038 manere
1732 3985 2138 4054 conspicimus‘,

557 4080 956 4139 consequenter
1003 4073 1186 4142 utique
1243 4074 1537 4129 monachos
1585 4075 1962 4146 appellamus:
2005 4092 2141 4146 quos

561 4168 742 4213 autem
771 4164 1046 4231 proprium
1080 4166 1371 4231 possidere,
1393 4166 1761 4222 indifferenter
1782 4169 1885 4224 huc
1910 4169 2140 4240 illucque

562 4250 890 4319 discurrere,
917 4254 1122 4309 solutos
1179 4256 1386 4327 legibus
1414 4256 1564 4326 iuxta
1592 4261 1824 4329 proprize
1848 4260 2140 4316 voluntatis

562 4345 846 4399 arbitrium
876 4346 1116 4402 dillluere
1141 4350 1432 4414 cernimus,
1463 4368 1566 4405 non
1611 4354 2020 4420 monachorum,
2046 4354 2139 4409 sed

563 4450 958 4504 gyrovagorum
997 4440 1195 4506 potius,
1217 4442 1302 4494 vel
1333 4441 1738 4497 Sarabaitarum
1765 4444 1956 4514 dignos
1982 4461 2142 4500 voca-

2245 547 2630 618 improbandus
2663 551 2765 608 est,
2785 542 2877 613 qui
2903 540 3155 598 excidita
3185 537 3476 604 charitate,
3519 552 3684 608 quam
3728 538 3822 609 qui

2242 646 2442 695 errata
2473 636 2596 690 tide.
2629 632 2687 688 Si
2736 632 2859 702 quis
2889 621 3036 686 enim
3085 635 3252 684 totam
3282 627 3459 698 legem
3500 627 3826 683 observave-

2243 730 2338 792 rit,
2371 727 2605 782 olfendat
2652 732 2831 777 autem
2887 721 2940 775 in
2987 735 3113 785 uno,
3144 718 3248 773 hoc
3294 726 3395 783 est,
3427 717 3483 771 in
3523 717 3817 782 charitate,

2246 817 2422 873 factus
2457 825 2540 872 est
2566 815 2808 870 omnium
2844 825 2968 866 reus
2999 824 3013 863 :
3047 825 3110 863 ac
3140 823 3239 878 per
3266 809 3367 862 hoc
3391 807 3553 860 etiam
3587 804 3826 877 perfidiae

2244 911 2506 982 probatur
2549 905 2837 960 obnoxius.
2870 901 3042 956 Plane
3063 900 3106 955 si
3135 900 3287 970 iuxta
3315 897 3459 952 Petri
3489 896 3824 952 vocem‘dia-

2245 999 2420 1066 bolus,
2456 1007 2713 1066 tanquam
2742 992 2827 1047 leo
2878 990 3098 1061 rugiens
3129 986 3328 1041 circuit
3372 1000 3625 1056 quaerens
3661 999 3822 1053 quem

2244 1091 2464 1146 devoret
2508 1089 2557 1160 (I
2591 1086 2737 1143 Petr.
2769 1087 2867 1157 v);
2908 1085 3001 1156 qui
3045 1081 3276 1136 fraterni
3328 1079 3588 1136 consortii
3641 1077 3826 1133 caulas

2243 1180 2468 1246 deserit,
2514 1179 2792 1233 ultroneus
2820 1190 2879 1230 se
2915 1179 3158 1229 cruentae
3192 1169 3384 1226 bellum
3419 1168 3691 1223 morsibus
3718 1176 3830 1221 tra-

2243 1270 2341 1325 dit.
2387 1269 2589 1323 Bucula
2643 1281 2879 1338 namque
2911 1265 2964 1321 in
3012 1272 3262 1319 armento
3311 1276 3686 1331 compescens,
3716 1259 3826 1328 lupi

2243 1377 2351 1415 non
2384 1361 2534 1415 timet
2580 1359 2887 1422 incursum;
2919 1372 3045 1411 cum
3088 1369 3221 1411 vero
3265 1354 3504 1424 solivaga
3551 1352 3830 1422 przesumit

2243 1452 2501 1506 silvarum
2553 1449 2723 1504 lustra
2770 1460 3132 1517 percurrere,
3187 1443 3425 1499 ferarum
3485 1441 3830 1511 compellitur

2244 1543 2533 1614 ingluviem
2567 1541 2792 1596 satiare.
2817 1538 3122 1594 Turmatim
3165 1551 3389 1590 anseres
3414 1533 3704 1589 volitantes
3738 1547 3831 1586 ac-

2243 1634 2491 1702 cipitrem
2545 1630 2988 1702 parvipcndunt;
3041 1626 3333 1697 aliquando
3398 1625 3490 1694 qui
3550 1623 3828 1686 defuerit,

2245 1735 2421 1779 rostro
2447 1723 2742 1794 perfossus,
2791 1738 2856 1778 ex
2903 1721 3172 1791 unguibus
3205 1736 3308 1774 non
3348 1718 3552 1773 evadit.
3599 1717 3744 1786 Apes
3773 1716 3828 1769 ia

2172 1820 2218 1878 Β
2245 1819 2494 1873 alveariis
2517 1825 2858 1888 congregata:
2885 1815 3288 1875 mellificant,et
3311 1811 3548 1882 quandiu
3577 1811 3629 1863 in
3659 1823 3827 1862 unum

2244 1920 2480 1974 coeunt,
2532 1925 2600 1964 ex
2656 1924 2844 1964 eorum
2891 1906 3168 1960 laboribus
3221 1903 3406 1960 dulces
3451 1903 3558 1956 favi
3610 1902 3828 1971 regibus

2242 2007 2625 2068 apponuntur:
2656 2007 2712 2051 at
2738 1998 2782 2052 si
2810 1996 3106 2061 dissiliunt,
3135 2010 3198 2050 ac
3250 1993 3439 2048 relicto
3489 1993 3624 2046 duce
3659 2007 3830 2060 vaga-

2243 2091 2435 2144 lllllld'JB
2468 2088 2818 2159 pervolitant,
2850 2087 3011 2141 famis
3051 2101 3274 2140 necesse
3312 2093 3396 2141 est
3437 2085 3613 2154 inopia
3645 2092 3832 2138 conta-

2243 2185 2484 2239 beseant.
2534 2185 2781 2240 Hostium
2824 2184 3054 2237 vallatus
3104 2183 3338 2246 insidiis,
3381 2182 3426 2236 si
3455 2197 3576 2236 cum
3623 2197 3688 2234 eo
3720 2195 3828 2249 quo

2245 2276 2622 2344 constipatur,
2668 2274 2958 2338 abstiterit,
3003 2272 3290 2328 hostilibus
3318 2288 3376 2326 se
3401 2271 3597 2340 jaculis
3644 2271 3826 2341 przeda

2242 2363 2420 2418 factus
2447 2365 2688 2434 exponit.
2739 2365 2980 2418 Ecclesia
3025 2378 3215 2433 nempe
3245 2363 3467 2424 Christi,
3503 2365 3644 2417 sicut
3701 2375 3828 2430 pro-

2242 2455 2455 2524 phctica
2494 2463 2763 2509 testantur
2810 2453 3071 2517 oracula,
3121 2461 3301 2507 castra
3349 2452 3444 2507 Dei
3495 2459 3621 2506 sunt
3673 2449 3828 2521 (Gen.

2241 2548 2415 2616 χχχιι)
2445 2565 2456 2600 :
2489 2547 2539 2600 in
2571 2561 2689 2615 quae
2719 2545 2973 2600 videlicet
3002 2545 3213 2600 hostilis
3242 2545 3476 2613 impetus
3498 2560 3603 2598 non
3628 2544 3832 2598 irrum-

2241 2636 2338 2704 pit,
2369 2636 2539 2690 donec
2568 2637 2829 2690 virtutum
2861 2635 3029 2689 armis
3049 2635 3305 2698 accincti,
3333 2635 3385 2688 in
3414 2648 3671 2704 compage
3696 2632 3829 2687 cha-

2245 2727 2442 2787 ritatis,
2471 2736 2526 2782 et
2557 2728 2612 2782 in
2658 2729 2867 2782 unitate
2901 2728 3127 2798 spiritus
3155 2727 3356 2782 Christi
3389 2726 3587 2781 milites
3615 2724 3831 2794 conglo-

2243 2818 2465 2874 bantur.
2495 2824 2537 2871 Α
2572 2819 2768 2888 quibus
2797 2818 3055 2877 nimirum
3107 2819 3355 2888 quisquis
3385 2817 3614 2872 infelicis
3644 2817 3827 2870 Achan

2244 2909 2505 2974 imitator,
2528 2924 2708 2963 aurea:
2751 2908 2948 2979 regulae
3001 2908 3084 2961 vel
3126 2909 3333 2977 argenti
3367 2907 3663 2977 cupiditate
3693 2905 3832 2958 divi-

2243 2997 2410 3063 ditur,
2441 2999 2553 3052 veri
2584 2997 2768 3061 .losue,
2797 3013 2860 3052 ac
2892 2999 3164 3052 communi
3201 2998 3365 3052 totius
3395 2995 3578 3067 populi
3613 3002 3831 3049 senten-

2245 3090 2316 3142 tia
2348 3089 2618 3160 lapidatur
2657 3090 2790 3161 (Jos.
2823 3089 2939 3159 vn).

2125 3179 2138 3203 ’
2169 3175 2213 3236 C
2315 3180 2654 3252 Quapropter
2682 3182 2907 3237 obsecro
2929 3181 3270 3236 sanctitatem
3302 3188 3537 3234 vestram
3558 3221 3572 3244 ,
3613 3179 3826 3234 charis-

2245 3272 2401 3339 simi;
2449 3273 2672 3343 expulso
2701 3273 3100 3327 Pharisaeorum
3143 3272 3412 3327 fermento
3440 3271 3654 3341 (Matt/1.
3691 3273 3822 3336 xvi),

2245 3363 2549 3418 nativitatis
2574 3371 2770 3417 vestra:
2817 3363 3007 3417 domos
3052 3378 3173 3416 cum
3207 3361 3484 3416 Abraham
3519 3361 3825 3430 patriarcha

2243 3453 2531 3522 relinquite
2558 3450 2710 3524 (Gen.
2737 3452 2856 3522 xu),
2885 3454 2937 3506 in
2969 3467 3080 3506 uno
3098 3465 3192 3506 vos
3219 3450 3497 3506 ctenaculo
3524 3465 3647 3505 cum
3678 3449 3822 3518 Apo-

2244 3542 2396 3598 stolis
2440 3542 2603 3614 516
2647 3542 2787 3611 apud
2837 3541 3137 3596 Ecclesiam
3187 3538 3678 3610 congregateMet.
3716 3540 3822 3604 ll):

2246 3632 2464 3703 prepria
2487 3647 2713 3700 quasque
2739 3647 2862 3686 cum
2885 3631 3129 3685 Barnaba
3155 3640 3211 3685 et
3241 3629 3520 3699 Stephano
3548 3629 3685 3699 (Act.
3722 3630 3823 3696 tv).

2248 3725 2389 3780 veris
2436 3724 2641 3779 scilicet
2677 3724 3234 3789 ahremtntiatoribus,
3287 3723 3338 3778 in
3371 3737 3660 3777 commune
3695 3735 3824 3774 con—

2246 3815 2400 3881 ferte,
2427 3826 2488 3871 ut
2515 3817 2566 3870 in
2599 3817 2837 3871 fraterna
2863 3830 2961 3871 vos
2990 3817 3350 3871 unanimitate
3393 3817 3660 3880 viventes,
3694 3812 3821 3882 Spi-

2244 3904 2380 3958 ritus
2407 3911 2627 3957 sanctus
2672 3903 2870 3957 merito
2923 3902 3176 3970 dignetur
3220 3902 3475 3957 invisere.
3514 3901 3623 3955 Vos
3669 3899 3821 3953 enim

2244 3996 2320 4050 sal
2352 4005 2543 4059 terrm;
2571 3994 2666 4050 sed
2690 3995 2831 4049 sicut
2860 3993 3076 4048 Veritas
3105 3994 3239 4048 dicit
3269 4011 3280 4046 :
3320 4013 3339 4046 ι
3375 3993 3431 4048 Si
3479 3992 3559 4047 sal
3583 4005 3817 4051 evanue:

2244 4086 2334 4147 rit,
2366 4086 2418 4139 in
2443 4101 2550 4154 quo
2579 4084 2937 4140 condictur?»
2967 4084 3105 4155 (Act.
3134 4083 3444 4156 tl.)Etiguo
3469 4085 3669 4154 quippe
3699 4083 3827 4137 salis

2245 4177 2408 4230 multa
2439 4176 2776 4239 dulcescunt,
2803 4184 2860 4230 et
2908 4189 3077 4246 parvo
3116 4174 3438 4229 clericorum
3487 4187 3716 4227 numero
3747 4180 3829 4225 to-

2245 4269 2350 4321 tius
2372 4267 2693 4321 Chrisrianm
2723 4265 2894 4334 plebis
2913 4265 3162 4319 eruditur
3203 4275 3258 4318 et
3321 4264 3609 4316 instruitur
3641 4262 3822 4316 multi-

2247 4361 2394 4416 tudo.
2449 4363 2604 4416 Sicut
2654 4360 2800 4414 enim
2847 4359 3084 4429 episcopi
3127 4358 3409 4412 duodecim
3460 4356 3827 4426 apostolorum

2246 4459 2544 4506 noscuntur
2580 4449 2830 4506 obtinere
2881 4450 3218 4519 primatum,
3272 4448 3344 4501 ita
3395 4456 3450 4500 et
3511 4447 3827 4501 sacerdotes

565 4522 690 4578 bulo
731 4525 1060 4592 judicamus.
1115 4529 1254 4583 Sunt
1285 4531 1466 4600 itaque
1511 4531 1806 4587 Sarabaitze
1846 4535 2138 4590 monacho-

2246 4541 2501 4596 Ecclesize
2531 4540 2871 4611 septuaginta
2907 4540 3294 4610 discipulorum
3336 4537 3580 4592 ordinem
3629 4551 3826 4606 rcprzc-

565 4627 706 4674 rum,
741 4623 866 4668 sunt
892 4617 1055 4669 etiam
1081 4617 1426 4673 clericorum.
1457 4619 1599 4674 Dicit
1621 4632 1801 4676 autem
1834 4624 2091 4680 Dominus
2124 4645 2134 4680 :

569 4721 588 4756 σ
619 4703 719 4770 Qui
753 4720 856 4758 non
884 4717 968 4761 est
993 4723 1226 4774 mecum,
1261 4711 1542 4765 adversum
1574 4729 1658 4766 me
1686 4723 1797 4778 est;
1833 4725 1885 4769 et
1915 4719 2003 4787 qui
2034 4734 2144 4772 non-

563 4796 767 4867 colligit
796 4813 1026 4866 mecum,
1074 4801 1278 4870 spargit
1303 4800 1518 4870 (Matth.
1552 4820 1658 4867 xu;
1701 4803 1824 4858 Luc.
1866 4809 1963 4878 χι).
1997 4828 2014 4860 ι
2052 4809 2139 4864 Isti

561 4901 755 4956 nempe
783 4887 872 4958 qui
904 4903 1024 4943 cum
1059 4888 1170 4943 Deo
1213 4891 1266 4944 in
1315 4890 1553 4947 fraterna
1588 4895 1855 4950 charitate
1889 4913 1990 4952 non
2023 4900 2138 4954 col-

560 4974 770 5046 ligunt,
822 4970 948 5032 dum
998 4981 1332 5049 ntarsupium
1371 4984 1630 5037 mentium
1673 5001 1769 5054 per
1811 4987 2139 5044 discordiam

563 5066 839 5133 scindunt,
866 5071 1128 5125 virtutum
1171 5071 1375 5142 fruges,
1407 5075 1452 5128 si
1499 5091 1618 5144 qum
1649 5085 1792 5141 sunt,
1836 5079 1990 5146 quasi
2042 5094 2143 5148 per

561 5155 805 5241 foramen
860 5172 1216 5233 spargentes,
1257 5165 1532 5219 amittunt.
1588 5166 1741 5221 Unde
1771 5176 1826 5222 ct
1877 5169 2138 5239 propheta

561 5247 629 5304 de
675 5250 840 5304 stulto
888 5252 1004 5308 viro
1050 5253 1182 5308 dicit
1227 5272 1239 5308 :
1275 5272 1294 5306 ι
1339 5255 1474 5322 Quia
1506 5259 1854 5329 congregavit
1882 5259 2139 5326 divitias,

563 5353 616 5398 et
653 5345 856 5399 dimisit
902 5361 993 5400 eas
1020 5348 1074 5402 in
1114 5348 1390 5404 sacculum
1440 5361 1719 5421 pertusum
1760 5354 1961 5424 (Αριρωὶ
2009 5353 2070 5425 ι).
2115 5373 2134 5406 ι

633 5435 802 5490 Porro
831 5452 933 5491 non
966 5437 1038 5492 illi
1081 5439 1179 5495 soli
1227 5441 1556 5497 schismatici
1594 5452 1718 5496 sunt
1764 5443 2000 5508 dicendi,
2045 5445 2135 5515 qui

565 5527 685 5582 fidei
714 5527 974 5583 unitatem
1001 5530 1276 5598 dividunt;
1308 5535 1400 5589 sed
1424 5535 1456 5590 ii
1479 5536 1666 5601 etiam,
1690 5535 1780 5604 qui
1813 5551 1871 5590 se
1909 5550 2003 5606 per
2025 5535 2138 5590 ela-

569 5620 733 5677 tionis
773 5620 853 5676 vel
887 5621 1132 5677 avaritiae
1158 5625 1346 5680 vitium
1369 5644 1396 5681 a
1421 5627 1658 5684 fraterna
1682 5627 1951 5684 charitate
1972 5627 2138 5683 divel-

562 5712 696 5766 lunt.
729 5711 838 5766 Nec
869 5711 1012 5767 enim
1042 5712 1216 5783 major
1242 5725 1324 5768 est
1364 5716 1496 5772 fides
1525 5733 1683 5788 quam
1712 5718 1971 5774 Charitas.
2003 5715 2135 5772 Nam

568 5820 688 5860 cum
731 5804 874 5862 Deus
904 5805 1016 5876 ipse
1045 5805 1113 5861 sit
1140 5805 1377 5862 charitas
1409 5807 1459 5877 (1
1482 5809 1639 5864 loan.
1674 5811 1770 5880 tv),
1808 5821 1862 5868 et
1904 5791 1996 5882 qui
2022 5825 2137 5866 ma-

2241 4642 2470 4688 sentant.
2495 4633 2645 4700 Quod
2671 4632 2914 4702 profecto
2941 4631 3147 4685 mansio
3173 4630 3259 4684 illa
3298 4629 3582 4683 lsraelitici
3624 4626 3806 4698 populi

2243 4724 2294 4777 iu
2325 4722 2496 4778 llelim
2530 4722 2758 4793 figurate
2787 4721 3034 4790 designat
3080 4720 3270 4791 (Num.
3315 4718 3530 4788 χχχιιι).
3564 4717 3640 4772 lbi
3667 4715 3826 4770 nimi-

2241 4831 2360 4869 rum
2386 4815 2666 4868 duodecim
2700 4813 3037 4883 profluebant
3080 4811 3358 4881 apostolici
3392 4809 3590 4872 fontes,
3628 4809 3719 4877 qui
3747 4806 3825 4860 di-

2242 4907 2350 4960 vini
2377 4906 2526 4960 verbi
2558 4905 2822 4959 imbribus
2851 4904 3060 4958 arentia
3085 4903 3366 4956 hominum
3397 4900 3564 4956 corda
3605 4895 3819 4968 perfun-

2247 4995 2455 5049 derent.
2508 4993 2582 5048 lbi
2639 4993 2982 5063 septuaginta
3027 4992 3273 5046 virebant
3310 4990 3543 5060 palmm,
3599 4986 3820 5041 totidem

2247 5085 2493 5138 videlicet
2520 5083 2792 5155 discipuli,
2838 5083 2927 5152 qui
2975 5083 3174 5136 mundo
3201 5079 3477 5135 diabolica:
3521 5075 3826 5148 tyrannidis

2245 5175 2507 5231 servitute
2559 5175 2838 5245 depresso,
2887 5173 3128 5228 victoriae
3159 5171 3361 5227 Christi
3409 5168 3616 5239 palmas
3660 5165 3820 5221 infer-

2245 5277 2384 5322 rent.
2420 5267 2497 5321 llli
2554 5267 2815 5335 siquidem
2863 5265 3041 5320 fontes
3086 5263 3385 5334 palmarum
3434 5260 3659 5314 arbores
3703 5256 3826 5311 irri-

2244 5366 2394 5427 gant,
2423 5357 2512 5427 qui
2545 5356 2683 5410 sacri
2734 5357 3014 5424 pontifices
3048 5354 3228 5408 verbis
3277 5352 3519 5414 afﬂuunt,
3554 5348 3695 5404 unde
3725 5360 3828 5402 Cte-

2250 5447 2346 5500 teri
2375 5444 2688 5501 sacerdotes
2717 5442 2970 5498 Ecclesiae
3001 5444 3054 5496 in
3101 5457 3196 5512 spe
3225 5441 3530 5496 cwlestium
3573 5435 3824 5508 praemio-

2248 5552 2366 5591 rum
2414 5537 2532 5591 sine
2580 5534 2883 5592 cessatione
2922 5533 3197 5587 virescunt
3246 5532 3383 5600 :qui
3435 5529 3694 5583 nimirum
3731 5525 3825 5578 de-

2245 5625 2457 5695 cuplato
2476 5623 2782 5694 septenario
2809 5636 3057 5686 numero,
3086 5621 3188 5674 hoc
3214 5619 3523 5692 significare
3547 5615 3826 5674 videntur,

2248 5726 2304 5771 ut
2331 5732 2428 5788 per
2458 5713 2784 5787 septiformis
2835 5712 3022 5783 gratiae
3065 5711 3328 5782 Spiritum
3368 5709 3501 5780 legis
3525 5706 3827 5774 Decalogus
3919 5775 3922 5778 ξ

2248 5810 2553 5880 impleatur.
2596 5808 2730 5862 lstos
2761 5805 2942 5876 itaque
2986 5803 3325 5874 septuaginta
3368 5798 3664 5870 discipulos
3704 5809 3826 5849 cum
