4148 5358
323 177 419 234 509
1101 181 1343 240 OPUSC.
1385 183 1592 240 XXVII.

1663 219 1684 228 ο
1743 185 1831 242 DE
1868 185 2183 244 COMMUNI
2224 188 2384 244 VITA
2421 188 2740 247 CANONIC.

3485 181 3590 240 5l0

321 293 475 348 binos
517 301 641 348 ante
681 292 874 351 faciem
903 311 1056 352 suam
1093 298 1351 354 Dominus
1381 309 1641 366 mitteret,
1670 310 1724 356 et
1765 317 1859 357 eos
1881 341 1896 366 ,
1926 305 1975 365 Α
2003 302 2196 357 delicet
2223 302 2367 357 velut
2397 303 2807 359 contubernales
2835 311 2888 358 et
2937 301 3323 378 condomestici
3371 300 3592 368 angelo-

321 381 411 451 qui
441 381 575 436 alios
599 383 811 439 docturi
844 395 1021 452 erant,
1050 396 1108 442 ut
1137 398 1190 443 et
1213 389 1312 458 ipsi
1338 389 1902 459 irreprehensibiliter

319 473 585 539 viverent,
623 476 956 542 admoneret,
991 481 1042 533 in
1086 480 1202 550 ipso
1229 481 1454 536 docendi
1487 483 1751 553 principio
1780 492 1900 537 tan-

320 579 478 632 quam
523 570 858 634 permaxime
916 573 1280 626 necessarium
1319 589 1378 626 ac
1414 574 1714 644 principale
1762 589 1898 643 prte-

321 656 485 720 misit,
519 669 578 712 ut
617 661 968 726 pecuniarum
999 663 1146 716 lucra
1192 673 1622 731 contemnerent,
1657 664 1900 719 avaritias

319 746 505 800 sordes
551 747 869 817 abjicerent,
898 753 1250 821 proprietatis
1279 753 1546 823 peculium
1582 769 1691 808 non
1729 754 1899 809 habe-

318 846 458 892 rent.
478 859 496 890 ί
519 839 714 906 Nolite,
733 844 926 913 inquit,
943 855 1159 914 portare
1174 847 1472 912 sacculum,
1489 862 1664 916 neque
1685 862 1894 917 peram,

316 943 489 996 neque
500 931 862 987 calceamenta
879 934 1031 1005 (Luc.
1048 938 1123 1005 χ).
1150 957 1166 988 ι
1179 937 1278 993 Per
1290 938 1529 1016 Marcum
1545 953 1760 1008 quoque
1777 953 1898 1008 pro-

315 1017 562 1082 Iiibet,ut
587 1036 762 1091 neque
783 1039 1007 1092 panem,
1041 1041 1216 1095 neque
1244 1043 1317 1081 zes
1342 1029 1392 1081 in
1430 1030 1583 1082 zonis
1606 1027 1893 1093 baberent,

315 1124 490 1177 neque
511 1110 723 1166 duabus
761 1115 958 1170 tunicis
1005 1117 1201 1182 induti,
1228 1119 1319 1172 sed
1352 1120 1612 1174 sandaliis
1643 1119 1892 1186 calceati,

311 1203 514 1270 virgam
546 1206 918 1260 tantummodo
939 1218 1213 1278 gestantes
1236 1210 1548 1266 incederent
1571 1211 1764 1281 (Marc.
1791 1211 1890 1282 vr).

309 1291 419 1348 Cur
451 1303 630 1350 autem
662 1297 765 1352 hoc
811 1298 1010 1353 factum
1060 1302 1180 1355 est?
1229 1302 1478 1372 Nunquid
1519 1312 1740 1374 propter
1775 1304 1894 1360 illos

312 1388 554 1440 tantum?
587 1388 692 1444 Sed
721 1401 864 1454 esto,
900 1403 1196 1465 utpropter
1219 1395 1338 1452 illos
1357 1397 1429 1451 sit
1451 1396 1682 1464 factum;
1724 1412 1892 1467 quare

307 1485 487 1531 autem
535 1481 815 1550 scriptum,
845 1492 1064 1553 propter
1091 1485 1224 1541 nos?
1275 1505 1294 1538 α
1353 1487 1695 1557 Quaecunque
1740 1489 1886 1542 enim

305 1565 510 1636 scripta
563 1579 727 1635 sunt,
780 1573 848 1626 ad
889 1583 1128 1628 nostram
1167 1577 1465 1631 doctrinam
1518 1579 1718 1649 scripta
1766 1587 1890 1633 sunt

309 1653 488 1724 (Rom.
517 1658 630 1728 xv).
654 1680 672 1710 ι
694 1661 803 1715 Cur
835 1664 1016 1732 itaque
1037 1666 1151 1720 lucc
1171 1667 1221 1719 in
1239 1667 1481 1723 Ecclesia
1509 1668 1755 1737 legimus,
1784 1670 1886 1740 nisi
1919 1661 1963 1722 B

303 1745 406 1817 [ut]
447 1749 559 1804 haec
590 1751 720 1821 ipsa.
753 1769 874 1822 quae
920 1755 1206 1824 leguntur,
1237 1761 1491 1828 operibus
1530 1761 1891 1830 impleamus?

301 1835 616 1894 Prrrscrtim
661 1843 696 1896 ii
749 1845 839 1913 qui
887 1861 985 1915 per
1030 1850 1433 1905 succedentium
1485 1853 1889 1909 vicissitudines

299 1936 605 1998 temporum
651 1948 836 1990 eorum
888 1937 1188 2007 funguntur
1216 1941 1424 2006 officio,
1464 1960 1653 1999 eorum
1703 1943 1888 2014 procul

297 2018 463 2072 dubio
497 2037 720 2078 necesse
763 2035 846 2080 est
874 2040 1268 2085 converseutur
1307 2035 1572 2103 exemplo.
1603 2035 1888 2092 Possidere

298 2108 764 2178 igitur-terrenum
812 2118 1016 2188 aliquid
1071 2123 1516 2190 prrcdicatoribus
1547 2127 1658 2181 suis
1704 2127 1887 2196 probi-

297 2201 386 2255 bct
426 2203 590 2270 Deus,
622 2217 679 2262 ut
725 2210 816 2279 qui
851 2212 1130 2268 constituti
1172 2226 1298 2270 sunt
1345 2217 1396 2271 in
1429 2219 1738 2274 auditorum
1767 2235 1888 2275 cor-

298 2291 453 2348 dibus
503 2299 1069 2368 concupiscentiaruin
1116 2315 1281 2362 :cstus
1333 2309 1723 2380 exstinguere,
1785 2311 1885 2380 ipsi

302 2381 521 2438 sibimet
552 2398 778 2442 caveant
840 2393 905 2444 ad
955 2393 1183 2450 aliorum
1229 2399 1524 2468 perniciem
1572 2402 1883 2459 ambitionis

296 2478 351 2524 et
382 2475 624 2575 avaritiae
650 2479 810 2534 frena
836 2480 1045 2538 laxare.
1073 2484 1190 2543 Huc
1212 2491 1442 2555 accedit,
1473 2493 1613 2560 quod
1642 2508 1784 2564 szepe
1816 2511 1882 2550 ex

294 2567 580 2620 occasione
620 2567 852 2635 itineris,
886 2573 1142 2630 obviante
1187 2577 1358 2632 forma
1413 2582 1681 2646 muliebri,
1713 2584 1886 2639 libidi-

295 2653 378 2706 nis
410 2652 682 2712 ﬂammam
714 2665 984 2734 concipiet
1011 2668 1262 2723 minister
1284 2671 1494 2727 altaris.
1524 2675 1655 2729 Nam
1683 2677 1808 2730 dum
1851 2695 1881 2732 a

291 2744 528 2835 propriis
547 2747 614 2801 ad
637 2748 936 2807 Ecclesiam
965 2755 1068 2810 iter
1095 2759 1242 2824 terit,
1283 2769 1336 2814 et
1370 2763 1607 2829 reditus;
1661 2777 1881 2835 repente

293 2833 564 2904 malignus
587 2838 812 2907 spiritus
851 2842 1074 2914 laqueos
1123 2860 1423 2918 prmparat,
1458 2852 1672 2908 femina:
1710 2833 1882 2910 visca-

291 2924 432 2978 rium
459 2929 654 2995 tendit,
683 2942 738 2985 et
768 2933 972 2988 vultum
1023 2939 1193 3006 aspici
1242 2940 1547 3008 lubricum,
1583 2961 1741 3014 qutun
1786 2945 1877 3000 de-

291 3026 482 3087 ceptus
525 3021 786 3089 intuetur,
819 3030 1065 3096 Opponit.
1119 3030 1225 3086 Sed
1279 3035 1527 3104 quisquis
1573 3036 1653 3090 vel
1700 3037 1876 3091 avari-
1906 3019 1948 3076 (ἶ

289 3108 380 3162 tiae
417 3109 654 3177 ﬂamma,
687 3116 772 3169 vel
815 3117 1055 3175 libidinis
1100 3133 1316 3187 aestuat,
1365 3142 1468 3194 qua
1524 3126 1720 3190 fronte,
1768 3145 1871 3198 qua

291 3203 624 3286 conscientia
651 3207 849 3263 divinis
885 3210 1148 3267 altaribus
1175 3219 1610 3286 appropinquat?
1637 3219 1772 3273 Hinc
1795 3229 1874 3274 est

291 3290 458 3356 enim,
497 3297 640 3363 quod
679 3298 772 3352 filii
798 3300 977 3355 Aaron
1015 3303 1198 3358 divino
1242 3318 1364 3360 sunt
1397 3308 1518 3377 igne
1547 3308 1870 3380 consumpti,

288 3382 416 3449 quia
473 3386 707 3443 alienum
763 3392 941 3461 ignem
994 3394 1189 3452 offerre
1237 3398 1465 3453 Domino
1513 3418 1874 3474 praesumpse-

289 3482 440 3526 runt.
474 3474 746 3548 Scriptum
776 3484 974 3555 quippe
1004 3496 1088 3541 est
1113 3503 1126 3541 :
1151 3508 1168 3539 ‹
1204 3489 1791 3562 ArreptisqueNadab,
1819 3506 1875 3552 et

287 3565 450 3663 517
493 3569 631 3663 Abiu
677 3573 772 3628 ﬁlii
823 3576 1004 3632 Aaron
1052 3581 1341 3636 thuribulis
1389 3585 1520 3650 suis,
1579 3597 1878 3657 posuerunt

289 3660 466 3723 ignem
495 3666 550 3712 et
605 3660 882 3717 incensum
925 3667 1175 3736 desuper,
1208 3672 1493 3729 offerentes
1527 3690 1709 3730 coram
1768 3676 1874 3731 Do-

288 3747 441 3801 mino
471 3749 646 3818 ignem
672 3753 928 3822 alienum,
959 3761 1101 3828 quod
1123 3763 1202 3815 eis
1227 3776 1548 3835 prce-ceptum
1581 3785 1686 3823 non
1713 3777 1832 3824 erat
1856 3787 1888 3824 :'

285 3853 646 3908 egressusque
679 3843 813 3911 ignis
840 3861 870 3898 a
920 3847 1145 3902 Domino
1175 3853 1451 3910 devoravit
1495 3872 1609 3923 eos,
1641 3869 1694 3913 et
1723 3877 1873 3916 mor-

290 3929 362 4019 tui
393 3938 521 3983 sunt
551 3945 732 3986 coram
767 3936 1208 4010 DominofLevit.
1247 3957 1279 3994 ι
1305 3943 1371 4012 ).f
1394 3964 1413 3998 ›
1446 3947 1649 4002 Altaria
1679 3951 1875 4019 quippe

289 4018 504 4076 Domini
566 4039 672 4077 non
721 4026 976 4094 alienum,
1035 4032 1126 4085 sed
1180 4033 1355 4103 ignem
1397 4037 1656 4093 duntaxat
1699 4018 1874 4099 divini

285 4110 488 4213 amoris
516 4113 806 4200 accipiunt.
825 4117 897 4172 De
924 4135 1030 4189 quo
1062 4123 1307 4180 videlicet
1333 4127 1447 4196 ipse
1463 4130 1592 4184 dicit
1617 4149 1628 4185 :
1662 4131 1871 4202 «Ignem

285 4205 412 4255 veni
438 4205 655 4262 mittere
679 4210 729 4262 in
759 4220 976 4273 terram,
1003 4223 1057 4268 ct
1081 4217 1208 4286 quid
1238 4219 1378 4283 volo,
1422 4221 1524 4278 nisi
1551 4233 1608 4279 ut
1644 4227 1875 4282 ardeat?

289 4288 440 4360 (Luc.
491 4295 607 4374 xu).
652 4317 670 4349 ι
705 4299 959 4370 Quisquis
991 4305 1153 4375 igitur
1189 4315 1435 4373 terrenae.
1491 4315 1576 4369 vel
1627 4318 1864 4372 carnalis

290 4383 744 4451 concupiscentite
793 4389 1007 4446 ﬂamma
1054 4394 1105 4447 in
1154 4397 1424 4454 tlmribulo
1492 4404 1573 4458 sui
1629 4406 1865 4474 pectoris

289 4481 500 4539 mstuat,
531 4487 586 4530 et
639 4481 808 4534 sacris
859 4485 1111 4541 assistere
1143 4493 1415 4559 mysteriis
1446 4510 1550 4549 non
1585 4495 1860 4565 formidat,

288 4565 377 4618 illo
397 4571 592 4637 procul
623 4573 788 4627 dubio
844 4576 1038 4632 divina:
1068 4580 1288 4637 ultionis
1318 4584 1532 4640 interim
1589 4589 1712 4656 igne
1737 4606 1866 4644 con-

289 4657 539 4726 sumitur,
566 4662 629 4716 de
655 4679 764 4732 quo
795 4662 1073 4734 Scriptura
1110 4678 1336 4726 testatur
1383 4691 1396 4726 :
1440 4693 1458 4726 t
1494 4676 1562 4730 Et
1586 4693 1747 4742 nunc,
1781 4679 1864 4733 in-

287 4745 440 4833 quit,
466 4749 602 4819 ignis
629 4755 968 4811 adversarios
1009 4763 1277 4816 consumit
1305 4762 1490 4833 (Hebr.
1518 4766 1594 4837 x).
1632 4787 1650 4820 ι
1706 4768 1863 4824 Enim

289 4849 415 4911 vero
446 4839 602 4896 nimis
648 4844 979 4912 impossibile
1006 4858 1104 4912 est,
1162 4852 1360 4908 fratres
1391 4857 1516 4919 mei,
1568 4866 1628 4911 ut
1661 4859 1726 4923 is,
1775 4858 1867 4927 qui

292 4939 466 4981 rerum
494 4930 838 4986 familiarium
868 4939 1010 4994 curis
1035 4943 1379 5011 Opprimitur,
1405 4947 1495 5015 qui
1520 4947 1679 5001 simul
1709 4948 1866 5003 habi-

291 5015 445 5108 tando
494 5027 545 5072 et
597 5021 959 5090 colloquendo
1005 5032 1176 5088 turbis
1235 5033 1474 5100 quotidie
1511 5036 1864 5108 popularibus

284 5105 610 5179 admiscetur.
675 5115 882 5168 mundo
918 5123 1078 5178 corde
1130 5126 1336 5180 sanctis
1367 5128 1542 5182 valeat
1581 5105 1864 5188 interesse

283 5199 557 5292 tttysteriis.
586 5204 643 5258 In
681 5203 881 5292 quibus
909 5211 1157 5272 videlicet
1189 5216 1517 5274 terribilibus
1555 5237 1867 5277 sacramen-

281 5287 346 5336 tis
371 5287 556 5346 ctclum
583 5291 862 5358 aperitur.
893 5307 947 5351 Cl
991 5304 1220 5358 virtutes
1249 5310 1502 5358 angelica!
1544 5313 1702 5358 simul
1745 5329 1866 5358 mm

2005 411 2126 448 rum
2158 395 2432 450 consortio
2470 395 2845 466 perfruuntur,
2878 403 2931 450 et
2981 403 3444 449 sacramentorum
3474 404 3588 443 eo»-
3631 455 3635 460 η

2002 485 2219 542 lestium
2287 489 2398 543 Deo
2454 495 2842 557 coeperatores
2905 496 2960 541 et
3021 488 3422 556 dispensatores
3477 483 3592 535 exi-

2003 584 2172 632 slum-

2629 665 2858 721 CAPUT
2882 664 2972 719 IV.

2145 778 2301 846 Quod
2328 780 2445 834 boni
2491 778 2749 833 malorum
2788 778 3033 832 societate
3061 784 3444 846 pervertuntur.

2068 869 2253 943 Neque
2285 873 2386 926 hoc
2416 887 2512 926 nos
2533 873 2596 924 de
2626 870 2754 924 solis
2782 869 3152 924 sacerdotibus
3181 867 3464 935 loquimur,
3493 863 3587 917 sed

1999 963 2063 1017 de
2097 964 2348 1018 omnibus
2381 963 2611 1027 clericis,
2644 962 2732 1031 qui
2762 962 2932 1015 sacris
2957 960 3219 1014 altaribus
3261 959 3312 1012 iu
3350 956 3586 1027 quolibet

1998 1055 2164 1122 gradu
2212 1053 2492 1108 ministerii
2525 1054 2604 1107 sui
2646 1052 2769 1120 jura
2803 1054 3129 1122 dependunt.
3182 1049 3316 1102 Nam
3372 1045 3584 1100 etiamsi

1999 1145 2230 1198 mundus
2255 1145 2325 1199 sit
2360 1145 2480 1214 quis
2512 1145 2564 1198 in
2592 1158 2670 1208 se,
2701 1143 2964 1201 malorum
2990 1155 3377 1210 nonnunquam
3409 1137 3584 1192 socie-

2000 1241 2109 1288 tate
2139 1233 2418 1303 polluitur.
2472 1233 2624 1300 Quod
2657 1233 2841 1302 utique
2887 1233 2930 1288 si
2977 1231 3248 1300 aliquibus
3298 1243 3402 1281 non
3455 1242 3587 1280 con-

1998 1324 2248 1392 lingeret,
2273 1338 2614 1393 nequaquam
2648 1325 2910 1392 propheta
2953 1334 3314 1390 conquerens,
3348 1315 3587 1386 gemuis-

1997 1425 2079 1467 set
2112 1431 2124 1468 :
2163 1433 2181 1465 ι
2225 1413 2336 1480 Vae,
2374 1415 2564 1484 inquit,
2589 1415 2742 1478 milii,
2775 1413 2902 1482 quia
2931 1413 3014 1466 vir
3041 1411 3274 1480 pollutus
3301 1406 3456 1461 labiis
3483 1418 3586 1474 ego

1998 1522 2139 1569 sum,
2175 1506 2431 1576 quoniam
2474 1507 2525 1559 in
2555 1506 2732 1564 medio
2767 1504 2946 1574 populi
2979 1503 3177 1573 polluta
3211 1501 3348 1554 labia
3382 1497 3587 1552 baben-

1999 1596 2066 1649 tis
2101 1611 2200 1666 ego
2245 1595 2427 1650 habito
2460 1594 2596 1667 (Isa.
2646 1598 2742 1664 Vi).
2775 1614 2794 1646 ι
2848 1594 2948 1661 Qui
2991 1592 3243 1646 nimirum
3297 1588 3498 1643 idcirco
3527 1600 3587 1640 se

1993 1684 2251 1755 pollutum
2283 1684 2441 1740 labiis
2471 1685 2766 1747 asserebat,
2793 1683 2914 1753 quia
2970 1684 3108 1739 inter
3129 1697 3244 1745 eos,
3275 1679 3363 1747 qui
3397 1677 3585 1747 polluti

1993 1783 2145 1828 erant
2187 1774 2362 1839 labiis,
2392 1775 2690 1829 habitabat.
2724 1774 2958 1844 ldipsum
3006 1772 3162 1842 plane
3192 1781 3246 1826 et
3275 1769 3486 1840 Moyses
3531 1767 3584 1821 in

1995 1875 2136 1919 terra
2170 1865 2380 1919 Madian
2414 1866 2701 1935 pertulisse
2739 1866 3102 1936 cognoscitur,
3129 1864 3171 1917 si
3204 1879 3300 1918 cur
3337 1876 3458 1915 eum
3487 1875 3580 1914 oc-
3645 1908 3647 1910 .

1992 1955 2173 2010 cidere
2201 1956 2434 2010 voluerit
2463 1955 2741 2021 Dominus,
2775 1955 3047 2010 subtiliter
3076 1953 3382 2023 indagctur.
3427 1949 3580 2005 Scri-

1991 2053 2139 2114 ptum
2193 2047 2390 2116 quippe
2421 2055 2541 2101 est:
2579 2066 2596 2096 ε
2633 2046 2877 2116 Cuinque
2913 2053 3056 2098 esset
3082 2045 3135 2097 in
3168 2043 3362 2096 itinere
3411 2041 3463 2094 in
3499 2040 3578 2094 di-

1989 2137 2232 2191 versorio
2279 2137 2512 2208 Moyses,
2559 2139 2800 2192 occurrit
2845 2137 2894 2191 ei
2936 2135 3208 2196 Dominus,
3260 2142 3315 2189 et
3368 2132 3583 2186 volebat

1990 2229 2244 2282 occidere
2293 2245 2415 2282 eum
2465 2229 2662 2300 (Exod.
2698 2228 2793 2300 tv).
2832 2249 2849 2281 ι
2904 2228 3096 2282 Mirum
3141 2225 3292 2280 valde
3331 2241 3430 2280 cur
3458 2240 3583 2278 eum

1991 2331 2212 2391 repente
2240 2321 2496 2375 Dominus
2519 2321 2766 2375 occidere
2793 2319 3023 2375 voluisse
3046 2319 3390 2380 describitur,
3419 2331 3580 2386 quem

1994 2423 2322 2468 assecretem
2351 2411 2450 2466 sibi
2485 2411 2598 2479 jam
2634 2423 2690 2467 et
2741 2423 3075 2484 syinmysten
3119 2409 3458 2465 familiariter
3507 2407 3580 2462 fc-

1987 2511 2166 2568 cerat;
2200 2503 2284 2556 cui
2313 2502 2521 2558 consilii
2553 2502 2656 2566 sui,
2687 2519 2750 2556 ac
2783 2503 3073 2556 voluntatis
3095 2517 3289 2555 arcana
3315 2499 3576 2569 pandide-

1987 2603 2092 2659 rat,
2110 2603 2164 2648 et
2191 2610 2334 2648 nunc
2361 2595 2412 2647 in
2443 2594 2788 2647 exsecutione
2809 2610 2918 2647 suae
2945 2593 3263 2648 obedientia:
3291 2590 3578 2660 dirigebat.

1989 2682 2093 2738 Sed
2132 2683 2508 2753 proculdubio
2544 2683 2703 2736 datur
2745 2683 2986 2751 intelligi.
3017 2683 3143 2751 quia
3178 2680 3573 2752 quantamlibet

1991 2775 2226 2845 contagii
2253 2774 2516 2830 maculam
2546 2791 2611 2828 ex
2671 2775 2920 2828 diuturna
2973 2772 3385 2825 Madianitarum
3416 2770 3579 2824 coha-

1985 2867 2246 2920 bitatione
2271 2874 2638 2928 contraxerat,
2675 2876 2835 2933 atque
2877 2863 3081 2918 idcirco
3140 2873 3347 2916 terrore
3388 2877 3451 2914 ac
3481 2874 3580 2913 nee

1987 2957 2253 3024 gligentim
2309 2956 2643 3009 correctione
2675 2953 2984 3024 purgandus
3009 2962 3149 3015 crat,
3181 2952 3273 3022 qui
3302 2951 3574 3019 corrigen-

1981 3047 2064 3100 dis
2111 3046 2232 3100 aliis
2261 3044 2562 3098 cmlestiuni
2595 3045 2973 3098 mandatorum
3025 3042 3234 3110 baiulus
3267 3039 3575 3095 accedebat.

1979 3137 2133 3203 Quod
2166 3135 2376 3190 scilicet
2402 3151 2538 3188 uxor
2567 3135 2682 3206 ejus
2705 3134 2944 3206 Sepbora
2969 3135 3261 3204 prudenter
3288 3133 3575 3192 intellexit,

1979 3228 2044 3281 de
2099 3242 2204 3296 qua
2251 3226 2534 3296 Scriptura
2585 3227 2831 3296 protinus
2875 3227 3125 3281 addidit:
3163 3243 3181 3275 ι
3238 3223 3382 3277 Tulit
3434 3223 3576 3278 illico

1979 3320 2222 3388 Sepliora
2277 3319 2644 3374 acutissimam
2693 3328 2923 3390 petram,
2955 3328 3008 3372 et
3050 3315 3390 3372 circumcidit
3432 3331 3568 3385 prae-

1977 3395 2182 3480 putium
2210 3409 2406 3464 filiisui
2439 3409 2636 3481 (Exod.
2672 3409 2764 3480 iv).
2808 3429 2824 3460 ι
2860 3409 3166 3463 Absurdutn
3219 3408 3416 3477 quippe
3455 3405 3574 3458 fuc-

1980 3510 2084 3561 rat,
2116 3501 2162 3554 si
2191 3501 2469 3555 videretur
2512 3500 2729 3572 gentilis
2761 3501 2815 3553 in
2873 3500 3002 3564 filio,
3051 3500 3143 3569 qui
3176 3498 3416 3553 Israelita
3453 3505 3574 3552 erat

1979 3591 2030 3644 in
2060 3591 2370 3660 semetipso.
2423 3589 2524 3656 Qui
2575 3605 2700 3660 ergo
2745 3590 2880 3644 alios
2931 3590 2996 3643 ad
3048 3577 3568 3642 rectittulinis'viam

1977 3683 2136 3736 debet
2176 3682 2466 3746 instruere,
2493 3681 2647 3735 valde
2691 3681 2988 3736 cavendum
3013 3689 3096 3734 est
3153 3694 3218 3733 ne
3241 3679 3405 3750 518
3430 3680 3564 3748 ipse.

1975 3772 2118 3844 quod
2150 3771 2310 3835 absit,
2338 3772 2389 3823 in
2414 3771 2591 3840 aliquo
2623 3771 2872 3826 videatur
2895 3785 3100 3825 errare.
3126 3768 3263 3823 Hinc
3291 3779 3373 3821 est
3399 3769 3564 3822 etiam
3597 3841 3600 3844 Q

1977 3865 2118 3933 quod
2138 3865 2467 3918 lsraeliticus
2493 3865 2721 3934 populus
2751 3865 2816 3918 ad
2840 3863 3208 3918 ulciscendum
3250 3861 3426 3915 scelus
3470 3860 3571 3913 Be-

1979 3958 2140 4012 latnin
2172 3956 2498 4029 [Benjamin]
2532 3957 2646 4011 zelo
2679 3957 3023 4011 rectitudinis
3071 3954 3456 4017 inflammatur,
3512 3961 3568 4006 et

1977 4059 2155 4102 tamen
2191 4048 2330 4102 idem
2355 4047 2582 4117 pepulus
2610 4047 2851 4100 Belamin
2883 4045 3074 4116 gladiis
3100 4053 3225 4098 ante
3259 4043 3565 4113 prosterni-

1979 4149 2065 4193 tur
2087 4138 2238 4209 (Jud.
2273 4137 2385 4208 xx).
2411 4138 2582 4204 Quem
2624 4137 2770 4191 enim
2801 4151 2904 4188 non
2940 4144 3170 4194 moveat,
3204 4132 3346 4201 quod
3380 4131 3565 4184 Domi-

1977 4249 2079 4287 nus
2109 4231 2192 4286 bis
2220 4232 2611 4300 interrogatur,
2641 4230 2722 4284 bis
2753 4228 2820 4283 ad
2852 4229 3144 4284 ineundum
3175 4237 3366 4281 contra
3418 4224 3568 4278 Beia-

1977 4323 2086 4376 miu
2117 4322 2358 4394 przelium
2412 4322 2559 4375 dedit
2590 4336 2904 4382 assensum;
2942 4328 2997 4373 et
3049 4329 3227 4373 tamen
3286 4317 3336 4370 in
3393 4316 3568 4385 primo

1971 4413 2268 4467 certamine
2296 4412 2487 4484 viginti
2519 4412 2625 4466 duo
2662 4411 2828 4466 millia
2861 4411 2926 4465 de
2953 4410 3234 4471 lsraelitis,
3271 4409 3321 4460 in
3369 4422 3567 4461 secun-

1971 4507 2038 4560 do
2064 4521 2192 4560 vero
2217 4506 2402 4560 decem
2429 4514 2483 4558 et
2507 4515 2630 4559 octo
2656 4503 2821 4558 millia
2845 4503 3204 4558 ceciderunt?
3229 4501 3366 4566 Quid
3397 4499 3562 4568 igitur

1970 4598 2023 4652 in
2077 4599 2160 4653 bis
2220 4599 2624 4667 intelligendum
2695 4605 2795 4661 est,
2845 4598 2971 4666 quid
3030 4593 3397 4655 sentiendum,
3463 4590 3568 4644 nisi

1970 4689 2095 4756 quia
2162 4687 2312 4757 prius
2342 4687 2569 4742 curandi
2600 4695 2727 4740 sunt
2753 4701 2782 4738 a
2810 4694 3024 4740 tumore
3055 4681 3261 4754 proprii
3301 4679 3567 4744 vulneris,

1970 4778 2060 4846 qui
2105 4776 2318 4832 auferre
2350 4778 2574 4835 morbos
2621 4775 2811 4829 alienae
2861 4777 3102 4845 gestiunt
3143 4769 3478 4841 pravitatis?
3514 4777 3572 4822 ut

1978 4866 2078 4935 ipsi
2119 4868 2230 4937 jam
2288 4868 2474 4922 mundi
2541 4884 2638 4943 per
2687 4864 2946 4919 ultionem
2994 4865 3188 4920 suimet
3216 4859 3456 4922 veniant,
3482 4860 3576 4929 qui

1977 4958 2208 5013 aliorum
2234 4966 2540 5029 perculere
2585 4969 2749 5030 prava
2785 4953 3078 5018 festinant;
3113 4953 3248 5008 sicut
3294 4949 3347 5002 in
3393 4949 3578 5004 Evan—

1976 5052 2116 5118 gelio
2149 5051 2346 5106 dicitur
2375 5065 2388 5102 :
2425 5068 2442 5100 ‹
2481 5053 2597 5128 Qui
2629 5048 2742 5101 sine
2781 5059 3010 5112 peccato
3036 5056 3118 5102 est
3139 5051 3399 5114 vestrum,
3429 5043 3584 5109 prius

1979 5138 2029 5192 in
2069 5140 2214 5194 illam
2247 5138 2487 5209 lapidem
2555 5140 2733 5198 mittat
2773 5131 2962 5202 (Joan.
3001 5136 3136 5206 nu).
3177 5153 3192 5185 ι
3243 5131 3398 5186 Unde
3437 5140 3590 5187 recte

1975 5247 2099 5286 cum
2153 5231 2224 5284 illi
2279 5231 2452 5285 Deum
2529 5223 2876 5293 consulentes
2907 5266 2921 5290 ,
2958 5231 3246 5285 dicerent:
3303 5239 3321 5270 ι
3355 5219 3493 5286 Quis
3539 5223 3592 5277 in

1972 5322 2213 5358 “var-nihl
2246 5327 2436 5358 nncll‘n
2452 5319 3262 5358 ιιι.ἶιιριιηςηρτίειιηῖηἶα001111⁵3
3281 5310 3417 5358 filios
3444 5309 3607 5358 Βρὶεδ-
