4132 6324
536 310 641 371 5M

943 311 1003 368 S.
1043 310 1248 368 PETRI
1285 309 1567 367 DAMIANI
1605 309 1758 367 OPP.
1796 307 2032 366 TOMUS
2071 307 2202 364 SEU
2237 308 2416 363 PARS
2454 308 2537 362 ill.
2576 338 2648 350 —-
2682 306 3048 365 OPUSCULA
3086 306 3319 365 VARIA.

3676 307 3782 364 διε

533 425 687 496 prius
708 437 805 494 per
830 420 1225 478 confessionem
1261 420 1476 491 propria
1513 419 1766 475 studeant
1791 426 1971 474 errata
1991 432 2112 473 cor-
2137 421 2186 481 Α
2214 418 2535 474 sententiam
2566 427 2762 483 teneat,
2796 418 2843 475 si
2893 417 3033 474 hanc
3086 416 3316 473 clericus
3342 432 3448 472 non
3493 421 3786 474 observat!

535 514 731 585 rigere,
758 516 851 582 qui
877 511 998 569 aliis
1023 511 1212 569 volunt
1234 524 1476 568 errorem
1496 510 1885 575 confitentibus
1916 509 2112 566 subveo

539 604 678 659 nire.

686 680 695 683 ‘
1164 691 1391 749 CAPUT
1426 691 1492 747 v.

535 804 698 871 Quod
742 820 1036 859 communio
1075 814 1195 860 eme
1235 806 1477 860 unionem
1504 805 1719 875 spiritus
1761 813 1812 859 et
1846 803 2119 860 rectitudi-

1160 892 1274 930 nem
1302 877 1491 944 pariat.

612 963 976 1037 Quapropter,
1025 964 1350 1031 charissimi,
1388 965 1433 1019 si
1481 964 1644 1019 vultis
1693 965 1745 1020 in
1780 963 1976 1036 populo
1998 964 2119 1031 Dei,

541 1053 738 1125 quibus
772 1055 841 1110 ad
866 1055 1166 1124 exemplum
1196 1055 1469 1125 prmpositi
1498 1055 1649 1120 estis,
1682 1055 1826 1110 inter
1867 1070 2005 1124 quos
2033 1054 2120 1108 lu-

541 1145 678 1200 cetis
729 1146 884 1215 quasi
948 1144 1230 1200 luminaria
1298 1145 1349 1200 in
1408 1145 1649 1211 mundo,
1709 1145 1934 1200 verbum
1996 1145 2123 1200 vitae

544 1235 916 1303 continentes;
971 1236 1016 1290 si
1049 1236 1297 1315 “vultis,
1354 1236 1603 1306 inquam,
1649 1236 1793 1291 inter
1852 1252 1946 1292 eos
2006 1236 2127 1291 ani-

547 1338 756 1376 marum
786 1323 933 1378 lucra
988 1325 1329 1393 conquirere,
1378 1325 1423 1379 si
1466 1333 1713 1379 errantes
1750 1324 1817 1379 ad
1848 1324 2125 1395 religionis

2212 511 2463 581 Nunquid
2511 511 2807 583 coniugati,
2867 512 2959 581 qui
3019 510 3159 566 filios
3202 512 3604 580 nutriunt.qui
3659 513 3782 568 Deo

2213 604 2453 660 decimas
2504 619 2574 659 ex
2612 604 2780 674 ipsius
2834 603 3157 659 auctoritate
3203 602 3515 671 persolvunt
3566 604 3591 657 τ
3630 622 3650 656 ι
3682 603 3792 671 Qui

2214 696 2358 752 enim
2405 694 2586 759 oll'ert,
2625 704 2680 749 ut
2719 693 2919 750 Paulus
2962 696 3081 759 ait,
3135 709 3357 749 necesse
3397 704 3482 748 est
3526 708 3650 748 eum
3693 695 3795 749 ali-

2215 789 2346 859 quid
2382 789 2583 844 habere
2649 790 2791 859 quod
2837 788 3029 844 offerat
3093 788 3278 858 (Hebr.
3341 790 3483 863 vui).
3524 807 3545 841 ι
3592 789 3797 843 Deinde

2217 883 2490 952 quomodo
2516 883 2717 953 poterit
2741 883 2794 937 in
2824 883 2995 937 choro
3017 881 3138 951 quis
3164 882 3504 951 psallentium
3531 881 3800 936 constitu-

2222 979 2329 1033 tus,
2351 986 2445 1025 cor
2474 969 2639 1026 ﬁxum
2672 972 2724 1025 in
2777 970 3026 1026 oratione
3061 980 3268 1037 tenere,
3296 972 3387 1040 qui
3420 972 3487 1027 de
3514 969 3705 1025 loculis
3742 978 3796 1029 et

2222 1061 2386 1132 519
2409 1061 2774 1133 capsidilibus,
2799 1076 2867 1116 ne
2927 1062 3103 1117 audax
3133 1061 3346 1117 advolet
3400 1077 3609 1127 manus,
3639 1069 3778 1117 exeo

2222 1155 2358 1225 gitat
2383 1155 2407 1209 ’ἓ
2435 1156 2501 1210 de
2539 1154 2837 1225 apothecis,
2865 1162 2921 1209 et
2967 1153 3204 1220 horreis,
3255 1168 3325 1210 ne
3361 1153 3572 1209 furibus
3621 1152 3801 1207 famu-

2224 1246 2422 1309 lentur,
2454 1246 2866 1301 addubitat?ne
2907 1260 3011 1300 non
3062 1242 3199 1301 δέκα
3237 1246 3418 1301 minus
3443 1243 3630 1300 ﬁdeles
3657 1243 3807 1299 obsi-

2224 1344 2390 1400 stant,
2419 1346 2581 1405 atque
2606 1337 2673 1391 de
2697 1336 2873 1391 furum
2897 1352 3111 1405 semper
3151 1336 3522 1407 obrepentium
3554 1336 3807 1405 irruptio-

549 1414 678 1469 .ihet
705 1416 1077 1471 rectitudinem
1105 1432 1419 1485 provocare,
1454 1418 1507 1472 in
1531 1417 1929 1490 vobismctipsis
1953 1406 2127 1488 prius,
2227 1442 2295 1482 ne
2318 1426 2612 1482 (omnium?
2642 1426 2752 1497 Ego
2787 1436 2968 1481 amem
3001 1425 3226 1482 [οτείωη
3253 1406 3514 1492 ωεηιεοτ,
3533 1425 3629 1481 sed
3667 1440 3808 1480 ηυη-

548 1505 593 1557 si
621 1520 726 1574 qua
755 1513 900 1569 sunt,
931 1505 1146 1575 obliqua
1179 1506 1416 1574 dirigite,
1452 1516 1505 1561 et
1543 1507 1609 1562 ad
1654 1507 1892 1562 scholam
1924 1506 2126 1563 Christi
2228 1516 2356 1586 quid
2384 1515 2594 1571 veritas
2630 1516 2833 1586 poterit
2886 1517 3127 1583 mentiri,
3158 1532 3278 1586 quae
3306 1516 3481 1573 dicit:
3519 1533 3540 1569 ι
3570 1513 3675 1571 Ubi
3722 1522 3810 1571 est

552 1592 713 1647 simul
735 1596 1142 1660 convenientes,
1178 1596 1230 1650 in
1259 1595 1636 1653 communione
1684 1597 1809 1652 vitae
1848 1606 1904 1651 et
1928 1597 2129 1652 unione

2244 1610 2513 1667 thesaurus
2542 1618 2683 1676 tuus,
2722 1610 2796 1666 ibi
2834 1598 2933 1666 est
2968 1619 3024 1666 et
3068 1624 3164 1666 cor
3193 1609 3387 1664 tuum?
3425 1628 3443 1662 ι
3475 1607 3689 1680 (.lfault.
3718 1623 3806 1673 vr;

553 1685 775 1756 spiritus
796 1686 1135 1741 concorditer
1163 1698 1497 1758 permanete.
1544 1688 1659 1744 Non
1692 1688 1835 1744 inter
1862 1703 1958 1745 vos
1984 1687 2127 1743 divi-
2231 1702 2361 1758 Luc,
2383 1702 2508 1775 xu.)
2534 1704 2601 1758 Ει
2622 1703 2761 1759 forte
2794 1702 3130 1758 tolerabilius
3158 1711 3490 1767 censerem“
3536 1700 3583 1757 ,ί
3611 1700 3666 1755 in
3697 1699 3813 1755 sui;

559 1775 642 1831 sio
673 1777 745 1831 sit
768 1776 1072 1843 domorum,
1105 1793 1213 1832 non
1236 1779 1473 1834 scissura
1503 1779 1787 1841 mentium,
1816 1795 1926 1835 non
1948 1779 2128 1834 diver-

2244 1793 2597 1865 penetralibus
2641 1792 2812 1851 ofﬁcia
2843 1793 3023 1848 divina
3065 1802 3407 1863 peragerent,
3439 1806 3505 1848 ac
3543 1805 3649 1847 non
3696 1788 3815 1844 lon-

554 1866 1047 1958 ξίφεῌίθευηῖηωη-
1101 1868 1423 1925 Memento“?
1448 1884 1684 1940 semper.
1710 1872 1836 1941 quia
1864 1870 1930 1926 de
1966 1870 2130 1926 εθοιίε
2232 1886 2351 1958 gius
2403 1885 2734 1951 laborantes,
2793 1885 2866 1940 ibi
2898 1884 3064 1941 Deum
3094 1893 3440 1955 quaererent,
3474 1884 3568 1940 ubi
3600 1883 3814 1953 peculia

555 1954 825 2027 lapidibus
851 1956 1019 2012 altare
1040 1960 1294 2029 reprobat
1323 1960 1465 2016 Deus
1493 1979 1507 2014 :
1542 1979 1560 2012 ι
1592 1960 1648 2015 Si
1674 1962 1816 2016 enim
1846 1960 2131 2027 Ievaveris,

552 2047 751 2116 inquit,
797 2062 961 2117 super
986 2061 1110 2102 eum
1161 2047 1392 2103 cultrum
1440 2058 1590 2103 tuum
1630 2049 1903 2120 polluetur
1933 2048 2132 2120 (Exod.

558 2140 673 2207 xx).
718 2158 738 2192 ι
772 2138 920 2194 Secti
964 2140 1163 2210 quippe
1211 2140 1420 2212 lapides
1464 2151 1613 2208 sunt,
1645 2142 1738 2214 qui
1767 2143 2021 2197 fraternae
2048 2158 2138 2197 so-

557 2228 771 2283 cietatis
816 2232 1147 2284 consortium
1194 2240 1491 2300 respuunt;
1535 2233 1626 2303 qui
1672 2233 1854 2286 virere
1880 2248 2001 2286 cum
2034 2231 2138 2286 fra-

561 2320 758 2384 tribus,
781 2322 1153 2376 etconversari
1176 2323 1521 2378 concorditer
1548 2322 1757 2378 nolunt.
1773 2322 1929 2378 Tales
1956 2332 2137 2377 autem

556 2406 804 2463 Christus
836 2409 888 2463 in
924 2424 1022 2464 suo
1053 2425 1157 2464 non
1188 2410 1380 2481 recipit
1427 2426 1684 2481 corpore,
1742 2428 1880 2480 quos
1912 2428 1941 2465 a
1991 2427 2141 2465 men-

561 2499 783 2554 brorum
815 2515 1034 2554 suorum
1063 2500 1472 2572 sectosjudicat
1512 2502 1737 2557 unitate.
1770 2502 1844 2556 De
1874 2501 1978 2556 illis
2016 2517 2143 2572 por-

563 2605 622 2643 ru
644 2590 912 2660 lapidibus
941 2591 1115 2647 altare
1165 2601 1249 2647 est
1289 2592 1468 2663 potius
1512 2591 1910 2676 fabricandum,
1946 2592 2143 2663 quibus
2218 2620 2224 2626 ε

565 2680 759 2737 Petrus
791 2683 922 2737 dicit
975 2685 1293 2753 apostolus:
1335 2704 1354 2738 ι
1383 2685 1451 2740 Et
1479 2685 1580 2756 ipsi
1632 2695 1884 2756 tanquam
1938 2686 2142 2756 lapides

572 2773 1192 2842 vivisuperzedilicamini
1214 2776 1405 2832 domus
1427 2777 1732 2848 spirituales
1762 2778 1814 2849 (ι
1840 2777 1983 2832 Petr.
2013 2778 2095 2850 ιι).
2119 2798 2138 2831 ι

570 2861 669 2918 Cui
723 2863 972 2919 videlicet
1018 2866 1201 2921 domui
1230 2867 1321 2922 ille
1362 2866 1769 2922 fundamentum
1798 2877 1904 2931 est,
1945 2878 2146 2937 prater

569 2959 713 3028 quod
737 2974 842 3013 non
871 2969 1051 3029 potest
1079 2959 1222 3015 aliud
1265 2962 1390 3032 poni
1416 2961 1471 3033 (I
1507 2959 1630 3017 Cor.
1664 2963 1779 3031 tu);
1813 2963 1900 3017 ille
1924 2962 2146 3017 summi-

566 3056 670 3115 tas,
692 3049 783 3120 qui
805 3049 980 3106 factus
1009 3060 1091 3107 est
1120 3052 1357 3123 infcaput
1382 3052 1583 3124 anguli.
1617 3052 1787 3125 (Psal.
1812 3054 1978 3125 cxvu)
2004 3053 2149 3108 Prae.

568 3148 713 3196 terea
762 3142 1026 3213 nunquid.
1050 3145 1224 3201 otiose
1255 3146 1499 3216 praecipit
1533 3146 1832 3203 Dominus:
1885 3165 1904 3199 ι
1944 3145 2145 3210 Nolite,

573 3235 777 3306 inquit,
822 3239 1192 3296 thesaurizare
1238 3241 1412 3312 vobis;
1443 3243 1725 3298 thesauros
1756 3242 1809 3296 in
1839 3251 1981 3296 terra
2001 3281 2018 3307 ,
2058 3242 2149 3297 ubi

571 3342 773 3397 aerugo,
799 3341 854 3384 et
880 3333 1021 3386 tinea
1047 3334 1358 3400 demolitur,
1409 3344 1465 3389 et
1494 3335 1584 3389 ubi
1612 3334 1761 3403 fures
1787 3333 2150 3419 eﬂ‘odiunt,'e.t

572 3419 853 3476 furantur?
887 3442 905 3475 ι
945 3422 1162 3495 (Matth.
1197 3425 1296 3499 γι.)
1320 3425 1473 3494 Quis,
1497 3426 1873 3498 quazso,hnjus
1899 3418 2144 3482 mandati

2233 1976 2613 2041 custodirent;
2641 1983 2701 2031 ut
2745 1991 2867 2030 cum
2896 1975 3002 2031 illis
3044 1975 3319 2031 diceretur
3347 1994 3360 2029 :
3394 1994 3412 2027 ι
3445 1973 3549 2031 Ubi
3579 1983 3662 2030 est
3692 1973 3817 2028 the-

2235 2083 2427 2125 saums
2456 2077 2598 2134 tuus,
2635 2068 2707 2122 ibi
2733 2076 2820 2122 est
2854 2076 2910 2122 et
2938 2082 3034 2122 cor
3082 2076 3262 2133 tuum;
3304 2085 3322 2118 ι
3355 2081 3463 2121 non
3514 2065 3815 2135 incongrua

2236 2160 2560 2215 subderetur
2596 2176 2610 2213 :
2641 2160 2730 2214 ubi
2758 2168 2842 2215 est
2865 2160 3027 2214 etiam
3059 2158 3200 2213 Deus
3229 2158 3389 2213 tuus?

2308 2250 2585 2321 520$ed
2599 2250 2849 2320 quoniam
2869 2250 3083 2305 reshtec
3112 2263 3215 2302 non
3248 2248 3471 2303 ridenda
3499 2246 3822 2312 est,setldo—

2238 2341 2418 2407 lenda,
2456 2342 2682 2397 obsecro
2709 2355 2823 2397 vos.
2855 2341 3189 2395 dilectissimi
3220 2339 3350 2394 mihi
3390 2338 3607 2403 fratres,
3642 2345 3696 2391 et
3724 2338 3822 2392 do-

2240 2432 2394 2496 mini,
2419 2430 2607 2498 nolite,
2636 2446 2755 2501 quae
2792 2433 3146 2502 suggerimus,
3175 2432 3583 2502 parvipcndere,
3628 2430 3722 2484 sed
3765 2430 3821 2483 in

2242 2520 2423 2577 schola
2450 2536 2548 2577 vos
2570 2520 2767 2577 Christi
2798 2522 2898 2578 sub
2927 2521 3207 2590 disciplina
3237 2522 3408 2578 sancti
3438 2520 3673 2590 Spiritus
3692 2534 3824 2575 con-

2243 2621 2462 2685 gregate
2485 2629 2500 2679 ;
2525 2624 2795 2684 quatenus
2824 2614 2936 2684 ipse
2958 2614 3241 2670 nobiscum
3275 2628 3437 2675 nunc,
3468 2620 3525 2667 et
3555 2626 3727 2680 usque
3755 2612 3823 2665 ad

2245 2703 2763 2771 consummationem
2811 2703 2992 2757 saeculi
3043 2702 3256 2771 (Matth.
3307 2704 3520 2771 xxvtu),
3552 2702 3695 2756 sicut
3738 2708 3826 2755 est

2245 2793 2537 2865 pollicitus,
2575 2803 2813 2859 maneat,
2858 2802 2913 2849 et
2950 2795 3016 2847 ad
3044 2792 3219 2848 Patris
3269 2794 3350 2847 sui
3411 2793 3640 2864 gloriam
3682 2790 3823 2847 felici

2248 2883 2586 2953 postmodum
2605 2899 2702 2940 vos
2728 2883 3159 2939 remuneratione
3188 2883 3466 2952 perducat.
3495 2882 3826 2950 Quibusdam

2249 2976 2389 3031 forte
2412 2975 2745 3045 displiceam,
2770 2977 2895 3045 quia
2925 2976 3052 3030 dum
3080 2975 3215 3030 alios
3245 2975 3386 3030 intra
3414 2974 3675 3046 regularis
3701 2973 3829 3028 vita

2250 3066 2477 3124 limitem
2507 3081 2852 3136 compescere
2880 3065 3073 3138 gestio,
3121 3065 3235 3134 ipse
3276 3064 3492 3121 modum
3528 3062 3831 3134 compendii

2178 3189 2223 3250 C
2252 3155 2558 3225 epistolaris
2584 3155 2808 3210 excedo.
2846 3153 2955 3209 Sed
2979 3154 3183 3223 optime
3232 3160 3640 3222 compensatur,
3671 3151 3715 3209 si
3741 3165 3831 3205 ar-

2255 3244 2434 3313 guitur
2455 3243 2737 3314 imperitia:
2764 3244 3014 3312 scriptor,
3038 3242 3325 3298 dummodo
3346 3239 3598 3312 proﬁciat
3617 3238 3832 3310 sapien-

2256 3343 2339 3388 ter
2363 3334 2598 3390 auditor.

2605 3424 2683 3481 Sit
2697 3442 2884 3482 nomen
2903 3425 3110 3482 Domini
3132 3425 3472 3483 benedictum.

590 3606 3384 3633 W

694 3743 1051 3818 521-522
1133 3764 1981 3882 OPUSCULUM
2060 3762 2867 3882 VICESIMUM
2953 3759 3693 3876 OCTAVUM.

1110 3982 1713 4051 APOLOGETICUS
1753 3935 2331 4051 MONACHORU'M
2377 3981 2791 4045 ADVERSUS
2831 3978 3305 4043 CANONICOS.

2026 4148 2384 4168 Μ

576 4261 982 4330 Ancona-runt.
1012 4288 1082 4330 -έ
1112 4258 1421 4330 Queruntur
1459 4257 1730 4324 monachi,
1755 4258 1897 4328 quod
1924 4272 1958 4330 a
1982 4265 2127 4330 cestu
2156 4258 2323 4330 totius
2360 4257 2616 4330 Ecclesiae
2641 4276 2740 4330 per
2759 4259 3052 4315 canonicos
3080 4258 3540 4327 exclusiifuerint,
3587 4272 3711 4330 cum
3735 4258 3838 4326 ipsi

658 4334 725 4385 ab
752 4328 1171 4400 apostolis,jmo
1205 4344 1238 4400 a
1263 4328 1539 4398 prophetis
1570 4344 1720 4382 suam
1756 4327 2022 4400 traxerint
2050 4328 2345 4400 originem.
2363 4327 2561 4384 Severe
2581 4327 2866 4400 quemdam
2888 4337 3152 4399 arguunt,
3195 4329 3288 4400 qui
3318 4344 3482 4383 ausus
3501 4337 3584 4383 est
3609 4328 3837 4400 dicere:

657 4400 711 4470 Α
729 4397 1010 4453 monachis
1033 4397 1293 4470 (Ecclesia;
1316 4397 1655 4470 sacramenta
1688 4398 1853 4470 nullo"
1872 4407 2034 4470 pacto
2070 4397 2863 4470 esseministranda{Denique
2895 4397 3139 4470 exemplo
3169 4397 3479 4454 sanctorum
3515 4397 3837 4470 Augustini,

566 4491 573 4498 -
650 4467 985 4540 Hieronymi,
1014 4468 1297 4522 Athanasii
1342 4477 1400 4522 et
1445 4468 1662 4523 decreto
1692 4467 1957 4523 Bonifacii
1995 4483 2150 4540 papa:
2193 4467 2262 4522 IV
2316 4470 2549 4539 probant
2577 4467 2791 4540 ligandi
2818 4478 2873 4525 et
2907 4467 3151 4525 solvendi
3179 4478 3504 4540 petestatem
3536 4467 3835 4524 monachos

658 4538 880 4592 habere.

658 4668 884 4727 Cunctis
923 4665 1310 4723 amantissimis
1334 4665 1549 4722 clericis
1577 4680 1643 4722 ac
1660 4666 1957 4735 canonicis,
1979 4681 2171 4724 omnes
2202 4672 2248 4732 ο
2275 4669 2526 4740 scripsit,
2556 4670 2856 4740 primitivos
2889 4670 3224 4726 Christianos
3253 4668 3568 4741 monachos,
3600 4682 3712 4722 non
3744 4681 3839 4721 ca-

586 4763 923 4819 unanimiter
956 4760 1227 4816 monachi.

660 4852 886 4908 Multum
910 4893 924 4918 ,
951 4850 1155 4906 fratres
1183 4850 1485 4907 cbarissimi
1503 4892 1519 4918 ,
1541 4850 1585 4907 si
1618 4850 1768 4923 digni
1788 4852 1921 4908 estis
1949 4852 2165 4919 audire,

589 4944 878 5011 miramur,
904 4943 1172 5012 quomodo
1198 4942 1281 4997 vel
1315 4945 1385 4997 ob
1437 4958 1596 5013 quam
1628 4958 1845 4998 causam
1892 4944 2163 5000 conamini

592 5048 693 5087 nos
713 5048 744 5087 a
769 5032 1045 5088 consortio
1083 5040 1138 5087 et
1184 5032 1391 5087 unitate
1421 5032 1743 5087 universalis
1794 5032 2048 5087 Ecclesia:
2077 5048 2163 5088 se-

591 5138 787 5193 parare
824 5139 840 5177 :
887 5140 1009 5180 cum
1043 5132 1256 5179 constet
1281 5139 1312 5179 a
1340 5124 1641 5188 monachis,
1683 5140 1787 5179 non
1831 5140 1861 5177 a
1891 5123 2167 5180 canonicis

592 5209 952 5271 universalem
984 5216 1279 5271 Ecclesiam
1315 5215 1614 5280 fundatam,
1656 5216 2010 5286 gubernatam
2037 5224 2092 5270 et
2137 5231 2169 5269 a

578 5305 811 5363 'diverso
840 5321 1026 5362 errore
1060 5308 1374 5364 cribratam.
1415 5307 1658 5385 Apostoli
1698 5321 1891 5377 nempe
1916 5304 2164 5361 fundato-

600 5411 710 5463 res,
768 5406 825 5453 et
871 5406 1113 5453 rectores
1163 5396 1528 5455 Ecclesiarum
1577 5408 1782 5463 nostro,
1833 5414 1943 5454 non
1986 5408 2169 5454 vestro

574 5494 751 5545 ‘more
793 5489 1083 5556 vivebant,
1132 5500 1189 5546 ut
1241 5491 1417 5547 Lucas
1472 5491 1798 5562 evangelista
1851 5491 1905 5546 in
1950 5490 2175 5546 Actibus

514 5646 521 5655 ί
597 5578 967 5651 apostolorum
1001 5581 1170 5637 refert
1221 5582 1361 5652 (Act.
1394 5584 1475 5652 t):
1514 5591 1579 5639 et
1595 5582 1747 5637 Philo
1778 5580 2168 5660 disertissimus

492 5660 513 5676 ³
600 5668 936 5737 Iudaeorum,
961 5672 1014 5727 in
1038 5671 1191 5726 libris
1222 5688 1356 5744 quos
1380 5673 1433 5728 in
1461 5673 1672 5728 laudem
1706 5682 2017 5728 nostrorum
2045 5683 2173 5725 cou-

2271 4760 2498 4816 nonicos
2548 4770 2736 4827 vocat;
2800 4769 2855 4815 et
2902 4758 3207 4815 habitacula
3265 4773 3451 4813 eorum
3513 4755 3842 4811 monasteria

2269 4858 2548 4920 nuncupat
2619 4864 2685 4905 ac
2751 4848 3147 4920 quamplurima
3194 4847 3357 4921 dicit,
3407 4862 3500 4901 eos
3554 4844 3844 4901 laudabilia

2269 4940 2468 5009 egisse,
2510 4948 2566 4993 et
2607 4938 3017 5008 conscripsisse.
3059 4937 3217 4993 Certe
3258 4935 3459 5002 nostri,
3509 4950 3616 4990 non
3675 4935 3843 4988 vestri

2269 5027 2477 5083 ordinis
2520 5026 2730 5099 Moyses
2753 5036 2809 5082 et
2836 5028 2997 5082 Elius
3022 5027 3171 5082 fuere
3201 5022 3416 5097 (Exod.
3456 5040 3551 5090 tu;
3580 5022 3679 5078 III
3715 5018 3846 5092 Reg.

2274 5117 2431 5190 xvii),
2459 5132 2701 5172 ercmum
2737 5118 2827 5188 qui
2856 5118 3167 5172 incoluere:
3212 5114 3381 5171 nostri
3436 5124 3687 5168 auctores
3727 5127 3850 5183 ειν·-

2273 5223 2367 5279 ges
2405 5209 2790 5279 prophetarum
2832 5223 2953 5263 eum
2993 5207 3189 5277 quibus
3234 5205 3495 5275 reprobus
3536 5203 3667 5258 Saul
3705 5212 3847 5270 suape

2274 5300 2673 5372 cantavit(Ill
2713 5300 2839 5372 Reg.
2861 5299 2997 5372 xix).
3038 5299 3279 5368 Longum
3308 5290 3848 5366 estpaginasVeteris

2277 5369 2608 5449 Testamenti
2659 5369 2963 5455 revolvere,
3008 5390 3289 5444 veniamus
3336 5386 3403 5441 ad
3432 5385 3660 5448 Novum,
3707 5378 3852 5452 quod

2274 5499 2439 5554 supra
2492 5482 2827 5553 reliquimus.
2877 5478 3163 5551 Apostolos
3196 5485 3366 5543 certe,
3405 5485 3460 5530 et
3506 5484 3852 5529 successores

2278 5590 2486 5638 eorum,
2523 5574 2570 5628 si
2601 5571 3015 5629 irreverberatis
3040 5570 3211 5625 oculis
3235 5569 3463 5641 paginas
3492 5566 3616 5629 novi
3642 5566 3849 5620 instru-

2282 5666 2448 5720 menti
2471 5664 2769 5736 percipitis,
2802 5662 3117 5719 monachico
3173 5675 3277 5715 non
3306 5657 3569 5721 canonito
3593 5670 3740 5712 more
3767 5647 3850 5707 vi-
