4132 6324
331 336 434 393 513
1251 330 1495 387 OPL'SC.
1536 327 1768 383 XXVIII.
1801 358 1869 369 -—
1906 326 2294 385 APOLOGET.
2339 326 2641 384 MONACH.
3002 322 3003 325 “
3475 324 3579 380 6H

330 465 457 506 vero
505 446 811 511 invenietis,
876 444 1060 512 eisque
1120 450 1440 512 potestatem
1494 440 1693 511 ligandi
1744 449 1903 509 atque
1933 443 1978 502 Α
2008 440 2308 497 riosissime
2353 440 2740 509 gubernarunt.
2784 436 3079 509 Gregorius
3124 452 3187 490 es
3244 440 3579 493 monasterio

332 542 575 599 solvendi
605 538 835 607 (Matth.
873 536 1036 605 xvut)
1069 549 1381 589 concessam
1414 548 1444 586 a
1464 533 1691 587 Domino
1715 530 1907 602 procul
2008 541 2220 599 raptus,
2259 545 2322 583 ac
2343 530 2608 584 violenter
2637 529 2893 584 infulatus
2913 571 2927 595 ,
2954 543 3058 582 non
3100 529 3273 582 solum
3314 546 3440 584 suas
3465 546 3581 599 pro-

333 637 497 693 dubio
529 632 827 701 reperietis.
860 628 1013 695 Quod
1040 630 1083 682 si
1118 628 1190 681 ita
1227 636 1340 690 est,
1369 626 1632 695 tmoquia
1669 625 1742 678 ita
1788 633 1905 688 est,
2009 622 2161 685 tulit,
2209 622 2303 675 sed
2356 622 2519 675 etiam
2578 620 2955 689 dispositiones
3001 621 3229 675 aliorum
3293 624 3579 677 metioraro

333 743 434 782 cur
470 739 568 779 nos
592 722 660 775 ab
689 722 791 775 hoc
817 719 1099 789 privilegio
1124 733 1377 786 separare
1408 716 1709 770 conamini?
1730 714 1910 769 Nesci-
2008 714 2234 768 studuit.
2289 712 2425 767 Num
2466 714 2629 767 etiam
2678 713 2964 766 Martinum
3022 713 3389 767 Turonensem
3418 716 3579 768 omit-

330 821 425 884 tis,
456 818 582 887 quia
615 815 811 884 quibus
834 813 970 867 dixit
994 811 1285 881 Apostolus
1316 828 1330 864 :
1360 810 1555 863 Mortui
1584 809 1725 861 enim
1752 809 1907 872 estis,
2011 805 2230 858 tendum
2271 803 2495 872 putatis,
2528 804 2613 857 cui
2642 804 2839 855 astauti
2882 804 3221 857 sacramento
3256 804 3438 857 divino
3476 805 3583 873 glo-

331 910 543 965 séil-icet
591 906 793 961 mundo
846 902 1088 973 (Colon.
1126 902 1217 970 tu)
1255 918 1267 954 :
1302 902 1504 955 eisdem
1536 900 1671 954 dixit
1712 899 1767 953 in
1805 898 1907 952 alia
2009 897 2110 951 bus
2139 897 2325 965 igneus
2361 896 2647 964 apparuit?
2690 894 2892 947 Forsan
2942 908 3007 946 ex
3062 894 3287 947 istorum
3332 894 3581 947 manibus

331 999 575 1068 Epistula
608 1015 620 1051 :
652 995 1045 1062 Nescitis,quia
1068 992 1288 1063 angelos
1309 991 1683 1059 iudicabimus,
1712 999 1912 1060 quanto
2010 990 2133 1058 quia
2171 988 2415 1041 monachi
2445 988 2679 1048 fuerant,
2714 987 2992 1054 percipere
3016 996 3351 1039 sacramenta
3397 986 3575 1039 divina

334 1090 510 1159 magis
544 1085 855 1141 szccularia!
893 1083 954 1153 (l
979 1081 1100 1136 Cor.
1128 1081 1227 1152 v1.)
1275 1082 1413 1151 Ergo
1435 1081 1503 1144 si,
1533 1081 1672 1134 sicut
1702 1095 1794 1134 vos
1831 1079 1911 1133 di-
2014 1080 2304 1149 quisquam
2342 1078 2563 1131 insanus
2597 1076 2907 1145 prohibuit?
2953 1075 3126 1128 Absit.
3160 1074 3415 1128 Facessat
3451 1090 3584 1144 ergo

334 1178 479 1241 citis,
497 1175 698 1230 mundo
717 1173 915 1227 mortui
941 1186 1143 1231 sumus.
1162 1169 1549 1233 scilicetvitiis,
1573 1177 1624 1222 et
1648 1168 1908 1237 peccatis,
2010 1170 2202 1224 insana
2232 1179 2285 1223 et
2317 1179 2568 1239 proterva
2607 1168 2853 1223 doctrina
2880 1208 2893 1227 ,
2933 1176 2987 1220 et
3022 1176 3332 1221 sanctorum
3366 1168 3583 1222 Patrum

334 1282 443 1320 non
470 1263 863 1323 erubescimus,
912 1259 1035 1328 quia
1069 1260 1207 1312 idem
1248 1256 1540 1327 Apostolus
1581 1257 1752 1310 dicit:
1793 1274 1811 1305 ι
1852 1255 1910 1310 Si
2010 1269 2270 1326 sequatur
2291 1259 2609 1322 auctoritas,
2648 1273 2767 1326 quae
2793 1256 2957 1310 etiam
2988 1272 3051 1310 ex
3089 1256 3455 1326 cujuscunque
3496 1272 3584 1313 sa-

333 1362 518 1406 autem
546 1351 741 1405 mortui
786 1363 981 1403 sumus
1022 1363 1145 1401 cum
1185 1346 1423 1406 Christo,
1471 1346 1740 1400 credimus
1785 1347 1910 1415 quia
2011 1350 2247 1403 cerdotis
2292 1349 2543 1403 manibus
2591 1356 2933 1402 sacramenta
2982 1347 3187 1410 divina,
3243 1363 3349 1401 non
3408 1348 3580 1402 solum

332 1442 495 1498 simul
520 1454 866 1510 resurgemus
897 1452 1017 1492 cum
1045 1438 1161 1507 ipso
1204 1436 1286 1505 (11
1335 1434 1469 1489 Tim.
1498 1451 1567 1496 u:
1596 1434 1745 1489 Rom.
1765 1438 1905 1507 γι);›
2009 1439 2310 1509 percipere,
2337 1438 2431 1491 sed
2458 1438 2620 1491 etiam
2650 1437 3002 1507 dedignantes
3024 1436 3299 1504 suscipere
3326 1438 3393 1491 ab
3417 1437 3591 1491 ecclo-

336 1533 615 1601 itemquc:
686 1548 704 1578 ‹
738 1529 864 1581 Mihi
891 1528 1075 1581 vivere
1106 1527 1358 1580 Christus
1387 1533 1470 1578 est
1493 1564 1506 1589 ,
1550 1533 1603 1579 et
1651 1527 1785 1580 mori
1840 1527 1911 1580 lu-
2010 1528 2090 1582 sia
2124 1536 2365 1596 separat.
2392 1527 2437 1581 si
2468 1536 2646 1581 tamen
2680 1528 2993 1580 sacerdotes
3022 1534 3185 1579 recta:
3212 1526 3336 1582 fidei
3367 1527 3587 1582 l‘ucrint.

333 1640 486 1680 crum
516 1619 777 1691 (Philipp.
807 1618 878 1686 t);
933 1637 950 1669 ι
988 1628 1043 1673 ct
1073 1619 1127 1671 in
1158 1618 1264 1671 alio
1298 1617 1414 1671 loco
1445 1634 1457 1670 :
1501 1635 1519 1667 ι
1553 1617 1684 1671 Vivo
1706 1626 1907 1683 autem,
2011 1617 2290 1674 Suﬂicient
2317 1619 2418 1671 ista
2449 1616 2968 1672 contradicentibus.

337 1731 445 1769 non
477 1713 588 1783 jam
612 1726 732 1781 ego,
764 1710 895 1763 vivit
930 1724 1061 1763 vero
1102 1709 1268 1762 inme
1304 1708 1554 1761 Christus
1583 1705 1726 1777 (Gal.
1763 1707 1844 1777 ιι).
1888 1727 1905 1758 ι
2641 1732 2867 1787 CAPUT
2900 1732 2961 1785 η.

342 1806 450 1862 Sed
483 1803 1315 1872 neturbarentur,quisetoties
1344 1810 1585 1856 mortuos
1607 1791 1985 1867 audissent,B
2089 1824 2241 1888 Quod
2294 1833 2740 1877 ,ησναηηητοηηη
2801 1824 3190 1876 “(immunda-0
3247 1830 3515 1877 mmmam

343 1899 461 1953 ait:
522 1916 539 1947 ι
574 1894 804 1950 Nescitis
858 1895 984 1964 quia
1036 1894 1254 1965 angelos
1297 1893 1676 1961 iudicabimus,
1710 1896 1911 1964 quanto
2293 1910 2403 1963 prce
2438 1894 2676 1946 omnibus
2702 1894 2907 1946 clericis
2937 1894 3080 1947 licita
3125 1894 3305 1962 fuerit.

266 2030 275 2043 .
335 1988 509 2059 magis
557 1985 833 2040 smcularia
865 1987 877 2039 !
926 2004 943 2035 ι
986 1984 1055 2055 (1
1084 1983 1205 2038 Cor.
1234 1984 1333 2053 vt.)
1369 1985 1507 2038 Ecce
1539 1994 1720 2039 nostra
1752 1986 1914 2040 liber-
2088 1984 2192 2040 Sed
2213 1986 2339 2054 quia
2368 1983 2905 2052 uimispericulomun
2930 1994 3013 2038 est
3040 1985 3415 2038 obmutescere
3432 1986 3588 2047 velle,

336 2091 443 2135 tas.
476 2079 691 2146 Quare?
743 2078 871 2147 quia
900 2078 1041 2132 idem
1071 2077 1361 2145 Apostolus
1398 2077 1574 2130 dicit:
1624 2096 1640 2127 ε
1676 2077 1775 2132 Ubi
1800 2078 1913 2146 spi-
2017 2076 2414 2131 introducimus
2471 2084 2527 2128 et
2579 2074 2715 2128 alios
2799 2083 2985 2133 testes.
3047 2073 3304 2126 Basiliam
3360 2074 3588 2136 scilicet,

342 2170 481 2224 ritus
522 2167 756 2231 Domini,
782 2167 851 2221 ibi
891 2167 1115 2221 libertas
1162 2165 1245 2238 (11
1288 2166 1409 2219 Cor.
1456 2165 1561 2234 tu).
1599 2185 1616 2215 ι
1674 2165 1760 2220 Va:
1788 2183 1915 2235 ergo
2016 2168 2396 2230 Athanasium,
2439 2176 2496 2221 et
2525 2166 2905 2236 Augustinum,
2965 2180 3063 2218 nec
3103 2181 3206 2218 non
3233 2174 3288 2219 ct
3330 2163 3593 2234 Hierony-

336 2257 496 2313 nobis
523 2267 576 2311 et
604 2257 783 2320 vobis,
810 2256 854 2310 si
900 2256 1099 2311 mortui
1132 2270 1238 2309 non
1291 2255 1552 2310 fuerimus
1590 2257 1810 2310 mundo.
1858 2256 1913 2309 Si
2017 2248 2168 2313 mum
2200 2271 2369 2310 sacra:
2397 2256 2529 2326 legis
2577 2258 2950 2325 interpretem,
2985 2253 3345 2307 Mariuianum
3383 2269 3597 2323 quoque

338 2348 503 2419 igitur
534 2348 730 2402 mortui
781 2362 967 2401 sumus
1016 2348 1233 2409 mundo,
1270 2356 1326 2400 et
1356 2346 1587 2400 Vivimus
1632 2346 1766 2409 Dec,
1794 2361 1915 2415 pro-
2019 2348 2396 2403 Ravennatem
2427 2348 2761 2416 episcopum,
2803 2355 2858 2401 et
2892 2346 3251 2413 Augustinum
3300 2344 3593 2413 Anglorum

338 2439 589 2493 babimus
614 2453 711 2491 vos
740 2452 835 2505 per
856 2437 1038 2490 omnia
1071 2451 1189 2491 esse
1214 2436 1501 2500 mentitos;
1529 2436 1654 2505 quia
1680 2436 1860 2490 dicitis
1899 2450 1913 2489 :
2016 2438 2321 2510 praesulem,
2353 2454 2490 2507 quos
2519 2438 2647 2491 nulli
2686 2437 2908 2491 dubium
2948 2445 3029 2490 est
3081 2435 3375 2490 monachos
3410 2435 3593 2489 fuisse.

339 2527 450 2583 Nos
484 2528 554 2581 ob
594 2528 718 2589 hoc,
748 2528 891 2595 quod
925 2528 1118 2582 mortui
1146 2542 1333 2581 sumus
1368 2528 1589 2591 mundo,
1616 2543 1721 2581 non
1760 2542 1918 2596 posse
2020 2530 2400 2599 Nunquiduatu
2422 2530 2647 2581 Romani
2677 2528 3105 2597 pr:esules,qnos
3127 2524 3597 2595 przediximus.vel

333 2622 653 2690 dispensare
698 2620 1083 2675 ecclesiastica.
1109 2618 1357 2688 Sedquid
1388 2633 1484 2673 vos
1511 2618 1919 2673 cxtollilisiﬂc-
2021 2624 2146 2686 isti,
2180 2640 2315 2692 qttos
2348 2638 2488 2677 nunc
2536 2623 2846 2680 retulimus.
2894 2624 3016 2689 quia
3058 2622 3308 2677 monachi
3347 2620 3597 2685 fuerunt,

336 2714 497 2768 colite
516 2714 771 2783 principia
788 2722 1057 2777 nostra,et
1083 2724 1289 2779 vestra;
1314 2722 1451 2767 ctex
1471 2714 1793 2767 auctoritate
1814 2712 1916 2765 Pa-
2022 2713 2203 2767 minus
2229 2713 2523 2766 laudabiles
2555 2714 2725 2766 habiti
2756 2714 2919 2766 stitit?
2960 2712 3074 2765 Non
3108 2712 3314 2781 utique.
3347 2711 3597 2766 Forsitan

338 2803 1584 2874 trum,cuipluscompetat,collyriatoluminc
1604 2801 1917 2871 perjudicet.
2022 2802 2325 2871 episcopos,
2381 2803 2743 2871 presbyteros,
2793 2803 3047 2855 diaconos
3098 2817 3202 2855 non
3244 2802 3591 2867 ordinarunt,

846 2913 1075 2971 CAPUT
1118 2913 1407 2967 primum.
2023 2893 2143 2960 quis
2178 2893 2399 2945 insanus
2428 2895 2623 2946 audeat
2664 2894 2881 2945 dicere?
2929 2893 3006 2944 An
3045 2890 3270 2945 forsitan
3326 2893 3598 2961 poeniten-

550 3006 863 3077 σοηηαεειίο
898 3006 1277 3060 monachorum
1308 3004 1371 3056 de
1417 3003 1704 3057 canonic;,_
2028 2981 2155 3036 tium
2182 2982 2495 3036 criminosis
2522 2998 2627 3035 non
2658 2982 3055 3051 imposuerunt,
3087 2990 3141 3033 et
3168 2981 3599 3045 absolutionem,

408 3097 609 3155 contra
634 3070 731 3152 νὸς
757 3096 939 3166 itaque
967 3095 1193 3149 multum
1216 3094 1619 3163 conqueramur.
1643 3092 1770 3161 quia
1802 3093 1917 3162 qui-
1944 3136 1985 3166 β
2026 3082 2084 3127 ut
2113 3073 2473 3142 competebat,
2499 3072 2883 3143 benignissime
2912 3089 3013 3125 non
3060 3070 3349 3126 addidere?
3403 3071 3601 3140 Utique

409 3136 609 3155 νυ......
645 3136 731 3152 ,να
758 3136 939 3166 mur...
1217 3136 1585 3163 w...,..-........
1605 3136 1619 3156 ,
1645 3136 1770 3161 qm.
1810 3136 1891 3162 δι...
2237 3136 2252 3142 _

336 3192 460 3244 dam
485 3199 783 3243 vestrorum
814 3203 978 3241 ausus
1017 3186 1115 3239 fuit
1150 3185 1438 3239 temerario
1471 3199 1565 3238 ore
1594 3184 1772 3237 dicere
1801 3202 1813 3235 :
1869 3182 1913 3236 A
1944 3136 1986 3195 Ο
2018 3166 2198 3221 facere
2223 3175 2532 3234 Ροιυενυηῑ·

337 3280 626 3335 monachis
658 3279 803 3333 nullo
828 3279 991 3334 modo
1026 3277 1461 3332 communionem
1492 3290 1613 3329 esse
1652 3275 1916 3343 recipien-

2086 3257 2236 3311 Nunc
2261 3258 2421 3327 igitur
2443 3258 2698 3326 requirite
2720 3267 2903 3309 satu-ta
2932 3267 3054 3311 octo
3084 3256 3334 3319 concilia,
3366 3253 3598 3327 szhet

336 3372 495 3435 dam;
529 3371 750 3438 insuper
797 3369 960 3421 etiam
1012 3367 1369 3434 suscipientes
1394 3364 1910 3427 cxcommunicavit,

2014 3349 2250 3403 maxime
2279 3358 2513 3413 sextum,
2541 3356 2594 3401 et
2617 3349 2905 3417 septimum
2931 3346 3250 3411 concilium;
3289 3347 3471 3415 ibique
3513 3347 3595 3400 iu-

336 3470 466 3515 ειη,
506 3460 855 3530 opprobrium
885 3467 1151 3519 nostrum,
1194 3457 1300 3510 imo
1328 3458 1377 3510 in
1408 3456 1913 3511 condemnationem
2015 3440 2244 3492 venietis
2295 3439 2581 3492 monachis
2624 3438 2829 3491 licitum
2870 3438 3033 3491 fuisse
3069 3438 3367 3507 disputare,
3390 3438 3594 3506 absque

337 3561 582 3613 suam,et
618 3552 829 3605 illorum
860 3550 1326 3605 recomnmnicare
1360 3550 1631 3619 prtecepit.
1658 3547 1763 3603 Sed
1788 3548 1915 3617 quid

2016 3532 2124 3587 ullo
2157 3532 2412 3601 scrupulo
2442 3533 2491 3585 in
2517 3542 2807 3601 conspectu
2830 3532 3045 3587 concilii
3077 3546 3241 3601 super
3264 3546 3453 3586 omnes
3504 3533 3598 3601 qui

337 3652 527 3699 contra
549 3643 734 3697 illum?
766 3642 1007 3706 Scimus,
1042 3642 1167 3710 quia
1198 3654 1336 3709 pene
1365 3640 1528 3694 idiota
1560 3649 1665 3701 est.
1689 3649 1743 3694 et
1774 3639 1915 3693 mul-

1216 3654 1336 3694 mne
1365 3640 1528 3694 idiota
1560 3649 1665 3701 est.
1689 3649 1743 3694 ει
1774 3639 1915 3693 mut-
2015 3626 2260 3678 aderant.
2290 3624 2394 3678 Sed
2419 3624 2531 3694 jam
2560 3624 2848 3678 subiciant.

340 3744 518 3791 torum
562 3734 849 3789 criminum
881 3748 1037 3797 reus;
1078 3732 1306 3800 ideoque
1339 3729 1494 3798 juxta
1538 3730 1912 3792 Salomouem,

2088 3713 2384 3769 Veniamus
2414 3718 2480 3769 ad
2516 3716 3008 3779 consecrationem,
3040 3730 3224 3785 quam,
3256 3715 3601 3785 dispensante

337 3827 571 3881 vitamus
600 3825 762 3881 stulto
782 3824 1109 3895 respondere
1133 3824 1288 3893 juxta
1326 3823 1609 3878 stultitiam
1636 3838 1811 3888 suam,
1849 3818 1917 3878 ire

2023 3808 2155 3873 Deo,
2187 3823 2286 3879 per
2315 3810 2600 3879 episcopos
2643 3809 2973 3877 accepimus.
3002 3807 3255 3877 Nunquid
3289 3822 3387 3861 nos
3421 3805 3600 3869 aliter,

339 3916 544 3971 similes
566 3915 614 3969 ei
640 3915 937 3970 elliciamur
964 3914 1145 3985 (Prov.
1187 3915 1358 3982 xxvi).
1386 3912 1514 3976 Sed,
1537 3929 1606 3967 ne
1635 3914 1917 3967 videamur

2020 3915 2182 3970 quam
2215 3902 2461 3955 canonici
2495 3917 2906 3965 consecrantur,
2948 3901 3072 3970 quis
3113 3901 3375 3968 insipiens
3406 3899 3603 3953 audeat

339 4008 710 4071 succubuisse,
726 4007 1051 4078 respondere
1065 4006 1307 4061 volumus
1328 4006 1513 4067 stulto,
1540 4013 1594 4058 ut
1612 4007 1749 4059 idem
1766 4006 1909 4059 Salo-

2020 3992 2243 4047 dicere?
2271 3992 2458 4047 Nemo.
2485 3991 2618 4045 Nam
2653 3993 2897 4061 utrisque
2948 3992 2999 4044 in
3054 4006 3340 4055 commune
3384 3990 3605 4044 benedi-

339 4114 466 4154 ηιοη
496 4100 769 4161 admonet.
794 4098 951 4165 juxta
979 4097 1262 4153 εωιιίιίωη
1288 4112 1464 4160 suam,
1494 4112 1562 4151 ne
1577 4097 1789 4166 sapiens
1817 4096 1916 4150 sibi
2017 4083 2251 4136 ctionem
2276 4099 2304 4136 a
2332 4083 2560 4137 Domino
2578 4082 2784 4136 infundi
2808 4084 3094 4151 episcopus
3117 4081 3596 4149 obuixedcposcit.

338 4208 460 4249 esse
494 4194 741 4248 videam,
768 4192 969 4263 (un-,1.)
994 4212 1006 4246 ε
1057 4200 1112 4247 ει
1136 4201 1387 4261 patenter
1413 4192 1747 4245 ostendimus
1794 4206 1917 4246 eum
2018 4172 2087 4227 Et
2108 4173 2233 4227 dum
2255 4182 2541 4227 consecrat
2570 4173 2843 4242 sigillatim
2863 4213 2876 4235 ,
2904 4172 3101 4225 obnixe
3118 4172 3362 4239 deposcit
3386 4171 3600 4225 cunctis

343 4284 397 4338 in
432 4285 893 4352 rebaptizatorum
932 4292 1137 4338 sectam
1196 4282 1582 4338 miserabiliter
1623 4284 1911 4337 corruisse.

2020 4265 2414 4327 sacerdotibus,
2447 4264 2670 4318 dicens:
2694 4263 3109 4325 Consecrentur,
3135 4260 3380 4323 Domine,
3406 4262 3600 4314 manus

339 4373 444 4429 Sed
473 4390 577 4427 non
608 4374 823 4437 mirum,
844 4375 888 4426 si
918 4375 1099 4427 odium
1127 4372 1428 4426 fraternum
1457 4373 1561 4427 hoc
1588 4372 1913 4441 promeruit;

2022 4358 2156 4419 istm,
2191 4368 2251 4410 ut
2278 4356 2541 4425 quidquid
2594 4354 2995 4417 benedixerint,
3032 4353 3322 4407 benedicta
3371 4352 3504 4415 sint,
3548 4360 3604 4406 et

339 4479 459 4520 cum
472 4464 707 4519 Joannes
722 4464 879 4535 523
894 4464 1179 4535 Avpostolus
1190 4464 1415 4527 intonet,
1430 4463 1614 4517 dicens
1634 4480 1646 4515 :
1666 4483 1684 4513 ι
1696 4461 1919 4529 Quiodit
1952 4489 1971 4549 ι

1970 4448 2281 4547 )(ιυίι1ηιιί(1
2346 4447 2818 4506 consecraverint.
2888 4452 3209 4500 consecrata
3281 4442 3410 4497 sint.
3464 4443 3602 4497 Ecce

341 4555 566 4611 fratrem
587 4572 764 4621 suum,
792 4558 843 4611 iu
864 4534 1101 4612 tenebris
1116 4563 1218 4619 est,
1246 4566 1300 4609 et
1322 4554 1629 4609 intenebris
1652 4553 1913 4619 ambulat,
1952 4534 1973 4549 ³

1971 4534 1991 4547 ’
2022 4540 2325 4596 comnmnis
2371 4539 2698 4593 benedictio.
2740 4537 2891 4593 Unde
2927 4552 3055 4597 ergo
3088 4535 3421 4591 divortium?
3459 4534 3603 4589 Lou-

338 4656 395 4702 et
435 4650 608 4703 nescit
637 4664 743 4717 quo
772 4662 896 4713 eat;
942 4649 1199 4717 quoniam
1230 4649 1465 4701 tenebra:
1502 4646 1914 4700 obcmcaverunt

1071 4649 1199 4700 tiam
1230 4649 1465 4701 tenebra:
1502 4646 1914 4700 obcmcaverunt
2025 4649 2148 4703 8"!“
2174 4642 2256 4685 θδῑ
2286 4632 2385 4685 is”
2424 4631 2700 4700 Ρνοδθίῐιιί·

338 4740 525 4796 oculos
566 4712 682 4807 ejus
717 4740 764 4809 (Ι
788 4712 1091 4807 Journal)»
1112 4738 1218 4793 Sed
1241 4754 1309 4793 ne
1330 4739 1542 4805 longius
1567 4739 1743 4792 toxica
1772 4738 1915 4793 illius

2099 4724 2387 4779 Videamus
2419 4732 2730 4776 nostrorum
2759 4762 2773 4785 ,
2806 4712 3217 4789 vestrorumque
3247 4716 3605 4771 vestimento-

342 4832 533 4885 veneni
603 4839 843 4899 serpant,
899 4830 1187 4885 manifeste
1228 4830 1564 4885 ostendimus
1610 4837 1917 4886 antecesso-

2025 4830 2146 4869 rum
2177 4814 2425 4883 figuram.
2454 4812 2611 4881 Agite
2641 4822 2952 4879 utrumque.
2980 4810 3264 4879 Propheta:
3293 4816 3347 4861 et
3374 4806 3601 4875 apostoli

340 4920 491 4973 ribus
515 4898 715 4974 nostris
739 4935 849 4989 pra:
878 4920 1132 4975 omnibus
1158 4919 1394 4984 clericis,
1418 4920 1535 4973 haec
1574 4927 1915 4974 sacramenta
2026 4916 2214 4962 "OSU'O
2241 4922 2310 4960 πη
2344 4913 2527 4960 VCSlI‘O
2560 4906 2757 4959 Vestitu
2800 4904 2880 4957 "Si
2911 4904 3071 4955 51ml?
3101 4902 3351 4955 FOI'Silan
3376 4898 3601 4961 άίςοιὶς.

340 5008 491 5062 licita
516 5008 680 5063 fuisse
710 5009 1046 5078 contingere,
1075 5018 1129 5063 et
1157 5009 1505 5077 dispensare;
1542 5010 1685 5063 sicut
1715 5008 1768 5061 in
1807 5009 1917 5061 vita
2025 5011 2230 5057 nostro.
2266 5001 2332 5055 Et
2354 5001 2445 5055 ubi
2472 5008 2557 5055 est
2578 4998 2733 5063 illud,
2765 4997 2908 5067 quod
2942 4998 3007 5050 de
3035 4995 3151 5049 Elia
3191 4994 3422 5063 legitur:
3455 5011 3472 5043 ι
3507 4990 3605 5078 Vir

340 5097 400 5154 B.
440 5100 654 5155 Martini
682 5074 1064 5171 legium—quod
1087 5101 1154 5155 de
1183 5074 1310 5155 vino
1347 5116 1376 5154 a
1406 5101 1640 5170 quodam
1681 5101 1919 5154 anacho—
2022 5095 2249 5166 pilosus,
2316 5101 2367 5148 et
2409 5108 2542 5147 zona
2601 5090 2823 5162 pellicea
2874 5089 3149 5143 accinctus
3196 5087 3417 5141 renibus
3474 5074 3601 5155 (Ην

338 5201 459 5245 reta
497 5200 843 5257 consecrato,
881 5208 911 5246 a
962 5191 1218 5246 maximis
1240 5199 1296 5247 et
1352 5191 1752 5245 venerabilibus
1786 5190 1918 5244 viris
2020 5187 2147 5256 Reg.
2180 5203 2195 5241 ι
2226 5189 2274 5251 );
2326 5206 2343 5238 ι
2380 5195 2435 5241 ct
2466 5186 2533 5240 de
2560 5185 2696 5253 ipso,
2748 5193 2802 5236 et
2851 5182 3118 5236 similibus
3169 5180 3370 5235 Paulus
3416 5179 3594 5232 dicit:

341 5298 442 5351 pro
470 5282 846 5337 benedictione
872 5285 1262 5351 expetebatur:
1295 5293 1419 5336 ante
1437 5282 1591 5349 cujus
1614 5284 1757 5337 fores
1776 5297 1917 5351 saepe
2027 5299 2044 5330 ‹
2087 5280 2431 5334 Circniernnt
2480 5277 2533 5330 in
2595 5275 2837 5336 melotis.
2891 5275 3031 5328 etin
3086 5272 3315 5343 pellibus
3362 5271 3601 5343 caprinis

337 5384 395 5428 et
422 5376 682 5445 episcopi,
706 5386 761 5429 et
792 5376 1020 5430 comites
1057 5376 1447 5431 benedictionis
1488 5376 1658 5445 gratia
1723 5390 1915 5444 perno-
2022 5369 2209 5441 (Hebr.
2250 5370 2362 5437 si);
2400 5387 2417 5419 ι
2464 5376 2518 5421 ct
2541 5367 2605 5421 de
2631 5364 2837 5419 Joanne
2860 5365 3127 5434 Baptista,
3165 5365 3401 5419 Joannes
3437 5370 3603 5418 et'an-

338 5475 577 5522 ctarunt.
595 5465 957 5535 Telesphorus
980 5467 1209 5536 denique
1238 5465 1565 5535 apostolicus
1589 5480 1651 5517 ex
1684 5464 1917 5518 anacho-
2023 5460 2217 5529 gelista
2250 5476 2263 5512 :
2295 5476 2312 5508 ι
2349 5457 2491 5510 Zona
2512 5497 2527 5521 ,
2557 5456 2750 5524 inquit.
2786 5454 3034 5523 νθηίείητι
3066 5456 3210 5510 (εἷται
3237 5454 3450 5508 '“mbOS
3479 5449 3598 5518 eius

342 5556 479 5611 rctis
499 5555 665 5611 fuisse
691 5556 1108 5624 comprobatur;
1135 5556 1425 5625 Dionysius
1451 5555 1639 5618 etiam,
1665 5562 1719 5607 et
1746 5554 1919 5606 Adeo—
2024 5548 2240 5620 (Matth.
2260 5564 2350 5609 ut;
2378 5546 2546 5599 Marc.
2569 5553 2663 5615 ης»
2685 5544 2845 5599 Petro
2868 5561 3082 5616 quoque
3104 5545 3600 5615 angelusimperat:

341 5646 525 5713 datus,
558 5663 622 5702 ac
648 5648 959 5717 Stephanus
996 5662 1169 5716 nuper
1200 5645 1509 5709 defunctus,
1541 5660 1607 5699 ex
1640 5644 1919 5698 monachis
2030 5661 2047 5692 ι
2077 5640 2353 5705 Prmciugc
2381 5647 2451 5700 te,
2476 5645 2530 5690 et
2561 5636 2741 5690 calcca
2776 5647 2828 5689 te
2856 5636 3057 5706 caligas
3094 5645 3218 5691 tuas
3245 5635 3383 5704 (Art.
3411 5630 3542 5700 xu);
3568 5644 3602 5680 ι»

344 5735 513 5818 fuisse
541 5737 811 5808 leguntur.
851 5741 941 5806 qui
977 5749 1154 5794 tamen
1196 5738 1550 5807 apostolicam
1594 5736 1775 5792 sedem
1809 5734 1920 5795 πιο-
2028 5732 2093 5785 de
2122 5728 2272 5783 Pauli
2305 5742 2518 5798 quoque
2541 5741 2675 5780 zona
2710 5728 2925 5797 Agabus
2953 5726 3090 5780 dixit
3128 5744 3141 5779 :
3183 5743 3201 5777 ι
3232 5724 3418 5779 Virum
3440 5717 3606 5786 ‘cnju's

1954 5835 1991 5843 ν-η
