4148 5358
476 364 481 368 _
531 300 639 358 5l3

957 299 1016 357 ε.
1057 298 1260 355 PETRI
1296 258 1581 355 ιιειιιιέικι
1645 296 1797 355 ore.
1826 252 2131 355 retunsis

2284 294 2465 352 PARS
2497 294 2586 352 ιιι.
2619 250 2686 338 ιζ-
2708 294 3073 353 OPUSCL'LA
3121 294 3347 352 vanu.

3686 282 3796 355 διε

484 421 489 425 ’
533 419 650 474 hare
672 432 810 472 zona
845 386 952 483 est,
979 415 1159 488 μικιωί
1207 416 1260 470 in
1294 414 1638 473 Hierusalem
1690 414 2007 487 alligabunt,
2036 420 2110 467 ret
2136 417 2186 477 Α
2213 422 2388 471 torum
2426 412 2644 466 Patrum
2676 410 2904 467 instituti
2938 403 3219 483 exemplis,
3250 412 3447 483 quibus
3472 421 3555 468 est
3582 415 3795 484 pericu.

537 509 757 564 tradent
808 506 861 561 in
917 521 1111 561 manus
1167 506 1406 577 gentium
1445 505 1587 576 (Act.
1645 504 1780 576 ut).
1824 524 1843 557 ι
1902 503 2109 558 ﬂorum
2154 552 2155 555 η

537 615 667 671 ergo
691 598 914 652 Patrum
938 597 1252 657 indumenta
1269 597 1578 652 nullatenus
1602 596 1918 651 nominatim
1934 594 2112 665 Scrip-

538 702 658 748 tura
702 697 952 761 poneret,
1003 689 1109 745 nisi
1140 690 1225 744 eis
1259 689 1510 761 privatim
1549 688 1631 743 usi
1665 687 1911 743 fuissent.
1959 686 2114 754 Quod

488 851 492 855 ι
536 782 582 838 si
610 782 766 838 vobis
795 780 1019 835 dubium
1040 778 1273 845 videtur,
1314 778 1504 835 saltem
1534 788 1839 834 vestrorum
1878 776 2115 847 partium

538 873 857 929 testimonio
907 887 1094 926 aurem
1122 873 1547 927 accommodate.
1586 870 1773 941 Legite
1799 868 2114 927 collationes

538 963 787 1028 Patrum,
818 976 954 1033 quas
980 962 1280 1016 Eucherius
1305 960 1679 1031 Lugdunensis
1712 959 1996 1028 episcopus
2021 958 2116 1013 cli-

540 1069 688 1110 mato
707 1069 959 1110 sermone
984 1053 1301 1108 abbreviare
1323 1052 1551 1119 studuit;
1571 1060 1627 1107 et
1650 1052 1694 1108 si
1714 1052 1869 1106 nobis
1895 1051 2119 1107 credere

550 1161 659 1199 non
687 1143 870 1207 vultis,
906 1141 1099 1197 saltem
1127 1140 1275 1195 illius
1298 1141 1490 1195 litterm
1512 1141 1737 1196 credite.
1756 1139 1889 1194 Nam
1913 1151 2120 1204 nos,co

515 1237 784 1306 doctore,
836 1235 977 1289 luuic
1013 1233 1265 1303 paginam
1294 1233 1660 1295 exaravimus.
1701 1232 1872 1302 lgitur
1892 1248 1998 1288 non
2034 1247 2121 1288 so-

543 1325 652 1379 lmn
678 1326 966 1396 praedictos
990 1324 1178 1380 Patres
1205 1325 1257 1379 in
1288 1322 1484 1379 vestitu
1514 1324 1818 1394 sequimur,
1851 1324 1946 1379 sed
1974 1323 2122 1379 insu-

542 1430 642 1487 per
686 1414 1126 1471 sublimisSimam
1173 1415 1433 1470 caelorum
1463 1414 1717 1481 curiam,
1775 1416 1918 1486 quod
1972 1414 2122 1471 vobis
2158 1454 2161 1457 -

545 1507 738 1566 durum
777 1506 1098 1561 estaudire.
1133 1504 1416 1575 Scraphim
1465 1506 1693 1571 scilicet,
1747 1507 1869 1576 quis
1914 1506 2124 1563 dubitet

480 1664 483 1667 Α
552 1610 648 1651 sex
679 1595 792 1650 alas
826 1596 1070 1650 habere?
1094 1596 1307 1651 dicente
1337 1596 1615 1666 Scriptura
1642 1615 1654 1651 :
1690 1615 1707 1646 ι
1742 1595 1849 1651 Sex
1871 1596 1968 1651 alae
2005 1596 2120 1661 uni,

545 1694 601 1738 et
648 1700 741 1739 sex
791 1684 889 1738 ala:
941 1684 1094 1739 alteri
1124 1684 1259 1753 (Ira.
1301 1684 1396 1757 vr).
1427 1705 1446 1738 ι
1484 1686 1770 1741 Enimvero
1813 1695 1869 1741 et
1904 1700 2002 1741 nos
2028 1700 2123 1740 sex

2212 504 2545 571 losissimum
2589 501 2871 571 refragari,
2904 502 3173 557 credimus
3209 518 3239 556 a
3268 502 3640 558 sacerdotibus
3680 519 3802 560 mo-

2213 594 2405 653 nachis
2452 592 2650 663 ligandi
2692 591 3040 662 solvendique
3081 592 3337 660 ofﬁcium,
3375 594 3487 648 Deo
3511 603 3794 663 operante,

2185 746 2188 749 .
2214 691 2376 763 digne
2405 688 2795 755 administrari,
2822 688 2869 741 si
2891 700 2985 744 eos
3012 688 3170 759 digne
3195 688 3482 759 contigerit
3506 689 3611 744 hoc
3638 676 3804 743 mini-

2170 837 2174 840 ,
2215 780 2385 837 sterio
2403 777 2704 837 sublimari.
2722 778 2875 844 Quod
2898 778 3274 833 incunctanter
3299 777 3532 834 allirmat
3554 779 3800 849 quisquis

2215 878 2417 926 statum
2445 868 2830 923 monachowm
2869 877 2919 922 et
2948 867 3189 922 habitum
3224 876 3655 938 potestatemque
3687 867 3802 922 evi-

2216 962 2410 1018 denter
2458 960 2784 1018 considerat.
2833 959 2994 1016 Verbi
3051 961 3264 1031 gratia,
3321 972 3543 1032 angelus
3589 960 3801 1025 Graece,

2217 1050 2411 1106 Latine
2450 1050 2674 1107 nuntius
2720 1060 2896 1105 sonat.
2944 1049 3267 1106 Sacerdotes
3317 1050 3501 1120 igitur,
3553 1050 3805 1104 monachi

2219 1147 2381 1209 atque
2426 1139 2692 1203 canonici,
2746 1141 2839 1208 qui
2889 1140 3132 1209 quotidie
3165 1140 3260 1194 Dei
3303 1148 3571 1209 praecepta
3610 1138 3806 1209 populo

2218 1230 2491 1295 nuntiant,
2541 1229 2718 1299 angeli
2764 1240 3044 1295 vocantur,
3094 1231 3301 1285 ratione
3346 1246 3452 1286 non
3482 1231 3800 1301 incongrua.

2222 1322 2328 1378 Sed
2363 1324 2729 1393 unusquisque
2774 1322 3050 1393 angelicas
3075 1323 3230 1389 ordo,
3263 1331 3469 1393 quanto
3495 1322 3804 1378 claritatem

2220 1410 2318 1467 Dei
2346 1412 2573 1467 vicinius
2600 1412 3015 1483 contemplatur,
3049 1422 3200 1468 tanto
3229 1412 3422 1481 majori
3451 1414 3650 1468 virtute
3687 1415 3809 1484 ejus

2221 1503 2488 1559 divinitati
2530 1490 2831 1568 adbicrens,
2880 1503 2999 1559 sine
3027 1504 3207 1558 “dubio
3258 1503 3542 1559 roboratur
3573 1521 3585 1556 :
3616 1518 3807 1559 eorum

2223 1594 2504 1650 cherubim
2552 1592 2686 1649 ordo
2731 1594 2963 1648 eximius
3007 1594 3354 1665 praedicatur,
3404 1609 3636 1663 quorum
3676 1594 3811 1667 figu-

2222 1700 2340 1740 ram
2368 1686 2754 1739 monachorum
2800 1684 2978 1741 cultus
3006 1694 3379 1756 competenter
3409 1686 3613 1741 habere
3653 1699 3806 1757 com-

547 1774 649 1830 alis
694 1775 956 1841 velamur,
1001 1775 1251 1832 videlicet
1302 1776 1511 1832 duabus
1538 1776 1592 1832 in
1618 1778 1813 1848 capite,
1837 1786 1891 1833 et
1916 1778 2123 1834 duabus
2151 1776 2198 1837 Β
2225 1776 2511 1846 probatur.
2543 1773 2676 1828 Nam
2723 1776 2800 1829 uti
2840 1776 3142 1843 cherubim,
3191 1777 3265 1831 ita
3300 1777 3548 1832 monachi
3581 1791 3676 1830 sex
3710 1775 3814 1831 aiis

547 1865 771 1932 dextera
801 1867 1056 1936 laevaque,
1094 1876 1151 1921 et
1182 1867 1391 1923 duabus
1411 1880 1557 1935 ante,
1583 1877 1638 1922 et
1660 1877 1824 1923 retro.
1855 1868 1912 1923 Si
1942 1877 2124 1923 autem
2163 1934 2169 1945 ἢ

546 1959 665 2025 haec
699 1958 1032 2013 incredibilia
1062 1958 1211 2015 vobis
1235 1960 1507 2027 videntur,
1531 1960 1829 2031 perquirite
1857 1961 1999 2031 quod
2024 1959 2124 2016 Bo-

548 2053 778 2107 nifacius
820 2053 871 2106 in
923 2062 1229 2106 nostrorum
1262 2052 1488 2108 tuitione
1519 2054 1852 2123 composuit;
1881 2061 1936 2108 et
1963 2053 2006 2108 si
2033 2054 2129 2108 ad-

549 2145 656 2199 huc
685 2144 960 2199 contraire
1013 2143 1191 2207 vultis,
1246 2159 1464 2199 morum.
1508 2155 1813 2201 vestrorum
1861 2161 1927 2200 ac
1964 2145 2129 2201 vesti~

549 2246 854 2289 mentorum
905 2242 1158 2289 auctores
1198 2247 1265 2288 ex
1310 2235 1632 2290 auctoritate
1654 2234 1874 2290 Patrum
1900 2235 2125 2290 edicite:

548 2335 605 2382 et
633 2328 775 2397 quod
822 2328 975 2381 nobis
1022 2327 1316 2398 apponitis,
1356 2326 1684 2389 testimoniis
1711 2328 1970 2396 probate:
2001 2325 2131 2381 etsi

548 2418 659 2471 vita
714 2432 897 2473 emnes
946 2417 1129 2482 fuerit,
1181 2417 1375 2473 altiora
1418 2433 1581 2489 quam
1612 2418 1870 2485 diximus,
1909 2416 2132 2488 iuvante

551 2510 684 2577 Deo,
713 2511 937 2566 dicenda
962 2519 1201 2580 sperate.

888 2620 970 2677 Sit
1003 2635 1189 2675 nomen
1219 2618 1433 2676 Domini
1459 2620 1805 2676 benedictum.

747 2805 1103 2878 525-526
1138 2774 1433 2864 necne-run
1466 2820 1729 2861 nomnen
1777 2820 1944 2860 ιηιιιιε.

544 2914 709 3009 Quod
736 2944 975 2997 monachi
1004 2942 1308 3013 presbyterii
1333 2942 1529 3013 honore
1555 2941 1807 3006 decorati,
1837 2948 2138 3013 potestatem

544 3020 548 3025 ’
622 3015 811 3082 habent
840 3009 1039 3082 ligandi
1064 3024 1110 3066 et
1137 3009 1386 3066 solvendi.
1435 3011 1532 3082 (Ab
1573 3012 1883 3082 auctoritate
1911 3009 2140 3080 Bonifa-

618 3086 691 3140 tii
716 3083 742 3137 1
765 3081 820 3152 ν,
855 3080 1010 3138 Poni.
1045 3081 1192 3137 Max.
1224 3083 1312 3149 iti,
1335 3098 1424 3152 qu.
1446 3080 1505 3147 Vl,
1536 3098 1622 3153 ap.
1654 3080 1808 3136 Decr.
1836 3080 2012 3151 Grut.)

630 3237 650 3269 σ
684 3218 825 3272 Sunt
852 3215 1090 3272 nonnulli
1129 3215 1274 3270 nullo
1313 3216 1562 3287 dogmate
1603 3213 1746 3277 fulti,
1777 3213 2138 3269 audacissime

553 3307 797 3378 quidem,
847 3308 963 3362 zelo
1017 3307 1188 3377 magis
1228 3306 1605 3362 amaritudinis
1643 3320 1806 3375 quam
1836 3304 2139 3360 dilectionis

554 3399 890 3465 inﬂammati,
922 3409 1227 3453 asserentes
1259 3399 1577 3461 monachos,
1606 3397 1731 3467 quia
1759 3396 1959 3451 mundo
1989 3411 2138 3450 mor-

558 3493 636 3547 tui
663 3500 788 3547 sunt
827 3501 880 3545 et
910 3490 1019 3567 Deo
1060 3490 1267 3557 vivunt,
1324 3488 1674 3545 sacerdotalis
1716 3486 1873 3542 oflicii
1905 3488 2140 3558 potentia

559 3589 841 3657 indignos;
877 3601 1048 3655 neque
1096 3584 1496 3656 paenitentiam,
1544 3598 1717 3652 neque
1760 3580 2138 3636 Christianita—

546 3689 667 3735 -tem
698 3678 902 3749 largiri,
937 3691 1110 3747 neque
1154 3675 1433 3731 absolvere
1470 3689 1628 3743 posse
1663 3688 1760 3743 per
1794 3671 2142 3731 sacerdotalis

558 3766 719 3838 ollicii
752 3768 1007 3822 divinitus
1043 3766 1146 3821 sibi
1194 3764 1487 3834 injunclam
1521 3773 1867 3836 potestatem,
1894 3767 1987 3820 sed
2020 3778 2141 3820 om-

562 3860 692 3914 nino
724 3858 995 3917 labuntur.
1021 3856 1156 3913 Nam
1188 3857 1230 3911 si
1263 3873 1329 3914 ex
1371 3858 1474 3913 hac
1522 3873 1685 3913 causa
1710 3865 1924 3914 veteres
1962 3856 2143 3912 aemuli

563 3966 690 4007 vera
718 3949 1096 4021 prmdicarenl,
1134 3949 1443 4019 apostolicae
1472 3964 1695 4020 compar
1720 3950 1865 4006 sedis
1891 3949 2136 4006 beatissi-

566 4057 686 4095 mus
711 4036 1003 4109 Gregorius
1024 4040 1340 4096 monachico
1365 4040 1511 4096 cultu
1530 4040 1758 4111 pollens,
1783 4040 1851 4095 ad
1872 4055 2142 4095 summum

562 4133 867 4188 nullatenus
916 4133 1121 4203 apicem
1168 4132 1579 4199 conscenderet,
1631 4132 1717 4188 cui
1758 4133 1977 4203 quidem
2029 4131 2147 4190 haec

564 4224 759 4295 ligandi
792 4224 1142 4294 solvendique
1177 4232 1416 4293 potestas
1453 4241 1482 4278 a
1514 4225 1626 4280 Deo
1651 4239 1860 4280 summa
1891 4225 2146 4280 concedi-

566 4328 691 4373 tur:
724 4319 1056 4389 Augustinus
1076 4334 1290 4388 quoque
1317 4316 1557 4388 ejusdem
1595 4318 1923 4373 sanctissimi
1946 4317 2149 4390 Grego-

552 4409 632 4463 rii
676 4408 1009 4478 discipulus,
1060 4407 1354 4478 Anglorum
1402 4408 1726 4478 prmdicator
1771 4409 2061 4480 egregius:
2093 4417 2150 4463 et

2226 1867 2497 1923 velantur.
2529 1867 2746 1923 Duabus
2777 1868 2994 1938 quidem
3029 1870 3082 1923 in
3113 1868 3361 1939 capucio,
3402 1883 3510 1938 quo
3542 1876 3812 1936 caput-te-

2224 1961 2405 2032 gitur';
2436 1959 2556 2015 aliis
2586 1975 2717 2015 vero
2739 1959 2970 2026 duabus,
3009 1959 3204 2031 quibus
3228 1960 3391 2030 pedes
3420 1967 3695 2029 teguntur,
3721 1971 3816 2012 ve-

2233 2052 2553 2108 risimilibus
2600 2051 3006 2106 demonstratur
3049 2051 3461 2107 assertionibus.
3507 2048 3643 2103 Illud
3684 2058 3816 2103 vero

2239 2141 2481 2206 cucullzc,
2514 2142 2659 2211 quod
2702 2140 2940 2196 brachiis
2986 2141 3312 2206 ostenditur,
3342 2139 3475 2195 alias
3523 2138 3659 2193 duas
3704 2136 3819 2192 alas

2231 2246 2352 2289 esse
2380 2233 2629 2295 dicimus,
2652 2241 2708 2285 et
2735 2231 2786 2286 id
2814 2231 3052 2297 tandem,
3075 2232 3217 2302 quod
3241 2231 3455 2296 dicitur,
3487 2244 3581 2285 sex
3609 2228 3816 2285 alarum

2238 2340 2524 2381 numerum
2563 2324 2866 2379 certissime
2900 2324 3112 2394 impleri
3143 2308 3422 2378 asseritur.
3468 2322 3822 2378 Deeertantes

2233 2418 2400 2489 igitur
2420 2417 2735 2473 monasticae
2756 2414 3108 2486 professionis
3130 2416 3478 2486 presbyteros
3507 2413 3820 2470 sacerdota-

2233 2509 2301 2565 lis
2329 2509 2587 2581 potentize
2629 2507 2807 2563 arceri
2834 2505 3011 2562 omcio
3048 2507 3195 2563 omni
3243 2506 3401 2562 modo
3452 2504 3819 2575 praecipimus,

2235 2609 2295 2656 ut
2334 2600 2404 2655 ab
2433 2598 2737 2669 huiusmodi
2783 2597 3031 2654 nefandis
3081 2598 3302 2653 ausibus
3350 2596 3714 2667 reprimantur
3763 2594 3816 2647 in

2236 2698 2534 2762 posterum,
2571 2688 2697 2759 quia
2746 2699 2951 2759 quanto
2988 2689 3217 2759 quisque
3270 2695 3355 2742 est
3405 2684 3622 2752 celsior,
3674 2693 3827 2740 unm

2238 2789 2323 2837 est
2346 2789 2401 2835 et
2427 2780 2481 2836 in
2503 2780 2588 2835 his
2607 2780 2898 2851 potentior.

2307 2872 2603 2945 Episcopus
2654 2872 2815 2928 debet
2859 2884 3057 2927 canere
3106 2871 3328 2927 missam
3376 2869 3432 2924 in
3482 2866 3828 2924 ordinatione

2238 2965 2561 3038 presbyteri,
2590 2964 2842 3021 similiter
2878 2972 2934 3020 et
2962 2964 3131 3019 abbas
3156 2963 3213 3018 in
3243 2961 3587 3019 ordinatione
3628 2974 3823 3014 monaa

2241 3060 2361 3126 chi;
2399 3059 2527 3130 quia
2572 3058 2821 3114 remissio
2845 3066 3190 3127 peccatorum
3221 3063 3324 3112 est.
3363 3053 3591 3124 Propter
3614 3052 3719 3107 hoc
3744 3065 3829 3106 re-
3900 3046 3916 3060 '

2165 3128 2212 3193 ο
2242 3128 2453 3223 linquet
2487 3166 2581 3206 rex
2620 3166 2867 3222 regnum,
2908 3160 2965 3206 et
3007 3164 3250 3207 summus
3278 3145 3517 3217 pontifex
3546 3144 3829 3215 pontitiea-

2243 3252 2374 3308 tum,
2405 3241 2691 3313 episcopus
2735 3242 3126 3313 episcopatum,
3165 3255 3350 3296 comes
3391 3237 3728 3300 comitatum,
3771 3241 3829 3288 et

2241 3331 2397 3388 multi
2443 3332 2637 3387 divites
2686 3331 2970 3399 utriusque
3009 3344 3174 3384 sexus
3210 3343 3338 3382 suas
3366 3326 3743 3397 possessiones
3773 3323 3828 3377 in

2242 3424 2460 3488 saeculo,
2490 3433 2547 3478 et
2570 3422 2787 3478 venient
2833 3423 2885 3476 in
2930 3421 3321 3478 monasterium
3362 3419 3429 3472 ad
3481 3416 3827 3471 serviendum

2243 3515 2374 3568 Deo.
2404 3512 2567 3567 Absit
2617 3520 2678 3568 ut
2723 3510 3021 3566 monachus
3057 3509 3247 3564 vivens
3272 3507 3375 3562 sub
3398 3505 3582 3576 regula
3622 3502 3709 3558 vel
3741 3502 3833 3557 ab-

2241 3605 2388 3669 bate,
2413 3601 2734 3670 subjiciatur
2760 3600 2880 3658 aliis
2916 3599 3246 3656 hominibus.
3292 3596 3454 3652 Nefas
3491 3596 3828 3651 estdicere:

2242 3693 2539 3750 Monachus
2567 3707 2676 3747 non
2714 3690 2879 3747 habet
2904 3698 3230 3762 potestatem
3277 3688 3476 3759 ligandi
3519 3693 3681 3755 atque
3727 3684 3835 3740 sol-

2242 3784 2425 3850 vendi,
2469 3791 2531 3839 ut
2576 3782 2798 3855 quidam
2846 3780 3050 3845 dicunt,
3098 3781 3225 3850 quia
3257 3776 3453 3834 mortui
3504 3784 3653 3831 sunt.
3694 3775 3839 3832 Vere

2222 3873 2448 3947 mortui
2504 3880 2634 3929 sunt
2691 3870 2819 3927 huic
2881 3869 3110 3935 sreculo,
3179 3870 3322 3924 sicut
3373 3867 3546 3923 sancti
3606 3862 3835 3935 apostoli

2162 4014 2165 4016 .
2244 3967 2486 4023 fuerunt.
2540 3963 2793 4035 Nunquid
2844 3962 3019 4019 sancti
3075 3961 3305 4032 apostoli
3359 3975 3470 4015 non
3528 3957 3834 4012 habuerunt

2243 4066 2568 4130 potestatem
2620 4054 2819 4127 ligandi
2879 4063 2935 4110 et
2993 4052 3281 4118 solvendi,
3338 4065 3406 4106 ex
3450 4049 3647 4118 quibus
3698 4060 3839 4100 unus

2246 4150 2461 4206 dicebat
2506 4165 2522 4204 :
2565 4165 2585 4199 ι
2637 4145 2697 4203 Si
2742 4146 2885 4201 enim
2938 4145 3135 4199 mortui
3176 4145 3362 4199 sumus
3403 4157 3527 4197 cum
3575 4138 3835 4197 Christo.

2253 4241 2525 4297 credimus
2566 4239 2691 4310 quia
2726 4236 2886 4294 simul
2915 4238 3160 4293 vivemus
3198 4252 3322 4291 cum
3359 4234 3458 4290 eo?
3486 4253 3505 4286 ι
3534 4232 3706 4303 (Rom.
3737 4231 3835 4300 vr.)

2256 4327 2391 4396 Quis
2438 4327 2630 4383 melius
2672 4334 2850 4397 potest
2891 4326 3097 4391 dicere,
3139 4324 3350 4380 solvere
3376 4322 3463 4377 vel
3504 4321 3674 4391 ligare
3708 4332 3838 4387 pee-

2253 4430 2489 4487 cantem,
2521 4432 2682 4489 quam
2708 4419 2801 4488 qui
2828 4418 3036 4473 solutus
3064 4426 3196 4473 esta
3223 4417 3334 4471 Deo
3364 4431 3393 4469 a
3423 4414 3679 4484 peccatis.
3708 4409 3840 4478 Quis

554 4497 960 4559 ,l’annoniensis
989 4497 1250 4552 Martinus
1274 4499 1637 4564 beatissimus,
1665 4499 1817 4566 cujus
1844 4499 2149 4555 sanctitatis
2175 4474 2227 4535 D
2253 4512 2450 4568 melius
2473 4474 2619 4566 ξηιὶθι
2651 4474 2862 4565 animas
2890 4509 3023 4565 dare
3059 4510 3188 4575 Deo,
3217 4523 3391 4578 quam,
3410 4474 3499 4563 {ne
3535 4505 3628 4575 qui
3658 4503 3842 4575 ριιοιί-

568 4586 767 4644 famam
798 4587 952 4657 longe
983 4586 1196 4657 lateque
1227 4587 1476 4642 diffusam
1525 4596 1669 4643 totus
1707 4599 1962 4658 personat
1995 4604 2151 4644 mun-

551 4680 705 4745 ,dus;
737 4677 828 4734 alii
850 4692 1064 4748 quoque
1089 4677 1468 4749 quamplurimi
1512 4677 1614 4733 viri
1642 4677 1993 4744 sanctissimi,
2023 4694 2152 4749 pre-

570 4772 867 4828 tiosissimo
882 4771 1269 4828 monachorum
1297 4772 1483 4827 habitu
1507 4769 1793 4842 fulgentes,
1814 4786 2154 4843 nequaquam

572 4863 776 4918 annulo
803 4862 1096 4933 pontificali
1126 4863 1600 4919 subarrharentur.
1626 4861 1731 4917 Sed
1762 4864 1890 4933 quia
1906 4862 2157 4919 monachi

574 4938 1119 5014 fuerunt,'prtedictis
1143 4952 1222 5008 uti
1253 4951 1643 5014 prohibentur?
1677 4950 1863 5014 Neque
1901 4952 2044 5007 enim
2092 4953 2154 5007 Β.

2253 4618 2376 4659 ιιιιιε
2422 4611 2508 4657 est
2537 4600 2622 4656 ei?
2667 4599 2770 4668 Qui
2820 4600 3011 4656 dentes
3054 4599 3363 4669 hujusmodi
3415 4597 3655 4654 stridunt
3694 4594 3841 4650 eirea

2258 4693 2586 4758 monachos,
2634 4690 2877 4747 infelices
2925 4701 3079 4757 sunt,
3126 4699 3182 4746 et
3233 4691 3399 4746 verba
3447 4702 3636 4745 eorum
3679 4700 3839 4745 vana.

2258 4784 2365 4840 Sed
2388 4784 2569 4840 audite
2592 4799 2689 4839 cur
2735 4783 2862 4838 talia
2891 4782 3097 4840 dicunt.
3130 4782 3241 4838 Lex
3266 4784 3409 4839 enim
3439 4782 3602 4838 dicit:
3632 4779 3688 4836 Si
3718 4781 3841 4850 quis

2258 4877 2491 4932 clericus
2515 4876 2566 4931 in
2598 4874 2863 4949 adulterio
2890 4876 2973 4929 vel
3004 4875 3059 4930 in
3088 4876 3270 4945 aliquo
3294 4875 3521 4931 crimine
3547 4875 3713 4929 fuerit
3741 4873 3842 4928 de-

2257 4966 2582 5014 prehensus.
2607 4971 2703 5014 aut
2731 4963 2848 5014 inse
2874 4963 3171 5014 contemne-
3218 4975 3311 5014 aut
3337 4965 3410 5014 ab
3434 4965 3554 5014 aliis
3585 4963 3842 5014 revictns.
