4148 5358
385 316 487 372 5ιῖ

1155 320 1397 378 OPUSC.
1439 321 1630 376 XXIX.
1664 348 1735 363 —-
1763 320 1850 378 DE
1893 321 2023 376 VlLl
2067 319 2361 380 VESTITU
2402 321 2840 378 ECCLESIAST.

3516 318 3621 379 ste

382 431 475 502 qui
529 443 617 486 res
658 429 742 486 vel
791 430 1023 487 honores
1066 433 1322 490 Ecclesiae
1366 435 1685 492 subtrahere
1711 433 1957 499 voluerit,
1986 442 2032 496 Λ
2062 441 2117 489 et
2158 435 2309 503 sequi
2359 435 2546 500 Deum,
2585 436 2676 504 qui
2706 437 2874 491 dicit:
2906 454 2924 489 ι
2958 434 3142 492 Venite
3178 437 3246 492 ad
3289 451 3395 504 me,
3416 452 3542 494 omn

383 521 674 576 anathema
721 521 812 575 sit.
863 521 999 588 Quid
1035 523 1173 577 ultra
1207 524 1414 578 dicam?
1453 524 1853 580 Convertimini.
1889 535 1958 580 ιι

385 611 563 664 videte
584 610 707 680 quia
739 611 810 665 nil
840 611 1032 667 melius
1059 624 1139 667 est
1161 629 1321 683 quam
1362 613 1667 684 relinquere
1689 615 1954 682 saeculum

2063 535 2116 580 et
2140 540 2238 596 ego
2266 541 2360 582 vos
2391 527 2725 594 requiescere
2750 527 2942 582 faciam
2971 527 3182 599 (Matth.
3215 528 3311 600 XI).
3351 547 3370 582 ι

2403 616 2485 669 Sit
2512 632 2696 669 nomen
2731 617 2939 670 Domini
2966 619 3284 672 benedictum

396 749 3623 782 ——————-———————___.—_—_.—__—_____——__.

598 881 959 958 52”“
1027 902 1876 1022 OPUSCULUM
1959 825 2763 1026 VICESIMUM
2850 910 3395 1028 NONUM.

1233 1124 1333 1186 DE
1373 1124 1538 1187 VlLl
1582 1125 1920 1190 VESTITU
1962 1124 2774 1191 ECCLESIASTICORUM.

1818 1290 2196 1318 -ι--η

381 1406 777 1462 Ancuunnrul.
800 1435 871 1444 —
890 1400 1166 1460 Mainardo
1193 1403 1370 1459 abbati
1399 1403 1487 1477 qui
1510 1404 1918 1477 pretiosioribus
1942 1405 2181 1461 vestibus
2208 1405 2353 1461 indui
2396 1414 2769 1472 consueverat,
2806 1407 3042 1462 ostendit
3067 1423 3226 1477 quam
3272 1411 3340 1465 sit
3374 1411 3628 1468 ecclesia-

455 1478 604 1552 sticis
645 1477 794 1552 viris,
839 1483 908 1552 et_
935 1479 1230 1552 presertim
1277 1476 1553 1552 monachis
1595 1476 1926 1552 indecorum,
1971 1479 2412 1552 vestimentorum
2468 1476 3177 1552 speciositatemappetere.
3213 1479 3372 1552 Multa
3415 1498 3628 1552 quoque

452 1548 719 1621 ex'sacris
748 1546 942 1600 litteris
963 1547 1271 1615 deprompta
1296 1546 1536 1621 exempla
1567 1546 1803 1621 adducit,
1825 1561 1890 1600 ex
1911 1544 2106 1621 quibus
2138 1545 2418 1621 manifeste
2444 1544 2630 1621 probat
2661 1549 2767 1621 Deo
2805 1544 3106 1621 hujusmodi
3128 1551 3350 1603 vestium
3376 1544 3624 1621 pompam

453 1617 678 1670 invisam
703 1631 823 1670 esse
851 1633 864 1668 :
894 1630 1016 1686 cum
1046 1614 1234 1671 omnes
1250 1616 1424 1671 sancti
1464 1625 1571 1670 tam
1606 1614 1812 1671 Veteris
1856 1614 2018 1685 quam
2062 1614 2194 1670 Novi
2225 1614 2579 1684 'l'estamenti,
2611 1627 2666 1672 ct
2698 1619 2811 1686 ipse
2837 1614 3000 1674 etiam
3025 1620 3288 1686 Christus,
3317 1614 3514 1677 viliore
3537 1637 3629 1675 ve-

451 1687 582 1740 stitu
605 1686 678 1739 uti
702 1702 807 1741 nou
842 1685 1174 1740 erubuerint.

445 1824 651 1878 Domno
682 1822 961 1877 Musarum
1008 1820 1162 1875 fratri
1201 1821 1540 1890 charissimo,
1573 1822 1787 1879 Penus
1822 1839 1946 1895 pec.
1974 1833 2020 1894 Β
2048 1830 2102 1877 et
2151 1821 2206 1876 in
2259 1835 2376 1892 ipso
2426 1820 2722 1875 indumenti
2772 1821 3015 1878 cultioris
3049 1833 3265 1890 ornatu,
3309 1826 3426 1881 sine
3466 1827 3626 1880 dubio

378 1923 530 1970 calor
559 1915 854 1968 monachus
879 1911 1106 1968 salutem
1135 1912 1189 1966 in
1217 1913 1462 1967 Domino.

447 2006 692 2061 Tentatis
717 2014 772 2060 et
807 2013 1176 2074 competenter
1205 2004 1459 2058 adhibitis
1499 2005 1748 2060 omnibus
1783 2005 1952 2060 medi-

375 2100 510 2153 cina:
536 2086 842 2166 generibus,
897 2096 944 2149 si
988 2095 1273 2166 languidus
1317 2096 1496 2160 obeat,
1547 2112 1654 2151 non
1694 2105 1776 2150 est
1809 2097 1950 2151 unde

375 2191 640 2246 medicum
669 2187 999 2243 conscientia
1027 2187 1404 2256 reprehendat.
1446 2187 1597 2242 Fecit
1622 2188 1765 2240 enim
1791 2202 1950 2243 omne

374 2284 514 2353 quod
551 2283 747 2351 potuit,
792 2281 883 2350 qui
928 2289 1119 2334 cuncta
1163 2295 1284 2349 quae
1329 2280 1521 2334 decent
1567 2279 1948 2350 Archigenem,

373 2376 711 2430 curationum
761 2382 1074 2442 argumenta
1108 2373 1383 2442 persolvit.
1417 2371 1551 2425 Dum
1597 2371 1643 2425 is
1691 2386 1820 2440 ergo
1857 2371 1950 2439 qui

372 2467 642 2521 febricitat
687 2466 942 2530 moritur,
976 2465 1067 2535 qui
1106 2463 1331 2519 curandi
1373 2478 1566 2517 munus
1612 2461 1947 2532 impleverat,

369 2557 600 2612 crimine
647 2573 753 2610 non
803 2564 1031 2610 tenetur.
1073 2555 1226 2619 Nam,
1267 2555 1406 2624 quod
1435 2569 1589 2609 suum
1627 2563 1767 2618 erat,
1795 2553 1952 2607 indu-

366 2651 559 2704 striam
591 2650 725 2702 artis
765 2648 1027 2712 exhibuit,
1059 2656 1218 2715 atque
1249 2647 1366 2700 ideo
1404 2646 1684 2700 calumnia:
1713 2661 1819 2698 non
1855 2660 1950 2714 pa-
2029 2653 2039 2697 .’

370 2739 522 2794 tebit.
556 2739 654 2792 Diu
677 2737 812 2808 jam,
841 2737 1029 2799 frater,
1074 2743 1174 2800 cst,
1207 2749 1274 2788 ex
1315 2750 1421 2804 quo
1464 2735 1559 2788 tibi
1589 2735 1948 2803 pretiosarum
2015 2767 2039 2799 ,-

373 2831 602 2884 vestium
631 2838 793 2882 aestus
825 2825 1122 2890 incanduit,
1147 2834 1221 2889 et,
1256 2835 1316 2878 ut
1356 2826 1429 2878 ita
1458 2823 1667 2893 loquar,
1699 2824 1949 2878 ambitio-
1988 2900 1992 2904 _

370 2919 455 2972 nis
487 2927 592 2970 tua:
623 2917 833 2970 viscera
869 2925 1121 2984 tanquam
1148 2912 1409 2968 lethifera:
1448 2913 1614 2967 febris
1658 2914 1818 2966 ardor
1855 2927 1950 2966 ex-

366 3004 536 3058 coxit.
577 3003 688 3072 Ego
711 3010 892 3056 autem
925 3003 1019 3055 tibi
1045 3002 1186 3055 velut
1207 3002 1468 3064 medicus,
1495 3000 1619 3054 licet
1645 3001 1944 3069 imperitus,
1975 3012 1996 3061 ἢ

366 3106 424 3150 et
455 3095 630 3149 oleum
659 3093 794 3147 lenis
824 3104 984 3162 atque
1008 3093 1189 3147 suavis
1219 3091 1601 3145 admonitionis
1629 3091 1871 3155 adhibui,
1894 3103 1949 3146 et

2050 1927 2202 1968 vana:
2237 1912 2422 1982 gloriae
2448 1913 2870 1982 deprehenditur
2904 1915 3191 1983 appetitus.
3229 1916 3397 1971 Nemo
3427 1920 3626 1987 quippe

2050 2004 2159 2059 illic
2205 2004 2422 2060 anhelat
2467 2005 2719 2074 pretiosis
2773 2007 3013 2060 vestibus
3057 2007 3228 2072 indui,
3275 2010 3362 2062 ubi
3411 2010 3623 2064 alienus

2049 2111 2171 2152 eum
2199 2106 2450 2166 aspectus
2480 2106 2709 2167 nequeat
2745 2098 2960 2151 intueri.
2994 2098 3099 2152 Sed
3147 2101 3213 2153 ad
3253 2101 3354 2155 hoc
3400 2103 3628 2170 quisque

2050 2188 2365 2245 cultioribus
2403 2189 2732 2242 indumentis
2767 2188 3066 2242 enitescere
3097 2191 3446 2260 concupiscit,
3482 2202 3538 2243 ut
3569 2207 3627 2246 se

2048 2280 2362 2334 mirantium
2386 2278 2644 2332 nitidttlus
2657 2278 2888 2334 oblectet
2909 2287 3206 2348 aspectum,
3243 2289 3300 2332 ut
3326 2280 3623 2333 alienorum

2047 2380 2239 2442 pascat
2253 2371 2530 2424 illecebras
2547 2369 2822 2424 oculorum
2843 2385 2858 2434 ;
2875 2369 2966 2423 sed
2981 2371 3105 2422 dum
3128 2369 3322 2424 mulcet
3335 2371 3518 2425 oculos
3531 2385 3625 2424 exc

2052 2463 2318 2516 trinsecus
2334 2459 2878 2522 intuentium,interni
2894 2457 3094 2526 judicis
3109 2458 3332 2513 oll‘endit
3353 2461 3620 2514 obtutum.

2565 2550 2802 2605 CAPUT.
2833 2549 3121 2604 PRIMUM.
3516 2564 3518 2566 '

2279 2643 2478 2709 Quibus
2501 2644 2720 2697 restibus
2748 2640 2806 2696 S.
2838 2641 3073 2696 Ecclesia
3101 2641 3382 2697 delectetur

2119 2735 2306 2790 Solent
2336 2735 2492 2804 plane
2524 2744 2769 2804 potentes
2795 2733 2974 2786 surculi
3006 2733 3299 2802 phaleratis
3330 2733 3629 2801 obsequen-

2049 2823 2181 2877 tium
2208 2823 2440 2877 induviis
2470 2822 2752 2888 dclectari,
2785 2822 3083 2889 pnesertim
3121 2823 3164 2874 si
3209 2832 3498 2875 metator-es
3531 2823 3631 2875 bo-

2048 2913 2193 2982 spitii
2239 2913 2347 2966 sint
2397 2912 2700 2975 mirabiles,
2733 2911 2778 2965 si
2826 2911 3137 2980 prmambnli
3181 2913 3380 2981 quique
3429 2913 3628 2966 diversi

2046 3003 2224 3057 cultus
2251 3001 2428 3072 specie
2465 3002 2749 3055 videantur
2784 3003 3042 3072 insignes.
3077 3001 3182 3056 Sed
3211 3003 3486 3056 videamus
3522 3017 3632 3055 ine-

2048 3100 2276 3146 tatorem
2327 3091 2525 3146 Christi
2575 3091 2858 3158 Joannem,
2901 3093 3239 3146 attendamus
3291 3093 3429 3162 regis
3477 3109 3632 3163 egre-

369 3191 600 3236 attstera:
629 3180 984 3249 correptionis
1017 3181 1200 3233 viuum
1242 3178 1552 3246 frequenter
1601 3176 1788 3231 infudi.
1838 3178 1947 3233 Nec
1973 3181 2017 3242 C
2050 3181 2192 3249 giutn
2240 3196 2665 3250 praecursorem:
2701 3181 2792 3249 qui
2847 3181 3102 3234 nimirum
3143 3181 3352 3250 pracivit
3402 3197 3522 3235 eunt
3574 3183 3628 3236 in

361 3271 772 3340 Scripturarum
813 3269 907 3324 tibi
951 3268 1168 3323 defuere
1214 3269 1506 3337 pigmenta,
1553 3283 1778 3334 quarum
1828 3282 1949 3321 sen-

373 3363 570 3415 tentias
608 3361 733 3415 dum
765 3375 1034 3428 exponere
1076 3360 1276 3423 studui,
1315 3358 1458 3412 velut
1501 3357 1823 3410 aromaticas
1854 3358 1947 3412 tibi

373 3452 578 3522 species
612 3451 836 3521 pindere
867 3448 1145 3522 [pandere]
1179 3464 1283 3502 non
1327 3447 1554 3502 cessavi.
1591 3447 1659 3500 Et
1690 3449 1947 3516 quoniam

370 3555 471 3611 ego
498 3557 618 3595 cum
649 3541 859 3596 caeteris
905 3539 1186 3605 fratribus,
1216 3538 1412 3592 vilibus
1453 3552 1634 3592 coram
1666 3546 1716 3592 te
1751 3537 1949 3593 fuimus

367 3635 605 3688 contenti
654 3649 867 3704 semper
909 3633 1138 3701 exuviis,
1168 3633 1294 3688 dum
1325 3631 1428 3686 feci
1465 3630 1614 3700 prius
1663 3631 1776 3699 ipse
1803 3629 1947 3699 quod

368 3724 573 3788 monui,
605 3725 753 3792 quasi
785 3724 933 3792 prius
957 3724 1252 3778 antidotum
1281 3724 1388 3778 bibi
1417 3738 1432 3776 :
1472 3724 1656 3792 sicque
1683 3733 1737 3777 te
1764 3722 1831 3776 ad
1870 3723 1947 3776 bi-

365 3814 600 3870 bendum
629 3815 770 3883 quod
800 3817 1208 3884 propinaveram
1240 3815 1546 3884 provocavi.
1587 3812 1692 3867 Sed
1723 3821 1776 3867 et
1813 3828 1947 3867 cau-

365 3907 563 3959 terium
616 3915 889 3974 postremo
933 3905 1231 3959 adustionis
1279 3904 1548 3974 impressi,
1605 3905 1730 3958 dum
1782 3903 1945 3957 nitori

370 3998 605 4052 vestium
635 3997 784 4065 ignes
815 4005 1076 4050 tartareos
1108 3995 1386 4059 minitans,
1418 3996 1700 4050 intentavi.
1751 3995 1945 4048 Annon

367 4087 672 4143 adustionis
725 4087 929 4140 ferrum
979 4085 1232 4140 divitibus
1282 4084 1621 4151 imprimebat
1672 4081 1940 4147 Jacobus,

366 4194 487 4234 cum
519 4185 574 4232 et
608 4177 694 4232 hic
731 4186 907 4232 vestes
953 4177 1130 4240 tineis,
1179 4183 1234 4230 et
1285 4176 1393 4230 illic
1447 4190 1638 4229 carnes
1684 4175 1947 4230 incendiis

364 4270 626 4326 obnoxias
656 4268 990 4340 perhibebat,
1029 4267 1215 4322 dicens
1241 4284 1252 4319 :
1287 4286 1306 4318 ι
1337 4266 1492 4336 Agite
1539 4282 1702 4332 nunc,
1733 4267 1943 4334 divites,

363 4368 417 4415 et
446 4358 672 4428 plorate,
702 4357 967 4412 ululantes
1013 4357 1066 4411 in
1114 4357 1349 4412 miseriis
1385 4355 1596 4420 vestris,
1631 4371 1750 4426 quae
1780 4357 1944 4411 adve-

363 4449 512 4503 nient
540 4449 713 4503 vobis.
739 4447 946 4501 Divitiae
973 4457 1167 4502 vestra:
1190 4447 1510 4517 putrefacta:
1533 4455 1677 4512 sunt,
1703 4455 1758 4501 et
1784 4447 1946 4502 vesti-

2048 3271 2238 3340 spiritu
2295 3280 2350 3325 et
2399 3273 2597 3325 virtute
2653 3272 2783 3324 Elia:
2835 3269 2996 3343 (Luc.
3029 3271 3125 3340 ι),
3183 3283 3240 3324 υι
3285 3281 3629 3326 Converteret

2047 3361 2206 3415 corda
2241 3371 2449 3430 patrum
2480 3363 2529 3414 in
2563 3361 2718 3425 filios,
2755 3369 2806 3414 et
2837 3361 3140 3416 incredulos
3187 3363 3252 3414 ad
3288 3364 3624 3430 prudentiam

2041 3448 2328 3518 justorutu.
2363 3449 2762 3518 Perpendamus
2806 3451 3018 3520 itaque,
3065 3451 3360 3519 imperator
3402 3453 3524 3506 (ξαειὶ
3574 3464 3630 3506 ct

2050 3547 2228 3606 terra},
2272 3541 2470 3608 quibus
2502 3544 2681 3610 praevii
2721 3545 2999 3596 metatoris
3046 3543 3157 3596 suis
3204 3545 3442 3598 vestibus
3481 3546 3624 3598 delc-

2046 3636 2259 3693 ctetur;
2314 3628 2430 3690 scd,
2460 3628 2751 3700 Evangelio
2788 3639 3038 3695 testante,
3081 3633 3456 3700 cognoscimus
3500 3633 3625 3701 quia

2045 3719 2424 3773 vestimentum
2473 3718 2588 3787 ejus
2628 3720 2751 3791 pilis
2783 3723 3126 3776 inhorruerat
3156 3723 3505 3777 camelorum.
3550 3726 3624 3778 De

2046 3809 2210 3879 529
2236 3826 2341 3879 quo
2371 3810 2620 3866 Salvator
2648 3828 2661 3865 :
2701 3830 2721 3863 ι
2754 3813 2912 3880 Quid,
2940 3814 3143 3883 inquit,
3193 3817 3381 3870 existis
3425 3817 3476 3869 in
3527 3816 3620 3869 de-

2046 3910 2252 3956 sertmn
2295 3901 2514 3957 videre?
2544 3905 2817 3957 hominem
2860 3904 3107 3959 mollibus
3149 3905 3438 3960 vestitum?
3487 3907 3626 3960 Ecce

2045 3996 2136 4064 qui
2195 3995 2442 4050 mollibus
2488 3997 2790 4050 vestiuntur
2849 3996 2903 4050 in
2962 3999 3207 4052 domibus
3263 4014 3446 4067 regunt
3498 4008 3624 4051 sunt

2048 4085 2262 4158 (Matth.
2282 4103 2340 4140 ιιι
2359 4103 2374 4151 ;
2395 4085 2619 4140 Marc."
2641 4086 2798 4150 ;Luc.
2827 4091 2942 4156 vn).
2968 4105 2985 4136 ι
3012 4088 3090 4140 Ac
3118 4088 3162 4140 si
3192 4088 3474 4141 manifeste
3503 4103 3624 4156 per-
3679 4104 3684 4109 '

2048 4177 2252 4238 hibeat,
2283 4177 2406 4245 quia
2432 4193 2534 4231 non
2564 4176 2818 4239 cmlestis,
2837 4176 2929 4231 sed
2956 4177 3154 4230 terreni
3187 4179 3328 4247 regis
3345 4179 3487 4248 digni
3520 4179 3616 4230 de-

2048 4276 2342 4320 cernuntur
2371 4266 2662 4336 obsequiis,
2705 4267 2796 4336 qui
2840 4268 2908 4322 ad
2959 4283 3112 4321 vana:
3157 4268 3343 4338 gloriae
3387 4270 3617 4322 nitorem
3653 4252 3658 4256 ’

2047 4360 2316 4413 accuratis
2331 4359 2513 4413 ornari
2537 4359 2772 4426 gestiunt
2793 4359 3141 4414 indumentis.
3161 4359 3408 4414 Mollihus
3423 4362 3621 4428 quippe

2047 4447 2286 4504 vestibus
2317 4447 2709 4521 regalis_,aula;
2743 4448 2949 4517 asperis
2985 4456 3039 4502 et
3069 4447 3284 4502 incultis
3325 4448 3623 4503 delectatur

364 4550 543 4596 menta
591 4549 769 4594 vestra
818 4554 848 4593 a
892 4539 1054 4593 tineis
1097 4548 1334 4594 comesta
1368 4547 1514 4604 sunt,
1565 4554 1755 4592 aurum
1778 4548 1834 4594 et
1858 4554 1944 4593 ar-
1971 4527 2022 4586 D
2046 4538 2306 4594 Ecclesia.
2356 4557 2373 4588 ι
2420 4537 2608 4593 Omnis
2634 4538 2776 4592 enim
2823 4536 2991 4607 gloria
3018 4536 3134 4605 ejus
3163 4538 3284 4592 filia:
3332 4554 3515 4606 regunt
3545 4539 3613 4591 ab

365 4639 582 4700 gentum
613 4640 848 4686 vestrum
877 4629 1215 4700 aaruginavit,
1261 4639 1316 4684 et
1357 4645 1538 4699 aerugo
1560 4644 1746 4684 eorum
1775 4630 1828 4683 in
1866 4639 1942 4685 te-

363 4726 672 4779 stimonium
704 4723 858 4778 vobis
885 4723 1012 4787 erit,
1057 4730 1110 4776 et
1133 4721 1480 4776 manducabit
1517 4737 1708 4776 carnes
1733 4730 1944 4776 vestras

363 4817 502 4871 sicut
541 4818 678 4886 ignis
702 4816 842 4887 (Jac.
875 4815 958 4878 tt).
994 4835 1012 4867 ι
1045 4799 1318 4869 Metalrum
1349 4816 1568 4885 quippe,
1615 4815 1756 4884 quod
1802 4830 1945 4869 nunc

361 4922 458 4977 per
486 4909 768 4962 avaritiam
802 4908 1126 4976 possidetur,
1158 4917 1285 4962 tunc
1325 4907 1376 4962 in
1414 4907 1643 4963 laminas
1671 4907 1940 4962 vertitur:

362 5010 415 5052 et
432 5015 576 5064 caro,
596 5017 714 5070 qua:
741 5015 885 5054 nunc
910 5000 1104 5054 fucatis
1125 5001 1364 5054 vestibus
1393 5002 1706 5066 adornatur,
1725 4999 1942 5054 ﬂamma

363 5091 702 5156 postmodum
733 5089 998 5144 stridente
1026 5090 1368 5158 perfricatur.
1401 5091 1593 5146 Annon
1624 5090 1942 5147 medicinale

363 5179 745 5236 ferramentum
789 5179 1066 5234 ambitioni
1112 5182 1340 5236 vestium
1379 5184 1542 5237 etiam
1572 5183 1819 5239 Salvator
1845 5199 1941 5251 ap-

2047 4635 2192 4689 intus
2218 4633 2393 4704 (Psal.
2430 4635 2576 4706 χιιι)
2611 4653 2624 4690 2
2658 4653 2675 4685 ι
2705 4634 2942 4687 Ecclesia
2975 4635 3263 4703 siquidem,
3287 4633 3370 4685 vel
3396 4648 3622 4700 qumque

2047 4725 2220 4780 ﬁdelis
2250 4727 2450 4791 anima,
2495 4742 2612 4795 qua:
2647 4733 2702 4778 et
2741 4724 2852 4792 ipsa
2893 4735 3204 4779 sanctorum
3257 4722 3619 4790 apostolorum

2046 4823 2131 4870 est
2157 4815 2284 4880 ﬁlia,
2318 4831 2424 4870 non
2452 4817 2789 4870 extrinsecus
2814 4814 3136 4880 enitescere,
3162 4811 3253 4865 sed
3277 4818 3466 4863 ornata
3493 4825 3629 4879 gau-

2046 4909 2139 4963 det
2165 4909 2217 4962 in
2244 4908 2437 4964 occulti
2452 4908 2656 4978 judicis
2689 4905 2972 4959 obtutibus
2997 4917 3275 4975 apparere.
3309 4901 3420 4968 Nec
3475 4899 3629 4954 ohle-

2044 5009 2228 5054 ctatur
2251 4999 2430 5052 fucata
2456 4992 2858 5067 pulchritudine
2887 4994 3139 5058 vestium,
3170 4991 3262 5046 sed
3293 4987 3628 5044 rutilantium

2047 5087 2310 5160 gloriatur
2348 5089 2609 5142 varietate
2632 5084 2919 5138 virtutum.
2945 5083 3023 5138 D‘e
3048 5099 3150 5153 qua
3176 5079 3338 5137 etiam
3370 5080 3635 5135 varietate

2047 5180 2332 5246 Scriptura
2361 5178 2711 5248 prosequitur
2738 5185 2751 5220 ε
2793 5186 2813 5219 ι
2851 5171 2910 5223 ln
2939 5173 3166 5230 fimbriis
3189 5173 3370 5226 aureis
3401 5169 3640 5226 circum-

2397 5275 2495 5288 -.-ι
2561 5260 2706 5288 ιιι-ιιι
2750 5255 2767 5288 \
2829 5275 2847 5288 ι
2877 5261 2971 5288 \7:,.
3000 5265 3178 5288 μυεῖ..-
3203 5263 3525 5288 ...ι-ιηοησιιννι
3547 5277 3610 5288 ..η
