4132 6324
605 291 715 349 819

607 428 892 483 charitatis
929 429 1150 499 ignitur,
1175 431 1418 506 dirotini,
1460 432 1573 487 sive
1602 433 1686 488 bis
1715 433 1863 487 tineti
1887 434 2064 489 crocei
2086 450 2179 488 ru-
2211 422 2260 476 Α

606 521 740 574 bore
765 518 1139 586 perfunditur;
1172 535 1293 575 cum
1317 536 1445 575 vero
1475 521 1558 576 vel
1594 523 1662 576 ab
1690 523 1792 578 hoc
1816 524 2010 578 saeculo
2057 523 2180 578 fun-

607 611 750 667 ditus
801 609 1137 676 mortificari,
1190 613 1272 666 vel
1324 615 1686 668 consummari
1735 631 1832 684 per
1858 619 2178 686 martyrium

603 700 757 755 avide
772 701 1098 768 concupiscit
1126 718 1140 766 ;
1167 710 1297 757 tunc
1327 704 1469 758 velut
1499 706 1748 759 concliilii
1781 707 2041 775 sanguine
2075 709 2179 760 tin-

601 791 760 859 gitur,
789 792 973 858 sicque
1002 792 1192 860 regalis
1222 808 1471 862 purpura:
1499 795 1731 864 speciem
1768 795 2030 848 imitatur.
2060 796 2167 852 Sed

601 896 699 935 nec
729 882 816 934 diti
851 882 1028 951 pistici
1057 897 1270 950 quoque
1307 885 1456 938 viror
1487 886 1676 940 abesse
1714 887 2018 942 credendus
2065 897 2172 953 cst,

601 971 727 1040 quia
775 971 900 1023 diiiti
959 987 1111 1026 mens
1157 988 1369 1027 alumna
1419 990 1634 1044 semper
1690 977 1912 1031 virentis
1963 995 2174 1047 pascua:

599 1061 792 1130 gaudia
830 1061 1058 1115 tirniiter
1081 1072 1283 1130 sperat,
1315 1063 1459 1116 velut
1490 1065 1543 1118 iii
1572 1068 1933 1136 sniaragiliiiei
1962 1070 2192 1130 decoris.

596 1153 776 1221 specie
802 1153 1321 1208 iiiriiiarcescibiliter
1344 1165 1550 1208 vernat.
1579 1156 1731 1211 Unde
1758 1168 1813 1212 et
1835 1175 1930 1227 per
1950 1160 2170 1216 Petrum

595 1241 794 1292 dicitur
821 1259 833 1293 :
865 1259 882 1290 ‹
919 1240 1056 1306 Quia
1086 1244 1426 1311 regeiieravit
1451 1260 1548 1298 nos
1572 1245 1711 1300 Deus
1736 1247 1787 1300 in
1817 1263 1968 1315 spent
1995 1251 2171 1304 vivam

593 1347 688 1399 per
717 1334 1166 1388 resurrectionem
1193 1332 1323 1387 Jesu
1363 1334 1566 1389 Christi
1597 1336 1649 1390 in
1683 1337 2053 1392 liaireditatem
2084 1340 2168 1393 in-

589 1424 1018 1492 corruptibilem,
1044 1432 1100 1477 et
1135 1425 1637 1492 incontaminatam,
1665 1438 1720 1483 et
1745 1429 2171 1485 iinmarecscibi-

589 1511 693 1565 lem
725 1522 1098 1566 conservatam
1147 1515 1199 1567 in
1231 1515 1382 1569 cmlis
1414 1515 1463 1585 (1
1495 1514 1636 1570 Peir.
1688 1521 1749 1589 i).
1799 1537 1817 1570 ι
1865 1520 1959 1572 liis
2008 1520 2167 1588 plane

591 1601 833 1655 vestibus
863 1602 1094 1655 animant
1126 1601 1385 1658 Dominus
1411 1620 1468 1659 se
1495 1605 1733 1660 induisse
1760 1615 2008 1672 testatur,
2039 1624 2164 1664 cum

587 1708 682 1762 per
711 1693 1049 1747 Ezecliiclem
1086 1695 1342 1762 loquitur,
1377 1697 1564 1749 dicens
1600 1714 1654 1746 τ(
1682 1697 1885 1751 Veslivi
1921 1699 2160 1754 tedisco-

1070 293 1130 348 S.
1170 292 1376 349 PETRI
1418 295 1695 350 DAMIANI
1731 296 1880 352 OPP.
1926 297 2166 354 TOMUS
2206 295 2337 352 SEU
2380 297 2558 353 PARS
2587 297 2675 352 Ill.
2706 327 2762 341 --
2813 299 3174 358 OPUSCULA
3218 303 3441 361 VARIA.

3744 317 3855 372 520

2901 414 3130 472 CAPUT
3155 417 3222 472 ιι.

2284 501 2446 559 Inditi
2490 504 2712 559 restibus
2749 505 3034 584 splendidis
3062 524 3233 584 quam
3265 513 3455 568 anima:
3505 531 3854 584 perniciosum

2857 587 2905 630 et
2933 576 3044 632 Deo
3070 576 3280 634 edibile.

2351 682 2491 738 Ecce
2515 683 2702 739 Achab
2723 685 2983 755 imperiali
3013 705 3250 761 purpura
3293 693 3601 760 decoratur,
3661 707 3718 754 et
3768 717 3852 757 re-

2277 777 2448 846 probo
2481 779 2670 847 spiritu
2717 779 2953 845 fallente,
2984 783 3280 853 decipitur;
3313 787 3546 842 cilicium
3570 789 3766 855 induit,
3797 803 3852 848 et

2277 865 2511 933 gladium
2540 867 2705 922 divini
2745 868 2944 926 furoris
2978 877 3204 940 avertit;
3253 877 3524 946 regalibus
3548 881 3733 937 infulis
3766 899 3851 939 rc-

2276 956 2517 1023 diniitus,
2547 958 2737 1028 laqueo
2772 963 3106 1033 deceptionis
3133 968 3476 1037 impingitur;
3524 988 3684 1029 sacco
3718 992 3850 1029 con-

2278 1053 2468 1112 tectus,
2496 1049 2672 1104 dilata:
2688 1051 2906 1108 ultionis
2935 1055 3320 1125 indulgentiam
3353 1075 3715 1127 promeretur.
3748 1067 3848 1121 Eat

2273 1151 2403 1207 ergo
2444 1142 2742 1206 monac-luis
2798 1159 2948 1198 vana:
2985 1145 3168 1215 gloriae
3222 1149 3456 1205 deditus.
3494 1161 3550 1204 et
3601 1161 3721 1223 toga
3758 1153 3866 1208 ra?

2272 1225 2456 1282 diante
2510 1232 2856 1298 conspicuus,
2932 1237 3107 1291 nitore
3165 1240 3395 1293 vestium
3445 1246 3841 1311 aspectanliuin

2270 1328 2456 1386 pascat
2481 1320 2763 1376 illecebras
2788 1325 3098 1393 oculorum;
3131 1331 3224 1383 sed
3253 1331 3378 1384 dum
3411 1334 3652 1388 vestibus
3673 1336 3845 1406 fulget

2271 1410 2574 1481 iniquorum
2627 1415 2912 1483 spirituum
2970 1418 3378 1488 deceptionibiis
3417 1433 3562 1491 patet
3597 1443 3610 1478 :
3643 1427 3840 1482 divina:

2268 1516 2529 1573 prieterea
2564 1507 2946 1577 indigtiationis
2967 1513 3254 1566 adversum
3283 1528 3340 1567 se
3362 1518 3687 1572 sententiam
3721 1536 3844 1590 pro-

2268 1606 2443 1659 vocat,
2478 1597 2604 1651 dum
2635 1599 2766 1654 solis
2787 1603 3146 1657 exterioribus
3175 1605 3404 1666 deditus.
3433 1609 3618 1662 oculos
3663 1610 3840 1666 lioniie

2270 1702 2416 1742 num.
2451 1696 2507 1739 ut
2535 1702 2591 1740 sc
2619 1689 2955 1744 admirentur
2985 1693 3206 1759 invitat;
3249 1705 3506 1765 tantoque
3537 1697 3840 1767 despicabi-

585 1781 810 1849 [nl-ibus,
835 1791 883 1836 et
911 1782 1146 1837 calce“;
1172 1792 1222 1837 ιε
1252 1783 1565 1855 ιιγλρίηιιιο,
1596 1794 1649 1840 ει
1689 1787 1837 1840 om;
1878 1794 1930 1841 ιε
1973 1788 2154 1858 bysso,
2187 1766 2232 1824 B
2261 1775 2386 1840 lius,
2411 1777 2520 1832 Deo
2547 1781 2851 1847 superbiam
2884 1782 3222 1850 reprobante,
3249 1787 3636 1851 contemnitur,
3661 1803 3839 1856 quan-

586 1879 643 1926 et
695 1872 842 1926 indui
907 1881 958 1928 te
1014 1873 1322 1940 subtilibus,
1385 1885 1441 1929 et
1500 1877 1688 1930 ornavi
1731 1885 1784 1931 te
1827 1889 2150 1934 ornamento

584 1964 812 2036 (Ezech.
870 1966 1004 2035 xvi).
1051 1985 1068 2018 ι
1113 1965 1266 2022 llunc
1303 1968 1531 2036 denique
1572 1968 1795 2032 cultum,
1830 1969 1973 2024 hunc
2007 1970 2161 2025 indu-

583 2056 748 2110 menti
780 2056 1075 2126 spiritttalis
1113 2067 1360 2112 ornatum
1404 2060 1540 2112 idem
1577 2059 1768 2114 Petrus
1791 2061 1955 2115 etiam
1979 2077 2007 2115 a
2041 2077 2159 2116 mu-

582 2147 804 2202 lieribus
852 2149 1064 2216 exigit,
1112 2165 1232 2204 cum
1284 2150 1363 2203 eis
1417 2150 1775 2205 lenocinantis
1821 2167 1885 2206 ac
1934 2153 2157 2222 lupana-

582 2239 678 2292 ria:
709 2240 1114 2310 compositionis
1137 2239 1390 2310 phaleras
1412 2241 1720 2295 intercidit:
1749 2261 1770 2292 i
1798 2241 2034 2307 Quarum
2061 2243 2153 2309 sit,

587 2329 854 2399 inquiens,
897 2347 1003 2386 non
1034 2333 1373 2387 extrinsecus
1405 2333 1748 2402 capillattira,
1788 2341 1880 2387 aut
1920 2335 2153 2392 circum-

585 2423 732 2475 datio
770 2423 887 2476 auri
928 2423 1012 2476 vel
1049 2425 1280 2492 argenti,
1321 2433 1416 2478 aut
1443 2424 1765 2489 indumenti,
1795 2425 2153 2482 vestimenta.

582 2523 810 2579 rumque
839 2511 1042 2574 cultus;
1068 2512 1159 2566 sed
1184 2513 1273 2582 qui
1303 2513 1652 2569 absconditus
1679 2524 1764 2569 est
1783 2517 1964 2570 cordis
1987 2515 2152 2573 homo

572 2598 626 2651 in
656 2598 1167 2669 incorruptibilitate
1195 2603 1360 2671 quieti
1402 2612 1458 2657 et
1489 2605 1715 2659 modesti
1757 2606 2000 2675 spiritus,
2049 2607 2145 2676 qui

571 2697 656 2742 est
684 2689 736 2742 in
756 2702 1043 2760 conspectu
1079 2691 1169 2745 Dei
1199 2693 1434 2760 locuples
1465 2693 1513 2764 (ι
1545 2693 1692 2748 Petr.
1714 2697 1818 2772 iii).
1854 2715 1873 2748 ι
1900 2696 2148 2751 Invisibi-

574 2777 678 2832 lein
711 2780 909 2849 quippe
943 2794 1200 2850 Sponsum
1238 2782 1524 2837 invisibilis
1551 2783 1789 2838 oblectat
1813 2794 2063 2846 ornatus,
2093 2793 2150 2838 et

566 2887 687 2925 cum
717 2881 960 2926 sanctam
994 2874 1232 2927 animam
1270 2876 1534 2944 conspicit
1581 2877 1788 2930 enitere
1831 2878 2141 2942 virtutibus,

565 2961 620 3015 in
650 2960 766 3028 ejus
800 2963 944 3017 illico
972 2963 1116 3017 volat
1162 2965 1474 3034 amplexus;
1519 2967 1605 3021 cui
1636 2967 1772 3020 dixit
1811 2984 1827 3023 :
1862 2984 1884 3018 t
1915 2967 2142 3022 Pulchra

573 3067 653 3116 es,
682 3053 855 3107 amica
898 3068 1036 3117 inca,
1083 3054 1262 3108 suavis
1290 3066 1346 3108 et
1377 3056 1594 3121 decora,
1625 3057 1765 3110 sicut
1806 3057 2140 3112 Hierusalem

2264 1874 2318 1920 to
2381 1883 2562 1922 coram
2628 1869 2799 1924 oculis
2853 1871 3177 1928 intuentium
3227 1868 3546 1931 cultioribus
3605 1879 3838 1934 induviis

2261 1958 2531 2012 amicitur.
2557 1959 2625 2012 At
2660 1971 2847 2014 contra
2879 1961 3012 2029 Job,
3065 1965 3158 2034 qui
3187 1967 3364 2021 nudus
3393 1967 3444 2020 in
3487 1979 3685 2024 terram
3720 1987 3838 2026 cor-

2261 2050 2407 2114 ruit,
2441 2051 2529 2118 qui
2560 2051 2912 2119 prciluciitem
2963 2057 3170 2112 saniem
3225 2069 3360 2112 testa
3407 2062 3578 2128 radit,
3609 2063 3735 2118 dum
3778 2065 3836 2119 in

2258 2140 2603 2208 sterquilinio
2665 2145 3040 2210 putrefactus,
3088 2161 3153 2200 ac
3201 2149 3504 2204 scaturiens
3561 2155 3836 2210 vermibus

2257 2230 2421 2282 etiam
2448 2230 2516 2283 ab
2533 2243 2700 2286 uxore
2729 2231 3044 2302 despicitur,
3065 2236 3258 2291 divina:
3289 2240 3674 2297 consolationis
3705 2245 3836 2300 alio-

2257 2316 2444 2385 quiuiii
2498 2330 2842 2388 promeretur
2874 2323 2995 2393 (Job
3043 2340 3080 2389 ι,
3135 2342 3196 2392 ii,
3231 2334 3482 2398 xxxviii).
3535 2330 3644 2386 Nec
3687 2336 3833 2390 enim

2255 2406 2399 2463 Deus
2428 2411 2728 2480 corporalis
2751 2415 2987 2485 contagii
3010 2427 3235 2471 nauseat
3272 2421 3482 2485 sordes,
3514 2421 3600 2475 ubi
3644 2427 3828 2480 mundi

2254 2498 2435 2553 cordis
2480 2500 2688 2555 invenit
2744 2503 3054 2571 puritatem.
3087 2492 3377 2572 Prmtirca,
3419 2510 3546 2577 quid
3578 2513 3828 2582 estqizcd

2253 2587 2542 2667 Apostolus
2567 2589 2678 2644 ait:
2724 2610 2742 2641 ‹
2781 2591 3048 2648 Habentes
3071 2595 3345 2660 alimenta,
3382 2606 3436 2650 et
3462 2598 3656 2666 quibus
3689 2611 3829 2672 tega-

2253 2692 2396 2742 mtir,
2436 2678 2520 2732 liis
2553 2681 2793 2734 contenti
2818 2682 3023 2736 simus?
3054 2703 3072 2734 ι
3109 2682 3161 2754 (l
3203 2682 3337 2738 Tini.
3385 2689 3522 2756 im.)
3551 2686 3658 2742 Cur
3683 2693 3826 2745 cnim

2254 2787 2378 2826 cum
2409 2772 2560 2836 dicit,
2591 2773 2836 2828 habentes
2866 2775 3134 2841 alimenta,
3165 2791 3275 2831 non
3311 2779 3564 2846 protinus
3597 2781 3824 2846 addidit,

2250 2872 2308 2918 et
2328 2864 2541 2918 vestes?
2564 2867 2656 2920 sed
2683 2861 3196 2924 taiittimmodoicum
3222 2872 3532 2940 praemittit,
3581 2876 3828 2930 liabcnies

2249 2953 2522 3021 aliiueum,
2565 2967 2761 3025 pi'insto
2795 2957 3090 3028 subiungit,
3119 2970 3166 3013 et
3194 2962 3377 3029 quibus
3417 2971 3671 3032 legantur.
3715 2965 3826 3020 Cur

2251 3047 2371 3110 hoc,
2399 3048 2500 3102 nisi
2535 3059 2591 3100 ti:
2621 3051 2902 3118 perspicue
2927 3051 3139 3118 doceat,
3172 3067 3270 3106 nos
3289 3053 3483 3108 debere
3510 3064 3616 3108 tam
3643 3057 3825 3128 despi-

574 3142 749 3209 (Catil.
776 3143 913 3215 νὴ.»
951 3144 1100 3199 Sicut
1125 3146 1478 3212 Hierusalem,
1514 3149 1606 3209 ait,
1642 3166 1749 3204 non
1801 3151 1940 3204 sicut
1970 3151 2143 3221 Baby-

2249 3139 2512 3194 cabilibus
2533 3141 2884 3209 operimentis
2906 3141 3073 3205 indui,
3102 3159 3221 3212 quae
3251 3144 3409 3211 digna
3436 3159 3541 3198 non
3580 3146 3690 3201 sint
3727 3127 3823 3202 ve-

563 3232 674 3298 loti,
707 3250 864 3302 quam
893 3237 1025 3289 vidit
1064 3235 1300 3291 Joannes
1351 3239 1744 3292 circumdatam
1801 3254 2041 3308 purpura
2089 3249 2144 3294 et

568 3338 782 3389 croceo,
815 3336 870 3378 et
892 3325 1197 3380 inauratam
1223 3343 1377 3392 auro,
1411 3329 1588 3398 lapide
1619 3331 1881 3399 pretioso,
1917 3341 1971 3386 et
1999 3349 2143 3386 mar-

563 3415 752 3483 garitis
783 3434 795 3468 :
825 3415 1111 3472 habentem
1163 3420 1411 3488 poculum
1455 3422 1508 3475 in
1554 3438 1717 3475 manu
1767 3438 1863 3477 sua
1921 3425 2138 3492 plenum

562 3508 1005 3570 abominatione,
1064 3519 1116 3564 ct
1179 3513 1516 3567 immunditia
1588 3514 1962 3571 fornicationis
2025 3518 2142 3586 ejus

563 3600 748 3677 (Apoc.
781 3605 936 3672 xvn).
969 3601 1296 3673 Babylonem
1327 3615 1455 3661 sane
1503 3607 1769 3672 diabolus,
1803 3607 2138 3666 Hierusalem

558 3691 828 3755 inhabitat
853 3694 1123 3749 Christus.
1160 3696 1252 3751 llle
1295 3697 1618 3752 luxuriantis
1641 3701 1873 3755 amictus
1898 3707 2137 3758 vanitate

558 3788 830 3853 reticitnr;
867 3788 955 3842 hic
1001 3789 1208 3857 asperis
1262 3799 1318 3844 et
1351 3791 1667 3856 humilibus,
1714 3793 1758 3846 si
1816 3795 1994 3848 cordis
2024 3811 2129 3849 non

563 3877 705 3932 desit
727 3879 1024 3945 humilitas,
1047 3881 1366 3936 delectatur.
1382 3881 1674 3938 Auctorem
1697 3896 1858 3954 porro
1873 3889 2138 3956 superbiae

556 3983 696 4036 smpe
733 3970 876 4022 nitor
903 3971 1133 4024 vestium
1155 3982 1431 4041 provocat,
1463 3975 1726 4044 asperitas
1756 3984 1937 4030 autem
1971 3976 2130 4033 Chri-

555 4069 718 4122 stum,
739 4070 796 4114 ut
819 4062 1099 4117 liumiliato
1114 4063 1334 4118 cuilibet
1362 4064 1705 4132 misereatur,
1725 4067 1937 4122 invitat.
1968 4067 2128 4135 Nam,

553 4149 694 4203 sicut
718 4166 875 4204 sacra
907 4151 1110 4222 Regum
1141 4163 1370 4207 testatur
1411 4154 1635 4211 historia
1668 4169 1683 4208 :
1719 4175 1737 4206 α
1771 4156 1888 4210 Rex
1941 4157 2125 4223 Israel,

552 4252 604 4295 et
626 4239 884 4312 Josaphat
907 4257 998 4296 rex
1026 4241 1187 4309 Juda,
1217 4244 1379 4316 530
1404 4247 1627 4302 sedebat
1659 4251 2029 4319 unusquisque
2075 4251 2129 4306 in

548 4335 682 4388 solio
710 4352 830 4400 suo,
863 4337 1042 4391 vestiti
1064 4368 1069 4373 -
1090 4337 1234 4392 cultu
1263 4340 1409 4410 regio
1433 4339 1486 4393 in
1517 4355 1671 4404 area,
1705 4339 1864 4407 juxta
1914 4352 2126 4411 portam

549 4424 832 4493 Samarizc,
853 4500 855 4502 η
877 4439 929 4481 et
953 4429 1186 4483 universi
1219 4432 1494 4500 praphetie
1526 4433 1577 4484 in
1615 4447 1802 4486 eorum
1832 4445 2124 4502 conspectu
2152 4470 2204 4528 Β

547 4517 830 4571 mendacia
880 4519 1272 4586 prophetabant
1319 4519 1438 4589 (III
1481 4520 1610 4591 Reg.
1674 4523 1830 4590 uti).
1871 4542 1890 4575 ι
1923 4524 2125 4579 Auctor

546 4607 744 4678 quippe
781 4605 1046 4660 mendacii
1077 4605 1242 4661 fuca'ti
1293 4608 1470 4664 cultus
1516 4610 1890 4666 delectabatur
1932 4612 2118 4669 illeceo

542 4697 680 4762 bris,
710 4703 758 4751 el
787 4695 1092 4749 adumbrati
1117 4695 1329 4752 decoris
1351 4707 1572 4768 aSpectu
1616 4715 1712 4770 per
1747 4716 1845 4756 ora
1887 4705 2121 4774 prophe-

545 4789 776 4844 tantium
805 4785 1046 4842 oiIicinas
1093 4786 1450 4844 fabricaverat
1492 4790 1762 4847 falsitatis.
1792 4794 1862 4848 At
1908 4805 2117 4864 contra,

543 4898 669 4938 cum
721 4881 864 4936 idem
905 4877 1094 4934 Achab
1147 4881 1531 4937 comminantis
1579 4883 1710 4954 [ﬁliai
1755 4885 1910 4947 dura,
1959 4895 2122 4957 prout

542 4975 740 5044 dignus
769 4981 906 5036 erat,
935 4972 1097 5026 verba
1126 4973 1449 5042 perciperet,
1482 4991 1545 5030 ac
1570 4976 1968 5046 impendentem
2004 4980 2120 5034 suis

538 5062 846 5116 cervicibus
871 5059 1052 5116 divini-
1085 5061 1284 5118 furoris
1313 5063 1551 5134 gladium
1603 5068 1824 5122 territus
1858 5066 2116 5123 formida-

545 5160 648 5214 ret,
678 5147 958 5219 Scriptura
985 5159 1120 5206 teste
1153 5168 1168 5206 :
1200 5171 1218 5202 ‹
1253 5151 1426 5207 Scidit
1471 5166 1674 5209 vestem
1707 5173 1881 5221 suam,
1911 5165 1965 5210 ct
1987 5173 2114 5226 ope-

541 5243 650 5296 ruit
679 5241 855 5297 cilicio
892 5256 1110 5296 carnem
1150 5258 1329 5308 suam,
1379 5245 1747 5316 jejunavitqnc
1773 5257 1828 5302 et
1858 5248 2115 5304 dormivit

538 5334 593 5385 in
620 5347 802 5396 sacco,
842 5339 896 5386 et
932 5332 1244 5389 ambulabat
1291 5334 1526 5390 demisso
1563 5338 1759 5406 capite.
1809 5336 2114 5406 Facttisque

541 5432 626 5477 est
675 5437 854 5478 sermo
902 5419 1115 5478 Domini
1166 5425 1232 5478 ad
1283 5426 1455 5479 Eliam
1513 5427 1841 5499 Tiiesbyten,
1884 5430 2115 5485 dicens:

542 5514 731 5570 Nonne
769 5513 947 5567 vidisti
999 5515 1184 5569 Achab
1223 5516 1562 5572 litimiiiatum
1597 5537 1779 5575 coram
1831 5522 1954 5575 me?
1979 5523 2115 5589 Quia

540 5603 706 5675 igitur
733 5603 1048 5657 humiliatus
1077 5612 1159 5656 est
1184 5606 1285 5657 inci
1325 5623 1512 5668 causa.
1547 5625 1650 5663 non
1696 5610 1946 5665 inducam
2000 5627 2113 5666 ma-

536 5696 648 5752 lum
670 5697 726 5752 in
757 5695 946 5752 diebus
975 5691 1092 5764 ejus
1124 5695 1239 5768 (Ill
1271 5698 1402 5768 Reg.
1433 5701 1564 5769 xxi).
1609 5721 1628 5754 ι

2248 3232 2412 3285 stium
2443 3232 2708 3286 vocabulo
2730 3235 3066 3304 nuncupari?
3090 3234 3380 3289 Enimvero
3405 3235 3571 3290 David
3604 3251 3697 3290 rex
3721 3255 3823 3290 nuv

2246 3322 2365 3385 dus,
2407 3338 2469 3377 ac
2491 3323 2607 3377 solo
2632 3333 2918 3378 contentus
2940 3325 3127 3394 Epliod
3147 3365 3160 3387 ,
3192 3341 3376 3379 coram
3421 3340 3546 3379 arca
3605 3326 3818 3380 Domini

2245 3413 2456 3481 publice
2482 3414 2774 3469 subsiliens
2796 3416 2955 3469 saltat
2989 3414 3068 3486 (II
3105 3415 3231 3484 Reg.
3260 3415 3359 3486 vi).
3384 3416 3553 3470 lsaias
3589 3431 3820 3486 cvangec

2241 3503 2378 3557 licus
2404 3488 2666 3574 propheta
2695 3506 2922 3560 triennio
2948 3507 3144 3567 nudus,
3177 3516 3229 3560 ct
3253 3507 3607 3562 discalceatus
3633 3523 3817 3562 corani

2243 3595 2374 3647 viris
2403 3609 2456 3648 et
2477 3595 2794 3650 mulieribus
2819 3596 3059 3650 ambulat
3105 3596 3237 3667 (Ira.
3265 3598 3390 3664 xx);
3415 3608 3467 3651 et
3495 3599 3812 3661 monachus.

2240 3685 2328 3753 qui
2363 3686 2486 3740 vita:
2511 3687 2745 3740 carnalis
2770 3686 3043 3757 professus
3074 3698 3153 3742 est
3193 3689 3542 3758 sepiiltitraiit,
3571 3689 3814 3744 nitidultn

2239 3777 2406 3832 vestis
2460 3777 2636 3831 adhuc
2692 3795 2916 3848 (stuppas
2967 3780 3232 3834 anhelat?
3294 3780 3611 3851 Quanquam
3669 3782 3812 3837 idem

2239 3867 2424 3932 Isaias,
2449 3878 2504 3922 et
2529 3877 2820 3938 antequam
2853 3871 3025 3926 nudus
3052 3872 3346 3938 incederet,
3374 3889 3480 3928 non
3506 3874 3650 3929 molli
3679 3890 3815 3946 quo-

2237 3962 2366 4016 libet
2395 3963 2735 4018 mulccbatur
2759 3965 2958 4018 amictu
2978 4005 2992 4028 ,
3021 3966 3112 4020 sed
3143 3965 3321 4022 cilicio
3360 3967 3658 4037 tegebatur.
3698 3967 3811 4024 Nisi

2235 4059 2379 4112 enim
2429 4058 2607 4113 cilicio
2655 4066 2935 4114 contectus
2984 4059 3292 4124 incederet,
3324 4076 3668 4131 nequaquam
3707 4064 3809 4118 sibi

2238 4165 2341 4204 vox
2387 4150 2570 4203 divina
2610 4147 2910 4216 iussisset:
2967 4168 2986 4201 ι
3038 4150 3196 4206 Solve
3249 4166 3466 4206 saccum
3505 4153 3572 4208 de
3615 4153 3810 4210 lumbis

2234 4242 2340 4296 tuis
2373 4240 2587 4311 (1ὺὶά.).
2625 4260 2643 4291 i
2675 4241 2819 4295 Esau
2866 4243 3028 4312 plane
3075 4253 3257 4296 vestes
3311 4243 3467 4298 valde
3511 4244 3701 4311 bonas,
3751 4249 3809 4300 ut

2235 4331 2515 4400 Scriptura
2561 4332 2833 4400 perhibet,
2861 4343 3156 4388 venaturus
3201 4334 3346 4388 domi
3404 4334 3656 4401 retinuit;
3711 4338 3805 4391 sed

2233 4420 2318 4474 his
2343 4421 2479 4475 alter
2501 4420 2739 4486 indutus,
2772 4421 3064 4491 primatum
3107 4432 3345 4492 paterna:
3393 4423 3549 4494 531
3579 4425 3804 4480 benedi-

2229 4513 2428 4566 ctionis
2473 4514 2681 4582 accepit
2722 4513 2877 4584 (Gen.
2929 4515 3122 4586 xxvii).
3183 4515 3350 4572 Jacob
3396 4533 3654 4587 namque,
3711 4519 3802 4589 qui

2229 4605 2383 4673 quasi
2415 4604 2514 4658 sub
2542 4604 2864 4676 Evangelica
2912 4607 3158 4662 doctrina
3193 4610 3344 4678 prius
3379 4624 3486 4663 non
3535 4608 3674 4664 duas
3722 4620 3803 4663 tu-

2229 4694 2381 4749 nicas
2411 4696 2595 4749 habuit
2618 4695 2832 4765 (Mauli.
2857 4697 2934 4765 ι),
2959 4697 3183 4768 simplex
3207 4699 3372 4754 etiam
3395 4700 3800 4761 vestimentum.

2228 4787 2388 4840 simul
2419 4795 2474 4840 et
2521 4787 2836 4842 alimentum
2878 4778 3229 4857 'postmodum
3260 4791 3314 4845 in
3363 4791 3611 4846 oratione
3655 4805 3803 4860 quie-

2228 4880 2391 4934 sivit:
2433 4898 2450 4930 ι
2493 4879 2548 4933 Si
2574 4879 2752 4943 fuerit,
2783 4881 2977 4950 inquit,
3005 4881 3148 4938 Deus
3184 4899 3415 4946 mecum.
3446 4891 3503 4938 et
3532 4883 3802 4938 custodieo

2229 4970 2300 5022 rit
2346 4983 2434 5022 me
2467 4969 2518 5022 in
2555 4971 2661 5033 via,
2700 4984 2798 5040 per
2826 4986 2990 5040 quam
3047 4986 3148 5043 ego
3192 4974 3431 5040 ambulo,
3479 4982 3535 5028 et
3589 4971 3800 5028 dederit

2227 5059 2355 5114 milii
2385 5073 2578 5128 panem
2605 5060 2672 5114 ad
2703 5064 3059 5129 vescendum,
3083 5071 3141 5118 et
3178 5064 3557 5118 vestimentum
3606 5064 3675 5117 ad
3719 5062 3800 5117 iii—

2224 5150 2518 5214 duendum,
2541 5151 2645 5206 erit
2665 5152 2795 5208 milii
2822 5152 3081 5210 Dominus
3103 5155 3156 5209 in
3184 5155 3349 5210 Deum
3370 5153 3523 5227 (Gen.
3547 5153 3792 5224 XXVIII).D

2223 5241 2391 5313 Igitur
2411 5243 2503 5311 qui
2536 5243 2776 5312 duplices
2824 5245 3048 5301 honoris
3092 5249 3267 5318 gratia
3307 5257 3488 5303 vestes
3542 5247 3794 5305 habebat.

2222 5333 2504 5399 obruitur;
2545 5334 2636 5402 qui
2677 5331 2908 5403 simplici
2941 5346 3227 5391 contentus
3258 5345 3399 5401 erat,
3439 5335 3797 5406 eleemosynis

2223 5425 2421 5478 divina:
2448 5425 2636 5493 gloria:
2653 5426 3000 5482 ‘sublimatur.
3032 5427 3273 5483 Herodes
3302 5441 3534 5497 quoque,
3566 5428 3706 5482 sicut
3743 5427 3796 5478 in

2221 5517 2447 5572 Actibus
2482 5519 2845 5588 apostolorum
2875 5518 3093 5589 legitur,
3117 5520 3242 5576 dum
3271 5522 3491 5576 indutiis
3529 5527 3680 5574 veste
3712 5531 3798 5571 re-

2219 5611 2328 5677 gia,
2367 5613 2693 5679 conspicuus
2717 5613 3114 5684 cernitur(Act.
3148 5617 3284 5684 xu);
3327 5614 3456 5669 dum
3487 5612 3538 5668 ci
3583 5611 3800 5668 concio-

2215 5703 2364 5756 nanti
2397 5701 2462 5755 ad
2493 5703 2772 5772 populum.
2807 5701 2900 5758 Dei
2938 5704 3364 5770 voces,habere,
3407 5720 3512 5757 non
3561 5699 3798 5757 hominis
