4148 5358
369 179 470 237 5τῆ

1142 182 1385 241 OPUSC.
1430 183 1809 245 XXIX—DE
1851 193 1978 248 V'lLl
2023 193 2312 250 VESTITU
2354 195 2786 255 ECCLESIAST.

3501 210 3605 266 1522

367 291 718 392 acclamatur,
745 296 990 365 protinus
1020 298 1213 367 angelo
1243 299 1469 354 feriente
1517 303 1840 371 percutitur;
1878 315 1933 360 et
1961 313 2007 370 Α
2036 315 2088 360 et
2118 307 2256 360 dixit
2292 324 2304 361 :
2335 306 2522 363 Ponite
2547 310 2770 365 cidarim
2799 315 3051 368 mundam
3083 329 3245 385 super
3287 329 3446 387 caput
3488 324 3607 392 ejus

367 383 512 452 quia,
545 400 694 438 vana:
718 387 900 456 gloriae
921 387 1152 452 deditus,
1185 390 1416 444 delatam
1440 392 1731 466 sibimetjin
1765 397 1934 453 Deum

324 509 330 522 ..
369 474 664 529 transferre
713 476 935 546 gloriam
981 477 1148 541 novit,
1205 482 1484 548 repentino
1529 487 1938 553 superveniente

358 566 568 634 judicio
599 577 948 636 consumptus
983 585 1012 622 a
1055 571 1347 635 vermibus,
1388 576 1700 641 exspiravit.
1733 576 1823 630 Sic
1861 579 1937 632 ni.

367 653 561 706 mirum
590 693 606 718 ,
658 655 736 708 sic
774 656 955 710 divino
1005 658 1198 726 dignus
1235 667 1316 713 est
1355 659 1559 728 judicio
1611 663 1800 729 dejici,
1843 668 1934 734 qui

364 760 549 798 coram
607 747 780 801 oculis
812 748 1089 802 hominum
1121 752 1186 804 de
1226 753 1402 808 nitore
1433 754 1680 809 cultioris
1718 757 1935 814 habitus

363 837 532 890 ambit
564 847 882 907 arroganter
907 823 1108 893 extolli.
1142 841 1272 894 Nam
1301 853 1352 894 et
1393 844 1506 912 ipse
1545 845 1804 900 Conditor
1843 866 1934 902 an-

363 928 608 998 gelorum
652 931 778 982 dum
816 930 866 983 in
916 932 1176 1000 praesepio
1216 933 1434 1000 vagiens
1468 935 1930 1005 reclinatur(Lur.

364 1020 578 1079 tt),uou
614 1030 785 1083 ostro,
827 1020 908 1073 vel
968 1022 1102 1090 togis
1158 1021 1505 1075 rutilantibus
1561 1025 1790 1087 obsitus,
1841 1025 1932 1078 sed

361 1109 559 1164 vilibus
591 1109 785 1180 legitur
813 1112 1114 1180 panniculis
1139 1112 1440 1165 obvolutus.
1473 1114 1770 1168 Erubescat
1801 1131 1932 1186 ergo

364 1212 576 1256 terrena
605 1204 878 1271 superbia,
905 1203 1268 1257 confundatur
1311 1214 1365 1258 et
1407 1205 1756 1274 Obstupescat
1782 1223 1932 1262 arro-

361 1292 544 1360 gantia
597 1294 854 1360 redempti
902 1294 1154 1358 hominis,
1209 1295 1296 1347 ubi
1353 1309 1476 1347 mox
1526 1299 1932 1364 erumpentibus

364 1381 549 1444 radiis,
573 1382 747 1434 exorti
781 1393 1031 1436 coruscat
1064 1384 1338 1458 humilitas
1374 1384 1768 1453 Redemptoris.
1800 1385 1930 1439 Nam

359 1478 414 1522 et
463 1471 562 1524 sub
614 1471 730 1539 ipso
758 1471 1036 1525 salutifero
1084 1473 1350 1540 passionis
1381 1475 1635 1538 articulo,
1694 1475 1930 1551 llerodcs

353 1576 481 1613 eum
517 1561 634 1613 alba
667 1571 814 1615 veste
865 1562 1056 1625 induit,
1116 1578 1351 1631 eumque
1392 1579 1515 1616 mox
1580 1564 1645 1616 ad
1701 1563 1929 1617 Pilatum

2041 391 2222 461 (lacn.
2254 395 2359 466 ιιι).
2425 414 2442 447 ι
2494 396 2631 463 Quid
2684 401 2828 454 enim
2881 417 2976 472 per
3004 403 3217 474 Jesum,
3271 391 3605 471 sacerdotem

2036 484 2285 539 videlicet
2311 489 2716 556 magnum,nisi
2754 490 3015 548 Mcdiator
3070 498 3160 551 Dei
3218 509 3272 554 et
3320 503 3601 561 hominum

2036 577 2197 632 debet
2228 579 2488 650 intelligi?
2529 581 2696 637 Plane
2740 585 2878 640 sicut
2941 604 3036 657 per
3085 591 3381 650 Zorobabcl
3431 600 3600 654 lilium

2037 665 2315 732 Salatbiel,
2342 671 2430 737 qui
2471 671 2538 724 de
2566 673 2731 741 regali
2763 674 2910 729 ludzn
2948 678 3114 747 stirpe
3151 697 3509 749 processerat.
3547 700 3605 742 et

2033 754 2214 811 Jesum
2241 759 2407 814 filium
2434 760 2717 825 Josedvch,
2741 765 2834 832 qui
2865 764 2954 832 jus
2983 770 3334 825 sacerdotalis
3377 776 3606 830 admini-

2035 839 2242 900 strabat
2262 847 2444 910 ofﬁcii,
2472 849 2798 906 lsracliticus
2837 849 3064 923 populus
3105 867 3224 925 post
3266 866 3604 932 septuaginta

2035 948 2205 1008 annos
2226 933 2416 1004 jttgum
2467 936 2806 1008 Babylonica:
2860 944 3188 1010 captivitatis
3243 951 3433 1013 evasit,
3470 962 3608 1006 tem-

2033 1019 2288 1090 plumqtte
2319 1022 2672 1087 Hierusalem,
2704 1029 2847 1096 quod
2881 1031 3116 1084 dirutum
3140 1032 3338 1099 fuerat,
3367 1039 3603 1093 rediviva

2032 1111 2271 1166 novitate
2311 1116 2644 1180 construxit;
2697 1119 2768 1171 ita
2817 1135 3074 1176 numerus
3123 1123 3438 1190 electorum,
3486 1143 3607 1197 post

2033 1201 2194 1268 hujus
2221 1205 2342 1257 vitae
2371 1214 2630 1274 tempora,
2655 1223 2774 1276 quae
2816 1215 3122 1280 septenaria
3163 1215 3370 1270 dierum
3402 1223 3593 1288 repeti-

2032 1293 2174 1345 tione
2217 1294 2529 1359 decurrunt,
2585 1314 2680 1366 per
2727 1299 2908 1354 Jesnm
2959 1303 3266 1370 Christum,
3298 1309 3388 1374 qui
3447 1325 3607 1363 verus

2033 1399 2123 1437 rex
2148 1392 2253 1449 est,
2286 1394 2339 1439 et
2361 1388 2636 1451 sacerdos,
2679 1391 2742 1444 de
2767 1394 3028 1447 servitute
3060 1395 3217 1463 hujus
3259 1401 3608 1457 mortalitatis

2029 1476 2288 1544 eripitur,
2323 1487 2377 1530 et
2429 1479 2480 1530 in
2527 1479 2734 1535 cmlesti
2789 1482 3126 1540 Hierusalem
3178 1491 3434 1558 templum
3487 1493 3606 1557 Dei,

2031 1566 2172 1633 quod
2207 1575 2290 1621 est
2318 1578 2502 1622 sancta
2533 1569 2795 1638 Ecclesia,
2828 1583 3143 1629 renovatur.
3178 1578 3253 1632 De
3293 1596 3399 1648 qua
3443 1581 3605 1636 nimi-

359 1652 458 1703 sub
488 1651 590 1704 hac
617 1651 863 1705 irrisione
903 1652 1111 1706 remisit
1136 1650 1287 1719 (Luc.
1317 1652 1496 1719 χχιιι).
1530 1650 1597 1705 Et
1625 1669 1747 1705 cum
1786 1653 1926 1718 Apo-
1964 1644 2004 1700 Β
2035 1673 2150 1710 rum
2175 1659 2444 1714 servitute
2475 1661 2608 1716 dicit
2635 1663 2920 1731 Apostolus
2949 1683 2961 1718 :
2998 1685 3015 1717 ι
3051 1666 3180 1720 Nam
3212 1677 3266 1722 et
3297 1644 3410 1739 ipsa
3453 1687 3606 1727 crea-

359 1738 528 1793 stolus
556 1740 734 1793 dicat:
769 1757 789 1790 ι
823 1740 1092 1794 Exeamus
1117 1740 1184 1793 ad
1227 1756 1349 1793 cum
1395 1751 1550 1794 eXtra
1584 1752 1783 1804 castra,
1826 1743 1925 1796 im-

357 1831 668 1901 properium
712 1829 828 1899 ejus
865 1840 1142 1900 portantes
1171 1828 1356 1899 (Hebr.
1391 1831 1532 1898 xm).
1589 1849 1607 1882 ι
1659 1831 1927 1900 lmprope-

358 1922 497 1974 rium
522 1919 724 1974 Christi
760 1929 974 1989 portare
1008 1920 1148 1974 nolle
1173 1920 1533 1978 convincitur,
1568 1921 1658 1988 qui
1696 1921 1927 1990 dyscolis

359 2009 506 2064 indui
548 2011 786 2065 vestibus
811 2012 1119 2080 arrogantia
1156 2011 1391 2065 tumidus
1419 2012 1759 2081 dedignatur.
1791 2013 1832 2065 Α
1867 2029 1927 2068 se

361 2098 590 2167 denique
618 2099 813 2153 mortui
838 2113 936 2169 pro
958 2098 1111 2152 nobis
1133 2099 1431 2153 Salvatoris
1455 2099 1638 2168 abjicit
1669 2104 1928 2170 imprope-

358 2185 518 2250 rium,
548 2187 794 2258 quisquis
835 2188 886 2241 in
933 2188 1372 2242 mortificationis
1424 2190 1615 2244 ordine
1667 2193 1928 2246 constitu-

357 2283 466 2340 tus,
515 2275 696 2330 album
744 2275 828 2332 vel
879 2276 1114 2348 ignobile
1164 2276 1440 2346 quodlibet
1487 2277 1718 2348 deSpicit
1769 2281 1926 2335 indu-

356 2375 617 2420 mentum.

968 2461 1196 2517 CAPUT
1234 2460 1318 2516 ιιι.

531 2552 810 2607 Dissuadet
837 2555 1182 2622 pretiosarum
1214 2556 1426 2608 vestium
1454 2556 1755 2623 appetitum.

355 2697 360 2702 ,
428 2642 505 2694 Tu
544 2644 747 2711 itaque,
773 2642 1137 2708 dilectissime,
1163 2641 1389 2711 jamjatn
1419 2644 1566 2698 velut
1589 2645 1927 2712 purulentam

355 2733 529 2786 morbi
553 2731 767 2786 lethalis
810 2731 1044 2785 illuviem
1091 2746 1297 2796 evome,
1346 2742 1399 2786 et
1439 2734 1794 2800 pretiosarum
1842 2748 1931 2786 ve-

352 2826 519 2878 stiqu
579 2825 874 2895 appetitum
931 2825 999 2878 ab
1061 2827 1343 2880 stomacho
1403 2825 1670 2897 languidae
1734 2828 1932 2883 meritis

352 2915 585 2983 expelle.
621 2915 734 2969 Non
776 2915 908 2970 levis
952 2916 1150 2985 quippe
1191 2915 1417 2985 languor
1468 2926 1552 2971 est
1601 2918 1814 2980 animae,
1863 2918 1929 2969 de

2030 1757 2150 1801 tura
2178 1749 2492 1805 liberabitur
2528 1767 2557 1805 a
2585 1754 2846 1809 servitute
2876 1757 3236 1824 corruptionis
3284 1759 3334 1811 iu
3381 1759 3605 1816 liberta-

2028 1846 2138 1890 tem
2175 1837 2357 1906 gloria:
2387 1839 2618 1894 filiorum
2651 1841 2741 1896 Dei
2779 1842 2950 1912 (Rom.
2983 1846 3121 1911 vin).
3160 1863 3178 1896 ι
3225 1845 3376 1902 Tunc
3423 1849 3604 1918 itaque

2027 1928 2188 1984 Jesus
2214 1947 2317 1984 non
2357 1947 2582 2001 corpore
2617 1949 2735 1996 suo,
2767 1935 2909 2002 quod
2947 1945 3030 1988 est
3080 1935 3342 2001 Ecclesia,
3386 1941 3604 1995 sordida

2028 2020 2350 2074 vestimenta
2401 2021 2650 2090 deponit.
2686 2030 2813 2077 tunc
2852 2024 3074 2078 honoris
3116 2041 3179 2079 ac
3227 2026 3410 2096 gloriae
3465 2030 3605 2100 regi-

2029 2125 2152 2164 men
2182 2112 2438 2176 assumit;
2463 2112 2588 2181 quia
2617 2113 2796 2167 omnis
2821 2113 3115 2168 electorum
3145 2116 3344 2171 chorus
3384 2133 3413 2170 a
3445 2107 3602 2188 lugu?

2029 2201 2113 2253 bri
2143 2199 2396 2268 squalore
2427 2203 2740 2271 temporalis
2781 2203 3014 2257 tristitiae
3063 2203 3345 2271 liberatur,
3399 2217 3456 2262 et
3502 2209 3604 2262 im-

2029 2292 2377 2347 mortalitatis
2404 2294 2539 2347 stola
2569 2294 2623 2348 iu
2652 2293 2742 2349 illo
2780 2294 3065 2365 splendore
3110 2298 3452 2380 sempiternae
3482 2297 3606 2354 feli-

2030 2383 2212 2449 citatis
2235 2384 2494 2439 induitur.
2521 2385 2674 2452 Quod
2715 2387 2878 2441 etiam
2933 2389 2985 2442 in
3036 2390 3244 2457 psalmo
3293 2390 3605 2445 dedicanda:

2030 2475 2223 2529 domus
2249 2477 2591 2543 apertissime
2620 2480 2768 2531 canit
2798 2479 3038 2533 Ecclesia
3093 2499 3104 2532 :
3161 2498 3182 2531 ‹
3249 2481 3603 2548 Convertisti,

2031 2564 2225 2633 inquit,
2259 2567 2531 2632 planctum
2562 2582 2738 2621 meum
2767 2568 2820 2621 in
2865 2569 3116 2638 gaudium
3170 2571 3296 2623 tnihi
3326 2587 3339 2634 ;
3391 2571 3604 2626 consci-

2032 2656 2157 2711 disti
2200 2667 2414 2712 saccum
2465 2671 2663 2721 meum,
2715 2668 2770 2711 et
2804 2659 3131 2728 przcciuxisti
3185 2676 3270 2713 me
3300 2660 3505 2726 laetitia,
3545 2672 3605 2716 ut

2031 2759 2243 2804 cantem
2274 2751 2366 2803 tibi
2394 2750 2564 2816 gloria
2586 2767 2724 2811 mea,
2754 2759 2809 2805 et
2835 2766 2938 2804 non
2962 2749 3353 2820 pungar(Psal.
3372 2753 3542 2823 χχιχ).
3578 2775 3598 2806 ι

2031 2840 2239 2894 Cidaris
2264 2840 2429 2893 etiam
2465 2839 2662 2894 munda
2711 2842 2763 2894 iu
2803 2841 2919 2909 ejus
2959 2841 3136 2908 capite
3189 2843 3426 2910 ponitur,
3477 2845 3604 2910 quia

2033 2929 2306 2983 felicitatis
2349 2941 2565 2983 aeterna:
2610 2930 2777 3000 gloria
2829 2940 3143 2983 coronatur.
3201 2931 3368 2998 Hujus
3422 2932 3605 3000 itaque

353 3003 731 3072 superstitioso
782 3003 1080 3072 corporalis
1143 3004 1374 3058 amictus
1432 3005 1610 3059 nitore
1673 3006 1926 3073 gaudere.

2033 3021 2208 3076 beatae
2230 3022 2396 3075 vestis
2431 3021 2660 3082 intuitu,
2693 3021 3038 3075 dilectissime
3066 3020 3260 3086 frater,
3296 3021 3602 3076 lenocinan-

351 3092 597 3146 Gratiam
628 3093 890 3162 siquidem
918 3093 1091 3147 sancti
1113 3091 1369 3162 Spiritus,
1398 3092 1452 3146 in
1477 3107 1582 3161 qua
1613 3093 1922 3152 delectetur.

352 3185 600 3250 exclusit,
635 3186 728 3255 qui
775 3201 832 3240 se
859 3201 955 3254 per
1013 3185 1300 3240 exterioris
1327 3193 1554 3240 ornatus
1601 3185 1927 3240 desiderium

355 3279 596 3346 spargit;
629 3277 783 3346 cujus
825 3277 1009 3345 utique
1037 3276 1081 3330 si
1128 3277 1354 3331 sentiret
1383 3276 1434 3330 in
1463 3287 1643 3331 mente
1689 3275 1931 3331 dulcedi-

354 3383 500 3430 nem,
529 3382 868 3436 nequaquam
894 3368 1137 3437 corporei
1161 3367 1341 3422 cultus
1363 3382 1755 3436 supervacuam
1793 3383 1925 3421 con-

354 3457 656 3524 cupisceret
685 3456 983 3512 vanitatem
1017 3474 1030 3510 :
1064 3457 1206 3526 quod
1232 3456 1544 3511 evitandum
1573 3457 1656 3510 vir
1700 3456 1928 3525 Sapiens

352 3544 624 3610 admonet,
655 3545 838 3600 dicens
871 3564 884 3599 :
924 3564 942 3597 ι
977 3546 1036 3600 lu
1062 3546 1257 3601 vestitu
1303 3562 1370 3601 ne
1393 3547 1642 3616 glorieris
1667 3562 1924 3615 unquam,

351 3639 409 3684 et
436 3631 490 3685 in
524 3633 608 3687 die
631 3633 852 3687 ltouoris
876 3634 952 3688 tui
985 3649 1052 3688 ne
1095 3634 1374 3690 extollaris
1413 3634 1608 3704 (Eccli.
1654 3640 1755 3704 ιι).
1791 3656 1808 3687 ι
1861 3636 1928 3690 ll-

352 3721 456 3775 lius
480 3736 611 3792 ergo
640 3724 804 3778 vestis
827 3725 1149 3792 concupisce
1177 3725 1430 3788 nitorem,
1462 3741 1566 3793 qua
1593 3742 1777 3782 coram
1798 3742 1928 3782 ocu-

349 3806 416 3862 lis
446 3809 538 3862 Dei
575 3820 835 3877 perpetuo
860 3810 1080 3880 polleas,
1122 3827 1228 3866 non
1269 3827 1374 3881 qua
1427 3812 1634 3868 fallacis
1676 3814 1834 3885 532
1865 3831 1928 3871 ac

351 3894 558 3950 frivola:
596 3897 751 3964 bujns
780 3898 902 3951 vita:
924 3906 1193 3958 momenta
1224 3909 1590 3956 trauscurras.
1626 3903 1778 3958 Nunc
1826 3906 1928 3957 ita-

353 4005 456 4059 que
477 3991 711 4046 sordidis
742 3999 912 4054 uterc,
947 4008 1175 4062 quorum
1198 3995 1504 4063 squalorem
1547 3997 1810 4052 indelicuo
1833 4013 1927 4052 va-

352 4081 462 4136 leas
490 4083 725 4137 candore
767 4092 996 4138 mutare.
1053 4085 1128 4138 Dc
1181 4101 1289 4156 quo
1343 4087 1589 4141 videlicet
1642 4090 1927 4158 utriusque

351 4175 562 4242 generis
594 4174 904 4230 indumento
932 4191 1027 4247 per
1049 4177 1371 4232 Zachariam
1395 4181 1593 4235 dicitur
1623 4199 1636 4233 :
1685 4200 1703 4231 ι
1745 4182 1923 4247 Jesns,

354 4261 547 4331 inquit,
587 4274 708 4318 erat
760 4266 975 4321 indutus
1026 4268 1264 4323 vestibus
1305 4270 1557 4334 sordidis,
1607 4279 1664 4325 et
1713 4273 1927 4326 stabant

2035 3110 2107 3164 tia
2168 3124 2394 3179 quaeque
2454 3109 2819 3179 corruptibilis
2875 3109 3169 3164 indumenti
3234 3109 3606 3165 blandimenta

2031 3210 2339 3264 contemne,
2398 3199 2632 3256 ludicras
2681 3218 2746 3256 ac
2800 3199 3072 3256 fluitantes
3120 3201 3340 3255 nitentis
3387 3201 3604 3256 habitus

2031 3290 2255 3346 lacinias
2282 3291 2527 3360 despice;
2561 3300 2846 3348 contentus
2880 3290 3138 3344 extremis
3171 3304 3236 3344 ac
3259 3289 3475 3354 vilibus,
3501 3291 3604 3345 sub

2029 3391 2233 3438 sancta:
2261 3384 2456 3452 regula:
2480 3392 2530 3436 te
2572 3381 2689 3450 lege
2719 3383 3044 3451 constringe.
3101 3380 3216 3436 Noli
3253 3381 3418 3434 altum
3444 3398 3601 3450 sape-

2031 3487 2112 3536 re,
2147 3473 2241 3526 sed
2288 3474 2418 3527 time
2450 3472 2620 3544 (Rom.
2652 3471 2787 3541 nr);
2836 3472 3080 3525 ultimum
3127 3472 3181 3525 in
3232 3470 3604 3540 spiritualibns

2028 3564 2232 3632 nuptiis
2258 3563 2564 3618 accubitum
2580 3573 2722 3634 pete.
2749 3562 3071 3618 humilitatis
3098 3560 3348 3630 injuriam
3377 3563 3605 3627 perhor-

2029 3671 2212 3721 resce;
2245 3656 2289 3709 si
2319 3655 2533 3723 quando
2558 3655 2890 3724 negligenter
2911 3653 3248 3722 obrepserit,
3289 3667 3386 3722 per
3432 3652 3605 3721 pmui~

2030 3747 2252 3802 tentiam
2277 3747 2508 3814 corrige.
2540 3743 2806 3797 Memento
2835 3744 3037 3811 itaque,
3069 3743 3210 3809 quod
3239 3756 3334 3811 per
3357 3741 3604 3794 Salomo-

2029 3849 2153 3888 nem
2180 3835 2377 3888 dicitur
2408 3851 2421 3886 :
2466 3853 2483 3884 ι
2521 3832 2576 3886 Si
2621 3831 2930 3887 ascenderit
2972 3847 3134 3900 super
3167 3843 3218 3886 te
3259 3832 3481 3899 spiritus
3508 3846 3609 3900 po-

2029 3935 2280 3980 testatem
2314 3925 2578 3985 habentis,
2603 3924 2779 3977 locum
2826 3933 2978 3977 tuum
3009 3939 3074 3977 ne
3111 3923 3374 3977 (lituisezis
3401 3922 3602 3992 (Ercle.

2027 4016 2103 4085 x).
2146 4033 2162 4066 ι
2194 4015 2271 4068 Ac
2302 4014 2345 4068 si
2374 4023 2556 4082 aperte
2583 4013 2730 4066 dit-at
2762 4030 2774 4065 :
2802 4012 2856 4068 Si
2891 4013 3174 4066 teutatoris
3195 4013 3444 4081 spiritum
3475 4027 3604 4065 con-

2029 4117 2109 4160 tra
2141 4115 2194 4160 te
2243 4107 2296 4160 in
2327 4105 2504 4172 aliquo
2533 4103 2828 4173 prmvalere
2878 4103 3210 4164 consideras,
3241 4101 3603 4155 humilitatem

2026 4202 2356 4271 poenitentiae
2411 4215 2514 4252 non
2562 4199 2854 4267 relinquas.
2899 4195 3602 4266 Gloriosiusigiturdeputa

2031 4304 2182 4348 veste
2230 4293 2348 4346 alba
2401 4306 2523 4344 cum
2572 4291 2789 4345 Christo
2844 4290 3117 4345 humiliter
3187 4289 3396 4359 contegi
3447 4287 3600 4357 (Luc.

354 4362 477 4404 ante
498 4351 694 4452 faciem
722 4352 837 4422 ejus
869 4356 1066 4424 angeli.
1116 4355 1218 4422 Qui
1278 4359 1573 4428 respondit.
1620 4371 1673 4414 et
1725 4361 1800 4416 ait
1855 4362 1924 4414 ad
1956 4337 2001 4393 θ
2030 4383 2192 4452 ιη),
2217 4397 2377 4451 quam
2398 4395 2519 4435 cum
2546 4383 2775 4452 superbo
2801 4391 2856 4436 ει
2885 4390 3180 4451 purpurato
3225 4337 3414 4443 diviti,
3446 4337 3602 4433 llam.-

352 4456 446 4497 cos
491 4445 583 4514 qui
610 4449 825 4503 stabant
851 4459 1040 4503 contra
1084 4466 1166 4515 se,
1205 4452 1436 4507 dicens:
1491 4453 1709 4510 Auferte
1757 4454 1926 4509 vceri-

355 4544 532 4589 mcnta
561 4537 774 4594 sordida
808 4541 876 4594 ab
917 4555 1012 4606 eo;
1044 4549 1098 4597 et
1131 4543 1269 4598 dixit
1307 4543 1373 4596 ad
1414 4559 1536 4598 eum
1571 4562 1582 4596 :
1621 4544 1781 4609 Ecce,
1830 4545 1924 4597 aii-

352 4623 477 4677 stuli
507 4640 536 4678 a
565 4633 615 4681 te
646 4627 982 4699 iniquitatem
1019 4639 1166 4690 tuam
1214 4641 1271 4689 et
1302 4633 1450 4692 indui
1486 4643 1536 4690 te
1579 4633 1916 4698 mutatoriis;

2029 4477 2130 4530 mis
2160 4474 2444 4529 ultricibus
2485 4473 2977 4544 irrecuperabiliter
3007 4473 3220 4545 sepeliri
3267 4470 3417 4540 (Luc.
3466 4471 3599 4542 xvi).

2354 4586 2438 4642 Sit
2466 4604 2662 4660 nomen
2698 4586 2907 4642 Domini
2937 4587 3282 4642 benedictum.
