4148 5358
535 388 652 447 Βῖδ

549 582 830 601 W

1016 391 1070 443 s.
1116 389 1317 445 rnrm
1350 387 1632 444 parum:
1671 384 1822 440 ore.
1864 349 2112 441 mus"

2214 388 2258 445 U
2296 389 2472 444 PARS
2509 389 2594 444 ill.
2630 419 2696 430 -ο
2733 387 3096 448 ΟΡυΞΩυΙΛ
3150 389 3378 443 ΥΑΙῙΞᾹ.

3683 391 3788 445 524

3143 578 3438 597 Ἥ

1001 725 1350 798 533-534
1429 741 2273 855 OPUSCULUM
2361 739 3284 856 TRICESIMUM.

1137 961 1242 1020 DE
1295 959 1846 1021 SACllAMENTIS
1908 960 2057 1020 PER
2111 959 2510 1022 IMPROBOS
2552 961 3195 1023 ADMINISTRATIS.

543 1298 938 1384 Ianuariarum.
967 1330 1036 1384 -τ-
1062 1297 1402 1384 Florentinos
1432 1312 1554 1353 cum
1601 1312 1701 1353 suo
1729 1296 1982 1384 epismpo
2018 1296 2357 1359 diSsidentes,
2388 1306 2669 1384 propterea
2710 1299 2857 1384 quod
2903 1300 3048 1382 illum
3080 1301 3146 1356 de
3191 1302 3433 1360 Simonia
3475 1319 3786 1378 suspectum

616 1373 903 1433 habebant,
938 1370 1005 1424 ad
1049 1369 1392 1424 concordiam
1438 1383 1695 1422 revocare
1739 1368 1950 1428 nititur,
1995 1383 2232 1435 purgans
2255 1381 2314 1420 se
2345 1369 2506 1435 quod,
2540 1384 2662 1422 cum
2708 1368 2994 1426 Florentia:
3023 1383 3189 1431 esset.
3219 1391 3340 1429 cum
3375 1377 3462 1430 illo
3496 1368 3793 1434 (-onunttni-

613 1452 810 1518 casset.
839 1440 952 1518 i\'on
1000 1441 1142 1494 enim
1182 1454 1393 1518 aequum
1440 1438 1621 1518 fuisse:
1652 1439 1815 1518 aitnut
1849 1435 2160 1516 episcopum
2198 1436 2316 1490 sine
2343 1452 2526 1518 _causa
2560 1439 2859 1518 damnaret,
2905 1446 3204 1518 praesertim
3253 1462 3372 1499 cum
3406 1448 3611 1502 crimen
3647 1454 3790 1518 quod

614 1512 664 1564 ei
695 1511 1050 1588 objiciehatur
1078 1524 1180 1562 non
1212 1507 1551 1588 probaretur.
1570 1507 1836 1588 Graviter
1859 1506 2443 1588 quoqueirrqnosdam
2483 1510 2774 1588 monachos
2806 1506 3095 1588 invehitur,
3130 1516 3220 1588 qui
3261 1517 3495 1585 episcopi
3547 1506 3791 1588 ejusdem

615 1574 1044 1636 communionem
1068 1574 1492 1654 aversabantur,
1529 1577 1685 1654 et.iu
1729 1585 1931 1654 tantum
1983 1574 2262 1628 audaciam
2289 1585 2674 1654 pervenerant,
2717 1589 2996 1654 ut_neqne
3029 1574 3375 1649 hapt'is'nm'm,
3429 1574 3599 1654 neque
3646 1589 3791 1643 aliud

615 1659 1008 1704 sacramentum
1035 1649 1102 1702 ab
1129 1663 1194 1701 co
1219 1647 1494 1708 collatum,
1531 1646 1713 1700 valere
1760 1643 2119 1715 adiuuarent,
2159 1643 2308 1715 quod
2351 1645 2438 1698 hic
2477 1647 2740 1698 confutat.
2785 1643 3006 1702 Demitur
3055 1643 3304 1705 Imitatur
3341 1643 3693 1715 Florentium,
3731 1669 3793 1711 ιη

617 1721 661 1773 si
693 1719 818 1797 quid
845 1729 1031 1797 contra
1061 1718 1366 1797 episcopum
1395 1731 1548 1795 suum
1582 1716 1799 1797 habent,
1831 1714 1896 1766 ad
1941 1713 2247 1797 pontiﬁcem
2280 1714 2578 1797 Romanum
2625 1717 2892 1782 deferant,
2921 1721 2986 1772 ad
3031 1736 3193 1791 quem
3238 1735 3445 1792 spectat
3488 1729 3554 1780 de
3599 1713 3791 1797 hujus.-

615 1783 758 1843 modi
785 1789 944 1844 rebus
973 1783 1290 1842 sententiain
1323 1786 1496 1847 ferre;
1525 1784 1741 1838 interim
1773 1795 1954 1838 tamen
1981 1783 2157 1838 eidem
2186 1784 2606 1838 communicent.

613 1921 832 1976 Dilectis
878 1920 932 1974 in
980 1919 1200 1974 Christo
1248 1918 1457 1972 civibus
1503 1916 1859 1979 Florentinis,
1890 1914 2107 1969 Penus
2137 1919 2184 1977 Α
2213 1913 2261 1983 (I
2296 1914 2430 1970 Tim.
2476 1918 2579 1988 ut),
2610 1919 2854 1976 columna
2875 1931 2971 1986 ,‘et
3000 1924 3393 1981 ﬁrmamentum
3415 1929 3683 1984 veritatis.
3715 1932 3788 1987 Et

537 2023 798 2084 peccator
825 2011 1126 2065 monachus
1162 2009 1419 2063 fraternae
1461 2008 1746 2063 charitatis
1774 2007 2112 2075 obsequium.

610 2101 812 2172 Super,
849 2112 905 2155 ut
931 2099 1191 2164 recolitis,
1217 2098 1573 2164 dilectissimi,
1603 2099 1669 2153 ad
1695 2114 1789 2153 vos
1815 2098 2112 2162 venientes,

541 2193 810 2250 laboriose
837 2194 1141 2249 studuimus
1185 2192 1329 2246 inter
1369 2192 1673 2261 episcopum
1717 2202 1956 2246 vestrum
1989 2205 2114 2244 vos-

543 2299 651 2354 que
694 2300 1052 2355 componere,
1097 2294 1150 2340 et
1194 2286 1482 2349 amicitiae,
1515 2301 1636 2354 qua:
1672 2286 1872 2340 recissa
1913 2284 2114 2350 fuerat,

541 2375 749 2432 fmdera
781 2376 1160 2438 reformantes,
1195 2377 1249 2430 in
1270 2391 1375 2429 vos
1400 2376 1648 2446 spiritum
1679 2384 1954 2444 sequestra
1984 2389 2115 2444 pace

539 2464 795 2522 conﬂare.
818 2465 939 2527 Sed
969 2466 1224 2535 quoniam
1265 2465 1553 2536 adjuvandi
1582 2467 1722 2534 apud
1752 2480 1847 2519 vos
1872 2464 2114 2534 praedicti

541 2553 854 2612 Sacerdotis
899 2556 1092 2612 intuitu
1144 2557 1298 2625 plura
1339 2556 1693 2626 protulimus,
1734 2570 1853 2625 quae
1893 2555 2113 2609 sinistra

541 2646 751 2701 scilicet
795 2647 1243 2716 interpretatione
1288 2647 1557 2716 perverti,
1586 2654 1640 2700 et
1668 2662 1698 2700 a
1732 2646 1901 2700 turbis
1937 2644 2116 2699 valent

538 2735 852 2804 vulgaribus
878 2736 1080 2800 vitiari,
1113 2752 1179 2791 ne
1206 2745 1262 2791 et
1299 2750 1397 2790 nos
1426 2737 1643 2805 indigna
1688 2745 1938 2790 notentur
1975 2733 2115 2793 inla-

541 2824 672 2888 ntia,
702 2832 757 2879 et
788 2823 884 2889 illi,
914 2825 1056 2894 quod
1082 2825 1250 2880 absit!
1280 2825 1543 2878 mendacii
1577 2824 1783 2878 crimen
1813 2823 2113 2887 incurrant,

542 2914 685 2982 quod
703 2927 798 2968 ore
824 2928 1009 2968 coram
1034 2915 1186 2969 vobis
1209 2915 1518 2983 frequenter
1537 2914 1922 2982 expressimus,
1948 2913 2111 2969 etiam

542 3003 665 3074 styli
704 3005 973 3059 currentis
1005 3003 1230 3058 articulo
1267 3003 1730 3068 commendamus,
1760 3011 1820 3055 ut
1847 3001 1986 3071 quod
2013 3018 2110 3056 au-

541 3097 698 3152 distis
740 3112 836 3152 ore
865 3095 1156 3166 prolatum,
1190 3095 1416 3150 videatis
1459 3096 1621 3150 etiam
1654 3094 1893 3163 apicibus
1923 3107 2116 3148 exara-

543 3196 679 3254 tum,
708 3197 761 3242 et
808 3188 862 3240 in
898 3188 1058 3242 verba
1107 3195 1293 3241 nostra
1343 3185 1731 3248 commentari,
1780 3185 1864 3238 vel
1915 3185 1982 3239 ab
2030 3186 2114 3240 his

2216 2006 2332 2062 haec
2363 2023 2468 2062 non
2503 2010 2714 2066 noviter
2742 2027 2808 2067 ex
2855 2023 3041 2068 nostra
3089 2017 3388 2071 temeritate
3430 2018 3787 2085 decernimus,

2215 2102 2310 2157 sed
2350 2117 2415 2156 ex
2444 2115 2755 2159 sanctorum
2784 2107 3170 2162 catholicorum
3203 2109 3420 2165 Patrum
3466 2100 3791 2170 auctoritate

2209 2194 2320 2262 jam
2346 2197 2563 2251 decreta
2597 2198 2895 2254 lirntamus.
2931 2201 3082 2267 Quod
3113 2203 3164 2256 in
3214 2203 3392 2258 lihelle
3438 2222 3668 2275 quoque,
3701 2211 3788 2264 cui

2215 2275 2556 2342 Gratissima:
2600 2303 2793 2344 nomen
2840 2291 3130 2346 indidintns
3160 2293 3272 2364 (20)
3295 2336 3309 2360 ,
3336 2297 3516 2351 multis
3546 2297 3696 2363 Novi,
3725 2316 3793 2356 ac

2219 2374 2426 2432 Veteris
2486 2378 2829 2434 lnstrumenti
2893 2382 3214 2438 testimoniis
3269 2387 3613 2454 approbatur.
3680 2389 3788 2444 Sed

2215 2468 2586 2523 condemnatis
2634 2471 2854 2523 omnino
2907 2469 3258 2537 Simoniacis,
3315 2489 3377 2529 ac
3425 2475 3790 2532 indubitanter

2215 2555 2356 2612 inter
2385 2557 2670 2612 haereticos
2699 2559 2988 2628 deputatis,
3017 2560 3157 2614 sicut
3203 2562 3252 2615 in
3283 2562 3506 2632 praefato
3543 2563 3679 2618 libro
3709 2566 3791 2620 di-

2213 2645 2508 2715 gessimus,
2557 2646 2682 2700 licet
2724 2662 2910 2703 eorum
2963 2661 3302 2704 sacramenta
3357 2666 3424 2705 ex
3473 2654 3787 2709 authentica

2214 2749 2476 2790 canonum
2533 2747 2753 2806 possent
2786 2739 3067 2794 sanctione
3113 2740 3344 2802 defendi.
3379 2751 3436 2796 ut
3463 2758 3556 2797 eos
3607 2755 3789 2801 tamen

2217 2825 2386 2894 magis
2414 2839 2477 2879 ac
2507 2826 2678 2895 magis
2707 2827 2980 2897 synodalis
3007 2844 3232 2883 censura
3264 2830 3632 2894 confunderet,
3666 2848 3794 2887 con-

2214 2915 2460 2970 stitutum
2511 2927 2594 2971 est
2643 2918 2696 2971 in
2748 2919 3019 2981 Romano.
3065 2920 3222 2992 535
3273 2935 3470 2977 sancta:
3518 2924 3791 2979 memorias

2214 3003 2437 3060 Nicolao
2467 3007 2813 3076 praesidente,
2846 3010 3075 3064 concilio
3121 3011 3359 3081 (Dect-et.
3402 3012 3518 3067 Nic.
3552 3013 3654 3066 PP.
3699 3028 3786 3082 ap.

2215 3097 2366 3152 Grat.
2395 3115 2446 3162 ι,
2481 3115 2573 3168 qu.
2619 3116 2658 3161 t,
2693 3115 2811 3168 cap.
2855 3099 2934 3155 De
2972 3101 3178 3171 artare)
3214 3120 3226 3156 :
3261 3111 3319 3156 ut
3353 3104 3655 3172 quicunque
3693 3118 3792 3172 per

2215 3204 2308 3243 eos
2345 3199 2569 3245 eatenus
2615 3189 2844 3246 fuissent
2878 3193 2930 3245 in
2961 3185 3243 3259 cujuSlihet
3283 3194 3633 3248 ecclesiastici
3668 3209 3791 3259 gra-

540 3283 870 3352 discrepare,
909 3281 1142 3336 mendax
1192 3281 1417 3349 quisque
1462 3295 1566 3334 non
1619 3279 1833 3341 audeat,
1878 3278 2003 3334 dum
2058 3278 2111 3332 in
2145 3269 2188 3326 Β
2216 3281 2314 3334 dus
2339 3282 2600 3351 dignitate
2620 3283 2869 3351 promoti,
2898 3284 2948 3336 in
2977 3286 3211 3353 percepti
3243 3285 3462 3338 honoris
3486 3286 3788 3340 ιιίἰιιίειετὶο

539 3373 716 3437 nobis,
745 3383 798 3428 et
827 3387 1018 3427 manus
1046 3373 1316 3434 scribens,
1344 3369 1608 3439 et-lingua
1656 3368 1908 3436 loquens,
1943 3368 2108 3422 indis-

538 3479 672 3521 sona
718 3465 932 3520 sibimet
965 3463 1170 3518 unitate
1197 3461 1548 3516 concordant.
1579 3459 2113 3513 Anathematizamus

538 3558 721 3627 itaque
764 3568 820 3612 et
849 3556 1344 3625 irrecuperabiiiter
1379 3555 1800 3608 condemnamus
1845 3551 2114 3606 Simonia-

538 3663 659 3703 cam
688 3647 954 3711 haeresim,
988 3648 1216 3716 primam
1237 3646 1474 3700 omnium
1508 3645 1870 3698 licereseorum
1901 3657 1966 3697 ex
1991 3641 2113 3698 imis

538 3738 738 3793 diaboli
787 3737 1086 3790 visceribus
1133 3744 1529 3804 erumpentem,
1581 3749 1807 3802 seseque
1851 3733 2112 3789 adversus

537 3827 812 3883 nascentis
841 3825 1094 3880 Ecclesia:
1141 3825 1379 3894 regulam
1421 3825 1712 3880 exitialiter
1737 3824 2110 3879 extollentem.

539 3915 670 3982 Quae
715 3915 969 3969 nimirum
1015 3913 1191 3967 adhuc
1236 3928 1303 3968 ex
1353 3913 1466 3981 ipso
1500 3913 1693 3967 diaboli
1726 3911 1849 3967 felle
1887 3927 2112 3983 progre-

540 4007 704 4067 ditur,
731 4012 785 4058 et
814 4004 866 4056 in
901 4002 1219 4072 perditionis
1253 4002 1390 4056 ﬁlios
1432 4002 1874 4071 pestilentissimo
1903 4002 2114 4057 deriva-

539 4107 651 4149 tur.
689 4093 854 4162 Cujus
900 4094 1108 4150 scilicet
1155 4095 1362 4149 auctori
1403 4109 1498 4162 per
1527 4093 1746 4148 Petrum
1788 4095 2022 4150 dicitur:
2053 4093 2111 4148 In

543 4187 666 4244 felle
692 4186 1092 4251 amaritudinis,
1117 4196 1168 4240 et
1196 4185 1248 4238 in
1280 4184 1606 4254 obligatione
1633 4186 1836 4254 peccati
1870 4186 2027 4240 video
2059 4194 2113 4240 te

536 4288 658 4334 esse
705 4277 842 4350 (Act.
867 4277 1006 4348 vin).
1047 4277 1180 4343 Quia
1225 4291 1354 4330 vero
1403 4275 1474 4329 fel
1504 4276 1751 4331 columba
1782 4290 1888 4332 non
1925 4277 2110 4344 habet,

539 4371 776 4441 Spiritus
825 4379 1004 4424 autem
1053 4378 1271 4423 sanctus
1315 4368 1369 4422 in
1417 4367 1678 4422 columba:
1727 4369 1908 4436 specie
1951 4383 2114 4440 super

541 4460 829 4518 Dominum
860 4461 1006 4514 venit
1035 4458 1250 4529 (Matth.
1277 4458 1380 4527 tu),
1407 4459 1560 4525 isque
1588 4457 1946 4511 amaritudine
1974 4457 2114 4512 fellis

541 4553 816 4614 intumuit,
846 4549 1136 4604 columbini
1165 4549 1386 4616 spiritus
1415 4562 1585 4616 capax
1629 4561 1750 4600 esse
1778 4561 1884 4600 non
1915 4547 2108 4615 potuit.

2213 3381 2629 3438 permanerent;
2659 3379 2713 3425 et
2748 3381 2875 3425 tunc
2903 3388 3050 3434 vero,
3099 3383 3152 3426 et
3189 3373 3443 3441 deinceps
3485 3372 3792 3444 quicunque

2213 3472 2270 3512 se
2295 3465 2569 3526 pateretur
2602 3473 2631 3510 a
2664 3458 2971 3513 Simoaiaco
3005 3461 3246 3528 provehi,
3290 3460 3365 3512 nil
3393 3464 3604 3528 penitus
3630 3477 3694 3514 ex
3723 3478 3786 3516 ea

2213 3549 2430 3603 deberet
2472 3551 2808 3617 promotione
2852 3550 3073 3613 lucrari,
3104 3560 3156 3604 et
3182 3551 3258 3604 sic
3293 3551 3634 3604 mittislt‘untli
3659 3553 3787 3622 jura

2213 3641 2525 3709 deponeret,
2571 3651 2824 3710 tanquam
2856 3643 2900 3695 si
2943 3643 3058 3696 haec
3092 3642 3392 3696 nullatenus
3437 3645 3784 3712 percepisset.

2213 3727 2325 3782 Hac
2355 3730 2536 3798 itaque
2563 3732 2770 3783 ratione
2791 3731 2901 3799 jam
2923 3747 3032 3783 non
3063 3731 3222 3785 modo
3248 3729 3584 3786 Simoniacos
3613 3749 3790 3802 repro-

2211 3815 2420 3880 bamus,
2458 3819 2550 3871 sed
2575 3827 2630 3872 et
2653 3833 2747 3888 per
2771 3833 2862 3872 eos
2897 3819 3136 3872 exhibita
3178 3830 3516 3876 sacramenta
3548 3830 3788 3876 contem-

2213 3912 2411 3966 nimus.
2463 3912 2588 3967 Hmc
2625 3914 2822 3982 itaque,
2855 3914 2900 3967 si
2926 3913 3076 3968 obliti
3125 3928 3232 3968 non
3281 3915 3433 3980 estis,
3476 3916 3658 3970 omnia
3702 3931 3785 3973 me

2212 4004 2351 4060 vivis
2375 4006 2596 4060 vocibus
2626 4004 2991 4075 proferentem
3036 4005 3351 4076 frequenter
3389 4007 3638 4063 audistis.
3667 4007 3788 4062 Non

2212 4097 2356 4151 enim
2386 4097 2491 4151 alia
2537 4097 2849 4162 scribimus,
2895 4111 3059 4166 quam
3101 4110 3221 4167 quae
3267 4097 3430 4152 locuti
3478 4113 3685 4154 sumus.
3728 4098 3787 4154 Si

2214 4201 2342 4256 ergo
2371 4202 2471 4257 ego
2498 4196 2552 4240 et
2576 4201 2673 4241 vos
2700 4186 2765 4241 de
2789 4184 3137 4251 Simoniacis,
3166 4201 3461 4257 eorumque
3488 4187 3786 4256 reproban-

2214 4277 2297 4333 dis
2325 4277 2378 4332 in
2411 4286 2682 4347 posterum
2713 4276 3212 4332 consecrationibus
3251 4291 3354 4330 una
3387 4278 3656 4330 sententia
3685 4276 3790 4328 uti-

2214 4384 2318 4436 que
2347 4367 2713 4437 congruimus,
2743 4380 2842 4420 cur
2875 4366 3053 4419 adhuc
3098 4365 3328 4418 invicem
3363 4363 3671 4434 litigamus?
3699 4364 3789 4418 Est

2213 4461 2371 4528 plane
2400 4472 2562 4528 super
2587 4457 2841 4527 episcopo
2870 4465 3051 4511 vestro
3076 4456 3325 4525 quaestio,
3354 4470 3514 4524 quem
3537 4454 3789 4508 videlicet

2217 4547 2456 4603 nonnulli
2506 4554 2742 4600 vestrum
2804 4545 3112 4614 epinantur'
3147 4545 3412 4600 venalitcr
3471 4545 3783 4613 irrepsisse,

541 4642 882 4710 Quapropter
926 4653 1114 4694 omnes
1164 4634 1322 4704 hujus
1371 4632 1616 4689 nefandae
1655 4633 1924 4689 hzereseos
1963 4644 2113 4703 peste
2143 4606 2186 4666 (ἶ
2218 4638 2460 4693 nonnulli
2489 4653 2618 4692 vero
2662 4636 2863 4704 gratis,
2894 4644 2949 4690 et
2977 4651 3074 4706 per
3101 4639 3300 4692 ostium
3332 4637 3617 4700 introisse,
3658 4651 3776 4689 cou-

542 4739 845 4800 corruptos,
895 4729 1178 4785 haereticos
1214 4742 1334 4782 esse
1385 4725 1753 4780 indubitanter
1797 4724 2109 4789 asserimus,

542 4836 742 4890 eosque
770 4817 1103 4873 damnabilcs
1129 4830 1292 4884 atque
1317 4831 1348 4870 a
1371 4815 1482 4871 suis
1503 4813 1768 4869 arcendos
1793 4812 2111 4878 honoribus,

536 4915 690 4981 juxta
718 4926 998 4965 sacrorum
1030 4923 1294 4962 canonum
1320 4909 1638 4967 sententias,
1657 4903 1988 4973 judicamus.

1052 4997 1274 5054 CAPUT
1312 4993 1598 5052 PRIMUM.

545 5093 624 5134 An
659 5091 900 5134 Frclesim
941 5089 1280 5134 Sncmmenm
1320 5104 1408 5134 ner
1446 5087 1609 5134 male
1640 5087 1866 5134 ermftzrri
1894 5087 2108 5134 "assint.

2215 4729 2410 4784 stantis
2457 4727 2624 4783 animi
2673 4727 2924 4782 libertate
2963 4726 3305 4781 conﬁrmant.
3336 4725 3413 4780 illi
3467 4725 3786 4780 turbulentis

2211 4817 2477 4887 jurgando
2523 4818 2801 4882 conviciis,
2851 4815 2995 4886 quod
3043 4816 3336 4885 opinantur
3384 4816 3652 4884 allegant;
3697 4812 3784 4866 isti

2215 4907 2358 4974 quod
2405 4906 2547 4960 scire
2591 4902 2856 4970 fatentur,
2908 4905 3114 4958 crimen
3170 4902 3426 4971 injectum
3473 4902 3778 4959 refellendo,

2214 4995 2546 5064 propulsant.
2573 4991 2640 5048 Et
2675 4994 2798 5061 quis
2821 5007 2922 5061 ego
2955 5007 3094 5054 sum,
3126 4993 3218 5060 qui
3248 4994 3389 5046 inter
3435 4993 3532 5046 hos
3562 5003 3779 5056 compn-

2218 5083 2496 5134 tznantium
2523 5081 2721 5134 .tzlobos
2752 5083 2962 5134 sianum
2994 5098 3185 5134 manus
3216 5083 3451 5134 mittam.
3481 5091 3534 5134 et
3565 5090 3672 5134 tam
3701 5077 3781 5132 fe-
