4132 6324
370 469 478 525 8⁸55

369 577 691 634 adeuntibus
731 585 900 648 patet.
940 575 1238 633 Romanam
1275 590 1404 647 ergo
1435 572 1608 644 pulset
1643 572 1941 628 Ecclesiam
1971 579 2021 636 Α

367 671 614 742 quisquis
651 684 708 724 se
729 667 931 736 justam
971 669 1229 722 adversus
1271 667 1578 735 episcOpum
1617 665 1814 720 habere
1845 680 1941 718 ca-

367 765 628 818 lumniam
660 769 861 832 sperat.
896 758 1007 814 Nec
1036 759 1179 813 enim
1215 773 1310 813 nos
1347 757 1732 811 homunciones
1759 757 1939 826 exigui

367 854 422 906 in
464 850 845 906 andronarium
879 848 1089 919 angulis
1137 848 1359 901 reddere
1390 862 1674 916 possumus
1704 846 1938 912 irritum,

363 943 512 1012 quod
541 942 594 995 in
624 942 740 1008 ipso
779 954 992 994 summo
1026 939 1189 992 totius
1220 938 1400 991 mundi
1431 937 1654 991 cardine
1695 952 1796 990 non
1828 952 1942 990 am-

364 1029 601 1100 bigimus
641 1028 967 1082 institutum.
1003 1026 1235 1080 Cernitis
1284 1027 1466 1096 itaque
1509 1041 1595 1080 me
1627 1025 1942 1094 simpliciter

361 1119 483 1176 haec
515 1119 627 1173 sola
671 1118 1034 1178 conscribere,
1068 1131 1188 1184 qua:
1236 1131 1321 1169 me
1365 1125 1684 1183 praesentem
1715 1115 1941 1169 audistis

363 1224 462 1264 ore
510 1208 772 1277 proferre.
826 1207 1120 1262 Erubescat
1173 1221 1301 1276 ergo
1360 1205 1654 1259 fabricator
1713 1205 1942 1274 quisque

365 1298 654 1363 mendacii,
685 1297 776 1368 qui
804 1297 930 1351 dum
969 1311 1055 1350 me
1089 1295 1219 1349 vidit
1249 1295 1301 1348 in
1341 1310 1500 1349 causa
1533 1297 1772 1348 nutantis
1805 1309 1941 1348 con-

365 1392 643 1446 troversia:
679 1405 784 1443 non
821 1389 1012 1442 leviter
1051 1386 1416 1454 judicantem,
1451 1387 1786 1454 impudenter
1832 1383 1940 1438 ela-

365 1490 472 1536 trat
501 1479 822 1534 Sitnoniacze
851 1481 1121 1533 hazreseos
1169 1478 1402 1531 existere
1450 1477 1812 1529 defensorem.
1846 1474 1938 1529 llis

363 1573 532 1642 igitur
565 1571 752 1640 paucis
774 1571 1036 1623 rationem
1064 1585 1150 1624 me
1180 1569 1333 1622 vobis
1361 1567 1658 1621 reddidisse
1686 1567 1936 1628 sufliciat,

364 1677 434 1715 ne
465 1660 674 1730 longior
706 1659 876 1730 stylus
905 1658 1119 1729 fatigari
1145 1673 1240 1713 vos
1267 1658 1428 1712 nimia
1457 1657 1767 1728 prolixitate
1794 1671 1940 1710 com-

361 1751 546 1822 pellat.

435 1841 571 1896 Hinc
598 1842 664 1896 ad
689 1842 1108 1898 commonacbos
1147 1855 1294 1896 meos
1328 1839 1614 1894 articulum
1647 1837 1933 1901 transfero,

1087 461 1330 522 OPUSC.
1372 459 1541 516 XXX.
1577 483 1642 497 --
1669 453 1756 510 Dii.
1796 457 2094 514 SACRAM.
2136 462 2272 518 PER
2312 465 2589 522 lMPl'lOB.
2630 466 2865 522 ADMIN.
3342 460 3368 478 ⁹

3515 471 3620 526 526

2675 577 2900 633 CAPUT
2942 578 3000 632 ll.

2047 681 2201 748 Quod
2229 683 2458 755 Spiritus
2489 698 2701 740 sanctus
2733 705 2824 755 per
2853 690 3072 755 improbi
3104 690 3449 744 ministerium
3495 692 3623 745 dare

2496 767 2660 824 potest
2699 774 2794 809 sua
2826 760 3162 811 clu'trisnmta.

2116 843 2384 898 Praeterea
2417 845 2592 914 major
2621 855 2705 899 est
2733 847 2970 901 Ecclesia
3000 865 3160 918 quam
3190 849 3481 909 Ramatha.
3513 869 3625 906 ma-

2035 933 2127 1003 jor
2171 947 2251 990 est
2284 936 2534 990 Christus
2579 953 2736 1006 quam
2792 939 3031 992 Samuel.
3089 939 3144 992 Si
3196 955 3324 1010 ergo
3367 943 3420 997 in
3465 941 3619 1004 Saul,

2045 1041 2204 1095 quem
2249 1027 2421 1080 malus
2457 1029 2730 1096 exagitare
2779 1029 3001 1096 spiritus
3051 1043 3444 1098 consueverat,
3499 1052 3619 1088 cum

2045 1115 2282 1168 venisset
2332 1115 2384 1168 in
2435 1117 2720 1182 llatnatba,
2753 1118 2843 1171 ubi
2873 1119 3089 1172 Samuel
3134 1135 3255 1173 cum
3296 1119 3462 1176 David
3493 1139 3618 1192 pro-

2045 1204 2332 1272 pltetabat,
2384 1205 2606 1274 spiritus
2663 1205 2902 1270 insiluit,
2949 1207 3021 1260 ita
3072 1217 3127 1260 ιιι
3181 1225 3238 1263 se
3288 1213 3623 1266 vestimcn'is

2042 1305 2284 1359 exiteret,
2304 1303 2354 1350 et
2378 1298 2548 1350 nudus
2574 1304 2680 1349 tota
2705 1297 2791 1350 die
2837 1313 2900 1352 ac
2923 1311 3096 1363 noc:e,
3121 1315 3240 1354 cum
3259 1302 3471 1355 caeteris
3493 1317 3620 1358 con-

2041 1383 2231 1437 cinens
2272 1385 2615 1452 pro-,rhetaret
2646 1385 2694 1454 (l
2741 1384 2868 1455 Reg.
2911 1403 2996 1440 1m
3029 1398 3082 1442 et
3140 1405 3264 1455 xn;
3301 1390 3326 1443 Ι
3367 1390 3492 1462 Reg.
3525 1394 3618 1461 x);

2043 1473 2170 1540 quid
2205 1474 2418 1536 mirum,
2451 1473 2495 1528 si
2542 1473 2778 1542 Spiritus
2826 1486 3044 1531 sanctus
3087 1479 3137 1532 in
3180 1481 3421 1535 Ecclesia
3460 1498 3620 1551 super

2042 1562 2332 1629 quemlibet
2381 1565 2665 1633 reprobum
2699 1567 2904 1631 veniat,
2934 1577 2988 1621 et
3035 1585 3138 1622 non
3177 1586 3274 1638 per
3303 1573 3420 1641 ejus
3453 1575 3610 1629 meri-

2044 1663 2176 1714 tum,
2206 1655 2297 1706 sed
2327 1668 2425 1723 per
2452 1654 2570 1722 ejus
2606 1656 2964 1712 ministerium
2997 1659 3048 1711 in
3098 1659 3232 1714 alios
3273 1662 3624 1725 cbarismati.

2040 1741 2123 1794 sui
2156 1740 2293 1794 dona
2331 1742 2706 1798 transfundat?
2745 1743 2826 1811 Si,
2855 1745 3098 1814 inquam,
3144 1748 3356 1801 divinus
3387 1750 3624 1820 Spirituv

2041 1833 2188 1887 illum
2236 1843 2453 1902 repente
2496 1835 2780 1903 corripuit,
2817 1846 2977 1905 atque
3004 1837 3072 1891 ab
3114 1854 3199 1904 eo,
3223 1855 3322 1909 per
3349 1848 3457 1893 tam
3497 1841 3620 1895 diu-

361 1946 395 1984 a
421 1932 614 2001 quibus
659 1929 898 2000 profecto
943 1931 1234 2000 procedere
1285 1940 1467 1984 notam
1501 1929 1640 1982 hanc
1687 1928 1935 1996 jurgandi
1966 1920 2014 1980 B
2043 1923 2183 1976 turni
2217 1923 2474 1992 temporis
2523 1925 2756 1992 spatium
2805 1941 2910 1979 non
2962 1928 3218 1993 recessit,
3251 1928 3340 1997 qui
3371 1945 3466 1984 vas
3503 1938 3627 1990 erat

363 2023 650 2078 materiam
696 2038 802 2077 non
840 2025 1046 2094 ignoro.
1078 2023 1278 2077 Dicunt
1306 2023 1448 2076 enim
1481 2021 1603 2089 quia
1639 2020 1707 2074 ab
1747 2017 1939 2084 hujus-

362 2115 510 2169 modi
541 2116 912 2170 sacerdotibus
946 2129 1044 2170 nec
1073 2115 1310 2167 chrisma
1344 2111 1554 2174 confici,
1586 2126 1684 2165 nec
1711 2109 1938 2165 ecclesia

363 2205 625 2270 dedicari,
653 2220 754 2260 nec
796 2204 1065 2260 clericalia
1087 2205 1210 2274 jura
1235 2201 1491 2264 conferri,
1521 2216 1621 2255 nec
1652 2201 1936 2254 missarum

361 2293 474 2347 ullo
511 2309 747 2363 unquam
778 2301 1022 2361 tempore
1048 2300 1340 2361 potuerunt
1367 2289 1626 2344 solemnia
1650 2288 1935 2342 celebrari.

361 2385 432 2440 Et
479 2394 586 2438 tam
635 2386 750 2438 hare
793 2384 1132 2452 impudenter
1175 2382 1428 2452 allegant,
1477 2389 1536 2434 ut
1572 2396 1713 2433 anno
1763 2379 1939 2433 horno

361 2473 722 2542 compulerint
769 2473 820 2525 in
875 2472 1047 2526 tribus
1097 2470 1341 2540 plebibus
1385 2470 1500 2524 sine
1551 2469 1937 2536 conspersione

362 2565 678 2620 chrismatis
707 2564 1123 2618 catechumenos
1150 2562 1434 2631 baptizari.
1469 2559 1574 2614 Sed
1614 2575 1733 2614 cmn
1777 2560 1939 2614 Citri-

362 2663 482 2708 stus
508 2652 692 2723 procul
715 2653 878 2707 dubio
903 2652 1282 2706 denominetur
1303 2666 1331 2704 a
1355 2650 1670 2712 chrismate,
1695 2650 1769 2703 nil
1795 2649 1939 2704 aliud

366 2743 560 2798 tollunt
605 2743 904 2811 baptismo,
962 2742 1064 2796 nisi
1123 2729 1432 2803 Christum,
1487 2741 1576 2809 qui
1631 2740 1941 2794 chrismatis

363 2832 688 2886 subtrahunt
710 2840 1130 2886 sacramentum.
1160 2831 1228 2884 Et
1256 2840 1403 2884 certe
1449 2831 1492 2883 si
1541 2844 1626 2882 me
1667 2830 1805 2883 forte
1833 2844 1938 2882 non

365 2919 523 2990 fugit,
554 2919 693 2974 nulla
723 2935 957 2990 unquam
983 2921 1206 2974 hmresis
1241 2920 1292 2973 in
1329 2928 1533 2972 tantam
1564 2921 1811 2988 prorupit
1839 2936 1939 2971 au-

365 3009 572 3062 daciam
595 3050 611 3074 ,
658 3017 714 3062 ut
745 3009 992 3077 baptismi
1030 3008 1244 3062 lavacro
1278 3008 1517 3062 chrisma
1539 3047 1553 3072 ,
1597 3009 1697 3062 hoc
1733 3016 1848 3070 est,
1881 3016 1940 3060 ut

363 3115 396 3152 a
417 3100 726 3154 Christiano
745 3101 1018 3154 Christum
1045 3101 1283 3154 dividere
1310 3101 1761 3169 praesumpsisset.
1787 3099 1940 3166 Quod

362 3191 436 3256 si,
471 3200 775 3260 contempta
804 3191 1051 3260 propria,
1083 3191 1150 3244 ab
1185 3190 1285 3243 alia
1331 3190 1569 3243 Ecclesia
1611 3189 1806 3244 furtive
1843 3190 1937 3245 de-

363 3281 532 3334 latum
578 3282 812 3335 chrisma
863 3282 1132 3343 credatur,
1187 3281 1328 3335 sicut
1373 3297 1402 3334 a
1454 3281 1685 3349 quodam
1731 3281 1936 3335 scilicet

360 3387 551 3426 eorum
602 3369 810 3425 fautore
848 3371 1189 3440 contingitur,
1235 3385 1379 3433 ecce,
1413 3380 1670 3440 quantum
1713 3371 1780 3422 ad
1817 3369 1936 3423 illos

360 3465 628 3533 pertinet,
663 3463 715 3516 in
761 3463 1133 3532 spiritualibus
1180 3464 1341 3516 rebus
1383 3462 1741 3516 committitur
1783 3460 1935 3514 adul-

362 3554 591 3616 torium,
646 3563 702 3607 et
748 3555 800 3606 in
847 3554 1186 3622 sacrilegium
1235 3554 1462 3607 vertitur
1509 3566 1933 3615 sacramenzum,

361 3643 616 3696 nimirum
648 3642 808 3712 536
835 3643 960 3696 dum
992 3643 1222 3711 propria:
1251 3643 1501 3696 Ecclesia:
1529 3644 1764 3696 chrisma
1812 3658 1932 3711 pro-

354 3729 576 3797 jicitur,
625 3742 681 3786 et
723 3733 793 3785 ab
836 3733 1009 3786 aliena
1055 3732 1402 3787 clandestinae
1460 3732 1662 3786 fraudis
1720 3733 1933 3802 ingenio

360 3821 703 3891 subrogatur.
731 3821 928 3876 Beatus
975 3823 1205 3892 denique
1248 3839 1384 3893 papa
1434 3823 1725 3894 Gregorius
1762 3825 1812 3878 in
1843 3839 1934 3878 su-

357 3925 549 3981 premo
579 3913 778 3968 ultimae
806 3913 1039 3968 homiliaa
1069 3915 1336 3968 versiculo
1364 3916 1440 3970 sic
1477 3915 1551 3968 ait
1585 3933 1597 3968 :
1627 3934 1645 3967 ι
1685 3915 1789 3970 Sed
1821 3917 1935 3971 haec

359 4005 702 4073 omnipotens
747 4004 907 4066 Deus,
941 4005 1030 4074 qui
1080 4019 1178 4073 per
1220 4019 1310 4060 me
1360 4007 1413 4059 in
1465 4008 1660 4060 vestris
1713 4007 1934 4061 auribus

359 4095 620 4164 loquitur,
659 4111 755 4164 per
779 4109 840 4150 se
864 4095 917 4148 itt
945 4096 1144 4150 vestris
1169 4097 1438 4150 mentibus
1463 4097 1736 4166 loquatur.
1779 4118 1798 4149 ι

429 4186 566 4243 Cum
594 4187 760 4255 igitur
784 4180 1115 4246 hoelibrum
1143 4203 1298 4242 suum
1347 4188 1454 4243 fine
1495 4189 1788 4252 concludit,
1817 4203 1933 4242 om-

361 4277 694 4346 nipotentem
743 4277 910 4331 Deum
961 4285 1152 4332 cuncta
1197 4293 1317 4347 quae
1361 4277 1414 4332 in
1460 4293 1524 4332 eo
1567 4278 1768 4346 scripta
1807 4287 1932 4332 sunt

356 4381 460 4437 per
500 4381 560 4422 se
595 4366 833 4420 locutum
863 4367 1139 4421 evidenter
1170 4367 1424 4422 ostendit.
1460 4366 1556 4420 llic
1584 4367 1795 4435 itaque,
1835 4383 1932 4436 per

357 4469 519 4524 quem
567 4454 690 4509 talis
743 4454 1070 4509 inhabitator
1117 4455 1428 4525 eloquitur,
1472 4456 1525 4510 in
1595 4456 1814 4510 homzlia
1863 4457 1932 4512 de

357 4547 728 4602 sacerdotibus
783 4545 926 4602 facta
987 4548 1162 4616 (hom.
1217 4549 1352 4617 l7),
1397 4565 1494 4616 per
1534 4549 1927 4620 impositionem
1960 4589 2007 4646 Β

357 4650 554 4690 manus
612 4635 907 4690 Simoniaci
956 4635 1213 4706 Spiritttm
1266 4649 1514 4692 sanctum
1560 4640 1778 4694 cwlitus
1813 4641 1930 4695 dari

356 4726 802 4781 manifestissime
852 4727 1160 4782 confitetur.
1196 4747 1213 4779 ε
1262 4727 1364 4794 Qui
1416 4743 1679 4797 namque,
1734 4731 1929 4801 inquit,

355 4823 485 4867 sunt
513 4814 566 4868 in
615 4815 812 4884 templo
857 4815 953 4871 Dei
1001 4817 1184 4881 hodie,
1211 4818 1300 4885 qui
1350 4817 1626 4873 columbas
1668 4820 1929 4884 vendunt,

357 4904 464 4958 nisi
485 4904 587 4973 .qui
621 4905 673 4958 in
703 4905 943 4960 Ecclesia
975 4907 1210 4975 pretium
1261 4906 1329 4961 de
1372 4908 1711 4976 impositione
1740 4925 1932 4965 manus

356 4993 663 5062 accipiunt?
702 5013 721 5046 ι
748 5010 845 5064 per
882 5009 1043 5062 quam
1076 4995 1324 5050 videlicet
1366 4997 1761 5066 impositionem
1811 5000 1931 5069 Spi-

355 5083 494 5138 ritus
546 5093 766 5139 sanctus
812 5084 1028 5138 coalitus
1083 5085 1260 5138 da'tur.
1314 5083 1413 5139 Ubi
1461 5087 1637 5140 adhuc
1683 5089 1926 5142 eamdem

355 5175 680 5230 sententiam
712 5177 955 5247 replicat,
989 5186 1043 5231 et
1071 5187 1325 5245 tanquam
1357 5177 1683 5232 tardioribus
1716 5180 1798 5232 vel
1830 5181 1926 5234 ad-

353 5265 462 5319 huc
496 5267 865 5321 dubitantibus
892 5283 1077 5322 rursus
1107 5267 1336 5321 inculcat
1363 5267 1547 5320 dicens
1581 5285 1593 5319 :
1627 5285 1645 5318 ι
1673 5267 1928 5323 Columba

353 5368 485 5421 ergo
535 5355 818 5419 venditur,
868 5355 994 5424 quia
1051 5371 1243 5410 manus
1300 5356 1600 5425 itnpositio,
1639 5371 1732 5425 per
1766 5374 1926 5427 quam

355 5440 592 5509 Spiritus
620 5454 838 5499 sanctus
874 5445 1157 5514 accipitur,
1188 5446 1254 5499 ad
1301 5445 1533 5515 pretium
1581 5447 1863 5516 praebetur.
1904 5467 1922 5498 ι

354 5530 462 5586 Sed
489 5536 613 5603 quia
635 5536 703 5591 de
732 5538 816 5592 his
843 5539 894 5592 in
920 5538 1056 5592 libro
1089 5548 1274 5592 nostro
1301 5537 1464 5591 multa
1488 5539 1927 5606 conscripsimus,

352 5623 440 5678 hic
475 5625 525 5677 in
555 5627 749 5681 talibus
795 5643 899 5682 non
943 5629 1142 5684 diutius
1185 5630 1562 5683 immoramur.
1595 5630 1928 5685 solummodo

350 5713 442 5780 qni
476 5713 600 5784 legit
635 5717 912 5788 intelligat.

2035 2014 2255 2068 omnino
2277 2013 2495 2077 diaboli,
2523 2029 2755 2083 eumque
2782 2017 3032 2086 nequitiae
3073 2019 3292 2088 spiritus
3324 2034 3426 2073 noa
3456 2022 3620 2086 clam,

2037 2106 2130 2162 sed
2157 2115 2349 2174 aperte
2386 2122 2484 2175 per
2513 2120 2709 2176 corpus
2735 2108 2893 2161 simul
2924 2117 2979 2164 et
3005 2111 3239 2165 animam
3279 2114 3616 2182 possidebat;

2033 2193 2161 2262 quid
2198 2209 2417 2258 novum,
2451 2194 2494 2248 si
2521 2195 2762 2250 cloacam
2800 2199 3015 2266 reprobi
3065 2200 3350 2271 cujuslibet
3385 2203 3615 2264 hominis

2037 2283 2293 2352 splendor
2319 2285 2406 2339 ille
2433 2285 2671 2341 caelestis
2709 2287 2953 2353 irradiat,
2985 2304 3144 2358 quem
3192 2300 3370 2345 tamen
3411 2293 3615 2348 nullum

2039 2375 2305 2444 squaloris
2349 2377 2568 2431 obsceni
2613 2379 2921 2449 contagium
2971 2379 3176 2435 fmdat?
3207 2381 3312 2437 Sed
3341 2400 3482 2439 nunc
3521 2403 3622 2440 cur

2038 2468 2140 2521 ista
2171 2470 2546 2539 prosequimur
2566 2513 2580 2536 ,
2611 2485 2732 2525 cum
2776 2473 3241 2528 consecrationem
3293 2475 3621 2533 Simoniacis

2039 2573 2212 2628 nuper
2260 2560 2426 2616 fuisse
2460 2563 2788 2632 prohibitam
2841 2565 3090 2632 superius
3133 2566 3342 2634 prwfati
3392 2570 3620 2623 sumus?

2041 2646 2204 2703 Plane
2251 2649 2376 2719 quia
2441 2651 2603 2705 iidem
2661 2651 2761 2722 ipsi
2820 2653 2911 2724 qui
2967 2653 3293 2722 baptismum
3343 2657 3458 2710 fieri
3503 2659 3623 2712 sine

2039 2739 2335 2795 chrismate
2374 2742 2706 2807 docuerunt,
2739 2743 2914 2800 adhuc
2946 2747 3204 2802 adversus
3244 2764 3338 2804 eos
3375 2751 3463 2819 qui
3497 2761 3622 2804 ante

2039 2829 2302 2898 synodum
2333 2832 2502 2900 gratis
2534 2847 2563 2885 a
2597 2831 2920 2889 Simoniacis
2949 2837 3180 2890 ordinati
3211 2849 3336 2892 sunt
3379 2839 3614 2894 sulllant.

2039 2931 2240 2986 eosque
2285 2935 2406 2972 cttm
2455 2921 2568 2974 suis
2612 2921 3014 2977 ordinatoribus
3045 2940 3166 2980 esse
3213 2925 3497 2982 hmreticos
3525 2927 3622 2980 do-

2040 3009 2370 3074 gmatiaant,
2419 3025 2716 3079 eorumque
2769 3012 2958 3067 missas
3023 3024 3077 3068 et
3143 3017 3322 3069 omnia
3375 3032 3470 3085 per
3523 3033 3618 3072 eos

2041 3095 2183 3151 facta
2234 3099 2486 3168 mysteria
2538 3099 2932 3170 blasphemant,
2971 3105 3453 3169 anathematizant,
3482 3122 3614 3161 con-

2043 3199 2262 3256 spunnt,
2312 3189 2601 3260 abjiciunt,
2651 3201 2704 3246 et
2748 3192 3062 3262 explodunt,
3112 3210 3409 3265 eorumque
3453 3197 3621 3251 benc-

2039 3279 2364 3333 dictionibus
2390 3281 2708 3336 terribiliter
2738 3283 3084 3349 maledicunt,
3118 3299 3239 3338 cum
3283 3287 3424 3340 dicat
3469 3287 3618 3357 Apo-

2036 3367 2204 3422 stolus
2252 3381 2322 3420 :r
2377 3369 2510 3434 Quia
2566 3370 2812 3426 maledici
2864 3388 3086 3448 regnum
3137 3375 3230 3429 Dei
3284 3359 3388 3429 non
3436 3378 3616 3448 possi-

2035 3457 2236 3511 debunt
2277 3456 2338 3526 (Ι
2381 3458 2502 3512 Cor.
2546 3459 2654 3529 vt).
2702 3479 2720 3511 ι
2765 3461 2830 3514 Et
2878 3443 2932 3516 in
2985 3463 3097 3517 suis
3148 3443 3618 3522 maledictionibus

2036 3545 2166 3598 illud
2224 3545 2499 3601 Malachiae
2550 3549 2826 3617 propheta:
2895 3552 3259 3608 testimonium
3316 3557 3615 3620 adhibent,

2034 3649 2143 3702 quo
2188 3634 2392 3690 dicitur
2431 3653 2445 3690 :
2480 3657 2498 3688 ι
2536 3638 2850 3694 Maledicam
2901 3643 3368 3700 benedictionibus
3420 3651 3615 3702 vestris

2035 3723 2301 3793 (Malach.
2353 3729 2464 3797 ιι),
2521 3749 2540 3780 ι
2575 3745 2680 3784 non
2740 3734 3076 3789 attendentes
3137 3738 3280 3805 quod
3353 3740 3612 3794 Dominus

2036 3813 2090 3866 in
2141 3815 2276 3867 libro
2323 3812 2540 3870 Numeri
2593 3819 2660 3872 de
2711 3821 3084 3877 sacerdotibus
3137 3825 3213 3878 ait
3265 3843 3277 3878 :
3326 3846 3342 3876 ι
3390 3827 3616 3882 Invoca-

2033 3905 2168 3959 bunt
2195 3904 2354 3976 537
2386 3923 2578 3964 nomen
2611 3926 2788 3965 meum
2818 3927 2980 3982 super
3015 3913 3153 3969 filios
3191 3916 3375 3981 Israel,
3420 3929 3470 3974 et
3510 3935 3613 3989 ego

2033 3995 2352 4051 benedicam
2376 3998 2457 4051 eis
2483 3999 2676 4068 (Num.
2705 4004 2804 4072 vt).
2838 4021 2856 4054 ι
2893 4003 3160 4060 Sacerdos
3189 4009 3386 4077 quippe
3431 4011 3612 4063 Domi-

2034 4102 2161 4140 num
2186 4102 2349 4156 super
2385 4090 2659 4147 hominem
2691 4094 2872 4148 verbis
2907 4095 3120 4151 invocat
3146 4116 3158 4150 :
3190 4100 3282 4153 sed
3315 4101 3427 4171 ipse
3453 4118 3616 4170 super

2033 4176 2480 4233 ettm‘Dominus
2542 4181 2971 4237 benedictionem
3036 4185 3327 4243 efﬁcaciter
3389 4189 3609 4246 format.

2033 4263 2269 4322 Eﬂectus
2294 4267 2474 4336 itaque
2494 4270 2894 4326 benedictionis
2921 4289 3024 4327 non
3057 4275 3110 4328 in
3140 4277 3333 4332 merito
3362 4281 3613 4332 sacerdo-

2035 4353 2105 4408 tis
2126 4363 2358 4419 constat,
2379 4357 2473 4410 sed
2498 4358 2641 4414 hunc
2680 4360 2950 4416 invocatio
2972 4361 3138 4418 divini
3171 4367 3404 4420 nominis
3440 4367 3615 4422 admi-

2033 4445 2252 4508 nistrat,
2271 4455 2329 4500 ut
2349 4449 2491 4516 quod
2519 4463 2586 4503 ex
2609 4465 2706 4505 ore
2736 4465 2888 4506 sonat
2918 4453 3174 4520 hominis,
3196 4457 3369 4512 virtus
3392 4458 3635 4526 impleat

2033 4536 2328 4606 Creatoris,
2356 4546 2413 4592 et
2435 4554 2532 4608 per
2559 4539 2763 4611 indigni
2796 4557 2937 4611 saepe
2973 4544 3207 4600 hominis
3252 4547 3637 4602 ministerium'

2034 4627 2211 4680 divina
2238 4627 2408 4683 virtus
2445 4643 2601 4683 suum
2633 4633 2899 4687 veraciter
2940 4631 3138 4688 ediciat
3186 4628 3607 4690 sacramentum.

2032 4714 2136 4770 Sed
2168 4715 2301 4770 fatui
2332 4726 2387 4771 et
2417 4718 2652 4788 imperiti
2701 4721 2924 4789 quilibet
2951 4723 3196 4778 homines
3242 4725 3294 4778 in
3342 4726 3443 4779 hoc
3478 4740 3608 4793 pro.

2031 4805 2206 4872 pltetae
2236 4807 2402 4861 verba
2441 4807 2737 4876 caligantes
2793 4821 3010 4878 errant,
3053 4814 3356 4867 nescientes
3401 4814 3612 4870 scilicet

2031 4911 2152 4964 quae
2203 4896 2515 4965 lmltmntur,
2544 4900 2625 4952 vel
2653 4901 2719 4954 de
2747 4902 2942 4970 quibus
2989 4902 3280 4958 atlirmant.
3333 4905 3386 4958 In
3441 4909 3614 4960 Sacris

2034 4985 2232 5054 quippe
2258 4985 2555 5054 Seriptnris
2580 4989 2650 5041 ita
2682 4989 2988 5044 maledictio
3017 4993 3305 5061 aliquando
3327 5008 3424 5063 pro
3446 4998 3610 5047 steri-

2036 5073 2208 5135 litate,
2239 5075 2379 5128 sicut
2414 5085 2471 5128 et
2503 5075 2804 5132 benedictio
2854 5093 2952 5146 pro
3007 5096 3183 5134 rerum
3233 5085 3613 5152 temporalium

2034 5165 2256 5232 ponitur
2282 5170 2545 5222 ubertate.
2573 5168 2646 5221 De
2681 5185 2783 5238 qua
2827 5170 3082 5225 nimirum
3128 5172 3502 5231 benedictione
3557 5177 3638 5228 in‘

2034 5255 2174 5311 libro
2199 5258 2405 5328 Regum
2437 5260 2631 5313 dicitur
2667 5277 2678 5312 :
2717 5278 2736 5310 ‹
2773 5259 3060 5317 Benedixit
3098 5262 3357 5319 Dominus
3397 5265 3610 5321 Obede—

2037 5346 2141 5400 don
2165 5357 2220 5400 et
2253 5363 2468 5401 omnem
2499 5349 2714 5403 domum
2743 5351 2879 5420 ejus.
2912 5351 3335 5424 Nuntiatumque
3370 5361 3454 5410 est
3496 5358 3610 5419 regi

2037 5436 2233 5502 David,
2260 5437 2384 5506 quia
2415 5438 2689 5495 benedixit
2717 5439 2974 5496 Dominus
2999 5442 3286 5498 Obededon
3304 5486 3316 5508 ,
3343 5453 3396 5498 et
3427 5447 3608 5501 omnia

2031 5523 2147 5592 ejus
2174 5534 2393 5596 propter
2418 5543 2600 5582 arcam
2629 5529 2868 5594 Domini;
2899 5533 3140 5603 dixitque
3158 5553 3170 5588 :
3191 5554 3208 5584 ι
3229 5535 3338 5599 Ibo,
3364 5547 3420 5592 et
3449 5539 3608 5590 redu-

2031 5631 2150 5668 cam
2192 5631 2373 5670 arcam
2429 5633 2550 5670 cum
2603 5620 2976 5678 l.c.nedit“.20ne
3037 5624 3089 5677 in
3154 5625 3370 5680 domum
3431 5641 3608 5682 meam

2033 5705 2118 5771 (Il
2157 5705 2282 5776 Reg.
2311 5715 2409 5777 vr).
2442 5729 2459 5758 ι
2509 5709 2658 5765 Unde
2711 5725 2834 5765 cum
2863 5712 3172 5769 'Psalmista
3207 5700 3557 5781 praemitteret
3589 5733 3606 5770 ξ

2040 5817 2058 5849 ι
2081 5798 2302 5853 Viduam
2326 5798 2439 5870 ejus
2469 5801 2789 5858 benedicens
2821 5805 3133 5860 benedicam
3159 5803 3559 5878 (Ps.1!.cxx:t)',
3583 5827 3604 5859 ι
