4132 6324
493 541 496 544 ,
525 477 629 532 δυ

979 467 1036 520 5.
1081 461 1282 518 PETRI
1334 455 1610 514 DAMIANI
1650 449 1800 507 OPP.
1841 442 2076 500 TOMUS
2107 440 2234 496 SEU
2271 439 2449 494 PARS
2490 436 2574 490 lll.
2602 460 2672 474 -~
2703 427 3068 488 OPUSCULA
3103 421 3335 480 VARIA.

3656 419 3764 473 628

525 598 587 643 ut
619 583 931 642 ostenderet
959 580 1022 632 de
1049 592 1155 646 qua
1207 571 1579 628 benedictione
1603 568 1826 626 diceret,
1851 560 2096 629 protinus
2123 564 2176 622 Α
2202 565 2308 604 non
2332 544 2670 603 servantibus
2694 556 2725 596 e
2756 537 3032 594 contrario
3059 530 3493 588 maledictionem
3527 525 3767 579 minatur

2203 639 2213 646 ‘
2331 638 2341 646 '
2506 633 2537 646 "
2655 632 2666 642 '
2918 641 3015 646 ----»
3059 630 3209 646 -ιι-ιη
3255 621 3388 646 nn...
3428 617 3766 646 Ληιηςηηηηιε

529 678 706 732 addit:
727 693 744 724 ι
761 672 1033 740 Paupercs
1060 667 1174 735 ejus
1197 663 1450 718 saturabo
1476 660 1700 730 panibus
1721 654 1894 727 (Psal.
1921 651 2052 720 ενι).
2074 669 2093 701 ι

528 771 598 826 Et
619 769 774 824 alibi:
797 785 815 816 ε
838 763 1115 818 Benediin
1141 761 1238 823 eis,
1271 766 1326 811 et
1354 751 1692 821 multiplicati
1723 756 1848 804 sunt
1875 743 2052 800 nimis.
2076 761 2093 793 ι

530 860 636 916 ιζδί
679 866 925 928 patenter
979 851 1279 906 ostenditur
1326 846 1448 914 quia
1487 839 1794 901 benedixit,
1841 840 1944 894 hoc
1979 841 2098 894 est,

527 944 1039 1018 multiplicavit.Cui
1058 940 1230 996 simile
1253 945 1336 991 est
1355 935 1496 1004 quod
1518 933 1611 986 lilii
1633 928 1827 997 Joseplt
1852 927 2102 980 dixerunt

528 1041 600 1095 ad
625 1037 825 1094 Josue:
855 1055 872 1085 ι
907 1036 1085 1100 Quare
1105 1028 1298 1084 dedisti
1325 1025 1455 1079 mihi
1493 1019 1885 1091 posSessionem
1919 1012 2100 1073 sortis,

531 1141 588 1186 et
611 1127 831 1183 funiculi
860 1125 1044 1188 unius;
1074 1135 1196 1176 eum
1223 1118 1324 1172 sim
1355 1125 1514 1168 tanta:
1540 1105 1986 1168 multitudinis,et
2008 1102 2102 1155 bc-

533 1220 738 1278 nedixit
764 1218 892 1272 mihi
923 1203 1531 1277 Dominus?(los.xvn.)
1561 1221 1578 1252 ι
1606 1197 1913 1254 Benedictio
1943 1193 2106 1262 igitur

533 1309 822 1380 aliquando
850 1301 1278 1362 multitudinem,
1312 1293 1602 1363 aliquando
1637 1287 1911 1358 signiﬁcat
1948 1283 2106 1335 uber-

537 1376 725 1457 tatem.
757 1402 825 1452 At
859 1407 1069 1460 contra,
1098 1387 1459 1446 contemnenti
1490 1382 1742 1436 mandata
1779 1376 1996 1430 cuilibet
2025 1387 2108 1426 re-

536 1493 708 1564 probo
749 1505 842 1560 per
891 1486 1106 1555 Moysen
1149 1481 1388 1533 dicitur:
1423 1495 1440 1526 ι
1479 1473 1818 1527 Maledictum
1853 1467 2106 1520 horreum

539 1595 710 1646 tuum,
728 1555 783 1634 et
807 1577 1105 1632 maledicue
1133 1569 1372 1638 reliquiae
1399 1576 1531 1628 tua};
1556 1561 1871 1618 maledictus
1903 1555 2109 1608 fructus

536 1673 745 1727 ventris
794 1669 887 1733 liti,
940 1675 994 1721 et
1025 1665 1232 1718 fructus
1275 1671 1430 1713 terra:
1471 1654 1774 1722 tu:e(l)eut.
1804 1644 2060 1713 xxxviii);
2086 1661 2103 1690 ι

525 1751 684 1821 unde
710 1761 866 1833 paulo
895 1768 1011 1828 post
1043 1775 1053 1810 :
1093 1775 1110 1806 ι
1147 1754 1317 1807 Mittet
1343 1749 1600 1803 Dominus
1637 1757 1798 1812 super
1830 1749 1880 1792 te
1912 1736 2110 1788 lamem

543 1868 598 1912 et
621 1826 858 1911 esuriem
891 1826 1097 1918 (Ibid).
1122 1867 1138 1896 ι
1175 1840 1536 1910 Quamobrem
1568 1843 1624 1887 et
1645 1833 1696 1884 in
1721 1834 1821 1884 hoc
1837 1826 2112 1880 Malacliize

2201 638 2393 707 impia:
2423 653 2436 689 :
2471 632 2707 702 alioquin
2732 643 2862 683 vero
2912 641 3020 695 quo
3057 630 3212 694 pacto
3253 621 3392 674 Deus
3428 617 3770 685 omnipotens

2200 727 2526 786 sacerdotali
2569 722 2916 779 malediceret
2941 710 3342 773 benedictioni,
3389 723 3550 779 quam
3596 707 3772 760 virtus

2201 821 2283 876 sui
2313 823 2602 873 consecrat
2637 809 2908 867 nominis?
2950 806 3085 860 Cum
3113 803 3278 865 enim,
3329 799 3470 852 sicut
3521 794 3772 864 superius

2201 912 2405 965 dictum
2436 915 2536 971 est,
2563 918 2725 971 super
2749 914 2910 970 quem
2953 911 3148 950 nomen
3197 889 3406 945 Domini
3465 889 3768 952 invocatur,

2202 1000 2571 1054 indubitanter
2596 995 2663 1048 ab
2693 993 2809 1061 ipso
2841 987 3067 1043 Domino
3113 981 3469 1043 benedieitur,
3502 976 3774 1046 quomodo

2203 1103 2542 1158 consequens
2569 1092 2654 1140 est
2701 1094 2759 1136 ut
2787 1096 2905 1136 eam
2928 1074 3358 1133 benelictionem
3377 1068 3635 1122 Dominus
3660 1081 3774 1118 ma-

2205 1179 2424 1242 ledicat,
2456 1192 2551 1246 per
2578 1187 2739 1243 quam
2770 1170 2886 1240 ipse
2911 1166 3186 1220 hominem
3231 1175 3326 1232 per
3376 1155 3777 1212 invocationem

2205 1270 2287 1326 sui
2325 1245 2558 1323 nominis
2611 1260 2914 1319 benedicit?
2964 1256 3101 1310 Hinc
3161 1261 3244 1306 est
3289 1248 3433 1319 quod
3485 1245 3780 1300 auctoritas

2206 1373 2473 1414 canonum
2496 1355 2650 1426 (Con.
2684 1347 2958 1420 apost.46,
3003 1353 3059 1400 et
3098 1343 3223 1396 dist.
3266 1339 3351 1399 52.
3393 1353 3514 1406 cap.
3555 1332 3779 1398 Prirtcr,

2210 1465 2431 1519 paragr.
2467 1445 2756 1501 Sciendum
2791 1435 3182 1502 senteiitialiter)
3211 1432 3373 1484 etiam
3396 1446 3422 1482 a
3448 1426 3780 1498 pestilentio-

2209 1516 2648 1595 ribus-harreticis
2671 1534 2970 1602 baptizatos
2991 1526 3241 1596 prohibet
3269 1525 3459 1576 iterum
3483 1516 3778 1586 baptizari;

2209 1647 2278 1685 ne
2310 1629 2562 1683 videlicet
2588 1639 2782 1679 nomen
2810 1621 2926 1686 Dei,
2957 1618 3097 1688 quod
3133 1617 3440 1670 invocatum
3493 1617 3576 1662 est
3621 1621 3786 1675 super

2210 1722 2352 1784 illos,
2377 1719 2621 1772 videatur
2649 1712 2938 1776 annullari,
2973 1708 3052 1763 vel
3083 1709 3136 1760 in
3168 1707 3382 1760 irritum
3427 1701 3570 1757 duci.
3616 1698 3782 1764 Quiso

2212 1814 2333 1882 quis
2360 1819 2622 1880 przeterea
2647 1807 2780 1880 dum
2803 1803 3115 1857 sacerdotes
3144 1795 3410 1866 quoslibet
3432 1788 3786 1845 obtrectatio-

543 1892 598 1912 ει
621 1892 858 1911 valli-wu-
891 1892 1097 1918 \ayvu.,.
1122 1892 1134 1896 ν
1181 1892 1343 1910 ,επ-νην
1405 1892 1408 1893 ,

543 1944 884 2007 testimonio,
923 1950 983 1993 ut
1032 1951 1138 1992 non
1178 1932 1537 2000 intelligamus
1583 1919 1975 1979 maledictionis
2025 1915 2110 1970 vel
2145 1913 2187 1972 Β
2217 1906 2374 1960 nibus
2429 1903 2655 1965 lacerat,
2703 1913 2892 1952 eorum
2943 1892 3292 1949 nihilominus
3341 1899 3396 1942 et
3447 1892 3788 1941 sacramenta

2215 1997 2263 2007 ι.
2371 1995 2384 2007 1
2536 2001 2547 2007 -
2610 1993 2648 2007 n
2694 1991 2705 2001 ο
2733 1990 2742 2007 ι
2781 1988 2930 2007 -.3-___
2975 1988 3159 2007 ι--.-ι..,.
3198 1981 3350 2007 1..,Ι..ι-
3398 1976 3669 2007 nnncln'nc
3721 1973 3788 2007 (‘n

542 2035 901 2093 analhematis
919 2031 1157 2100 jaculum
1186 2023 1508 2092 intorqueri,
1535 2019 1626 2073 sed
1658 2015 1815 2070 fatuis
1845 2022 1898 2066 et
1922 2011 2114 2080 inapia:

543 2128 865 2200 supplicium
891 2121 1172 2185 intentari,
1192 2116 1498 2188 .prmmittit,
1527 2113 1739 2166 dicens:
1761 2130 1778 2160 ι
1801 2107 1857 2160 Si
1881 2103 2114 2158 nolueri-

545 2229 641 2288 tis,
671 2223 862 2292 inquit,
895 2232 1094 2289 ponere
1125 2228 1285 2282 super
1337 2226 1430 2265 cor
1460 2217 1522 2261 ut
1561 2205 1701 2260 detis
1746 2201 1969 2273 gloriam
2016 2213 2115 2252 no-

546 2313 678 2368 mini
709 2325 844 2372 meo,
875 2309 1086 2363 mittam
1115 2305 1166 2356 in
1197 2317 1293 2356 vos
1320 2306 1643 2369 egestatem;
1681 2315 1698 2346 ι
1736 2307 1968 2360 moxque
1993 2289 2119 2342 sub-

541 2402 832 2474 jungitur:
879 2416 896 2448 ι
935 2396 1002 2450 Et
1050 2391 1365 2448 maledicam
1415 2384 1875 2441 benedictionibus
1927 2378 2119 2432 vestris

550 2467 809 2563 ξΜᾶιαεΙι.
843 2487 926 2559 ιι).
955 2507 972 2538 ι
1006 2485 1138 2539 Cum
1167 2497 1294 2549 ergo
1324 2486 1616 2548 egestatem
1663 2472 1962 2543 praemittit.
1991 2467 2119 2538 quid

548 2559 1016 2638 maledictionibus
1041 2573 1260 2641 intelligi
1284 2570 1431 2632 velit,
1450 2567 1566 2621 luce
1585 2564 1784 2620 clarius
1809 2559 2117 2615 innutescit.

549 2675 629 2728 Ac
659 2671 703 2725 si
734 2669 876 2723 dicat
904 2684 918 2719 :
948 2665 1007 2719 Si
1052 2657 1487 2728 contempseritis
1540 2662 1807 2724 prmeepta
1858 2665 1974 2704 mea
1997 2688 2010 2711 ,
2067 2648 2121 2702 in

552 2762 750 2817 vestris
776 2758 1029 2814 cordibus
1058 2760 1339 2824 ponentes,
1376 2747 1516 2818 quod
1551 2745 1819 2817 praecipue
1869 2741 2123 2811 pertime-

551 2855 724 2917 scitis,
782 2851 880 2906 sub
909 2846 1165 2917 egestatis
1193 2858 1288 2896 vos
1331 2849 1386 2896 et
1418 2838 1610 2908 inopia:
1658 2835 1852 2889 faciam
1901 2830 2123 2902 penuria

553 2945 860 3014 suspirare;
892 2949 948 2994 ut
978 2939 1090 3007 ipsa
1118 2950 1213 2988 vos
1242 2943 1398 2988 terra?
1425 2937 1621 2984 vestrae
1645 2925 1904 2980 sterilitas
1926 2919 2119 2983 feriat,

557 3038 682 3090 dum
708 3037 759 3090 in
788 3030 1125 3103 proferendis
1142 3027 1404 3080 bonorum
1423 3036 1647 3092 operum
1673 3017 1914 3086 frugibus
1937 3014 2125 3069 vitium

557 3140 656 3180 vos
685 3121 986 3179 sterilitatis
1009 3127 1228 3173 accusat
1255 3132 1269 3168 :
1301 3122 1354 3168 et
1383 3111 1560 3180 inopia
1590 3124 1684 3162 vos
1708 3107 1914 3161 cruciet
1941 3117 2128 3170 corpo-

556 3231 699 3280 rum,
723 3214 812 3284 qui
839 3211 1082 3267 videlicet
1109 3207 1364 3262 alimenta
1392 3200 1663 3273 negligitis
1683 3198 2008 3252 animarum.
2039 3193 2124 3254 Et,

557 3316 620 3361 ut
642 3307 747 3360 hoc
781 3303 1021 3373 ejusdem
1057 3299 1328 3369 prophetm
1365 3294 1540 3349 verbis
1580 3290 1755 3344 adhuc
1800 3287 1998 3342 clarius
2035 3300 2128 3354 ap-

559 3399 878 3468 probemus,
931 3393 1088 3460 longe
1129 3387 1468 3458 postmodum
1514 3384 1697 3438 dicit:
1752 3399 1770 3432 ‹
1819 3381 1964 3434 Gens
2019 3387 2130 3432 tota

561 3487 757 3543 inferte
785 3498 1001 3540 omnem
1035 3481 1298 3534 decimam
1337 3477 1388 3529 in
1421 3477 1674 3528 horreum
1711 3484 1920 3533 meum,
1967 3477 2022 3520 et
2065 3467 2136 3519 sit

546 3561 716 3649 (cibus
744 3577 796 3629 in
825 3578 983 3630 domo
1015 3587 1130 3625 mea
1163 3579 1264 3648 :pet
1303 3569 1524 3636 probate
1550 3579 1635 3616 me
1664 3576 1824 3630 super
1854 3560 1977 3620 hoc,
2006 3557 2138 3610 dicit

556 3668 840 3728 Dominus,
866 3665 911 3718 si
948 3678 1051 3716 non
1075 3645 1337 3730 aperuero
1376 3656 1527 3710 vobis
1561 3661 1862 3707 cataractas
1892 3648 2044 3710 coeli,
2083 3655 2140 3700 et

563 3757 805 3813 cﬂ‘udero
832 3755 984 3809 vobis
1011 3751 1440 3806 benedictionem
1466 3761 1636 3814 usque
1661 3745 1725 3798 ad
1753 3741 2138 3796 abundantiam

567 3848 828 3923 (Malach.
861 3847 967 3915 ιιι).
1001 3865 1019 3896 ι
1052 3845 1218 3898 Porro
1243 3843 1288 3896 si
1315 3839 1747 3894 maledictionem
1781 3834 2140 3890 anathematis

567 3940 679 3995 illic
710 3938 970 3994 Dominus
998 3935 1256 3989 voluisset
1282 3931 1528 4000 intelligi,
1559 3945 1663 3984 non
1694 3929 1936 3982 diceret:
1967 3945 1984 3977 ι
2028 3925 2138 3978 Ma-

553 4029 800 4096 ;lcdicam
825 4023 1287 4081 benedictionibus
1315 4021 1542 4083 vestris;
1585 4037 1603 4070 ι
1645 4018 1742 4072 sed
1782 4017 1998 4087 potius:
2028 4000 2142 4067 Ma-

571 4119 800 4173 ledicam
831 4116 1003 4180 vobis,
1034 4114 1125 4184 qui
1153 4113 1360 4168 scilicet
1382 4109 1706 4165 benedicere
1737 4123 1842 4161 non
1874 4115 2145 4160 merentes

572 4208 800 4263 audetis.

646 4299 709 4353 Et
739 4297 960 4367 utquod
991 4295 1217 4350 dicimus
1255 4291 1419 4346 etiam
1449 4305 1517 4344 cx
1548 4286 1832 4357 Evangelio
1853 4284 2015 4354 538
2035 4298 2146 4336 ma-

575 4392 924 4449 nifestissime
953 4387 1385 4456 comprobemus,
1412 4383 1484 4436 nil
1514 4381 1656 4434 aliud
1685 4379 1924 4432 ﬁculnea:
1947 4376 2146 4430 dixisse

578 4482 835 4536 Dominus
865 4478 1077 4546 legitur,
1104 4475 1205 4526 nisi
1233 4475 1334 4527 hoc
1357 4472 1563 4525 solum:
1599 4489 1617 4521 ι
1650 4468 1768 4521 Jam
1793 4481 1898 4520 non
1922 4463 2148 4531 amplius

494 4619 505 4634 .
579 4575 632 4630 in
695 4581 956 4626 alternum
1009 4567 1294 4633 quisquam
1344 4561 1578 4615 fructum
1638 4576 1701 4613 ex
1763 4567 1814 4610 te
1866 4555 2148 4609 manducet

500 4681 521 4734 ’ρ
582 4663 795 4733 (Matth.
831 4656 965 4728 ut).
997 4675 1014 4705 ι
1048 4656 1177 4720 Qua:
1205 4652 1459 4706 nimirum
1485 4650 1649 4703 verba
1699 4647 1891 4700 Petrus
1935 4643 2152 4696 maledi-

579 4731 815 4810 ctioncm
848 4745 1150 4817 appellavit,
1167 4759 1288 4798 cum
1310 4742 1357 4795 ei
1384 4740 1721 4810 postmodum
1753 4736 1888 4789 dixit
1916 4753 1929 4788 :
1967 4753 1982 4783 ι
2011 4731 2155 4786 Rab-

504 4839 509 4848 ’
582 4849 662 4909 bi,
695 4859 821 4900 ecce
854 4840 1077 4894 liculnea
1128 4836 1212 4889 cui
1249 4831 1579 4888 maledixisti
1607 4830 1750 4882 aruit
1783 4827 1975 4897 (Marc.
2001 4824 2077 4895 ιι)
2131 4844 2149 4874 ι

583 4937 731 4992 Talis
755 4935 897 4990 enim
932 4929 1239 4985 maledictio
1272 4928 1446 4996 primo
1475 4923 1681 4978 homini
1729 4921 1848 4974 data
1900 4928 1982 4972 est
2007 4958 2020 4978 ,
2069 4915 2153 4969 cui

587 5032 787 5084 dictum
809 5034 928 5080 est:
969 5042 986 5074 ι
1019 5021 1300 5074 Maledicta
1331 5027 1473 5072 terra
1503 5017 1553 5068 in
1581 5029 1745 5083 Opere
1768 5024 1873 5073 tuo,
1907 5026 2025 5079 qua:
2049 5009 2156 5077 spi-

589 5136 688 5174 nas
718 5126 774 5173 et
828 5113 1055 5168 tribulos
1091 5109 1415 5182 germinabit
1458 5106 1552 5161 tibi
1592 5104 1744 5174 (Cen.
1774 5102 1947 5171 xxxi).
1985 5120 2001 5150 ι
2056 5098 2161 5151 Sed

589 5217 644 5262 et
667 5207 770 5260 ista
790 5202 1094 5258 sterilitatis
1115 5199 1425 5254 maledictio
1447 5196 1876 5252 bcnedictioncm
1903 5188 2164 5244 ubertatis

591 5298 852 5361 excludit,
881 5295 1020 5350 sicut
1047 5295 1099 5348 in
1132 5293 1429 5347 Pharaonis
1469 5289 1680 5346 somnio
1724 5302 1899 5340 vacca:
1939 5299 2162 5346 vaccas,

592 5401 649 5445 et
677 5388 837 5460 spicae
866 5385 1130 5441 devorant
1157 5384 1333 5453 spicas
1363 5379 1514 5453 (Gen.
1544 5379 1676 5448 xu).

1205 5490 1433 5548 CAPUT
1474 5491 1556 5544 lll.

739 5578 891 5644 Quae
923 5577 1012 5646 qui
1055 5573 1660 5646 sacerdotes_locerant,
1702 5578 2029 5625 sacramenta

1201 5644 1575 5711 blasphemant.

661 5720 825 5786 'Sicut
866 5725 994 5798 ergo
1027 5727 1116 5781 hic
1165 5732 1432 5794 praecepta
1480 5723 1823 5777 servantibus
1865 5735 1970 5775 non
2013 5717 2172 5771 aliam

600 5835 765 5899 quam
805 5815 1230 5906 benedictionem
1257 5811 1524 5895 promittit
1551 5810 1926 5875 abundantiae;
1962 5809 2036 5863 ita
2067 5804 2174 5860 illic

2212 1995 2571 2064 blasphemat.
2607 1990 2745 2058 Quid
2772 1988 2935 2042 etiam
2974 1988 3163 2040 beatus
3189 1981 3354 2036 Judas
3397 1976 3672 2048 aposto'us
3721 1973 3788 2027 de

2214 2063 2717 2155 blasphemantibus
2741 2079 2793 2132 in
2817 2074 3054 2146 Epistola
3083 2088 3178 2127 sua
3203 2071 3473 2139 loquatur,
3506 2063 3750 2118 attendat
3771 2077 3790 2116 :

2217 2154 2351 2232 Nam
2387 2191 2507 2230 cum
2541 2170 2891 2243 praemisisset
2947 2166 3013 2221 de
3044 2162 3364 2234 quibusdam
3417 2157 3510 2227 qui
3547 2154 3794 2210 domina-

2218 2272 2418 2325 tionem
2447 2273 2736 2336 spernunt,
2777 2258 3114 2328 majestatem
3151 2262 3329 2308 autem
3376 2248 3792 2317 blasphemant,

2220 2367 2420 2431 prmsto
2443 2335 2730 2411 subintulit
2771 2367 2785 2402 ε
2819 2367 2837 2399 ι
2874 2349 3008 2402 Cum
3039 2342 3288 2406 Michael,
3320 2338 3516 2407 inquit,
3561 2335 3794 2388 archan-

2219 2423 2389 2522 gelus,
2419 2463 2543 2502 cum
2579 2441 2795 2498 diabolo
2815 2440 3116 2509 disputans,
3156 2434 3508 2488 altercaretur
3535 2428 3599 2482 de
3628 2423 3797 2493 Moysi

2220 2555 2467 2610 corpore,
2498 2553 2603 2591 non
2625 2546 2709 2589 est
2729 2528 3170 2601 ausus-judicium
3190 2523 3397 2578 inferre
3423 2517 3793 2588 blasphemiae,

2222 2608 2479 2687 sed—dixit
2510 2645 2523 2680 ε
2553 2626 2785 2694 Imperet
2816 2621 2910 2675 tibi
2947 2617 3205 2673 Dominus
3231 2613 3382 2685 (Jud.
3412 2609 3474 2680 ι).
3511 2627 3529 2660 ι
3585 2608 3642 2661 δι
3669 2621 3800 2673 ergo

2224 2733 2472 2776 summus
2499 2714 2722 2783 angelus
2759 2712 2812 2766 in
2850 2707 3121 2764 diabolum
3160 2700 3507 2772 blasphemia:
3531 2696 3796 2766 judicium

2224 2827 2332 2866 non
2384 2804 2725 2879 praesumpsit
2779 2800 3033 2855 inferre:
3072 2795 3340 2866 quomodo
3398 2808 3504 2846 non
3561 2787 3804 2859 pavescit

2225 2875 2400 2954 homo
2416 2900 2783 2956 sacramenta,
2810 2905 2930 2959 qua:
2964 2882 3162 2940 virtute
3185 2883 3356 2938 sancti
3382 2880 3617 2949 Spiritus
3637 2875 3799 2946 plena

2227 2997 2374 3052 sunt,
2407 2983 2669 3042 irridere?
2697 2980 2832 3034 Nam
2860 2994 2981 3033 cum
3018 2975 3230 3031 Veritas
3268 2973 3453 3026 dicat:
3495 2989 3512 3021 ‹
3547 2967 3648 3034 Qui
3675 2981 3805 3036 pee-

2231 3086 2320 3131 cat
2345 3076 2398 3127 in
2437 3072 2700 3141 Spiritum
2725 3075 2994 3131 sanctum,
3026 3079 3132 3118 non
3165 3062 3470 3115 remittetur
3500 3057 3582 3120 ei,
3632 3068 3806 3123 neque

2231 3166 2341 3227 hic,
2367 3177 2466 3217 nec
2495 3163 2550 3215 in
2578 3155 2994 3226 futuroUllatth.
3021 3154 3150 3221 xtl);
3176 3172 3192 3204 ι
3215 3149 3509 3204 timendum
3539 3145 3692 3198 valde
3723 3150 3809 3196 est

2157 3274 2200 3334 ρ
2234 3269 2300 3308 ne
2324 3253 2472 3306 illum
2497 3250 2564 3304 ab
2588 3249 2666 3303 eis
2691 3253 2901 3302 constet
2936 3242 3156 3306 olIeudi,
3183 3241 3299 3295 sine
3328 3253 3434 3308 quo
3461 3243 3810 3306 peccatorum

2233 3344 2457 3400 offensio
2487 3344 2718 3409 nequeat
2745 3335 3000 3392 relaxari.

2306 3451 2412 3507 Sed
2441 3466 2538 3506 cur
2561 3449 2627 3504 de
2656 3446 2766 3502 sola
2801 3444 3141 3499 sacerdotum
3188 3440 3303 3496 sive
3340 3441 3810 3491 sacramentorum

2235 3541 2627 3600 obtrectatione
2672 3537 3072 3606 conquerimus,
3109 3548 3232 3588 cum
3260 3533 3326 3585 ab
3350 3531 3428 3584 eis
3453 3526 3637 3582 omnia
3667 3536 3806 3593 pene

2240 3634 2551 3697 dilacerari,
2579 3632 2761 3686 omnia
2786 3628 3034 3698 conspui,
3061 3625 3240 3680 omnii
3282 3624 3530 3678 dicantur
3560 3617 3813 3672 irrisione

2239 3724 2452 3796 publica
2488 3717 2852 3776 subsannari?
2889 3716 3004 3769 Non
3044 3723 3148 3776 est,
3185 3711 3455 3779 inquiunt,
3492 3723 3654 3778 papa,
3705 3720 3812 3758 non

2250 3828 2366 3879 rex,
2398 3826 2503 3866 non
2534 3808 2997 3877 archiepiscopus,
3023 3817 3196 3869 neque
3226 3801 3498 3855 sacerdos.
3539 3795 3689 3850 Unde
3740 3793 3820 3845 fa-

2242 3914 2388 3960 ctum
2411 3911 2512 3965 est,
2540 3902 2680 3956 sicut
2709 3899 2928 3960 dicitur,
2953 3906 3014 3949 ut
3041 3894 3184 3948 mille
3214 3892 3431 3946 circiter
3461 3888 3707 3944 homines
3736 3886 3823 3940 his

2245 3996 2402 4066 nugis
2429 3993 2726 4060 muniisque
2754 3988 2983 4057 decepti,
3033 3985 3152 4040 sine
3182 3989 3525 4038 sacramento
3553 3976 3822 4032 Dominici

2243 4087 2488 4157 corporis
2529 4094 2583 4138 et
2633 4079 2911 4151 sanguinis
2958 4093 3026 4132 ex
3071 4078 3177 4132 hoc
3227 4073 3428 4128 mundo
3474 4069 3822 4126 recesserint.

2246 4178 2548 4247 Opinantur
2573 4175 2715 4229 enim
2747 4187 2841 4242 per
2869 4167 3028 4236 hujus
3059 4165 3316 4238 temporis
3345 4163 3657 4219 sacerdotes
3703 4157 3827 4212 nul-

2248 4269 2351 4322 lam
2385 4269 2437 4320 in
2469 4262 2824 4321 sacramentis
2872 4273 3028 4330 posse
3081 4256 3195 4310 fieri
3248 4255 3566 4315 veritatem;
3622 4247 3716 4304 sed
3771 4254 3831 4300 et

2249 4355 2601 4425 quamplures
2655 4350 2998 4419 reperiuntur
3031 4344 3288 4399 Ecclesiae
3351 4357 3484 4410 quas
3531 4354 3638 4392 non
3672 4336 3834 4390 modo

2263 4424 2376 4500 suis
2402 4443 2732 4514 ingressibus
2755 4440 3000 4504 indignas
3020 4437 3243 4497 ducunt,
3257 4434 3352 4488 sed
3371 4446 3471 4486 nec
3493 4424 3834 4483 salutationis

2256 4538 2471 4606 quidem
2501 4532 2760 4601 obsequio
2784 4532 3004 4585 idoneas
3028 4528 3382 4581 arbitrantur.
3409 4520 3570 4592 539
3623 4518 3756 4572 Nam
3777 4524 3837 4571 et

2186 4610 2230 4666 ί)
2261 4605 2495 4682 salutare
2521 4623 2844 4691 despiciunt,
2877 4635 3011 4688 quas
3037 4617 3223 4685 utique
3255 4614 3532 4668 dedicatas
3575 4608 3644 4662 ab
3687 4605 3834 4660 indi-

2261 4719 2378 4789 gnis
2411 4716 2591 4769 nescio
2629 4713 2823 4781 quibus
2843 4708 3108 4778 episcopis
3142 4699 3837 4773 suspicantur.Enimvero,

2263 4820 2321 4862 ut
2360 4809 2532 4862 Lucas
2582 4811 2800 4864 narrat,
2849 4802 2926 4855 ait
2968 4798 3166 4851 Paulus
3198 4814 3209 4848 :
3249 4813 3266 4844 ι
3304 4794 3572 4848 Cmsarem
3628 4785 3840 4856 appello

2262 4899 2396 4966 (Act.
2428 4899 2575 4961 xxv).
2615 4913 2632 4944 ι
2665 4891 2761 4946 Cui
2790 4890 2982 4944 Festus
3021 4906 3033 4940 :
3073 4905 3090 4936 ι
3119 4886 3410 4947 Cresarem,
3448 4876 3840 4947 inquit,appel—

2262 4990 2404 5050 lasti.
2436 4989 2505 5041 ad
2530 4987 2799 5042 Caesarem
2833 4984 2936 5037 ibis
2959 4981 3043 5050 (II
3067 4979 3190 5034 Con.
3224 4977 3344 5046 xu).
3370 4996 3386 5026 ι
3415 4976 3580 5029 Estne
3610 4971 3840 5026 scelera-

2271 5083 2374 5135 tior
2414 5095 2548 5150 papa
2595 5093 2754 5147 quam
2799 5074 2976 5129 Nero?
3026 5071 3310 5126 Credimus
3368 5065 3659 5122 monachos
3710 5063 3842 5114 istos

2271 5173 2572 5228 sanctiores
2599 5182 2718 5222 esse
2747 5181 2911 5236 quam
2940 5163 3203 5217 Paulum?
3229 5159 3338 5214 Cur
3361 5173 3490 5228 ergo
3519 5150 3838 5220 Paulus,qt:i

2275 5261 2418 5314 tertii
2463 5259 2584 5312 coeli
2628 5255 2859 5309 trilnmal
2900 5263 3024 5306 ante
3065 5249 3488 5307 conscenderat,
3540 5242 3844 5298 Neroniana

2275 5346 2588 5416 conspectui
2626 5334 2731 5397 non
2775 5343 2846 5396 sit
2888 5341 3212 5411 dedignatus
3261 5317 3548 5399 assistere;
3597 5333 3721 5401 quis
3766 5336 3848 5384 est

2277 5439 2573 5495 monachus
2605 5437 2720 5504 qui,
2751 5451 2847 5504 pro
2876 5449 2988 5488 sua:
3015 5431 3318 5486 sanctitatis
3343 5426 3678 5494 arrogantia,
3707 5421 3848 5476 sedis

2273 5529 2581 5600 apostolica:
2626 5527 2818 5580 debeat
2851 5524 3114 5593 judicium
3155 5518 3484 5589 rcprobarc?
3520 5516 3609 5570 ubi
3645 5513 3852 5600 scilicet

2275 5639 2381 5676 non
2412 5619 2648 5675 hominis
2694 5617 2964 5672 meritum.
3001 5615 3096 5666 sed
3139 5609 3522 5666 ecclesiastica:
3571 5586 3852 5675 digiiitatis

2277 5712 2574 5766 attenditur
2602 5708 2924 5762 institutum.
2968 5703 3068 5773 Ipsi
3117 5701 3315 5771 quippe
3365 5700 3417 5752 in
3469 5676 3852 5765 angimrtuum

2279 5801 2488 5872 angulis
2523 5799 2791 5872 judicent,
2824 5803 2875 5850 ct
2905 5780 3318 5866 synodaliaju’ra
3351 5790 3675 5850 detrectant,
3719 5783 3851 5852 diju-
