4132 6324
400 379 508 436 529

1281 373 1524 430 OPUSC.
1566 371 1754 428 XXXI.
1783 402 1854 413 -—
1890 372 2170 429 CONTRA.
2210 374 2757 433 PHILARCYRIAM‘.

3543 363 3661 425 330-

395 495 579 548 dicant
595 489 907 554 monachos,
932 487 1202 543 clericalis
1226 497 1418 542 cuncta
1439 488 1821 552 eorrodunt,et
1846 488 1974 542 solis
2003 490 2060 550 Α,
2079 488 2199 542 fidei
2226 490 2443 545 tramite
2469 505 2575 544 non
2602 491 2852 545 declinat.
2901 488 3100 546 Odiosa
3128 487 3411 549 sanctitas,
3443 499 3564 556 quae
3594 486 3648 540 in

394 582 570 646 uicis,
607 581 698 651 qui
722 579 973 634 videlicet
1003 579 1182 632 acrius
1212 593 1277 632 ac
1316 579 1622 634 mordacius
1652 579 1969 648 insequendi

394 682 538 735 sunt,
555 681 804 742 parcunt.
819 669 1015 724 Vident
1039 669 1358 723 monachum
1386 667 1753 735 incedentem;
1772 672 1969 737 aspice,

395 763 685 831 inquiunt,
732 775 900 814 unum
946 758 1246 827 scapulare.
1289 757 1700 828 Presbyterum,
1733 759 1815 812 vel
1848 759 1974 828 Epi-

395 867 622 920 scopum
659 851 811 904 abire
849 848 1206 918 prospiciunt,
1238 848 1552 902 barbirasos
1584 863 1643 902 se
1672 849 1852 904 videre
1890 850 1971 903 fa-

396 951 600 994 tentur.
631 939 676 992 A
707 939 904 1008 quibus
935 939 1098 991 etiam
1135 936 1180 990 si
1213 937 1516 991 benedictio
1539 939 1821 1005 qumritur,
1855 939 1974 992 nul-

394 1031 607 1086 latenus
667 1030 1053 1098 respondetur;
1118 1026 1366 1096 protinus
1437 1037 1689 1082 avertunt
1752 1027 1972 1094 oculos,

394 1126 704 1175 asserentes
732 1117 938 1174 scilicet
983 1130 1106 1182 eos,
1137 1115 1334 1186 quibus
1379 1117 1795 1187 respondeatur,
1826 1118 1972 1172 indi-

398 1225 553 1282 gnos.

371 1307 377 1312 ’
711 1347 736 1364 ,
992 1297 1220 1354 CAPUT
1257 1297 1346 1353 IV.

621 1387 733 1443 Cur
774 1387 954 1442 Iudici
990 1389 1045 1440 in
1085 1385 1349 1440 Christum
1387 1385 1525 1440 male
1562 1385 1758 1455 affecti.

470 1479 580 1535 Nos
602 1480 762 1535 etiam
793 1480 838 1533 si
867 1493 987 1534 cum
1015 1478 1391 1548 peccatoribus
1412 1476 1898 1540 commtmicamtts,
1925 1484 1982 1530 et

403 1571 567 1626 simul
595 1571 880 1632 vescimur,
924 1569 1376 1624 obtrectationum
1414 1582 1538 1621 mox
1579 1567 1692 1621 sale
1721 1581 1979 1635 consper-

303 1717 322 1734 ,
381 1660 603 1732 'gimur,
619 1659 945 1723 laceramur,
962 1659 1187 1728 parique
1214 1674 1335 1712 cum
1355 1655 1457 1712 illis
1476 1657 1740 1714 sententia
1759 1656 1982 1709 damna-

405 1749 575 1804 tionis
632 1748 954 1802 involvimur
1007 1765 1020 1800 :
1080 1747 1188 1801 imo
1238 1761 1364 1810 nos,
1434 1759 1560 1809 nos,
1623 1745 1884 1811 inquam,
1929 1751 1989 1796 ct

2076 581 2322 634 haeresim
2347 580 2620 646 illabitur;
2654 591 2709 635 et
2741 582 2868 636 dum
2894 595 2991 650 per
3035 580 3150 634 triti
3182 578 3392 632 itineris
3426 575 3648 630 ductum

2075 672 2397 741 dedignatur
2424 673 2696 735 incedere,
2718 687 2816 742 per
2847 672 3121 724 anfractus
3152 679 3203 724 et
3246 669 3464 722 ruinosa
3493 665 3651 739 dcyia

2076 763 2414 832 compellitur
2467 763 2751 818 aberrare.
2801 762 2974 816 Nimia
3013 773 3161 816 certe
3209 759 3548 814 immunditia
3594 757 3675 811 in'

2076 853 2332 906 heretica:
2371 855 2710 922 contagionis
2756 852 2991 907 illuviem
3039 851 3405 915 Novatianos,
3457 850 3548 918 qui
3595 857 3653 901 et

2075 941 2294 997 (lathari
2324 943 2594 1006 dicuntur,
2627 944 2890 999 immersit
2915 959 2929 1008 ;
2959 944 3121 997 nimia
3155 944 3413 997 sanctitas
3435 939 3653 996 Lucife-

2080 1032 2278 1095 rianos,
2315 1041 2570 1102 tanquam
2603 1033 2940 1103 perniciosos
2966 1033 3247 1100 palmites,
3285 1032 3353 1085 ab
3389 1032 3651 1087 ecclesia-

2078 1125 2199 1179 stici
2228 1126 2473 1194 corporis
2496 1125 2703 1180 unitate
2733 1126 2996 1195 praecidit.
3038 1124 3139 1192 Qui
3186 1125 3312 1178 dum
3365 1124 3655 1193 prohibent

2079 1231 2186 1268 non
2209 1215 2374 1271 licere
2403 1216 2545 1285 quod
2577 1215 2721 1279 licet,
2755 1231 2819 1270 ac
2842 1231 2938 1286 per
2966 1217 3067 1270 hoc
3085 1215 3294 1283 jactant
3327 1228 3385 1268 se
3407 1213 3657 1267 defenso-

2080 1320 2168 1359 res
2197 1321 2317 1359 esse
2350 1292 2594 1375 justitite,
2637 1305 2819 1360 hostes
2848 1305 3226 1374 adjudicantur
3256 1302 3508 1357 Ecclesia:
3535 1343 3547 1364 ,
3598 1309 3657 1354 ut

2079 1395 2657 1457 sibimetextrinsecus,
2673 1392 2816 1446 velut
2840 1409 2984 1447 rana:
3003 1393 3054 1446 in
3073 1390 3658 1460 paludibus,garriant,

2079 1484 2170 1552 qui
2202 1485 2328 1536 dum
2355 1483 2612 1546 inessent,
2665 1483 2971 1550 importune
3022 1481 3386 1537 vociferantes
3411 1519 3427 1544 ,
3477 1479 3660 1533 omnia

2081 1573 2500 1628 confundebaut.
2553 1571 2864 1640 Hujusmodi
2915 1572 3112 1642 quippe
3152 1587 3329 1640 genus
3379 1568 3659 1624 hominum
3745 1614 3762 1636 η

2084 1663 2375 1717 ranis‘sive
2404 1662 2626 1717 locustis
2669 1663 2864 1716 merito
2907 1670 3286 1730 comparatur;
3324 1661 3469 1729 quia,
3522 1661 3663 1712 sicut

2086 1752 2375 1822 Egyptum
2406 1751 2496 1805 illa
2529 1759 2654 1804 tunc
2683 1749 2935 1804 animalia
2980 1757 3392 1818 percusserunt,
3441 1749 3514 1801 ita
3564 1761 3663 1815 per

402 1839 664 1909 ipsissimi
717 1853 905 1893 sumus
939 1837 1029 1906 qui
1070 1852 1256 1892 eorum
1290 1835 1493 1905 indigni
1517 1835 1825 1905 judicamur
1847 1833 1980 1886 allo-

2091 1841 2186 1895 hos
2218 1855 2360 1894 nunc
2384 1847 2627 1892 vastatur
2663 1838 2924 1892 Ecclesia.
2966 1836 3100 1890 Nam
3137 1837 3203 1891 de
3241 1836 3463 1890 locustis
3511 1834 3662 1888 Scri-

401 1931 550 2002 quio,
567 1930 656 1999 qui
679 1944 864 1984 eorum
891 1929 1089 1983 sociale
1111 1928 1528 1986 contubernium
1553 1942 1660 1980 non
1683 1938 1979 1981 meremur.

405 2019 518 2076 Sed
547 2022 662 2075 haec
691 2035 795 2075 non
826 2020 1210 2076 monachorum
1237 2029 1320 2073 est
1353 2017 1553 2088 regula.
1583 2017 1677 2072 sed
1712 2016 1980 2085 supersti-

401 2112 482 2166 tio
513 2111 906 2166 Pharisteorum
939 2128 951 2163 :
989 2128 1007 2161 ι
1042 2109 1487 2174 Murmurahant,
1532 2109 1707 2178 inquit
1748 2124 1982 2176 evange-

402 2198 547 2262 lista,
581 2200 784 2255 Scriba:
807 2209 862 2254 et
884 2199 1162 2262 Pharisaei,
1190 2199 1432 2254 dicentes
1467 2213 1480 2252 :
1513 2199 1647 2265 Quia
1680 2199 1770 2252 hic
1793 2214 1986 2266 peccav

405 2301 554 2344 tores
584 2290 795 2358 recipit,
828 2297 881 2342 et
922 2289 1206 2343 manducal
1240 2304 1362 2343 cum
1405 2287 1509 2343 illis
1535 2284 1687 2358 (an.
1717 2293 1831 2358 xv).
1872 2307 1890 2339 ι
1922 2288 1987 2340 Et

407 2383 525 2435 hinc
553 2390 636 2434 est
658 2381 808 2433 radix
836 2389 892 2434 et
913 2389 1024 2433 tota
1051 2379 1279 2434 materia
1321 2378 1463 2435 unde
1490 2380 1676 2434 feralis
1717 2381 1771 2432 in
1805 2378 1988 2434 Domi-

407 2485 536 2522 num
561 2468 708 2522 furor
726 2467 933 2523 Judaici
958 2469 1149 2524 livoris
1172 2470 1452 2524 incanduit
1477 2487 1492 2535 ;
1526 2471 1652 2524 hinc
1677 2470 1732 2523 in
1757 2482 1988 2526 mortem

407 2555 526 2625 ejus
574 2558 800 2625 viperini
846 2556 984 2610 fellis
1031 2557 1238 2611 malitia
1292 2559 1670 2626 conspiravit:
1730 2558 1986 2612 nimirum

409 2647 535 2716 quia
563 2661 621 2701 se
637 2648 896 2717 putabant
918 2647 1168 2716 legalium
1192 2647 1640 2702 caaresuouiarum
1668 2662 1787 2702 esse
1809 2659 1988 2703 custo-

411 2738 536 2800 des,
571 2737 853 2790 Dominum
877 2746 1058 2790 autem
1085 2738 1385 2806 arguebant
1410 2737 1642 2791 amicum
1667 2737 1986 2806 publicano-

411 2843 551 2891 rum,
587 2836 641 2881 et
663 2827 899 2882 Sahbata
925 2825 1492 2881 violantem.Delectat
1515 2841 1599 2878 me
1617 2841 1740 2880 cum
1765 2828 1991 2880 Domino

413 2932 534 2972 meo
564 2918 704 2970 hanc
733 2917 972 2986 perferre
1007 2915 1355 2978 calumniam,
1393 2925 1446 2969 et
1472 2915 1614 2969 malo
1657 2930 1779 2969 cum
1816 2914 1906 2968 illo
1936 2915 1990 2968 in

421 3009 584 3063 domo
609 3008 737 3062 Levi
772 3007 1065 3062 carnalirer
1098 3007 1307 3070 vivere,
1351 3019 1511 3074 quam
1544 3007 1600 3061 in
1629 3005 1994 3060 tabernaculis

415 3106 760 3169 peccatorum
789 3095 960 3168 (Psal.
978 3096 1228 3165 Lxxxtrt),
1256 3097 1358 3149 hoc
1377 3105 1482 3158 est,
1505 3109 1625 3149 cum
1653 3095 1856 3148 sanctis
1881 3096 2008 3149 Deo.

2085 1939 2244 1999 plura
2273 1929 2446 1984 dicit:
2483 1948 2500 1980 ι
2530 1928 2668 1994 Quia
2705 1935 3035 1998 operuerunt
3070 1926 3379 1980 universam
3428 1923 3657 1994 superfl-

2085 2019 2220 2073 ciem
2255 2026 2432 2081 terrm,
2478 2025 2752 2070 vastantes
2781 2015 2997 2080 omnia;
3041 2033 3058 2066 ι
3114 2029 3348 2082 moxque
3384 2011 3666 2082 subiungi-

2087 2119 2210 2165 tur:
2242 2129 2260 2162 ι
2292 2111 2552 2166 Devorata
2584 2118 2667 2164 est
2693 2110 2857 2179 igitur
2896 2109 3060 2162 herba
3095 2117 3273 2172 terrae,
3303 2116 3358 2163 et
3394 2108 3658 2178 quidquid

2085 2215 2366 2272 pomorum
2415 2201 2468 2254 iu
2517 2200 2802 2254 arboribus
2846 2198 2948 2252 fuit
2999 2198 3194 2269 (Exod.
3226 2199 3301 2266 χ).
3336 2216 3356 2250 ι
3417 2197 3666 2251 Locustae

2087 2293 2352 2362 siquidem
2381 2291 2689 2348 universam
2729 2300 2888 2344 terra:
2915 2289 3255 2359 superficiem
3301 2296 3555 2354 vastant,
3607 2298 3663 2340 ct

2088 2381 2288 2442 herbas
2309 2395 2430 2435 cum
2464 2381 2638 2450 pomis
2669 2381 2923 2433 arborum
2961 2379 3255 2444 devorant;
3303 2393 3425 2433 cum
3479 2378 3661 2432 detra-

2089 2490 2268 2531 ctores
2289 2475 2536 2544 quilibet,
2564 2473 2644 2528 vel
2673 2473 2888 2527 infirma
2912 2480 3119 2537 nostra,
3154 2469 3308 2541 quasi
3335 2467 3528 2522 herbas
3552 2467 3656 2519 hu-

2089 2564 2320 2627 milium,
2352 2563 2453 2627 vel,
2479 2563 2620 2617 sicut
2641 2562 2850 2617 fructus
2880 2562 3133 2616 arborum
3153 2599 3167 2625 ,
3191 2574 3354 2629 Opera
3393 2555 3663 2627 perfecto-

2091 2673 2212 2711 rum
2241 2655 2589 2710 dilacerando
2614 2654 2928 2717 corrodunt,
2966 2662 3021 2706 et
3047 2651 3218 2706 livido-
3237 2648 3506 2704 mordacis
3531 2647 3670 2701 invi-

2093 2748 2193 2802 dia:
2226 2747 2386 2802 dente
2413 2754 2757 2799 consumunt.
2786 2743 2986 2798 Contra
3019 2756 3154 2810 quos
3183 2741 3312 2794 dicit
3341 2737 3665 2807 Apostolus:

2098 2857 2116 2890 ι
2148 2837 2337 2906 Capite
2363 2852 2480 2900 nos,
2513 2835 2784 2889 neminem
2816 2833 3084 2895 laesimns,
3118 2831 3384 2886 nemiuem
3423 2829 3670 2896 corrupi;

2094 2945 2242 2994 mus,
2289 2929 2560 2982 neminem
2611 2925 3069 2980 circumvenimus
3112 2921 3199 2993 (II
3231 2921 3351 2974 Cor.
3379 2921 3496 2988 vn).
3531 2937 3549 2970 ι
3604 2916 3671 2972 Et

2097 3019 2223 3072 alibi
2253 3017 2591 3086 exprobrans
2619 3017 2696 3070 ait
2727 3035 2739 3070 :
2779 3033 2798 3067 ι
2836 3015 3068 3070 Invicem
3104 3013 3402 3068 mordetis?
3439 3012 3676 3064 invicem

2098 3109 2322 3163 laeditis?
2340 3107 2528 3162 Videte
2553 3123 2622 3160 ne
2648 3107 2716 3160 ab
2733 3105 2963 3160 invicem
2985 3103 3377 3160 consumamini
3395 3099 3534 3172 (Gal.
3552 3101 3626 3169 v).
3641 3118 3662 3151 ι

415 3190 857 3261 repugnantibus,
885 3191 1152 3244 habitare.
1180 3187 1283 3255 Qui
1311 3188 1587 3251 nimirum,
1605 3196 1785 3256 spreta
1802 3186 1986 3256 regula

2100 3200 2206 3255 Sed
2233 3213 2357 3254 cum
2395 3212 2518 3261 nos,
2558 3198 2611 3250 in
2651 3199 2808 3251 sacro
2850 3195 3102 3250 videlicet
3137 3193 3324 3248 ordine
3361 3190 3686 3254 constituti,_

413 3289 871 3351 Christiinorum,
895 3287 1192 3340 stoicorum
1220 3285 1410 3354 dogma
1435 3291 1734 3352 sequuntur
1748 3281 1990 3352 (thsno,

422 3373 670 3446 Parad.),
701 3377 826 3430 dum
865 3391 984 3430 esse
1015 3374 1492 3446 prorsuszequalia
1543 3375 1723 3427 omnia
1774 3381 1992 3442 peccata

417 3465 702 3520 definiunt.
731 3463 838 3520 Nos
869 3472 1048 3518 autem
1088 3464 1232 3518 inter
1273 3463 1441 3516 David
1483 3471 1759 3525 sanctum,
1807 3477 1993 3530 repro-

416 3551 654 3622 bumque
703 3551 939 3617 Saulem,
972 3551 1241 3628 Jonathan
1293 3552 1528 3607 medium
1577 3551 1986 3617 constituimus;

417 3642 511 3710 qui
536 3641 657 3696 licet
686 3642 902 3697 Saulem
931 3644 1175 3698 veritatis
1229 3641 1390 3714 55,0
1411 3657 1476 3697 ac
1505 3641 1655 3697 Fidei
1677 3642 1994 3696 sinceritate

419 3732 791 3797 transcendat,
819 3731 990 3786 David
1036 3741 1213 3787 tamen
1245 3733 1435 3786 merita
1494 3732 1857 3801 pietatemque
1886 3747 1994 3786 non

421 3831 616 3889 aequat.
650 3822 982 3878 Admoucudi
1033 3834 1159 3878 sunt
1195 3823 1377 3892 itaque
1415 3823 1613 3878 fratres
1674 3825 1844 3878 nostri
1927 3841 1994 3879 ue

422 3910 754 3979 nimisjusti,
785 3914 946 3968 nimis
977 3914 1087 3968 sint
1120 3915 1407 3983 sapientes.
1449 3915 1523 3968 De
1564 3930 1792 3982 quorum
1823 3916 1998 3982 primo

425 3999 724 4062 Salomoni:
757 4021 776 4053 ς
805 4002 946 4067 Noli,
979 4004 1172 4072 inquit,
1198 4017 1319 4057 esse
1347 4004 1572 4057 nimium
1590 4002 1770 4070 justus
1797 4003 1992 4071 (Eccle.

421 4091 544 4157 vn);
576 4112 594 4145 ι
629 4094 695 4148 de
721 4096 956 4149 secundo
988 4095 1117 4148 dicit
1147 4095 1438 4164 Apostolus
1473 4112 1486 4147 :
1525 4112 1544 4145 ι
1583 4094 1698 4149 Noli
1747 4097 1868 4164 plus
1913 4111 2000 4149 sa-

421 4195 553 4250 pere
600 4197 761 4250 quam
790 4194 1006 4253 oportet
1033 4199 1244 4254 sapere,
1279 4185 1376 4239 sed
1404 4199 1597 4253 sapere
1625 4186 1690 4239 ad
1729 4186 1998 4238 sobrieta-

425 4280 532 4326 tem
564 4273 742 4343 (Rom.
781 4276 900 4346 xu).
940 4295 958 4328 ι
997 4277 1130 4330 Mala
1156 4277 1437 4346 sapientia,
1462 4291 1624 4346 quam
1647 4275 1819 4346 caligo
1844 4290 1998 4328 erro-

425 4364 506 4419 ris
535 4365 853 4434 obnubilat;
907 4369 1049 4424 bona
1097 4370 1446 4439 simplicitas,
1474 4383 1594 4439 qua:
1641 4383 1672 4422 a
1719 4367 2002 4422 catholica:

503 4521 611 4593 (2|)
644 4523 793 4579 Finis
816 4524 972 4595 hujus
999 4525 1160 4596 epist.
1193 4526 1404 4580 videtur
1441 4523 1807 4596 imperfectus.
1841 4579 1844 4581 ,

430 4654 796 4673 *ιι-

593 4765 942 4840 5415“
1001 4782 1848 4898 OPUSCULUM
1952 4784 2835 4898 TRICESIMUM
2914 4781 3532 4894 PRIMUM.

2102 3290 2420 3345 deberemus
2455 3303 2575 3342 esse
2615 3297 2904 3342 venatores
2934 3285 3048 3350 Dei,
3083 3288 3221 3340 sicut
3256 3299 3352 3354 per
3379 3281 3675 3337 Jeremiam

2102 3381 2343 3435 dicitur:
2380 3397 2397 3430 ι
2438 3377 2644 3450 Mittam
2674 3385 2960 3432 venatores
2999 3390 3190 3440 meos,
3236 3384 3289 3429 et
3333 3373 3675 3426 venabantur

2101 3471 2235 3543 (ler.
2273 3471 2386 3534 xv);
2421 3489 2438 3521 ι
2471 3484 2568 3524 nos
2614 3468 2798 3522 relicta
2848 3467 3028 3536 praeda
3058 3465 3422 3528 s:ecularium,
3456 3461 3673 3516 nudatis

2102 3561 2374 3623 dentibus,
2401 3560 2628 3614 invicem
2669 3560 2932 3630 ringimus
2962 3576 2975 3612 :
3010 3569 3064 3612 et
3103 3558 3251 3628 quasi
3293 3557 3495 3610 rabida:
3521 3555 3674 3609 caui-

2102 3651 2234 3705 cnla:
2273 3651 2474 3705 mutuis
2504 3665 2602 3704 nos
2647 3649 2917 3705 morsibus
2963 3649 3284 3703 laceramus.
3328 3645 3678 3714 Reprimatur

2097 3738 2208 3808 jam
2240 3740 2589 3811 praesumptio
2621 3740 2852 3806 tumida,
2883 3748 3129 3808 exaequet
3162 3754 3219 3793 se
3249 3737 3508 3791 fratribus
3551 3751 3678 3790 san.

2103 3831 2262 3885 ctitas
2289 3846 2539 3887 onerosa.
2574 3829 2676 3899 Qui
2711 3829 2822 3882 vult
2848 3844 2967 3883 esse
2990 3838 3230 3889 sanctus,
3257 3826 3328 3882 sit
3356 3826 3457 3880 sibi
3492 3839 3679 3879 coram

2103 3921 2244 3986 Deo;
2275 3938 2370 3977 nec
2393 3937 2488 3990 per
2514 3923 2874 3993 arrogantiam
2893 3921 3056 3975 Tratri
3086 3917 3403 3990 praeferatur
3434 3915 3690 3972 infirmo.~

2106 4011 2330 4065 Catulus
2354 4012 2554 4080 itaque,
2573 4011 2726 4078 cujus
2750 4021 2868 4065 erat
2890 4011 3121 4065 officium
3144 4019 3435 4066 extraneos”
3454 4005 3676 4080 pellere.

2102 4113 2468 4167 nequaquam,
2495 4100 2823 4167 contemptis
2860 4099 2967 4154 illis
2987 4141 2999 4163 ,
3048 4099 3394 4168 aggrediatur
3419 4097 3678 4153 domesti-

2103 4207 2196 4245 cos
2244 4193 2505 4256 lacerare,
2539 4207 2608 4244 ne
2647 4192 2736 4258 qui
2774 4192 2988 4259 quietus
3034 4201 3244 4258 poterat
3292 4190 3527 4244 dormire
3579 4188 3682 4242 sub

2105 4291 2283 4345 tecto,
2332 4281 2592 4335 exclusus.
2633 4280 2836 4336 foribus
2885 4279 3236 4348 compellatur
3311 4278 3548 4333 naubarc
3601 4277 3674 4347 Η.

2104 4369 2323 4440 cubare]
2355 4371 2456 4424 sub
2494 4371 2581 4424 dio
2613 4369 2747 4442 (2|).

2441 4522 2519 4576 Sit
2557 4539 2741 4576 nomen
2779 4521 2990 4577 Domini
3027 4522 3369 4576 benedictum.

969 4977 1290 5041 CONTRA
1335 4947 1959 5040 PH-lLAIiGYRlAM
1985 4982 2100 5051 ~ET
2135 4981 2545 5044 MUNERUM.
2573 4981 3145 5044 CUPIDITATEM.

432 5176 832 5234 Διιςωιειιτωι.
853 5205 922 5216 -
941 5175 1201 5228 Avaritia:
1229 5173 1418 5227 vitium
1439 5184 1542 5244 ,et
1562 5175 1829 5244 praecipue
1876 5172 1928 5224 in
1963 5170 2293 5244 accipiendis
2313 5173 2648 5244 muneribus,
2695 5172 3011 5244 gravissime
3058 5171 3401 5244 detestatur:
3439 5169 3686 5244 cardius:

505 5249 688 5317 lesque
719 5247 1001 5317 episcopos
1051 5246 1300 5297 hortatur
1329 5254 1386 5297 ut
1421 5239 1655 5317 illud'ab
1685 5239 1933 5296 universa
1965 5239 2205 5317 Ecclesia
2227 5252 2309 5317 _et
2338 5243 2676 5317 sacerdotum
2705 5239 3002 5317 utentibus,
3035 5240 3254 5317 sihfieri.
3320 5249 3515 5317 potest,
3547 5243 3686 5292 evel—

505 5308 616 5370 leré
665 5325 721 5368 et
743 5308 1106 5368 exterminare
1134 5322 1416 5367 conentur.
1445 5313 1750 5381 Prudente;
1787 5309 2120 5381 autentLhoc
2149 5312 2426 5381 (admonet
2481 5314 2563 5363 vir
2609 5311 3003 5381 sanctissimus.
3063 5308 3284 5381 Videbat
3311 5311 3451 5381 enim
3501 5323 3712 5360 omnes.

507 5387 620 5440 fere
644 5385 822 5438 clades
861 5393 915 5438 et
963 5398 1234 5437 :crumnas
1273 5383 1468 5450 quibus
1503 5382 1591 5436 illa
1620 5377 1935 5450 tempestate
1958 5377 2265 5433 Christiana
2318 5395 2460 5449 resp.
2515 5379 2861 5450 premebatur
2908 5391 3067 5448 atque
3117 5380 3250 5433 a-leo
3273 5379 3683 5450 vexabatur-{cx
3715 5427 3721 5434 ,

507 5455 748 5508 avaritia:
776 5455 922 5508 fonte
949 5453 1220 5506 derivatas
1263 5447 1416 5514 esse;
1453 5451 1605 5518 cujus
1632 5447 1964 5504 teterrimam
1988 5458 2190 5520 pestem
2223 5450 2268 5503 si
2317 5447 2572 5519 princeps
2599 5449 2838 5504 Ecclesia
2865 5447 3192 5520 opprimeret
3219 5489 3233 5514 ,
3283 5448 3447 5502 facile
3494 5447 3722 5505 deinde:

510 5523 745 5579 futurum
775 5523 1102 5594 .apparcbat,
1129 5531 1188 5577 ut
1237 5523 1290 5577 in
1323 5530 1436 5576 toto
1460 5521 1727 5576 catholico
1759 5521 1891 5575 orbe
1911 5518 2240 5573 aboleretur.

509 5637 881 5693 Cardinalibus
936 5637 1200 5706 episcopis
1244 5635 1552 5705 apostolica)
1605 5634 1749 5691 sedis
1797 5632 2010 5690 Penus

441 5736 704 5804 pgccator.
722 5727 1018 5784 monachus
1039 5727 1263 5784 salutem
1293 5727 1350 5786 in.
1371 5725 1617 5783 Domino.

2128 5615 2148 5629 ’
2194 5630 2342 5684 Sicut
2370 5631 2530 5685 verba
2559 5631 2906 5700 pnesentibus
2928 5631 3120 5685 iudicia
3151 5644 3424 5695 sensuum,
3449 5627 3525 5681 sic
3553 5627 3684 5679 inter

2124 5722 2375 5778 absentes
2404 5721 2594 5776 littera:
2629 5729 2752 5777 sunt
2783 5722 3142 5783 instrumenta
3171 5721 3488 5778 animarum.
3519 5716 3688 5770 Bella.
3713 5757 3730 5761 Α.
