4148 5358
463 277 561 336 551

893 281 952 338 s.
994 282 1195 338 perm
1238 282 1523 339 DAMIANI
1561 282 1713 340 ora.
1762 278 1997 337 TOMUS
2028 276 2157 335 seu
2196 275 2372 333 rans
2408 257 2594 340 ιιιέ
2626 281 2989 342 opusnon
3030 265 3265 340 vanu;

3587 284 3698 341 532

462 391 613 461 toria:
640 391 773 447 artis
796 392 1080 459 industria,
1120 394 1259 449 sicut
1311 395 1364 450 in
1415 394 1555 453 bello
1602 395 1846 462 discitur,
1882 406 1941 451 ut
1978 396 2033 452 in
2060 403 2107 461 Λ
2137 398 2313 468 χχιιι).
2341 419 2366 453 ι
2400 398 2466 456 Et
2487 399 2542 455 in
2568 396 2982 459 Deuteronemio
3022 409 3131 453 non
3178 395 3439 453 dissimile
3476 414 3489 451 :
3529 416 3550 451 ι
3585 399 3702 456 Non

460 497 596 550 pace
616 483 955 555 prstmodum
984 485 1269 567 doceatur;
1297 486 1376 541 sic
1396 488 1702 557 aliquando,
1726 489 1850 544 dum
1874 489 2037 544 doceo
2132 488 2387 558 accipies,
2422 489 2618 560 inquit,
2655 502 2969 559 personam,
3005 502 3106 545 nec
3142 502 3400 555 munera;
3428 490 3552 559 quia
3583 506 3750 571 mu-j

460 575 635 657 tur‘in
661 576 789 641 otio,
822 578 1035 632 cautius
1061 586 1345 632 exercetur
1377 577 1428 632 in
1474 577 1631 633 bello.
1675 578 1733 634 In
1782 579 2030 635 conﬂictu

456 666 602 719 aedis
632 667 962 735 apostolicae,
1002 667 1055 722 in
1098 683 1204 737 quo
1236 685 1330 723 vos
1364 669 1543 726 adhuc
1581 669 1905 727 unanimiter
1935 672 2030 726 de-

457 755 687 817 sudatis,
728 766 1078 810 concertator
1099 768 1153 809 et
1182 757 1295 827 ipse
1322 758 1574 826 pugnavi.
1609 758 1714 813 Sed
1748 775 1876 814 ecce
1908 774 2030 813 cum

454 841 674 899 militari
708 847 925 917 cingulo
975 847 1075 900 sim
1122 846 1349 914 solutus,
1392 858 1446 901 et
1483 848 1535 903 in
1593 849 1868 919 municipii
1898 865 2033 921 pace

454 934 813 1005 cetttptisitus,
854 935 982 991 libet
1006 934 1117 1003 jam
1143 938 1333 991 docere
1357 936 1500 1007 quod
1533 936 1712 992 didici.

971 1032 1200 1103 CAPUT
1234 1046 1524 1104 ramou.

516 1134 684 1211 Quod
714 1134 923 1207 judice:
949 1151 1012 1191 ne
1035 1136 1201 1258 grati:
1247 1138 1454 1205 quidem
1484 1139 1717 1210 accipere
1747 1149 1963 1210 possunt

1198 1223 1323 1258 ana.

1198 1223 1323 1259 anu.

522 1292 671 1351 luter
713 1311 901 1352 omnes
946 1296 1127 1375 itaque
1175 1298 1429 1353 vitiorum
1473 1298 2030 1355 circumfrementium

454 1383 620 1447 acies,
647 1386 787 1441 inter
809 1388 1161 1443 densissimas
1174 1386 1474 1457 jacnlorum
1502 1389 1860 1460 ingruentium
1883 1406 2034 1447 more

451 1476 770 1544 grandinum
822 1486 1189 1551 tempestates,
1240 1479 1498 1534 adversus
1544 1482 1827 1539 avaritiam
1883 1481 2032 1537 vobis

449 1574 536 1619 est
584 1567 839 1620 attentius
888 1568 1237 1637 vigilandum,
1272 1562 1507 1639 ejusque
1556 1572 1770 1641 sagittis
1818 1588 2032 1644 semper

447 1656 800 1723 opponendus
829 1667 919 1712 est
938 1658 1176 1731 clypeos.
1204 1660 1304 1728 Qui
1336 1662 1586 1717 nimirum
1610 1664 1676 1717 ad
1707 1663 1809 1718 hoc
1836 1666 2028 1734 pneci~

2133 592 2262 647 nera
2295 588 2571 635 excaecant
2605 578 2792 635 oculos
2825 579 3146 647 sapientum,
3202 588 3258 633 et
3308 588 3519 633 mutant
3542 580 3702 635 verba

2125 666 2393 737 justorum
2419 668 2599 738 (Deut.
2633 667 2768 739 xvi).
2800 686 2819 718 ι
2853 666 3024 734 Quam
3053 682 3276 722 aversus
3295 683 3324 722 a
3352 669 3708 737 suscipiendis

2132 758 2445 812 muneribus
2491 765 2610 812 erat
2663 758 2963 821 Abraham,
3009 773 3132 812 cum
3185 757 3294 828 regi
3347 756 3701 813 Sodomormu

2130 848 2269 903 Bara
2297 850 2619 913 obsistebat,
2664 849 2890 905 dicens:
2927 867 2945 899 ι
2982 848 3126 904 Levo
3167 864 3384 903 manum
3424 865 3597 903 meam
3636 849 3706 902 ad

2132 938 2417 994 Dominum
2444 938 2611 992 Deum
2636 938 2931 1001 excelsum,
2954 953 3321 1009 possessorem
3349 939 3469 993 caeli
3513 948 3569 992 et
3600 949 3710 993 ter-

2130 1043 2227 1090 rm.
2256 1028 2397 1098 quod
2427 1043 2457 1081 a
2488 1027 2577 1082 ﬁlo
2602 1028 2958 1096 subtegminis
2991 1041 3160 1097 usque
3191 1028 3259 1081 ad
3292 1028 3579 1098 corrigiam
3616 1044 3709 1081 ca-

2130 1117 2250 1188 ligte
2278 1133 2379 1173 non
2401 1118 2661 1187 accipiam
2702 1131 2768 1173 ex
2800 1119 3049 1173 omnibus
3102 1134 3222 1187 quae
3259 1128 3347 1172 tua
3380 1126 3504 1171 sunt
3544 1115 3703 1177 (Gen.

2129 1205 2265 1277 xiv).
2300 1226 2319 1258 ι
2353 1205 2525 1274 Quam
2563 1206 2793 1260 mundus
2832 1219 2864 1260 a
2899 1208 3165 1275 susceptis
3200 1207 3511 1263 muneribus
3561 1196 3707 1277 May;

2131 1314 2218 1356 ses
2245 1300 2518 1370 erat,qui‘
2537 1301 2799 1356 scientem
2828 1301 3006 1355 omnia
3044 1302 3328 1357 Dominum
3371 1303 3425 1357 in
3462 1302 3709 1358 testimo-

2131 1393 2280 1448 nium
2319 1392 2658 1447 deducebat:
2689 1412 2709 1444 ι
2743 1393 2844 1455 Τιι,
2883 1393 3078 1462 inquit,
3118 1393 3224 1449 scis
3282 1394 3424 1463 quod
3464 1409 3531 1447 ne
3560 1392 3704 1447 asel-

2130 1480 2239 1537 lum
2263 1482 2478 1552 quidem
2516 1497 2754 1551 unquam
2802 1484 3102 1552 acceperim
3137 1485 3207 1538 ab
3243 1484 3348 1544 eis,
3381 1497 3480 1537 nec
3504 1482 3708 1536 alllixe-

2130 1572 2233 1627 rim
2254 1573 2557 1642 quempiam
2593 1587 2784 1629 eorum
2827 1572 3016 1643 (Num.
3053 1576 3187 1640 xvi).
3222 1593 3241 1624 ι
3277 1572 3407 1627 Nam
3447 1574 3536 1627 ubi
3589 1588 3710 1626 mu-

2130 1663 2349 1717 neribus
2402 1663 2661 1727 inhiatur,
2718 1678 3057 1731 consequens
3105 1673 3187 1717 est
3233 1672 3321 1724 ut,
3360 1663 3500 1716 sicut
3539 1660 3707 1727 judex

447 1747 687 1814 pitanter
720 1748 965 1815 anhelat,
999 1760 1054 1804 ut
1088 1748 1284 1805 lcthale
1316 1751 1528 1806 miseris
1560 1753 1757 1808 vulnus
1786 1754 2023 1824 iulligat;
2056 1743 2104 1804 Β
2131 1753 2273 1808 hunc
2311 1762 2529 1822 accepta
2570 1754 2819 1808 mercede
2861 1752 3151 1822 justitieat,
3187 1754 3265 1807 sic
3305 1752 3452 1806 illum
3504 1752 3593 1819 qui
3633 1750 3708 1803 nil

446 1835 635 1905 princi
661 1837 713 1893 io
749 1847 929 1894 tamen
977 1848 1037 1894 ιιι
1064 1840 1310 1895 obtutum
1347 1858 1450 1896 non
1482 1841 1699 1909 frontis,
1730 1845 1822 1900 sed
1850 1845 2028 1901 cordis

446 1926 775 1996 exstinguat.
811 1926 962 1984 Unde
988 1929 1074 1984 vir
1111 1929 1338 1999 Sapiens
1371 1932 1447 1985 ait
1482 1950 1496 1985 :
1543 1952 1562 1985 ι
1597 1932 1765 1989 Xenia
1797 1944 1853 1991 et
1884 1935 2023 1989 dona

446 2030 725 2096 excarcant
776 2022 961 2078 oeul‘os
1001 2022 1265 2093 iudicum,
1314 2033 1371 2081 et
1410 2027 1564 2096 quasi
1612 2037 1797 2083 mutus
1846 2029 1899 2083 in
1931 2044 2025 2084 ore

447 2112 641 2167 avertit
678 2114 1046 2183 correptiones
1076 2130 1261 2171 eorum
1294 2117 1482 2187 (Ereti.
1512 2135 1615 2183 xx;
1663 2120 1816 2174 Deut.
1850 2119 2021 2191 κω.»

448 2208 637 2269 Armat
661 2206 803 2260 enim
827 2208 1141 2263 muneribus
1170 2207 1546 2274 adventantes,
1588 2220 1645 2265 et
1671 2226 1768 2281 per
1799 2225 1891 2267 cos
1923 2226 2021 2266 ex-

447 2309 739 2375 pugnatae
781 2307 950 2353 caecat
979 2314 1165 2353 eorum
1197 2301 1385 2364 corda,
1437 2302 1527 2371 qui
1579 2303 1895 2372 suggerendi
1945 2303 2022 2359 lo-

446 2402 569 2439 cum
600 2386 737 2455 apud
781 2402 938 2444 aures
972 2388 1216 2444 obtinent
1242 2390 1585 2459 principales,
1617 2391 1685 2446 de
1711 2392 1906 2461 quibus
1927 2409 2026 2464 per

443 2464 647 2531 Isaiam
673 2479 930 2533 Dominus
979 2482 1351 2549 conqueritur,
1406 2482 1634 2537 dicens:
1687 2501 1705 2534 ι
1738 2484 2021 2553 Principes

447 2566 526 2618 ι.ιί
558 2566 817 2631 inﬁdeles,
849 2568 980 2622 socii
1028 2567 1231 2633 furum,
1261 2584 1450 2624 omnes
1485 2571 1714 2639 diligunt
1764 2587 2019 2635 munera,

447 2664 749 2725 sequuntur
805 2657 1193 2716 retributiones
1244 2659 1474 2730 (130.1).
1527 2682 1544 2714 ι
1581 2662 1733 2717 Dicat
1778 2661 2021 2731 aliquis:

444 2746 557 2813 Ego
584 2747 798 2814 quidem
826 2748 1194 2818 nihil-qumro,
1228 2750 1323 2806 sed
1354 2751 1397 2804 si
1430 2752 1557 2819 quid
1584 2753 1754 2821 gratis
1776 2749 2035 2816 otl‘ertur,

442 2836 823 2906 acciperenon
849 2855 1057 2896 recuso.
1091 2841 1234 2896 Ecce
1278 2841 1365 2897 hic
1405 2858 1511 2897 non
1558 2851 1815 2897 notantur
1851 2843 1886 2897 ii
1928 2844 2021 2913 qui

440 2941 665 2981 munera
692 2938 964 2997 quaerunt,
985 2932 1079 2986 sed
1117 2930 1208 3001 qui
1240 2932 1615 2986 tantummodo
1644 2931 1891 3002 diligunt.
1918 2930 2019 2997 Qui

442 3017 608 3072 etiam
632 3020 765 3074 socii
790 3018 967 3075 furum
993 3035 1098 3075 non
1131 3021 1403 3079 immerito
1433 3021 1710 3085 dicuntur,
1736 3022 1873 3090 quia.
1890 3022 2017 3074 dmn

443 3106 641 3163 furtiva
679 3110 817 3164 dona
864 3111 1180 3181 suscipiunt,
1205 3112 1368 3165 etiam
1413 3125 1443 3165 a
1481 3112 1870 3166 comministris
1908 3110 2023 3166 suis

445 3208 503 3253 et
533 3200 806 3256 sodalibus
826 3202 1154 3271 deprehendi
1186 3202 1330 3258 velut
1364 3203 1418 3258 in
1456 3201 1584 3256 furti
1625 3203 1853 3257 crimine
1887 3218 2024 3271 pcr-

443 3288 785 3347 horrescnnt.
824 3293 888 3346 Et
927 3294 1224 3347 notandum
1261 3293 1404 3362 quod
1438 3292 1673 3348 dicitur:
1721 3311 1739 3341 ι
1776 3292 2024 3362 Sequun-

442 3390 534 3435 tur
586 3382 999 3446 retributiones;
1045 3401 1063 3435 ι
1120 3384 1245 3453 quia
1301 3383 1548 3452 quamvis
1600 3381 1868 3437 muniﬁcis
1909 3382 2039 3437 suis-

442 3471 702 3527 auxilium
736 3473 877 3543 quod
906 3474 1245 3543 postulantur
1266 3473 1606 3543 impendunt,
1633 3482 1816 3529 reatus
1843 3481 2020 3527 tamen

441 3564 811 3619 maculas-non
846 3567 1110 3627 evadunt;
1138 3566 1263 3636 quia
1293 3564 1420 3619 dum
1469 3564 1715 3621 beneﬁcii
1748 3565 1830 3620 sui
1865 3565 2021 3619 talio-

440 3671 564 3708 nem
604 3655 897 3723 recipiunt,
930 3655 1138 3711 fructus
1183 3666 1400 3712 aeterna:
1442 3657 1708 3712 mercedis
1743 3658 2018 3711 amittunt.

444 3744 522 3799 De
550 3746 745 3813 quibus
768 3755 821 3800 et
850 3745 1009 3815 paulo
1029 3755 1149 3816 post
1178 3746 1347 3801 dicit:
1378 3765 1399 3798 ι
1422 3746 1566 3801 Heu!
1592 3746 1912 3803 consolabor
1931 3762 2023 3801 su-

442 3847 544 3904 per
593 3836 837 3889 hostibus
891 3837 1045 3899 meis,
1089 3845 1141 3888 et
1187 3836 1502 3892 vindicabor
1529 3839 1595 3892 de
1624 3836 1856 3891 inimicis
1887 3837 2020 3892 meis

445 3923 657 3992 (Ibit).
692 3944 709 3976 ι
740 3922 856 3977 Filii
883 3926 1040 3994 plane
1067 3925 1336 3982 Samuelis
1364 3927 1567 3982 nullmu
1619 3927 1764 3981 aliud
1813 3927 2017 3983 crimen

444 4013 989 4085 balmisseirguntur,
1023 4017 1123 4071 nisi
1166 4016 1288 4085 quia
1327 4033 1549 4071 munera
1588 4017 1926 4077 dilexerunt.
1964 4026 2022 4071 et

442 4104 567 4170 quia
600 4110 834 4172 paterna:
862 4106 1134 4160 munditia:
1158 4123 1261 4161 non
1289 4110 1653 4176 sequebantur
1678 4107 2015 4176 exeniplum;

443 4197 940 4266 irrecuperabiliter
995 4200 1291 4254 amiserunt
1329 4198 1497 4268 plebis
1544 4185 2027 4268 Israeliticaeprim

443 4274 702 4353 cipatnm.
730 4288 793 4340 Et
833 4291 1150 4355 notandum,
1180 4288 1305 4357 quia
1342 4289 1467 4343 dum
1503 4289 1569 4343 de
1598 4288 1702 4342 illis
1735 4287 2014 4357 Scriptura

445 4373 575 4427 dicit
615 4393 627 4427 :
660 4394 677 4425 ι
711 4376 1123 4430 Dcclinaverunt
1159 4386 1279 4446 post
1319 4378 1602 4431 avaritiam
1634 4417 1650 4442 ,
1689 4384 2013 4445 acceperunt

443 4479 688 4523 munera.
728 4483 746 4516 ι
778 4467 1022 4533 protinus
1046 4466 1222 4519 intulit
1258 4483 1272 4521 :
1309 4484 1330 4516 ι
1365 4468 2015 4535 pervcrteruntjudicium

442 4552 493 4616 ιι
521 4552 642 4624 Reg.
675 4554 812 4616 vtu).
840 4573 860 4604 ι
891 4554 1135 4608 Vicinum
1156 4556 1353 4624 quippe
1377 4565 1460 4610 est
1485 4566 1647 4624 atque
1680 4559 2013 4628 contiguum,

440 4653 500 4697 ιιι
530 4653 648 4713 post
672 4659 864 4705 munus
886 4656 1193 4711 acccpzum,
1213 4653 1552 4714 pervertatur
1575 4645 1737 4699 etiam
1762 4656 2017 4715 corrupto

441 4749 665 4788 censore
683 4735 963 4804 judicium.
995 4734 1039 4789 Ο
1061 4748 1223 4804 quam
1249 4733 1502 4789 mundam
1533 4733 1750 4789 Samuel
1782 4736 2014 4790 frontem

443 4823 678 4877 habebat
716 4839 744 4877 a
772 4824 1119 4883 muneribus.
1149 4838 1270 4877 cum
1310 4822 1522 4879 dicebat
1550 4836 1566 4876 :
1603 4839 1622 4873 ι
1655 4823 2016 4877 Conversatus

438 4928 620 4966 coram
653 4913 806 4967 vobis
846 4914 914 4968 ab
957 4914 1327 4969 adolescentia
1365 4929 1483 4968 mea
1540 4928 1712 4982 usque
1759 4914 1826 4967 ad
1875 4914 2015 4967 diem

441 5004 600 5063 hanc,
637 5018 763 5057 ecce
794 5013 988 5073 praesto
1021 5021 1162 5071 sum,
1192 5004 1468 5074 loquimini
1493 5006 1558 5060 de
1584 5020 1670 5059 me
1698 5019 1882 5060 coram
1916 5005 2020 5060 Do-

441 5091 590 5145 ιιιίιιο
628 5100 681 5144 et
727 5108 906 5147 coram
933 5094 1151 5149 Christo
1192 5095 1344 5161 ejus;
1378 5104 1556 5150 utrum
1607 5095 1795 5149 bovem
1831 5094 2015 5165 cujus-

444 5176 605 5249 quam
634 5182 868 5243 tulerim.
894 5170 961 5237 an
987 5189 1219 5252 asinum,
1249 5188 1292 5242 si
1316 5189 1619 5259 quempiam
1657 5186 2015 5242 calumniatus

444 5286 587 5329 sum.
629 5270 674 5323 si
720 5274 961 5339 Oppressi
1018 5276 1271 5344 aliquem,
1312 5280 1358 5332 si
1396 5279 1463 5332 de
1499 5293 1660 5331 manu
1698 5275 2014 5345 cujusquam

2128 1841 2303 1898 dedit"
2327 1842 2545 1914 adligat.
2576 1843 2727 1899 Unde
2776 1860 2873 1914 per
2917 1844 3107 1898 Isaiam
3140 1844 3377 1899 dicitur:
3415 1864 3433 1894 ι
3468 1842 3583 1903 Vae.
3612 1842 3706 1911 qui

2120 1934 2428 2005 jttstiﬁcatis
2456 1938 2677 2007 impium
2706 1952 2807 2006 pro
2830 1937 3177 2000 muneribus,
3199 1946 3254 1992 et
3273 1937 3540 2005 justitiam
3568 1934 3700 2003 justi

2125 2026 2347 2081 anfertis
2372 2030 2440 2082 ab
2461 2030 2553 2083 eo!
2575 2028 2710 2095 (lsa.
2730 2030 2805 2089 v.)
2828 2047 2845 2078 ι
2862 2027 3068 2094 Quibus
3090 2028 3232 2081 illico
3248 2027 3558 2085 vindictam,
3588 2040 3708 2093 qua:

2124 2117 2229 2171 illis
2258 2118 2504 2184 debetur,
2560 2118 2811 2181 intentat,
2855 2133 2977 2171 cum
3024 2116 3243 2171 subdit:
3275 2135 3293 2166 ι
3325 2114 3550 2184 Propter
3575 2114 3705 2176 hoc,

2123 2208 2267 2263 sicut
2283 2210 2504 2265 devorat
2540 2208 2790 2278 stipulam
2819 2209 2997 2278 lingua
3039 2207 3200 2276 ignis,
3243 2216 3295 2260 et
3336 2206 3564 2260 ﬂamma:
3609 2218 3707 2256 ca—

2123 2298 2206 2353 lor
2232 2299 2429 2362 exurit,
2458 2300 2537 2354 sic
2562 2300 2713 2352 radix
2737 2314 2924 2353 eorum
2953 2298 3105 2366 quasi
3132 2296 3309 2349 favilla
3355 2299 3481 2358 erit,
3507 2305 3559 2348 et
3587 2308 3708 2359 ger-

2122 2405 2244 2445 men
2291 2404 2475 2443 eorum
2507 2398 2566 2442 ut
2594 2389 2781 2457 pulvis
2801 2389 3061 2443 ascendet
3085 2385 3301 2456 (lbid.).
3335 2405 3353 2437 ι
3401 2384 3475 2438 De
3507 2383 3708 2453 quibus

2121 2478 2262 2533 idem
2291 2479 2545 2547 propheta
2570 2478 2696 2532 alibi
2724 2475 3290 2546 conqueritundiceus
3321 2495 3334 2528 :
3371 2494 3391 2525 ι
3423 2473 3623 2529 Omnes
3651 2473 3705 2526 in
3747 2472 3759 2483 ’

2123 2567 2264 2621 viam
2299 2583 2448 2621 suam
2480 2567 2900 2630 declinaverunt,
2926 2581 3064 2620 unus
3080 2566 3309 2635 quisque
3330 2565 3394 2619 ad
3417 2564 3707 2618 avaritiam

2121 2672 2272 2710 suam
2309 2671 2339 2708 a
2373 2671 2583 2710 summo
2620 2670 2789 2725 usque
2819 2655 2887 2708 ad
2920 2654 3271 2708 novissinmm
3322 2652 3469 2723 (Ian.
3498 2653 3641 2722 ινι).
3676 2669 3697 2702 ι

2123 2746 2364 2799 Avaritia
2397 2746 2553 2815 plane
2568 2746 2661 2799 Dei
2684 2745 3073 2814 omnipotentis
3100 2744 3389 2798 adversum
3413 2758 3470 2797 se
3493 2743 3705 2796 iracun-

2120 2835 2262 2889 diam
2286 2844 2570 2905 provocat;
2599 2843 2773 2890 etcor
2810 2835 2952 2905 quod
3001 2835 3259 2903 possidet,
3304 2835 3461 2888 vanis
3487 2848 3703 2902 semper

2120 2925 2535 2994 cogitationibus
2564 2936 2745 2980 vexat.
2778 2924 2918 2981 Hinc
2967 2934 3050 2980 est
3101 2925 3245 2994 quod
3272 2928 3338 2978 de
3369 2939 3532 2978 avaro
3568 2939 3702 2976 con-

2122 3014 2369 3083 queritur
2418 3015 2876 3089 popuiotdicens
2915 3032 2933 3071 :
2991 3034 3010 3068 ι
3074 3016 3305 3085 Propter
3352 3014 3699 3084 iniquitatem

2127 3105 2367 3160 avaritia:
2404 3106 2521 3175 ejus
2563 3108 2734 3161 iratus
2766 3121 2911 3171 sum,
2941 3116 2990 3160 et
3031 3105 3273 3176 percussi
3305 3119 3453 3167 eum,
3487 3113 3541 3159 et
3577 3105 3702 3157 abs-

2124 3194 2312 3254 condi.
2339 3203 2397 3248 et
2426 3194 2736 3265 indignatus
2761 3210 2880 3249 sum
2906 3203 2997 3261 ..ει
3022 3195 3156 3251 abiit
3187 3210 3350 3265 vagus
3386 3194 3438 3247 in
3472 3195 3557 3247 via
3579 3208 3700 3249 cor-

2122 3284 2317 3340 dissui
2337 3282 2474 3355 (Ira.
2506 3284 2659 3355 Lvu).
2694 3303 2717 3337 ι

2745 3379 2974 3436 CAPUT
3014 3380 3076 3435 11.

2193 3493 2346 3560 Quod
2371 3492 2576 3562 fructus
2605 3509 2671 3548 ea:
2695 3495 2888 3549 divitiis
2927 3495 3163 3563 capitur,
3194 3494 3241 3547 ai
3266 3494 3646 3563 dispensentur

2730 3564 3063 3633 pauperibus.

2191 3655 2347 3711 Nulla
2367 3672 2500 3711 sane
2519 3656 2751 3725 putredo
2785 3654 3021 3709 vulneris
3043 3656 3094 3709 in
3127 3655 3218 3709 Dei
3253 3655 3474 3707 naribus
3505 3652 3705 3707 intota-

2118 3746 2345 3802 rabilius
2394 3747 2547 3810 fetet,
2599 3760 2761 3816 quam
2809 3754 3024 3799 stercus
3074 3744 3333 3798 avaritiae.
3366 3743 3432 3796 Et
3467 3743 3711 3811 cupidus

2121 3834 2352 3904 quisque
2373 3834 2499 3889 dum
2523 3835 2792 3889 sordentia
2819 3836 3062 3903 pecuniae
3088 3842 3327 3903 quaestus
3367 3830 3697 3893 accumulat,

2119 3932 2345 3979 vertens
2357 3924 2697 3979 exedramjn
2726 3923 3009 3988 latrinam,
3026 3923 3183 3989 quasi
3218 3922 3413 3975 molem
3439 3922 3717 3974 stercoris-

2123 4024 2427 4070 coacervat.
2452 4015 2586 4071 liinc
2609 4024 2693 4070 est
2726 4016 2868 4084 quod
2914 4030 3011 4084 per
3058 4013 3400 4069 Ezechielem
3447 4013 3694 4067 dicitur:

2124 4124 2144 4157 ι
2176 4106 2468 4176 Argentum
2489 4120 2676 4159 eorum
2704 4104 2850 4159 foras
2870 4105 3207 4174 projicietur,
3222 4113 3273 4157 et
3292 4118 3479 4156 aurum
3504 4117 3695 4155 eorum

2119 4196 2174 4249 in
2205 4195 2605 4265 sterquilinium
2626 4195 2726 4249 erit
2754 4211 2771 4259 ;
2795 4206 3281 4263 argentumeorum
3295 4203 3350 4246 et
3371 4208 3559 4245 aurum
3589 4207 3694 4243 non

2120 4284 2319 4341 valebit
2344 4286 2574 4341 liberare
2598 4299 2692 4339 eos
2741 4285 2794 4338 in
2826 4285 2915 4337 die
2966 4283 3164 4338 furoris
3217 4281 3425 4338 Domini
3473 4280 3713 4348 (Bacch.-

2119 4379 2219 4446 vu)
2246 4394 2260 4430 :
2289 4397 2308 4429 ι
2336 4385 2391 4430 et
2428 4375 2552 4429 alibi
2583 4375 2841 4443 scriptum
2870 4383 2954 4428 est
2983 4388 2997 4426 :
3037 4391 3055 4424 ι
3085 4375 3177 4428 Va:
3207 4374 3292 4433 ei,
3321 4371 3412 4442 qui
3440 4372 3696 4439 multipli-

2121 4476 2210 4520 cat
2230 4480 2335 4520 non
2358 4479 2476 4527 sua,
2500 4477 2798 4532 usquequo,
2820 4472 2874 4516 et
2900 4472 3152 4532 aggravat
3177 4472 3361 4517 contra
3387 4478 3445 4517 se
3469 4465 3696 4516 densum

2121 4556 2325 4611 lutum!
2358 4575 2378 4608 ο
2413 4553 2640 4626 (Babae.
2683 4554 2766 4623 ιι.)
2799 4556 2977 4608 Avaro
3013 4570 3144 4610 sane
3165 4564 3351 4609 contra
3383 4570 3442 4609 se
3469 4556 3705 4607 densum

2123 4646 2295 4701 lutum
2322 4659 2615 4716 aggravare
2642 4684 2656 4707 ,
2710 4653 2795 4697 est
2841 4654 3057 4699 terrena
3106 4645 3254 4699 lucra
3307 4660 3430 4697 cum
3473 4645 3683 4714 peccati

2125 4736 2361 4806 pondere
2386 4734 2681 4789 cumulare.
2715 4733 2965 4789 liabaeuc
2994 4736 3155 4789 etiam
3186 4736 3479 4804 propheta:
3518 4755 3536 4784 ι
3580 4733 3693 4794 Vm,

2125 4824 2318 4894 inquit,
2341 4824 2429 4892 qui
2462 4832 2751 4891 congregat
2778 4810 3062 4876 avaritiam
3116 4823 3312 4876 malam
3336 4824 3514 4876 domui
3545 4822 3690 4875 sua?!

2121 4924 2179 4969 ut
2218 4916 2286 4968 sit
2317 4914 2370 4967 in
2410 4913 2625 4966 excelso
2650 4912 2807 4965 nidus
2844 4908 2993 4979 ejus,
3015 4922 3071 4966 et
3104 4913 3319 4967 liberari
3346 4928 3405 4966 se
3457 4923 3606 4982 putat
3638 4913 3693 4964 in

2123 5004 2209 5058 die
2236 5001 2362 5057 mali
2391 5001 2601 5071 (Ibid).
2636 5020 2654 5052 ι
2682 4999 2852 5055 Porro
2873 5002 3014 5056 sicut
3058 5002 3237 5072 ignem
3278 5002 3420 5073 ligna
3471 5020 3576 5056 non
3614 5017 3695 5055 sa-

2123 5097 2279 5153 tiant.
2325 5096 2406 5150 sic
2450 5100 2642 5148 :estum
2691 5092 2935 5147 avaritia:
2985 5095 3213 5162 pecunia
3276 5094 3542 5148 cumulata
3586 5104 3692 5146 non

2121 5185 2291 5240 sedat.
2326 5183 2431 5236 Sed
2462 5182 2600 5235 sicut
2622 5178 2835 5233 ﬂamma
2864 5179 3116 5235 fomentis
3165 5182 3460 5245 extollitur,
3494 5182 3565 5235 ita
3612 5180 3694 5233 ui-

2721 5268 2842 5296 Λα...
2864 5269 3014 5296 In---
3038 5286 3119 5296 -..,

2126 5270 2701 5334 hilominusavaritia,
2718 5270 2844 5322 dum
2864 5270 3015 5324 lucra
3036 5271 3401 5335 curanda-tiatur,
3444 5278 3693 5340 augetur.
