4132 6324
403 308 511 361 535

1275 295 1519 354 OPUSC.
1559 292 1750 349 XXXI.
1793 321 1857 330 --
1897 288 2172 344 CONTRA
2213 289 2759 346 PHILARGIRIAM.

3547 291 3655 346 δδι

399 418 533 490 quia
558 431 687 472 vero
715 410 998 469 retinendo
1025 409 1219 479 diligit,
1265 408 1357 464 hic
1399 408 1588 477 utique
1634 407 1752 461 sine
1799 405 1974 458 fructu
2007 408 2050 462 Α
2085 401 2214 456 nihil
2246 417 2366 457 esse
2386 401 2687 467 scelestius,
2723 417 2790 458 ne
2814 404 2938 474 quis
2965 403 3017 458 in
3059 403 3163 460 hoc
3191 404 3378 469 verbo,
3402 405 3541 475 quod
3572 416 3657 462 est

399 508 763 577 derelinquit;
789 503 951 576 5M
973 503 1062 557 ubi
1091 511 1146 556 et
1167 501 1410 571 sequitur
1435 518 1448 554 :
1479 520 1496 552 ι
1532 498 1632 555 Ubi
1657 497 1978 553 suntm‘ulta:

399 615 559 669 opes,
575 598 726 671 multi
743 595 970 664 suntqui
989 591 1592 663 comednnteas(Ecrle.
1611 592 1711 662 v.).
1733 611 1750 644 ι
1773 593 1977 660 thuid

401 685 953 760 prodest-possessori,
967 685 1066 738 nisi
1083 683 1220 752 quod
1237 683 1409 737 cernit
1423 683 1638 736 divitias
1651 681 1822 735 oculis
1835 682 1977 736 suis?

405 780 482 833 De
511 777 704 845 quibus
732 775 872 828 idem
900 772 1152 828 Salomon
1173 771 1249 825 ait
1276 786 1290 824 :
1322 791 1338 822 ι
1388 771 1599 825 Divitiae
1645 781 1978 826 conservatae

404 868 459 920 in
484 865 682 920 malum
707 863 909 918 domini
939 863 1046 916 sui.
1106 862 1344 917 Pereunt
1389 863 1531 916 enim
1578 863 1632 915 in
1689 859 1976 916 aﬁlictione

399 953 1196 1027 pessima;generabittilium.
1226 953 1316 1022 qui
1362 952 1417 1006 in
1473 967 1682 1006 summa
1735 962 1978 1021 egestate

399 1049 510 1103 erit
543 1046 755 1116 (Ibid.).
790 1065 808 1096 ι
849 1046 914 1099 Et
961 1051 1023 1100 ut
1073 1042 1326 1098 ostendat
1369 1057 1530 1110 quam
1581 1042 1822 1097 inﬁdeles
1871 1043 1980 1096 sint

399 1141 603 1196 divitiae
631 1139 948 1209 possidenti,
989 1153 1113 1192 mox
1145 1134 1360 1204 subiicit
1394 1153 1408 1190 :
1465 1153 1482 1185 t
1527 1135 1678 1188 Sicut
1729 1149 1979 1202 egressus

399 1239 487 1285 est
515 1230 687 1284 nudus
708 1216 778 1284 de
809 1237 963 1282 utero
1011 1231 1197 1283 matris
1241 1243 1372 1292 sum,
1431 1228 1508 1283 sic
1559 1234 1880 1288 revertetur,
1924 1234 1979 1279 et

403 1319 538 1375 nihil
569 1319 776 1374 auferet
797 1335 979 1374 secum
1009 1319 1074 1373 de
1102 1317 1284 1373 labore
1313 1335 1430 1372 suo.
1465 1318 1779 1372 Miserat-uilis
1822 1330 1977 1387 pror-

399 1427 497 1466 sus
523 1410 805 1465 inﬁrmitas
832 1410 846 1462 !
879 1409 1144 1478 quomodo
1169 1410 1335 1474 venit,
1359 1409 1437 1464 sic
1489 1418 1804 1464 revertetur.
1837 1409 1976 1476 Quid

399 1518 532 1573 ergo
572 1505 787 1572 prodest
807 1503 947 1573 quod
981 1503 1243 1557 laboravit
1272 1502 1321 1555 in
1349 1511 1563 1555 ventum
1611 1502 1820 1555 cunctis
1862 1501 1978 1555 die-

401 1595 505 1648 bus
525 1594 648 1646 vitze
679 1593 831 1647 sine?
860 1602 963 1646 etc.
999 1612 1018 1644 ι
1075 1590 1263 1662 (Ibid)
1301 1593 1382 1645 An
1414 1591 1613 1648 idcirco
1640 1591 1780 1645 forte
1827 1591 1974 1645 lucra

400 1685 765 1752 COttht'ilttllS,
798 1693 855 1735 ut
886 1683 1252 1751 possessiones
1288 1699 1352 1737 ac
1390 1683 1584 1750 prardia
1614 1683 1983 1736 redimamus?

2081 509 2292 558 avarus,
2325 495 2616 548 duhietatis
2645 496 2926 564 scrupulus
2962 506 3144 566 posset
3187 511 3486 567 emergere,
3515 498 3658 568 vigi-

2080 582 2255 636 lanter
2286 583 2524 636 addidit:
2588 583 2722 637 nihil
2761 584 2997 652 iniquius
3048 600 3211 653 quam
3261 599 3444 638 amare
3494 600 3659 653 pecu-

2079 676 2246 728 niam.
2312 671 2482 743 lgitur
2536 689 2756 728 avarum
2811 689 2932 729 esse
2987 675 3118 730 nihil
3168 673 3328 746 55.5
3362 675 3648 738 estaliud.

2079 779 2238 833 quam
2298 779 2480 818 amare
2542 765 2839 832 peetuiiam.
2906 765 3133 818 Amatur
3193 767 3352 819 enim.
3392 768 3659 836 acquisita

2077 855 2301 923 pecunia
2330 893 2346 918 ,
2384 863 2597 908 amatur
2641 854 2985 909 nihilominus
3019 855 3378 922 acquirenda..
3417 837 3660 933 Avaritia

2077 946 2271 1015 quippe
2314 946 2467 1016 quasi
2517 946 2697 1016 biceps
2739 953 2841 1004 est.
2867 945 3122 1011 coluber;
3173 955 3397 1017 utroque
3426 962 3661 1003 censue-

2075 1037 2151 1092 vit
2198 1052 2293 1094 ore
2353 1037 2600 1092 mordere
2633 1077 2649 1102 ,
2691 1045 2921 1106 utroque
2977 1037 3289 1106 pestifeyim
3369 1037 3515 1094 virus
3574 1040 3660 1094 in-

2055 1127 2274 1197 .ﬁuere;
2317 1130 2442 1184 dum
2505 1138 2599 1183 aut
2649 1129 2822 1184 aliena
2871 1145 2958 1184 res
2998 1129 3295 1198 qumritur,
3343 1138 3435 1184 aut
3479 1130 3675 1189 habita.

2077 1218 2462 1274 delectabiliter
2511 1219 2832 1288 possidetur.
2885 1219 2961 1274 De
3018 1218 3110 1272 illo
3175 1234 3305 1274 sane
3365 1219 3455 1288 qui
3501 1229 3657 1275 utro-

2080 1326 2184 1380 que
2220 1310 2377 1376 hujus
2421 1309 2688 1379 serpentis
2731 1324 2827 1363 ore
2873 1308 3190 1376 deglntitur,
3239 1308 3501 1378 scriptum
3541 1317 3660 1364 est:
3754 1314 3766 1346 ί

2082 1427 2102 1460 ς
2143 1401 2567 1472 Viro-cupido-et
2606 1400 2948 1463 tenaci,__sine
2975 1401 3183 1455 ratione
3213 1409 3295 1456 est
3323 1400 3660 1476 substantia;

2078 1507 2134 1552 et
2159 1492 2360 1552 homini
2399 1492 2561 1550 livido
2605 1493 2672 1546 ad
2712 1491 2840 1561 quid
2882 1492 3117 1546 aurum?
3149 1490 3343 1559 injuste
3382 1492 3501 1546 aliis
3532 1508 3665 1546 con-

2078 1599 2280 1660 gregat,
2306 1601 2360 1645 et
2403 1591 2456 1645 in
2502 1588 2655 1646 bonis
2697 1584 2844 1643 illius
2885 1585 3023 1641 alius
3067 1586 3426 1641 luxuriabitur
3469 1585 3661 1655 (Eccli.

2081 1685 2212 1742 xiv).
2249 1702 2266 1733 ι
2305 1682 2442 1736 Sunt
2484 1693 2752 1751 praeterea
2794 1677 2886 1754 qui
2921 1678 3046 1739 totis
3072 1678 3138 1738 ad
3171 1678 3464 1748 appetenda
3489 1677 3668 1752 alien?

403 1773 509 1828 Sed
539 1774 665 1842 quid
696 1774 913 1842 prodest
952 1773 1183 1826 conﬁnia
1231 1774 1432 1842 proprii
1485 1773 1624 1840 juris
1661 1773 1971 1834 extendere.
2004 1753 2050 1812 Β
2079 1773 2361 1827 desideriis
2409 1774 2756 1829 inardescunt
2804 1753 2820 1828 :
2851 1777 2945 1830 sed
2990 1775 3106 1829 haec
3147 1776 3434 1845 postquam
3486 1769 3668 1836 θάρρη

401 1880 526 1918 cum
559 1865 671 1918 lucc
701 1865 819 1918 vita:
847 1875 1045 1918 nostra:
1079 1873 1346 1934 nequeant
1376 1865 1649 1933 angustias
1672 1863 1985 1932 protelare?

402 1953 560 2010 Unde
587 1957 670 2007 vir
694 1959 907 2024 sapiens
946 1955 1019 2009 ait
1051 1974 1062 2010 :
1119 1975 1137 2006 ‹
1174 1956 1291 2010 Noli
1322 1957 1600 2010 attendere
1641 1957 1710 2010 ad
1760 1973 1981 2025 posses-

399 2045 582 2098 siones
615 2045 844 2114 iniquas,
883 2055 937 2099 et
979 2029 1067 2100 [ne
1116 2047 1315 2099 dixeris
1345 2061 1360 2098 :
1389 2047 1481 2100 list
1523 2048 1653 2101 mihi
1701 2047 1976 2103 sufﬁciens

401 2136 547 2200 vita;
614 2136 744 2189 nihil
804 2137 947 2190 enim
1006 2137 1249 2205 proderit
1315 2137 1368 2189 in
1429 2147 1695 2206 tempore.
1726 2137 1986 2192 vindicta}

400 2225 596 2294 (Eccli.
626 2227 702 2292 v).
740 2245 757 2276 ›
789 2225 922 2279 Nam
954 2235 1006 2281 et
1043 2226 1210 2281 Isaias
1234 2228 1310 2281 ait
1345 2247 1356 2280 :
1395 2247 1412 2278 ι
1439 2228 1550 2291 Vae,
1577 2227 1666 2296 qui
1700 2226 1980 2298 conjungi-

405 2319 476 2371 tis
498 2319 715 2372 domum
739 2319 804 2372 ad
829 2319 1070 2384 domum,
1091 2329 1144 2372 et
1171 2334 1356 2390 agrutn
1373 2335 1503 2389 agro
1525 2320 1786 2388 copulatis
1811 2328 1979 2390 usque

397 2406 468 2462 ad
507 2413 795 2463 terminum
843 2409 976 2462 loci!
1033 2409 1270 2477 nunquid
1335 2409 1645 2464 habitabilis
1699 2410 1751 2464 in
1802 2412 1980 2466 medio

398 2503 560 2550 terra:
620 2497 716 2550 soli
783 2497 965 2550 vos‘h
1039 2497 1184 2567 (lsa.
1250 2496 1336 2567 v.)
1408 2498 1484 2553 Ae
1540 2499 1583 2552 si
1650 2508 1838 2568 aperte
1900 2500 1980 2555 di-

399 2600 526 2642 cat:
590 2592 876 2660 Quousqzie
898 2605 994 2644 vos
1049 2591 1340 2644 extenditis
1381 2632 1395 2654 ,
1458 2591 1547 2661 qui
1598 2591 1649 2645 in
1705 2593 1978 2647 communi

395 2677 600 2731 mundo
623 2679 814 2746 degere
834 2677 950 2730 sine
986 2678 1326 2732 consortibus
1353 2693 1457 2731 non
1488 2680 1753 2747 potestis?
1782 2704 1784 2706 τ
1817 2679 1981 2749 Adja-

398 2775 582 2819 centes
611 2768 822 2834 quidem
853 2778 1012 2835 atque
1035 2768 1315 2834 contiguos
1337 2769 1612 2838 premitis;
1664 2769 1757 2824 sed
1785 2781 1974 2826 contra

399 2871 536 2923 quos
564 2872 657 2908 vos
681 2855 902 2910 vallatis
936 2859 1245 2920 extendere,
1277 2873 1490 2927 semper
1525 2859 1798 2914 invenitis.
1826 2859 1978 2916 Unde

399 2947 660 3015 scriptum
692 2956 772 3001 est
802 2965 818 3001 :
854 2965 872 2997 ι
908 2948 1008 3014 Qui
1037 2950 1228 3016 quaerit
1271 2949 1454 3013 ditari,
1511 2965 1614 3004 non
1659 2951 1764 3004 erit
1823 2953 1978 3006 inno-

397 3053 528 3090 cens
557 3035 738 3104 (I’rott.
774 3040 952 3109 xxtit).
984 3058 1000 3090 ι
1035 3041 1100 3092 Et
1123 3039 1249 3092 alibi
1289 3040 1486 3094 dicitur
1513 3058 1525 3094 :
1585 3058 1602 3091 ι
1631 3041 1808 3095 Avaro
1841 3041 1972 3099 nihil

395 3137 479 3181 est
515 3128 813 3182 scelestius.
848 3130 984 3196 Quid
1012 3130 1258 3199 superbis
1302 3141 1441 3184 terra
1491 3139 1545 3185 et
1604 3132 1776 3186 cinis?
1830 3131 1975 3188 Nihil

399 3228 485 3274 est
511 3220 744 3288 iniquius
759 3236 920 3289 quam
948 3237 1133 3276 amare
1160 3222 1440 3289 pecuniam
1461 3221 1652 3292 (Eccli.
1681 3222 1757 3294 x).
1781 3243 1799 3274 ι
1829 3224 1972 3280 Dura

398 3319 546 3364 certe
573 3320 626 3364 et
653 3312 812 3364 nimis
842 3311 1189 3366 formidolosa
1231 3313 1518 3367 sententia.
1552 3313 1608 3367 Si
1664 3316 1808 3370 enim
1841 3315 1970 3371 nihil

398 3412 481 3456 est
503 3418 668 3455 avaro
699 3403 1001 3469 scelestius,
1032 3404 1162 3457 nihil
1189 3404 1454 3472 iniquius;
1488 3421 1590 3459 non
1619 3420 1749 3476 ergo
1785 3406 1974 3461 melior

397 3493 703 3560 parricidis,
727 3509 834 3546 non
854 3493 1139 3562 prmfertur
1158 3495 1396 3556 incestis,
1418 3504 1664 3564 aequatur
1681 3491 1969 3562 haereticis,

398 3582 728 3636 assiinilatur
781 3583 1098 3637 idnlnlatris.
1165 3584 1315 3639 Unde
1359 3594 1414 3640 et
1462 3586 1750 3654 Apostolus
1795 3588 1967 3642 dicit:

401 3689 423 3722 ‹
458 3672 697 3724 Avaritia
726 3687 844 3740 qua:
869 3681 951 3726 est
983 3673 1248 3727 idolorum
1281 3675 1515 3728 servitus
1538 3673 1763 3743 (Coloss.
1806 3676 1911 3746 ut).
1947 3696 1965 3728 ι

401 3759 484 3815 Sit
511 3776 639 3832 ergo
667 3763 892 3830 quilibet
914 3773 1116 3827 castus,
1139 3765 1210 3818 sit
1244 3765 1478 3830 sobrius,
1505 3766 1574 3819 sit
1605 3766 1972 3836 indigentibus

399 3853 612 3907 alendis
642 3854 897 3919 intentus,
929 3857 1283 3925 hospitalitati
1313 3858 1556 3922 deditus,
1586 3857 1814 3926 ji-junet,
1838 3861 1971 3930 vigi-

395 3941 492 4008 let,
523 3945 662 3998 diem
701 3949 840 4001 nocti
873 3948 1148 4018 psallendo
1187 3951 1500 4012 continuet;
1548 3951 1590 4004 si
1623 3961 1801 4006 tamen
1846 3968 1972 4007 ara-

396 4051 489 4090 rus
519 4047 621 4101 est,
649 4046 814 4091 totum
847 4041 1052 4108 perdit;
1095 4039 1166 4094 ita
1202 4049 1260 4092 ut
1305 4041 1446 4094 inter
1473 4043 1712 4095 omnimn
1781 4044 1968 4096 crimi«

393 4144 523 4182 num
557 4145 676 4183 reos
706 4132 1016 4197 nequiorem
1040 4146 1097 4184 se
1127 4130 1371 4186 invenire
1402 4146 1507 4185 non
1559 4133 1725 4200 possit
1756 4151 1767 4185 :
1833 4152 1850 4184 ι
1879 4132 1969 4187 Νί-

393 4219 470 4273 hil
506 4231 588 4273 est
618 4220 782 4283 enim,
816 4221 1198 4284 sicutdicitur,
1254 4237 1418 4276 avaro
1477 4223 1781 4288 scelestius,
1835 4225 1970 4278 nihil

393 4310 630 4378 iniquius
659 4327 820 4379 quam
872 4327 1055 4367 amare
1086 4313 1367 4381 pecuniam
1426 4312 1617 4385 (Eccli.
1646 4315 1724 4384 χ).
1763 4335 1780 4366 ι
1832 4317 1967 4382 Quid

2078 1872 2222 1927 sunt,
2277 1865 2678 1932 praecipitanter
2717 1863 3016 1920 effundunt.
3067 1865 3205 1921 Sunt
3241 1867 3332 1937 qui
3379 1868 3446 1922 ad
3489 1858 3668 1920 aliena

2078 1953 2292 2021 quidem
2319 1955 2648 2024 acquirenda
2678 1970 2782 2008 non
2821 1955 3053 2020 inhiant,
3078 1955 3170 2010 sed
3214 1971 3334 2025 quae
3375 1971 3470 2010 sua
3515 1965 3669 2022 sunt,

2079 2045 2258 2099 tenaci
2283 2045 2525 2099 custodia
2573 2054 2828 2115 tanquam
2859 2046 3074 2101 Cereris
3119 2062 3271 2101 saera
3319 2056 3664 2102 conservant.

2079 2136 2437 2191 Teterrimum
2479 2146 2658 2190 autem
2710 2151 2880 2206 genus
2925 2145 3009 2190 est
3050 2153 3237 2192 eorum
3281 2137 3372 2207 qui
3402 2145 3458 2191 et
3487 2137 3662 2209 aliens

2080 2229 2307 2297 turpiter
2338 2228 2604 2290 ambiunt,
2635 2236 2688 2281 et
2713 2243 2833 2296 qua:
2857 2225 2968 2295 jam
3003 2229 3084 2281 sui
3112 2227 3252 2297 juris
3281 2236 3404 2282 sunt
3447 2227 3662 2282 sordida

2081 2320 2368 2374 tenacitate
2419 2319 2749 2374 custodiunt.
2813 2318 3032 2388 Pejores
3085 2319 3294 2374 scilicet
3341 2317 3668 2372 draconibus

2079 2407 2404 2481 Babyloniae,
2436 2410 2551 2478 qui,
2600 2409 2728 2464 licet
2759 2409 3021 2464 inﬁnitam
3069 2410 3186 2464 auri
3230 2409 3548 2477 argentique
3583 2408 3665 2462 di-

2079 2508 2272 2556 cantur
2294 2515 2513 2556 servare
2543 2500 2870 2570 congeriem,
2908 2499 3034 2554 nulli
3068 2509 3242 2554 tamen
3269 2500 3538 2570 propriam
3583 2499 3665 2555 di:

2079 2592 2282 2661 ripiunt
2308 2590 2620 2648 facultatem
2647 2607 2661 2645 :
2684 2600 2738 2646 et
2769 2593 3007 2647 contenti
3037 2591 3191 2660 quasi
3216 2592 3448 2662 propriis
3467 2591 3663 2656 rebus,

2079 2699 2184 2738 non
2215 2683 2426 2738 inhiant
2457 2683 2667 2738 alienis.
2707 2682 2877 2738 Porro
2905 2691 3081 2736 autem
3113 2681 3240 2750 quid
3279 2681 3412 2737 mihi
3433 2695 3660 2749 congre-

2077 2792 2206 2847 gare
2229 2777 2464 2844 divitias,
2491 2792 2626 2846 quas
2647 2792 2821 2846 neque
2845 2777 2952 2834 huc
2997 2777 3287 2846 quispiam,
3313 2777 3437 2830 dmn
3483 2777 3662 2844 ingre-

2078 2870 2314 2932 deretur,
2349 2871 2599 2936 advexit;
2650 2885 2824 2939 neque
2861 2869 3108 2924 comitari
3163 2877 3414 2939 poterunt
3443 2870 3509 2923 de
3554 2883 3657 2923 sae-

2077 2959 2196 3014 culo
2223 2956 2612 3014 recedentem?
2635 2959 2790 3015 Unde
2835 2960 2968 3014 dicit
2993 2959 3278 3028 Apostolus
3307 2977 3319 3012 :
3351 2977 3368 3009 ι
3402 2958 3544 3012 Nihil
3577 2958 3659 3022 ing

2079 3050 2296 3106 tulimus
2341 3052 2392 3103 in
2426 3048 2898 3112 hune-mundum,
2949 3049 3090 3103 haud
3136 3049 3355 3104 dubium
3401 3049 3525 3116 quia
3559 3062 3660 3102 nee

2076 3139 2290 3195 auferre
2335 3140 2461 3209 quid
2490 3155 2815 3209 possumus;
2863 3139 3124 3194 habentes
3159 3148 3336 3193 autem
3379 3137 3655 3198 alimenta,

2075 3240 2125 3285 et
2149 3231 2344 3300 quibus
2371 3237 2634 3299 tegamur,
2668 3229 2752 3284 his
2778 3229 3014 3284 contenti
3045 3229 3232 3283 simus.
3260 3227 3392 3281 Nam
3423 3226 3512 3294 qui
3561 3241 3658 3279 vo-

2074 3319 2191 3375 lunt
2210 3320 2404 3375 divites
2428 3319 2567 3380 ﬁeri,
2592 3319 2837 3374 incidunt
2867 3319 2917 3372 in
2945 3319 3294 3372 tentalioncm
3331 3326 3382 3370 et
3404 3317 3656 3386 laqueum

2073 3411 2663 3473 diaboli,et-desideria
2713 3408 2877 3464 multa
2927 3408 3135 3462 inutilia
3194 3416 3248 3462 et
3297 3406 3506 3470 nociva,
3538 3421 3658 3473 qum

2072 3508 2322 3570 mergunt
2351 3500 2595 3554 homines
2633 3499 2686 3552 in
2740 3498 3014 3552 interitum
3053 3505 3108 3550 et
3141 3495 3515 3566 perditionem.
3543 3493 3654 3548 tta-

2073 3590 2161 3644 dix
2206 3589 2348 3644 enim
2393 3589 2633 3644 omnium
2684 3586 2946 3642 malorum
2995 3595 3079 3641 est
3124 3586 3389 3656 cupiditas
3416 3625 3432 3650 ,
3490 3598 3652 3653 quam

2073 3679 2291 3748 quidam
2319 3687 2654 3748 appetentes,
2683 3685 3002 3732 erraverunt
3023 3691 3052 3730 a
3075 3675 3198 3744 ﬁde,
3229 3685 3282 3730 et
3312 3676 3671 3737 inseruerunt.

2071 3785 2132 3826 se
2159 3769 2432 3826 doloribus
2461 3769 2644 3826 multis
2663 3769 2710 3841 (Ι
2748 3769 2880 3823 Tim.
2912 3769 2985 3840 γ).
3028 3789 3045 3823 ι

2679 3860 2906 3916 CAPUT
2959 3861 3046 3916 ιν.

2289 3951 2460 4018 Quam
2486 3953 2552 4006 sit
2571 3951 2918 4021 perniciosum
2947 3952 3154 4006 divitias
3175 3962 3432 4021 appetere.

2142 4041 2280 4108 Quid
2309 4058 2440 4112 ergo
2469 4042 2663 4096 mirum
2697 4042 2839 4115 quod
2889 4044 3136 4111 superius
3181 4043 3438 4108 diximus,
3487 4057 3655 4099 avaro

2072 4132 2204 4185 nihil
2239 4147 2356 4187 csse
2387 4132 2692 4195 scelestius,
2721 4146 2842 4185 cum
2869 4131 3081 4185 dicatur
3116 4134 3356 4186 omnium
3389 4132 3652 4188 malorum

2073 4222 2222 4274 radix
2250 4236 2369 4275 esse
2392 4221 2680 4289 cupiditas.
2711 4220 2767 4274 lu
2800 4235 2906 4289 quo
2949 4222 3090 4275 enim
3124 4222 3275 4276 radix
3302 4231 3385 4276 est
3411 4224 3652 4281 omnium

2070 4310 2360 4369 malorum.
2395 4310 2479 4364 ille
2511 4318 2908 4379 consequenter
2954 4311 3192 4363 omnium
3235 4311 3497 4366 malorum
3525 4327 3651 4364 reus

391 4415 521 4467 ergo
559 4402 919 4469 pmilcritnon
950 4403 1236 4458 occidere?
1267 4419 1370 4457 non
1397 4405 1695 4460 maechari?
1734 4421 1838 4460 non
1884 4421 1966 4460 ra-
1998 4431 2046 4487 ι)
2071 4413 2190 4453 esse
2217 4399 2594 4463 convincitur;
2629 4400 2751 4467 quia
2779 4414 3006 4468 quorum
3029 4399 3190 4454 habet
3217 4400 3270 4454 in
3303 4401 3385 4454 sui
3415 4401 3649 4471 pectoris

390 4493 686 4560 pcre?-non
701 4494 929 4562 denique
943 4493 1659 4565 pcrjurare?immunemque
1676 4506 1724 4551 te
1746 4511 1966 4566 prorsus

392 4599 420 4636 a
465 4587 672 4640 cunctis
706 4587 1020 4641 criminibus
1063 4590 1374 4642 custodire?
1425 4590 1714 4643 dummodo
1765 4591 1808 4644 si
1852 4606 1881 4644 a
1917 4601 1967 4645 te

389 4676 611 4730 avaritia
645 4692 748 4730 non
777 4677 1081 4746 expellitur,
1110 4677 1243 4731 nihil
1275 4686 1324 4732 te
1351 4680 1578 4748 nequius
1603 4717 1617 4744 ,
1651 4679 1782 4732 nihil
1836 4692 1962 4734 sce-

389 4762 576 4819 lestius
606 4767 888 4834 reperitur.
1296 4782 1304 4786 ’

1001 4857 1229 4912 CAPUT
1251 4859 1332 4911 IIl.

920 4946 1059 5012 Quid
1097 4950 1164 5002 sit
1186 4949 1433 5003 avaritia.
1729 5006 1735 5016 η

455 5032 554 5086 Eat
589 5049 716 5104 ergo
783 5051 978 5089 avarus
1005 5077 1020 5101 ,
1065 5039 1304 5104 parietes
1337 5036 1587 5091 Ecclesiae
1660 5047 1956 5101 construat,

381 5125 560 5176 Studio
602 5127 1001 5193 praedicationis
1054 5127 1316 5192 insistat,
1369 5128 1691 5181 dissidentes
1730 5128 1781 5181 in
1829 5145 1960 5192 pace

381 5211 733 5277 confieleret,
773 5216 1068 5269 titubantes
1097 5217 1149 5270 in
1211 5217 1492 5269 catholicae
1551 5216 1670 5268 ﬁdei
1729 5217 1959 5271 veritate

383 5303 689 5367 conﬁrmet,
722 5303 1010 5359 oﬂ‘erendis
1039 5306 1277 5375 quotidie
1300 5305 1666 5359 sacriﬁciissit
1696 5305 1954 5367 intentus,

380 5407 409 5443 a
438 5393 664 5459 negotiis
685 5394 1033 5448 sa‘cnlaribus
1055 5395 1126 5449 sit
1156 5404 1425 5458 remotus;
1451 5395 1625 5448 dunec
1675 5403 1850 5447 tamen
1904 5395 1956 5446 in

377 5495 443 5534 co
475 5484 638 5535 ardor
663 5485 903 5538 avaritiae.
930 5501 1037 5539 non
1059 5486 1454 5554 exstinguitur,
1483 5485 1665 5538 omnis
1695 5483 1795 5537 ilus
1842 5484 1943 5536 vir-

379 5579 554 5626 tutum
591 5573 707 5642 ejus
729 5576 997 5640 exuritur,
1029 5585 1084 5629 et
1108 5575 1284 5629 nullus
1303 5591 1366 5630 eo
1389 5574 1729 5630 criminosior
1753 5573 1960 5627 inveni-

380 5669 487 5716 tur.
558 5662 846 5719 Enimvero
885 5673 1168 5732 postquam
1232 5665 1509 5728 Scriptura
1549 5664 1748 5732 posuit.
1777 5680 1958 5729 avaro.

2071 4503 2201 4558 egro
2227 4488 2488 4552 radicem,
2517 4504 2622 4542 non
2653 4497 2828 4558 potest
2861 4497 3178 4544 venenatam
3204 4490 3375 4545 vitare
3402 4492 3651 4561 propagi-

2071 4592 2215 4631 nem.
2254 4576 2361 4631 Nec
2391 4578 2821 4644 prmtereundum
2855 4578 2996 4648 quod
3027 4580 3136 4634 ait:
3169 4599 3188 4630 ι
3226 4579 3396 4645 Quam
3427 4581 3646 4650 quidam

2069 4674 2403 4735 appetentes,
2430 4676 2749 4722 erraverunt
2774 4684 2803 4720 a
2833 4667 2936 4723 ﬁde
2961 4667 3174 4738 (Matt/1.
3209 4669 3378 4739 xxvi).
3411 4688 3429 4720 ι
3473 4668 3646 4721 Nimi-

2069 4772 2208 4821 rum,
2241 4757 2381 4810 sicut
2409 4757 2651 4826 proditor
2681 4756 2980 4813 Salvatoris
3003 4800 3018 4824 ,
3043 4759 3156 4827 qui,
3183 4768 3241 4812 ut
3266 4759 3472 4827 exigua:
3499 4772 3647 4812 sum-

2069 4866 2169 4905 mae
2197 4851 2499 4920 perciperet
2529 4852 2908 4920 quantitatem,
2937 4851 3035 4904 sub
3077 4849 3362 4903 venalitatc
3395 4849 3646 4903 distraxit

2069 4957 2249 4996 rerum
2277 4943 2516 4996 omnium
2545 4943 2913 5005 Conditorem,
2944 4949 3018 5006 et,
3049 4955 3146 5009 pro
3176 4941 3296 4994 vilis
3319 4956 3502 4994 arnore
3547 4957 3642 5009 pe-

2066 5031 2259 5092 cuniae,
2290 5039 2564 5084 auctorem
2603 5030 2820 5084 tradidit
2865 5030 3008 5082 vitte.
3054 5029 3207 5082 Sicut
3250 5028 3391 5083 enim
3423 5027 3641 5082 Balaam

2067 5120 2207 5175 filius
2236 5121 2373 5175 Bcor
2408 5120 2596 5188 (Num.
2628 5121 2787 5188 xxii),
2819 5123 2930 5190 qui,
2953 5122 3076 5174 dum
3125 5121 3192 5174 ad
3237 5122 3478 5190 pecuniae
3524 5137 3644 5191 qine

2064 5209 2389 5264 olferehatur
2424 5209 2596 5264 inhiat
2623 5221 2905 5278 quaestum,
2940 5210 3030 5264 Dei
3087 5211 3190 5263 fide
3219 5218 3546 5279 contempta,
3578 5213 3643 5264 de

2061 5299 2337 5355 lsraelltici
2375 5299 2554 5368 populi
2588 5299 2736 5352 dedit
2765 5299 2918 5352 ruina
2955 5299 3257 5352 consilium.
3301 5299 3453 5370 Hunc
3483 5300 3642 5368 plane

2063 5390 2281 5459 quidam
2314 5404 2417 5442 non
2451 5388 2858 5442 contemnendae
2887 5389 3228 5442 auctoritatis
3270 5387 3368 5442 viri
3420 5390 3666 5444 tradunt.

2062 5480 2198 5550 (vide
2224 5479 2418 5532 scholia
2440 5478 2508 5531 ad
2537 5477 2729 5530 calcem
2758 5479 3035 5549 opusculi),
3086 5479 3240 5534 Heliu
3284 5479 3448 5534 fuisse
3474 5480 3636 5534 Buzi-

2063 5581 2153 5624 ten
2181 5569 2247 5623 de
2273 5568 2525 5636 progenie
2555 5567 2763 5622 scilicet
2785 5567 2912 5630 an,
2948 5572 3035 5638 qui
3068 5572 3335 5624 secundus
3366 5571 3504 5623 ﬁlius
3539 5569 3663 5622 fuit-

2062 5659 2274 5718 Nachor
2302 5658 2489 5715 fratris
2526 5658 2816 5717 Abraham.
2855 5661 2955 5728 Qui
3007 5662 3253 5721 videlicet
3303 5661 3538 5720 lleliuin
3572 5661 3672 5715 li~
