4132 6324
476 276 486 288 ’
541 320 647 380 535

1005 320 1061 381 S.
1097 322 1300 381 PETRI
1338 323 1623 384 DAMIANI
1657 324 1809 385 OPP.
1844 322 2082 383 TOMUS
2117 325 2248 383 SEU
2279 324 2459 385 PARS
2482 325 2570 384 Ill.
2594 310 3046 387 :-0PUSCULA
3084 316 3319 385 VARIA'.

3676 330 3787 387 536

538 443 642 496 bro
667 437 728 492 Β.
751 436 852 495 Job
870 418 985 508 ejus
1007 439 1213 495 amicus
1233 439 1431 495 dicitur
1456 441 1732 496 exstitisse
1757 440 1879 512 (Job
1901 441 2072 511 um)
2098 457 2113 506 ;
2148 445 2192 502 Α
2221 453 2398 495 causae
2419 440 2712 509 negotium,
2728 440 2929 495 nullmn
2952 440 3230 510 pactisunt
3250 441 3587 498 commodum
3614 459 3630 507 ;
3650 452 3775 513 post

541 533 793 603 quoniam
824 531 1085 601 propheta
1118 530 1311 597 fuerat,
1341 540 1396 586 et
1440 532 1700 603 spiritalis
1742 532 1926 603 gratia:
1967 547 2118 588 reve-

537 622 735 676 latione
763 619 1029 689 pollebat;
1076 620 1171 674 sed
1210 620 1336 674 dum
1370 622 1612 675 avarititc
1652 621 1905 691 paulatim
1952 621 2119 676 decli-

536 718 722 765 nasset
766 710 819 763 in
861 710 1069 773 vitium,
1117 712 1184 765 de
1232 712 1492 780 propheta
1542 712 1720 766 factus
1766 709 1988 773 ariolus,
2047 712 2115 764 de

536 801 708 878 ariolo
733 815 1027 857 conversus
1055 802 1370 870 prohibetur
1420 804 1476 857 in
1520 818 1756 872 magum.
1804 803 1943 858 Ecce
1983 802 2114 870 quid

533 889 785 945 utilitatis
828 888 1067 945 conferat
1099 889 1262 962 546
1301 892 1561 957 avaritia;
1617 905 1736 962 qua:
1778 895 1905 945 dum
1951 891 2111 945 ﬁdem

534 982 848 1036 hominibus
877 982 1035 1049 tollit,
1067 986 1382 1053 prophetam
1406 984 1568 1037 vertit
1597 985 1650 1038 in
1682 999 1919 1054 magum,
1965 994 2018 1038 et
2045 999 2113 1038 ex

533 1070 814 1140 apostolici
844 1072 1093 1126 culuthis
1122 1075 1274 1141 apice
1303 1076 1494 1144 tuergit
1541 1076 1594 1128 in
1628 1085 1912 1129 tartarum.
1962 1074 2113 1129 Nun-

528 1160 656 1227 quid
687 1170 743 1215 et
764 1159 921 1217 Giez'r
946 1177 977 1215 a
1008 1162 1110 1216 fide
1144 1179 1250 1217 non
1274 1173 1572 1229 erraverat,
1613 1165 1726 1232 qui,
1755 1166 1880 1219 dum
1912 1181 2108 1236 argen-

530 1258 644 1303 tum
675 1249 915 1305 Naaman
940 1251 1252 1308 oﬂ‘ereatem
1287 1257 1617 1325 perciperet,
1649 1258 1850 1313 domini
1893 1258 1972 1311 sui
2001 1258 2112 1325 spi-

530 1342 693 1396 ritum
742 1343 1121 1413 suspicabatur
1175 1346 1498 1401 absentem?
1561 1347 1666 1403 Sed
1711 1349 1789 1402 ait
1853 1349 2104 1403 Eliseus:

532 1450 553 1484 σ
604 1433 794 1488 Nonne
863 1450 959 1490 cor
1014 1451 1190 1491 meum
1257 1437 1310 1491 in
1360 1440 1610 1506 praesenti
1674 1451 1833 1503 erat,
1892 1440 2110 1508 quando

531 1534 781 1579 reversus
847 1534 929 1578 est
983 1526 1146 1580 homo
1210 1528 1277 1581 de
1329 1543 1491 1583 curru
1541 1544 1641 1583 suo
1704 1530 1758 1583 in
1822 1544 2107 1585 occursum

528 1613 673 1667 tibi?
718 1632 736 1666 ι
770 1612 877 1684 (IV
906 1615 1031 1685 Reg.
1064 1619 1140 1684 γ.)
1183 1617 1284 1672 Ubi
1332 1628 1489 1674 caute
1527 1621 1978 1675 considerandum
2023 1630 2109 1675 est

525 1704 675 1773 quia,
724 1706 769 1759 si
821 1706 911 1761 iile
973 1707 1232 1763 multatus
1275 1720 1360 1764 est
1436 1710 1531 1778 qui
1585 1711 1817 1780 pretium
1868 1711 1987 1765 tttlit
2037 1711 2106 1766 de

2220 533 2433 586 modum
2456 546 2584 586 vero
2604 540 2858 600 tanquam
2880 548 2909 585 a
2930 532 3262 588 debitoribus
3279 533 3522 603 exigunt,
3538 544 3591 588 et
3611 544 3770 589 extor
3810 570 3820 580 .

2218 624 2445 692 quendis
2468 623 2989 677 remunerationibus
3027 622 3373 677 Vehementer
3409 623 3699 691 insistunt;
3737 625 3794 679 hi

2215 729 2274 769 se
2292 714 2438 768 Giezi
2465 730 2568 768 non
2590 714 2832 768 dubitent
2848 714 3049 768 crimen
3075 715 3347 768 incurrere
3374 714 3420 786 (ι
3441 713 3477 766 γ
3499 714 3622 785 Reg.
3647 718 3793 788 rttt),

2214 804 2330 872 qui,
2361 813 2645 870 postquam
2687 801 2926 857 Naaman
2958 813 3176 857 curatus
3222 813 3325 866 est,
3349 804 3581 873 jamque
3612 820 3796 859 rever-

2216 899 2353 955 lens,
2383 892 2448 946 de
2467 892 2608 947 dono
2636 892 2695 947 S.
2724 892 2956 962 Spiritus
2981 908 3145 947 ausus
3172 904 3255 948 est
3298 895 3575 962 pecuniam
3607 904 3792 964 postu-

2213 980 2345 1034 lare.
2380 981 2446 1035 Et
2469 982 2608 1037 sicut
2644 982 2734 1036 ille
2764 998 2870 1035 non
2916 983 3019 1036 alia
3071 998 3232 1051 quam
3278 984 3437 1052 lepra:
3484 984 3631 1054 plaga
3663 1001 3785 1052 per-

2212 1084 2400 1125 cussus
2427 1081 2532 1134 est,
2558 1087 2676 1140 quae
2706 1073 2952 1127 homines
2984 1074 3292 1127 removebat
3319 1090 3348 1127 a
3379 1074 3603 1144 0351ιῆεῇ
3627 1073 3790 1146 547

2211 1162 2289 1216 sic
2322 1162 2424 1216 iste
2453 1178 2558 1217 non
2590 1163 2714 1229 levi,
2748 1164 2840 1217 sed
2872 1164 3017 1231 illius
3058 1162 3176 1216 labe
3218 1163 3559 1232 perfunditur
3604 1165 3791 1219 crimi-

2210 1251 2299 1305 nis
2322 1251 2466 1319 quod
2495 1252 2563 1304 ab
2592 1252 2849 1306 Ecclesia:
2878 1262 3093 1321 separat
3119 1253 3491 1309 sacramentis.

2280 1340 2400 1393 Vidi
2430 1341 2779 1408 planerdutn
2829 1340 3149 1410 episc0palis
3190 1340 3357 1410 apicis
3397 1340 3577 1395 officio
3604 1339 3794 1411 funge-

2209 1441 2359 1486 retur
2389 1431 2526 1502 (22),
2572 1433 2857 1500 quemdam
2905 1432 2973 1487 de
3020 1431 3279 1486 fratribus
3323 1433 3543 1494 nostris,
3593 1447 3788 1486 nomen

2207 1523 2423 1591 quidem
2458 1525 2760 1594 supprime,
2796 1525 2982 1578 vitium
3016 1534 3164 1588 noto,
3195 1524 3283 1593 qui
3316 1524 3394 1579 sic
3444 1525 3788 1580 subsultabat

2206 1622 2371 1682 atque
2422 1613 2727 1682 gliscebat,
2775 1615 2899 1669 dum
2944 1612 3223 1683 prteﬁxum
3263 1614 3534 1684 synodalis
3576 1612 3791 1667 concilii

2208 1712 2419 1771 tempus
2453 1704 2760 1769 insisteret,
2807 1719 2872 1759 ac
2937 1704 2981 1758 si
3030 1704 3236 1758 triturre
3285 1704 3401 1758 sive
3449 1704 3791 1760 vindemialis

523 1795 723 1850 virtute
749 1797 1042 1866 prophetas,
1072 1813 1179 1867 quo
1210 1808 1368 1868 pacto
1396 1802 1519 1870 quis
1544 1801 1739 1856 audeat
1761 1802 1990 1857 vendere
2011 1801 2102 1870 ᾔει-
2135 1782 2179 1840 Β
2206 1802 2499 1861 proventus
2528 1793 2790 1848 articulus
2823 1792 3149 1848 immineret.
3181 1792 3508 1862 Accingebat
3541 1793 3683 1847 enim
3730 1806 3791 1848 se

522 1885 723 1941 dicium
752 1888 953 1957 papae?
988 1904 1006 1938 t
1040 1888 1331 1959 Accepisti,
1357 1891 1531 1960 inquit
1558 1890 1791 1957 Eliseus,
1821 1901 2104 1962 argentum

521 1983 578 2029 et
613 1988 807 2043 vestes,
838 1987 895 2032 ut
921 1991 1072 2033 emas
1096 1979 1291 2034 oliveta
1324 1990 1380 2035 et
1425 1982 1641 2046 vineas,
1674 1998 1804 2037 oves
1832 1993 1882 2037 et
1915 1985 2105 2047 boves,

521 2084 709 2124 servos
732 2080 788 2125 et
814 2072 1081 2138 ancillas;
1122 2074 1215 2128 sed
1247 2085 1299 2129 et
1333 2075 1475 2143 lepra
1517 2076 1752 2131 Naaman
1804 2078 2105 2133 adhaerebit

524 2158 617 2212 tibi
656 2170 710 2212 et
740 2163 933 2215 semini
972 2171 1063 2216 tuo
1094 2165 1144 2217 in
1177 2168 1564 2235 sempiternum
1592 2168 1805 2238 (lbid.).
1844 2188 1861 2221 ι

593 2251 708 2306 Duo
751 2253 909 2323 plane
956 2256 1269 2312 simoniaca:
1318 2259 1592 2317 bmreseos
1630 2265 1974 2332 reperiuntur
2007 2281 2103 2320 au-

521 2354 723 2408 ctores,
751 2348 971 2402 unus-in
1006 2347 1185 2404 Veteri
1219 2349 1589 2416 Testamento,
1647 2356 1783 2410 alter
1827 2358 1880 2410 in
1912 2357 2097 2424 Novo;

521 2446 645 2501 qua-
683 2436 846 2489 etiam
879 2437 985 2490 duo
1020 2438 1439 2495 simoniacornm
1490 2459 1685 2512 genera
1735 2443 2099 2514 perfecerunt.

518 2526 866 2582 vendentium
914 2529 1142 2594 scilicet,
1184 2542 1239 2587 et
1281 2536 1597 2589 ementium.
1646 2535 1794 2591 Giezi
1834 2539 2098 2606 siquidem

519 2618 721 2669 donum
751 2619 923 2673 sancti
964 2618 1197 2689 Spiritus
1226 2624 1467 2677 vendidit
1494 2623 1600 2694 (IV
1642 2624 1770 2697 Reg.
1798 2630 1874 2696 v),
1908 2628 2096 2685 Simon

516 2704 705 2777 Magos
755 2723 1069 2780 comparare
1108 2714 1333 2769 tentavit
1363 2715 1502 2785 (Act.
1543 2718 1682 2788 vui).
1717 2719 1826 2774 Nec
1870 2719 1958 2775 ille
2004 2736 2095 2775 so-

516 2792 795 2851 lummodo
822 2800 1081 2856 dicendus
1106 2809 1190 2857 est
1240 2804 1591 2871 simoniacus,
1620 2809 1710 2876 qui
1743 2811 1836 2863 dat
1887 2811 1970 2867 vel
2009 2825 2097 2865 ac-

518 2885 649 2953 cipit
672 2887 740 2944 de
776 2891 952 2970 sacris
977 2893 1256 2949 ordinibus
1284 2898 1515 2965 pretium
1545 2916 1560 2964 ;
1588 2904 1682 2956 sed
1710 2910 1762 2956 et
1792 2904 1883 2972 qui
1913 2905 2095 2959 vendit

517 2979 802 3045 synodum,
831 2981 920 3049 qui
968 2983 1220 3038 distrahit
1274 2989 1610 3045 sacerdotale
1650 2992 1935 3061 judicium.
1986 2993 2093 3049 Sed

515 3064 748 3121 fortasse
774 3069 971 3137 aliquis
1010 3072 1195 3126 dicat:
1231 3074 1296 3128 Et
1327 3075 1413 3130 ille
1448 3092 1577 3147 ergo
1607 3081 1697 3148 qui
1724 3096 1819 3147 pro
1849 3084 2091 3153 synodali

517 3160 780 3213 sententia
808 3162 1099 3232 quidquam
1132 3165 1338 3232 tribuit,
1370 3168 1725 3225 simoniacqu
1773 3174 1978 3227 crimen
2016 3174 2096 3228 in-

515 3251 727 3304 currit?
760 3250 874 3306 Non
908 3254 1011 3308 hoc
1045 3254 1317 3322 dixerim;
1365 3259 1488 3327 quia
1530 3276 1703 3329 neque
1733 3260 1969 3317 Naaman
2001 3264 2098 3317 de-

514 3336 696 3409 liquit,
727 3344 852 3397 dnm
898 3346 1243 3404 fraudulento
1290 3365 1447 3406 servo
1492 3368 1591 3422 pro
1633 3355 1967 3409 mundatoris
2014 3356 2097 3410 sui

514 3435 819 3488 reverentia
851 3451 1044 3490 munus
1078 3440 1288 3493 obtulit.
1318 3442 1475 3495 Aliud
1504 3444 1700 3513 quippe
1739 3453 1841 3506 est.
1868 3447 2099 3515 quamli-

516 3521 611 3575 bet
638 3536 813 3577 causae
836 3540 947 3580 suae
968 3526 1277 3583 desiderare
1294 3530 1583 3597 justitiam,
1600 3536 1741 3589 aliud
1753 3538 2092 3601 canonicam,

518 3629 639 3681 qute
668 3631 764 3683 per
800 3616 1057 3684 Spiritum
1107 3632 1353 3676 sanctum
1385 3627 1674 3681 constituta
1718 3637 1821 3688 est.
1854 3626 2093 3682 venalem

516 3701 718 3757 habere
738 3720 1040 3762 censuram.
1067 3711 1132 3764 Et
1149 3728 1253 3780 qua
1275 3717 1601 3770 conscientia
1622 3718 1689 3772 de
1710 3718 2097 3789 promnlgaudo

510 3793 785 3862 judicialis
810 3803 1091 3857 sententia:
1119 3806 1327 3861 calculo
1358 3810 1588 3877 pretium
1630 3812 1895 3866 sumimus
1921 3828 1933 3875 ;
1972 3830 2094 3868 cum

492 3887 633 3951 'iile,
661 3891 745 3945 cui
775 3895 1130 3961 patrocinium
1177 3901 1366 3956 venale
1418 3905 1740 3971 praebemus,
1794 3916 1887 3961 aut
1928 3907 2091 3976 juste.

516 3988 606 4033 aut
645 3985 936 4039 contendat
962 3985 1200 4055 injuste?
1231 3992 1382 4059 Quod
1413 3995 1458 4047 si
1484 3994 1629 4063 jnste
1657 3997 1850 4069 litigat,
1897 4003 2095 4055 verita—

511 4070 626 4122 ‘tem
654 4074 839 4139 procul
864 4075 1027 4129 dubio
1055 4080 1369 4147 vendimus;
1400 4082 1445 4137 si
1484 4099 1611 4139 vero
1641 4085 1860 4153 injuste,
1906 4101 2092 4145 contra

509 4160 820 4225 veritatem,
853 4178 972 4234 quae
995 4165 1247 4224 Christus
1268 4182 1371 4236 est,
1397 4174 1723 4244 impudentis
1750 4178 1990 4233 audacia:
2016 4191 2093 4235 te—

512 4253 765 4309 meritale
786 4270 1103 4326 pugnamus.
1129 4260 1266 4316 Hine
1288 4269 1523 4334 estquod
1543 4268 1593 4321 in
1612 4267 1728 4339 lege
1750 4270 2087 4339 praecipitur:

506 4354 537 4391 ἰ
568 4341 719 4400 Juste
754 4350 894 4415 quod
935 4348 1135 4417 justum
1180 4363 1285 4417 est,
1332 4361 1643 4427 exsequeris
1673 4360 1850 4430 (Deut.
1886 4363 2018 4431 xvt).
2066 4382 2084 4414 ι

508 4432 708 4499 injuste
742 4439 939 4509 quippe
985 4444 1129 4510 quod
1189 4443 1394 4511 justum
1453 4460 1535 4503 est
1584 4454 1901 4523 exsequitur
1940 4458 2087 4523 quis-
2117 4468 2164 4526 υ

511 4527 632 4593 quis
650 4528 714 4580 ad
737 4530 1106 4587 defensionem
1125 4534 1350 4602 justitite
1372 4556 1474 4593 non
1493 4543 1708 4598 virtutis
1721 4545 2083 4612 aemulatione,

510 4616 605 4672 sed
631 4633 814 4674 amore
841 4626 1045 4690 pra-inii
1075 4629 1387 4695 temporalis
1413 4632 1701 4690 excitatur.
1724 4635 1855 4689 Nam
1886 4636 2085 4706 injuste

508 4710 651 4777 quod
685 4708 888 4779 justum
934 4723 1017 4769 est
1044 4720 1267 4787 exsequi
1292 4719 1417 4788 jure
1449 4722 1647 4777 dicitur
1676 4726 1766 4794 qui
1790 4725 2080 4796 [justitiam

508 4818 669 4871 quam
715 4806 1035 4874 praetendit,
1083 4814 1394 4866 venundare
1437 4826 1542 4867 non
1599 4825 1836 4870 veretur.
1877 4818 1947 4873 At
1995 4820 2083 4875 ille

507 4895 649 4962 quod
674 4893 879 4964 justum
930 4908 1012 4952 est
1033 4887 1177 4970 juste
1207 4902 1467 4969 probatur
1491 4906 1732 4973 exsequi,
1776 4908 1866 4977 qui
1901 4909 1952 4963 in
1995 4925 2081 4964 as-

504 4980 749 5039 Sertione
780 4986 1004 5054 justitias
1046 4991 1119 5044 nil
1166 4992 1312 5047 aliud
1362 5003 1558 5062 praeter
1606 4996 1772 5051 solam
1818 4999 2084 5069 justitiam

504 5076 720 5143 quaerit.

1124 5170 1352 5228 CAPUT
1408 5174 1472 5229 ν.

512 5283 665 5350 Quod
696 5286 971 5372 simoniaqi
996 5303 1113 5347 sunt
1140 5310 1244 5372 non
1289 5295 1456 5351 solum
1492 5300 1582 5369 qui
1605 5302 1962 5372 paciscuntur,
1990 5305 2081 5356 sed

684 5364 839 5410 etiam
862 5364 950 5429 qui
968 5364 1237 5430 pecuniam
1263 5381 1363 5417 non
1384 5364 1588 5435 pactum
1605 5364 1896 5437 postulant.

579 5464 645 5519 Et
694 5469 817 5535 quia
854 5481 978 5525 sunt
1017 5477 1258 5531 nonnulli
1300 5482 1389 5548 qui
1438 5481 1520 5537 vel
1556 5492 1845 5552 antequam
1895 5501 2080 5543 conse-

509 5556 767 5613 crationis
808 5562 1093 5617 exhibeant
1138 5568 1516 5636 ministerium,
1560 5574 1643 5627 vel
1684 5584 1810 5630 ante
1837 5576 2075 5632 decisum

2204 1886 2519 1941 muneribus
2545 1885 2886 1956 colligendis,
2915 1885 2982 1938 ad
3013 1898 3149 1953 quos
3193 1885 3381 1953 utique
3423 1884 3790 1954 prtecidendos

2204 1990 2309 2029 non
2341 1975 2512 2029 aciem
2544 1974 2699 2037 ferri,
2732 1974 2825 2029 sed
2874 1972 3066 2027 falcem
3100 1974 3396 2027 exacnebat
3433 1971 3651 2041 eloquii,
3692 1971 3787 2041 qui

2202 2064 2364 2119 etiam
2399 2063 2558 2131 hujus
2584 2061 2791 2118 fraudis
2816 2062 3016 2117 habere
3042 2062 3243 2130 pseudo
3267 2062 3554 2137 dicebatur.
3571 2071 3791 2130 aposto-

2202 2154 2302 2220 los,
2345 2154 2436 2224 qui
2482 2154 2739 2236 nimirum
2782 2153 3042 2222 pecunias
3083 2152 3209 2207 hinc
3240 2152 3363 2205 inde
3410 2152 3789 2217 corradercnt,

2202 2260 2404 2312 easque
2453 2243 2742 2312 marsupiis
2777 2243 2888 2313 jam
2921 2240 3292 2297 evomentibus
3340 2240 3676 2294 infarcirent.
3722 2238 3782 2294 Si

2200 2338 2323 2405 quis
2353 2345 2536 2388 autem
2567 2334 2703 2387 mihi
2728 2332 2866 2387 forte
2892 2343 3229 2397 succenseat,
3252 2331 3393 2401 quod
3422 2330 3785 2385 consacerdo-

2203 2436 2310 2483 tem
2344 2442 2523 2480 meum
2552 2436 2658 2479 tam
2706 2413 3033 2479 mordaciter
3069 2423 3479 2493 reprehendam,
3523 2421 3784 2476 Joannem

2198 2518 2456 2586 corripiat
2499 2526 2554 2571 et
2593 2516 2901 2570 Mattlueum
2946 2513 3140 2584 (Joan.
3185 2530 3286 2577 xtl,
3333 2529 3453 2578 xm,
3500 2529 3561 2577 tt,
3606 2528 3782 2578 xvttt;

2198 2610 2388 2665 Manli.
2421 2612 2592 2679 xxvi),
2633 2609 2723 2678 qui
2755 2609 2879 2661 dum
2916 2622 3083 2662 sacra:
3112 2616 3510 2677 prosequuntur
3546 2607 3785 2660 historize

2197 2700 2507 2763 veritatem,
2530 2697 2895 2769 eoapostolnm
2926 2714 3081 2753 suum
3108 2699 3351 2767 pecuniis
3378 2698 3672 2753 inhiantem
3696 2714 3789 2752 sa-

2197 2790 2454 2859 crilegum
2479 2790 2759 2858 perhibent
2795 2788 3128 2841 traditoretn.
3156 2788 3446 2856 Sperantes
3477 2798 3653 2842 autem
3683 2787 3785 2841 ltu-

2187 2879 2423 2947 jusmodi
2460 2887 2699 2949 qua-stus
2721 2878 2890 2933 hostis
2912 2879 3165 2946 antiQuus
3199 2894 3340 2947 saepe
3372 2877 3595 2938 deludit,
3621 2887 3679 2930 ut
3701 2877 3782 2930 eis

2196 2974 2501 3029 nullatenus
2544 2973 2761 3042 impleat
2818 2972 2961 3041 quod
3008 2973 3273 3043 promisit.
3322 2972 3468 3027 Sicut
3515 2972 3657 3026 enim
3687 2988 3784 3026 au—

2146 3130 2166 3152 ‘
2199 3079 2361 3134 eupcs
2413 3065 2728 3133 accipitrem
2786 3063 2854 3116 ad
2895 3077 3074 3117 escam
3116 3062 3296 3117 carnis
3336 3062 3615 3117 blandiens
3658 3077 3781 3131 pro-

2200 3164 2381 3222 vocat,
2408 3155 2501 3209 sed
2523 3169 2647 3209 mox
2674 3161 2733 3207 ut
2756 3168 2917 3205 manu
2952 3152 3205 3219 tenuerit,
3243 3167 3460 3231 carnem
3492 3150 3780 3216 subtrahit,

2200 3246 2316 3301 loro
2346 3246 2508 3315 pedes
2532 3244 2780 3315 astringit
2805 3261 2820 3311 ;
2848 3246 2918 3299 ita
2948 3244 3190 3300 diabolus
3216 3245 3391 3315 primo
3421 3245 3639 3314 quidem
3666 3243 3780 3314 pol-

2200 3337 2391 3392 licetur
2414 3336 2646 3401 lucrum,
2676 3336 2817 3405 quod
2856 3336 3196 3405 postmodum
3245 3335 3605 3399 subtrahens,
3649 3347 3777 3404 pec-

2197 3427 2303 3480 cati
2330 3428 2590 3482 duntaxat
2614 3427 2784 3498 injicit
2821 3427 3093 3497 laqueum.
3122 3426 3234 3483 lloc
3263 3426 3447 3497 itaque
3483 3427 3642 3481 modo
3681 3425 3773 3495 qui

2200 3519 2512 3574 muneribus
2542 3518 2737 3585 inhiat,
2771 3527 3025 3588 tanquam
3054 3533 3192 3581 mus.
3237 3518 3364 3572 dum
3391 3532 3570 3572 escam
3594 3531 3776 3572 corro-

2198 3612 2327 3664 dere
2380 3610 2592 3673 nititur,
2642 3610 2906 3663 tendicula
2959 3609 3271 3679 suffocatur.
3321 3607 3473 3673 Quod
3519 3608 3772 3662 nimirum

2196 3698 2409 3767 egregie
2437 3698 2689 3764 prmcavit
2735 3698 2957 3765 insignis
2992 3697 3078 3750 ille
3122 3696 3422 3760 Fabricius,
3464 3712 3621 3766 quem
3652 3696 3777 3749 dunt

2198 3785 2434 3855 Pyrrhus
2458 3786 2795 3855 Epirotarum
2822 3802 2935 3849 rex,
2958 3786 3510 3856 adversusimperium
3526 3784 3777 3839 Romana:

2201 3873 2502 3942 reipublicat
2548 3875 2845 3938 dimicans,
2895 3887 3015 3928 esse
3062 3889 3351 3943 pauperem
3401 3873 3772 3941 comperisset,

2196 3962 2485 4016 sollicitare
2511 3962 2694 4030 capit,
2727 3974 3082 4033 quartumque
3119 3964 3266 4032 regni
3301 3963 3381 4016 sui
3412 3972 3618 4032 partem
3648 3961 3771 4023 sibi,

2196 4052 2240 4105 si
2266 4052 2331 4105 ad
2356 4066 2413 4106 se
2461 4052 2836 4122 transfugeret,
2874 4053 3263 4122 eompromisit.
3309 4052 3460 4118 Quod
3492 4050 3581 4105 ille
3625 4049 3772 4104 dedi-

2193 4151 2389 4210 gnatus
2425 4142 2726 4207 abborruit,
2770 4150 2841 4205 et,
2877 4142 3070 4211 quovis
3091 4141 3375 4210 gloriosior
3407 4155 3549 4210 rege,
3592 4139 3645 4194 in
3675 4154 3771 4193 sua

2194 4241 2511 4304 paupertate
2556 4233 2870 4302 permansit.
2906 4234 3019 4288 lloc
3064 4234 3246 4303 itaque
3292 4232 3649 4290 Christianus,
3681 4230 3771 4298 qui

2193 4338 2391 4377 avarus
2416 4330 2519 4385 est,
2546 4322 2748 4385 audiat,
2778 4323 2963 4391 sicque
2985 4322 3336 4393 gentilitatem
3381 4336 3532 4374 suam
3562 4329 3617 4374 et
3644 4334 3771 4388 gen-

2196 4412 2303 4465 tilis
2332 4413 2565 4468 hominis
2590 4413 2935 4483 Evangeliutn
2966 4413 3265 4466 erubescat.
3294 4413 3354 4466 Et
3382 4426 3521 4480 smpe
3548 4412 3646 4466 sub
3671 4411 3773 4463 hac

2191 4501 2486 4555 intentione
2510 4518 2705 4556 munus
2730 4502 3011 4569 accipitur,
3043 4512 3117 4561 ut,
3146 4501 3188 4555 si
3221 4500 3502 4554 muniﬁcus
3529 4500 3767 4569 reperia-

2191 4599 2279 4645 tur
2307 4607 2426 4646 esse
2452 4590 2759 4662 culpabilis,
2807 4591 3083 4659 aufugiam
3106 4590 3329 4658 iustitia:
3358 4605 3461 4642 non
3509 4588 3766 4641 lucretur.

2187 4681 2338 4749 Quod
2369 4682 2523 4737 facile
2554 4683 2768 4754 quidem
2819 4684 3079 4754 promitti,
3113 4684 3205 4737 sed
3236 4681 3455 4735 difficile
3504 4680 3643 4733 valet
3673 4683 3771 4735 im-

2186 4772 2340 4841 pleri.
2365 4772 2615 4840 Acceptis
2642 4773 2839 4841 quippe
2868 4772 3204 4833 numeribus,
3229 4772 3273 4824 si
3303 4779 3492 4824 contra
3518 4769 3763 4823 datorem

2185 4864 2311 4932 quid
2337 4880 2496 4933 agere
2527 4864 2792 4929 volumus,
2821 4879 2943 4918 mox
2989 4865 3042 4918 in
3077 4878 3172 4916 ore
3203 4869 3390 4916 nostro
3431 4862 3589 4915 verba
3639 4860 3767 4915 mol-

2191 4954 2421 5016 le'scunt,
2450 4954 2738 5007 locutionis
2759 4969 2984 5007 acumen
3026 4950 3357 5012 obtunditur,
3409 4950 3591 5020 lingua
3638 4964 3767 5019 qna-

2188 5042 2312 5096 dam
2338 5042 2559 5111 pudoris
2585 5044 2954 5099 erubescentia
2989 5041 3328 5113 pra‘peditttr.
3384 5038 3529 5091 Mens
3570 5038 3768 5121 quippe

2187 5134 2425 5203 percepti
2459 5134 2698 5188 muneris
2726 5136 2964 5198 conscia,
2994 5133 3236 5188 debilitat
3274 5127 3544 5199 judicialis
3570 5142 3767 5185 censu-

2190 5236 2263 5276 ra:
2305 5222 2569 5292 vigorem,
2607 5223 2853 5293 reprimit
2894 5224 3211 5293 eloquentiae
3256 5223 3581 5278 libertatem.
3630 5219 3764 5275 Nam

2188 5320 2242 5365 et
2267 5312 2309 5366 si
2332 5310 2521 5380 judicii
2552 5312 2815 5367 reetitudo
2860 5312 3099 5368 funditus
3144 5329 3247 5368 non
3303 5312 3580 5376 adimitur,
3620 5310 3765 5378 judi-

2188 5399 2342 5454 candi
2402 5409 2580 5455 tamen
2632 5402 2931 5457 auctoritas
2981 5413 3291 5456 enervatur.
3336 5401 3585 5457 Nonnulli
3634 5415 3764 5454 vero

2188 5492 2327 5546 hanc
2357 5494 2499 5548 circa
2532 5509 2591 5548 se
2622 5492 2961 5562 reperiuntur
2986 5493 3185 5547 habere
3218 5492 3536 5562 custodiam,
3580 5500 3637 5545 ut
3672 5490 3762 5559 ju-

2186 5580 2395 5637 dicialis
2419 5582 2594 5637 adhuc
2617 5597 2792 5637 causa:
2828 5582 3096 5650 pendente
3130 5584 3344 5654 negotio
3372 5582 3445 5638 nil
3484 5581 3647 5640 etiam
3692 5580 3764 5634 ab

580 5695 691 5765 (ἓξ)
722 5695 873 5762 Quod
904 5712 1009 5753 non
1043 5716 1164 5755 vere
1199 5713 1421 5759 sanctus
1445 5705 1635 5761 doctor
1657 5708 1966 5777 episcopatu
1991 5702 2053 5766 se.
2079 5711 2359 5780 abdicavit,
2389 5714 2513 5770 hcet
2540 5714 2790 5780 voluerit,
2821 5714 2948 5771 alibi
2977 5716 3240 5773 dicemus.
