4132 6324
323 341 424 396 537

1229 334 1471 391 OPUSC.
1510 331 1685 389 XXXI
1709 363 1783 376 -—-
1819 331 2096 390 CONTRA
2135 327 2680 392 PHILARGYRIAM.

3471 336 3576 394 558

324 455 587 512 ollerente
612 453 944 523 suscipiant;
974 450 1162 522 sopitis
1181 465 1309 506 vero
1335 449 1538 512 litibus,
1562 448 1729 521 gratis
1754 447 1905 503 obla-
1933 451 1980 510 Α
2009 446 2304 501 famulatur
2324 447 2613 512 illecebris,
2646 449 2770 504 dum
2794 465 2900 505 non
2925 452 2993 506 ad
3018 461 3314 523 aspectum,
3337 455 3428 510 sed
3459 464 3581 524 post

326 555 382 604 ta
406 562 512 600 non
538 552 811 613 spernant.
839 543 965 607 Sed,
983 543 1378 612 etnergentibus
1400 541 1598 604 causis,
1622 555 1762 608 saepe
1777 554 1902 593 con-

327 637 451 706 tigit
472 645 550 699 ut,
587 635 729 702 quod
765 649 824 687 se
848 641 1169 702 putaverant
1193 633 1359 702 gratis
1385 631 1678 700 accepisse,
1709 630 1760 682 in
1787 629 1904 682 aliis

326 737 590 798 cogantur
615 726 845 795 negotiis
873 739 1263 793 compensare;
1293 722 1544 791 ﬂuviique
1585 720 1902 790 periculum,

237 838 242 872 ;
326 821 470 890 quod
501 835 559 875 se
604 825 954 889 speraverant
1003 816 1282 885 reliquisse
1317 822 1435 883 post
1465 822 1697 882 tergum,
1730 812 1907 880 inspe-

269 905 274 910 ’
326 918 446 964 rate
484 923 666 962 coram
703 923 761 960 se
805 906 1082 975 reperiunt
1119 904 1461 957 enatandum.
1507 901 1618 955 Hoc
1658 908 1738 954 est
1777 913 1906 968 ergo

327 1008 502 1053 ttttum
528 1007 583 1053 et
611 1000 900 1068 integrum,
933 1004 1010 1059 ut,
1030 994 1182 1062 juxta
1213 994 1523 1062 prophetam
1557 1007 1570 1044 :
1601 1009 1618 1040 ι
1657 991 1907 1044 Excutia-

326 1105 449 1146 mus
487 1104 677 1144 manus
703 1098 914 1142 nostras
942 1087 1009 1140 ab
1053 1086 1196 1139 omni
1244 1099 1501 1143 munere;
1539 1101 1557 1136 ι
1584 1092 1638 1136 et
1679 1081 1904 1136 nocendi

327 1181 684 1251 sivejuvandi
728 1194 1004 1234 servemus
1053 1178 1207 1230 nobis
1251 1177 1532 1245 ingenuam
1580 1173 1902 1236 libertatem,

327 1283 388 1328 ut
424 1290 530 1327 non
582 1271 849 1341 Iitigemus
899 1269 1000 1323 sub
1047 1271 1308 1324 servitute
1347 1269 1608 1337 pecuniae.
1663 1267 1754 1320 sed
1792 1279 1906 1319 scr-

324 1363 538 1416 viamns
585 1361 636 1414 in
683 1361 927 1414 libertate
969 1358 1212 1426 justitim.
1265 1358 1320 1413 Si
1369 1357 1491 1426 quis
1535 1355 1674 1410 forte
1724 1355 1908 1408 dome-

325 1453 475 1505 sticae
547 1449 816 1503 facultatis
897 1457 1256 1518 conqueratur
1331 1449 1650 1518 angustias,
1722 1446 1904 1500 audiat

324 1541 491 1613 548
532 1547 736 1594 attente
789 1539 931 1608 quod
971 1539 1230 1608 scriptum
1278 1549 1362 1593 εει
1399 1555 1412 1590 :
1469 1555 1487 1587 ι
1524 1536 1749 1605 Propter
1787 1537 1904 1589 ino-

324 1633 473 1702 piam
498 1630 650 1683 multi
692 1629 1054 1698 deliquerunt,
1079 1637 1134 1683 et
1182 1628 1273 1696 qui
1319 1627 1515 1696 quaerit
1566 1624 1899 1694 locupletari,

321 1721 522 1776 avertit
557 1719 770 1773 oculum
800 1735 954 1773 suum
985 1719 1172 1790 (Eccli.
1196 1721 1388 1784 xxvn).
1419 1738 1438 1770 ι
1463 1716 1519 1772 Si
1542 1731 1668 1788 ergo
1703 1717 1775 1770 illi
1801 1718 1900 1771 de-

2007 548 2214 609 tergum
2240 541 2323 593 sui
2353 541 2672 608 appenditur
2695 545 3041 610 possessoris.
3076 545 3170 599 Cui
3211 562 3315 600 non
3345 547 3580 603 dissimi-

2006 629 2072 682 lis
2099 637 2152 681 et
2182 628 2270 681 illa
2295 630 2533 682 creditur
2565 643 2682 683 esse
2713 631 2977 684 dementia
2997 673 3011 696 ,
3037 633 3162 687 dum
3196 633 3424 689 lectulus
3466 644 3575 690 tam

2006 721 2246 788 operosis
2304 721 2621 774 decussatur
2675 721 3002 790 impendiis,
3075 733 3134 777 ut
3197 733 3574 781 ornamentum

2005 813 2334 865 sacrosancti
2389 811 2713 878 cujuslibet,
2745 813 2825 866 vel
2867 815 3030 868 etiam
3077 816 3242 884 ipsius
3297 819 3614 888 apostolici-

2004 902 2276 970 prmcellat
2332 903 2540 957 altaris.
2582 904 2649 958 Et
2699 920 2857 974 quam
2911 907 3122 962 videtur
3176 911 3462 966 absurdum
3517 922 3578 966 ut

2005 999 2207 1044 stratus
2231 991 2318 1044 ille
2343 991 2649 1062 diligentius
2702 994 3019 1061 excolatur,
3069 997 3158 1051 ubi
3203 1001 3577 1069 corruptibilis

2006 1093 2132 1132 caro
2181 1084 2390 1148 soporis
2440 1082 2622 1150 quiete
2670 1083 2978 1150 resolvitur,
3007 1097 3176 1154 quam‘
3209 1104 3301 1142 ara
3360 1091 3575 1156 crucis,

2005 1169 2058 1222 in
2111 1185 2213 1238 qua
2276 1171 2524 1226 videlicet
2569 1173 2744 1227 hostia
2791 1175 3052 1231 Dominici
3098 1181 3340 1248 corporis
3388 1182 3578 1235 immo-

2005 1258 2178 1313 latur.
2233 1261 2345 1315 lloe
2369 1277 2498 1331 ergo
2525 1263 2684 1317 modo
2712 1279 2832 1318 cum
2885 1266 3165 1322 sobrietas
3209 1269 3377 1323 soleat
3411 1272 3579 1325 ‘com-

2004 1353 2262 1405 mentiare
2306 1353 2593 1421 pontiﬁces
2617 1394 2631 1419 ,
2686 1353 2872 1409 emisis
2895 1372 3036 1412 nunc
3067 1358 3258 1427 Opibus
3282 1359 3406 1414 facti
3452 1369 3579 1415 sunt

2010 1443 2310 1498 helluones.
2348 1444 2566 1514 Regalis
2593 1446 2805 1515 gitaque
2829 1463 3065 1516 purpura
3093 1450 3109 1517 (
3126 1450 3238 1502 ride
3264 1450 3462 1504 scholia
3509 1452 3578 1505 ad

2003 1537 2193 1590 calcem
2275 1537 2510 1604 apusculi
2539 1536 2600 1607 ),
2674 1538 2800 1606 quia
2853 1539 3098 1592 unicolor
3155 1549 3239 1592 est
3289 1541 3574 1610 vilipendi-

2003 1625 2184 1685 ditur,
2245 1623 2408 1695 5&9
2477 1625 2637 1694 pallia
2702 1640 2833 1680 vero
2897 1626 3126 1680 diversis
3158 1625 3336 1680 fucata
3389 1628 3580 1682 nitori-

2002 1714 2105 1767 bus
2134 1713 2204 1767 ad
2229 1715 2476 1768 sublimis
2506 1713 2687 1768 lectuli
2714 1715 3041 1784 deputantur
3067 1726 3336 1772 ornatum.
3360 1716 3426 1771 Et
3452 1732 3577 1772 cum

319 1809 570 1877 linquunt
598 1809 687 1877 qui
745 1808 825 1861 rei
880 1806 1164 1862 familiaris
1193 1807 1424 1876 inopiam
1470 1807 1769 1874 perferunt,
1803 1805 1892 1873 qui
1925 1797 1970 1855 Β
1997 1805 2278 1860 domestici
2303 1805 2534 1860 murices
2555 1807 2764 1861 nostris
2783 1808 3090 1877 aspectibus
3112 1807 3381 1865 sortieant.
3405 1816 3579 1865 trans-

317 1912 386 1952 ea
397 1912 644 1982 .quoque
696 1912 816 1966 qua
885 1897 1052 1951 victui
1118 1904 1243 1950 sunt
1302 1895 1626 1958 necessaria,
1681 1893 1897 1948 sibimet-

317 1985 508 2042 deesse
537 1988 901 2058 conspiciunt;
930 1989 1006 2052 si,
1031 1987 1271 2057 inquam,
1304 1995 1358 2040 et
1381 1987 1467 2040 isti
1497 1993 1744 2055 peccant,
1767 1985 1894 2038 dum

315 2079 666 2147 nequit-endis
716 2079 875 2133 rebus
936 2093 1042 2133 non
1091 2077 1373 2148 superfluis
1432 2077 1526 2131 sed
1576 2075 1897 2130 necessariis

315 2177 577 2229 astuant;
602 2167 744 2237 quod
776 2167 1164 2236 illisjudicium
1191 2167 1282 2236 qui
1333 2166 1398 2219 ad
1435 2167 1536 2220 hoc
1587 2165 1749 2218 ditari
1779 2179 1894 2218 mo-

315 2255 520 2310 liuntur
546 2255 962 2310 uteﬂluantiut
1007 2258 1248 2311 diversas
1299 2255 1638 2310 metallorum
1688 2254 1894 2321 species

313 2353 374 2401 et
395 2347 628 2400 obnoxia
656 2347 815 2400 tineis
842 2347 1160 2400 vestimenta
1188 2346 1528 2401 recondam?
1557 2343 1762 2411 Quibus
1789 2354 1895 2397 ter-

311 2434 548 2490 ribiliter
586 2437 836 2490 intonans
887 2435 1120 2491 Iacobus
1168 2439 1530 2492 comminatur
1573 2435 1890 2506 apostolus:

316 2541 342 2578 ε
375 2524 555 2594 Agite,
580 2527 771 2595 inquit,
796 2542 937 2580 nunc
965 2527 1184 2590 divites,
1214 2535 1268 2581 et
1298 2525 1504 2596 plorate
1533 2527 1808 2580 ululantes
1838 2526 1892 2578 in

311 2619 554 2674 miseriis
600 2635 718 2690 qua:
767 2620 1055 2675 advenient
1103 2621 1255 2674 vobis
1306 2619 1453 2688 (Jac.
1506 2619 1584 2690 v).
1623 2639 1642 2670 ι
1689 2619 1894 2685 Quibus

312 2709 633 2778 pra-missis,
668 2717 722 2785 et
750 2724 969 2764 causam
1009 2716 1206 2779 praesto
1257 2709 1530 2778 subiungit
1555 2728 1568 2762 :
1597 2713 1643 2777 ζ(
1683 2708 1896 2764 Divitias

311 2811 506 2853 vesmn
534 2800 849 2870 putrefacta:
888 2810 1034 2864 sunt,
1065 2801 1383 2855 vestimenta
1415 2808 1594 2854 vestra
1651 2815 1678 2853 a
1732 2800 1894 2854 tineis

309 2897 548 2942 comesta
575 2898 730 2954 sunt,
753 2905 943 2943 aurum
997 2900 1053 2944 et
1081 2897 1362 2960 argentum
1404 2896 1643 2944 vestrum
1699 2889 1894 2959 aerugi-

309 2978 479 3037 navit,
505 2987 553 3032 et
579 2994 758 3049 a-rugo
782 2993 964 3033 eorum
1009 2979 1061 3032 in
1093 2978 1460 3034 testimonium
1489 2978 1642 3031 vobis
1664 2977 1770 3030 crit
1792 3015 1808 3041 ,
1837 2987 1892 3030 et

309 3067 655 3122 manducabit
679 3084 872 3123 carnes
888 3078 1098 3124 vestras
1121 3069 1261 3123 sicut
1282 3069 1456 3138 ignis;
1483 3067 1891 3122 thesaurizastis

308 3159 452 3212 enim
486 3159 634 3213 vobis
665 3159 800 3213 iram
831 3159 884 3213 in
913 3161 1220 3214 novissimis
1251 3160 1438 3214 diebus
1470 3155 1674 3228 (llud).
1718 3177 1736 3208 ι

919 3269 1146 3325 CAPUT
1172 3269 1259 3324 Vl.

311 3357 466 3426 Quod
495 3361 691 3414 divitia:
719 3378 822 3416 non
881 3372 1192 3484 appeitrlmlur
1247 3362 1316 3415 ad
1386 3363 1743 3432 indigentiam,
1794 3366 1892 3417 sed

957 3449 987 3483 a
1068 3449 1249 3484 uxum.

957 3449 1023 3484 aa
1047 3449 1249 3486 luxum.

377 3520 547 3574 Porro
578 3530 756 3574 autem
777 3523 867 3591 qui
893 3522 1154 3592 ejusmodi
1182 3530 1326 3587 sunt,
1359 3538 1466 3577 non
1496 3523 1562 3577 ad
1610 3524 1716 3578 hoc
1755 3540 1884 3579 con—

307 3625 609 3683 queruntur
660 3615 891 3684 inopiam
923 3626 983 3669 ut
1027 3616 1376 3682 indigentiam
1405 3625 1609 3670 natura:
1648 3618 1886 3672 necessi-

309 3715 480 3759 tatum
511 3707 894 3762 sustentaculis
923 3705 1147 3761 fulciant
1172 3724 1185 3771 ;
1213 3707 1305 3762 sed
1330 3715 1382 3761 ut
1419 3708 1626 3762 turrita:
1657 3708 1883 3776 dapibus

310 3797 490 3852 lances
515 3799 690 3852 Indica
720 3800 989 3868 pigmenta
1023 3799 1321 3863 redoleant,
1351 3809 1410 3852 ut
1466 3801 1518 3853 in
1550 3800 1882 3870 crystallinis

311 3889 548 3942 vasculis
577 3889 869 3943 adulterata
930 3889 1089 3944 melle
1123 3891 1245 3943 vina
1297 3888 1611 3943 ﬂavescunt.
1659 3889 1740 3943 Ad
1769 3890 1874 3942 hoc

306 3986 459 4032 certe
481 3978 635 4031 ditari
653 3979 874 4046 cupiunt
893 3988 974 4042 ut,
1005 3992 1326 4047 quocunque
1358 3977 1879 4045 deveniunt,pr:esto

304 4067 610 4122 cubiculum
650 4068 891 4136 operosis
939 4075 994 4121 et
1020 4067 1341 4122 mirabiliter
1364 4067 1524 4120 textis
1544 4068 1876 4120 cortinarum

305 4157 547 4227 phaleris
571 4157 812 4222 induant,
850 4151 1034 4227 sicque
1079 4158 1316 4228 parietes
1369 4158 1559 4211 domus
1599 4155 1667 4208 ab
1709 4154 1890 4208 oculis.

301 4247 628 4305 intuentium
693 4257 944 4318 tanquam
995 4249 1359 4318 sipeliendum
1409 4247 1641 4302 cadaver
1690 4244 1878 4298 obvol-

305 4348 458 4392 vant.
489 4339 604 4392 Mox
629 4339 788 4392 etiam
813 4339 1006 4408 tapetis
1031 4339 1365 4410 prodigiosas
1390 4339 1654 4408 imagines
1677 4336 1876 4407 praefe-

307 4428 554 4482 rentibus
579 4429 763 4482 sedilia
806 4438 1075 4495 sternunt,
1135 4431 1554 4498 peripetasmata
1610 4427 1881 4497 laqueari-

1997 1897 2330 1950 marinorum
2371 1896 2572 1965 pelles,
2617 1898 2740 1965 quia
2783 1912 2976 1966 magno
3018 1899 3193 1968 pretio
3223 1908 3572 1962 coemnntur,

1995 1983 2285 2038 oblectant.
2313 1983 2506 2039 Ovium
2547 1985 2730 2053 itaque
2751 2026 2765 2047 ,
2812 1986 2980 2040 simul
3013 1995 3068 2041 et
3099 2000 3361 2054 agnorum
3394 1987 3576 2056 despi-

1995 2075 2212 2127 ciuntur
2237 2074 2466 2138 exuvize,
2495 2073 2762 2139 ermelini,
2786 2075 3059 2145 gebellini,
3090 2087 3354 2132 martores
3387 2076 3578 2147 exqui-

1994 2175 2208 2231 runtur,
2240 2175 2294 2220 et
2327 2166 2529 2234 vulpes.
2563 2165 2694 2220 Cum
2731 2167 2818 2220 illa
2847 2167 3056 2222 scilicet
3091 2168 3144 2222 in
3191 2169 3364 2224 sacris
3399 2168 3572 2223 bono-

1995 2264 2180 2311 rentur
2232 2255 2502 2324 eloquiis,
2553 2264 2610 2310 et
2656 2257 2739 2311 vel
2794 2257 3090 2321 Ecclesiae,
3145 2257 3229 2312 vel
3284 2274 3575 2327 personam

1993 2347 2300 2415 exprimant
2345 2345 2689 2400 Salvatoris:
2725 2364 2743 2398 ι
2781 2345 2955 2411 Oves,
2993 2349 3204 2417 inquit,
3233 2364 3366 2403 mea:
3389 2342 3577 2404 vocem

1995 2449 2168 2488 meam
2219 2435 2443 2490 audiunt
2473 2435 2635 2507 (Joan
2675 2435 2766 2506 x);
2799 2455 2817 2488 ι
2863 2445 2919 2492 et
2951 2452 2967 2492 :
3000 2456 3018 2489 ι
3052 2438 3190 2493 Ecce
3215 2439 3399 2511 Agnus
3439 2441 3578 2505 Dei,

1993 2540 2120 2581 ecce
2169 2529 2259 2598 qui
2301 2528 2438 2582 tollit
2490 2539 2706 2600 peccata
2741 2531 2926 2585 mundi
2973 2531 3154 2601 (Joan.
3194 2532 3290 2599 1).»
3333 2534 3410 2589 De
3455 2534 3578 2590 istis

1996 2635 2123 2672 vero
2187 2620 2268 2672 vel
2317 2628 2561 2675 taceatur
2604 2621 2867 2686 omnino,
2927 2631 2982 2677 et
3032 2623 3247 2694 indigna
3295 2626 3404 2680 sint
3455 2639 3576 2695 quas

1995 2707 2269 2778 Scriptura
2301 2721 2720 2776 commemoret;
2751 2712 2854 2777 vel,
2883 2713 2926 2766 si
2952 2727 3137 2767 eorum
3163 2717 3431 2784 reperitur
3465 2716 3575 2771 ulla

1993 2802 2273 2864 memoria,
2293 2802 2569 2856 sinistram
2597 2805 2896 2865 probantur
2925 2802 3124 2859 habere
3156 2804 3397 2875 ligurum.
3426 2806 3577 2862 Sicut

1991 2897 2073 2943 est
2101 2888 2228 2944 illud
2263 2907 2275 2942 :
2314 2879 2333 2942 ι
2373 2876 2771 2960 νιιιρθέΐονρειε
2795 2893 3031 2954 habent,
3063 2893 3230 2948 Filius
3270 2904 3445 2950 autent
3474 2897 3574 2952 bo-

1996 2979 2158 3034 minis
2181 2996 2284 3034 non
2319 2982 2479 3035 habet
2497 2982 2584 3036 ubi
2610 2993 2771 3053 caput
2801 2999 2955 3038 suum
2984 2981 3208 3039 reclinet
3232 2986 3570 3054 (Mauhxttt;

1992 3069 2122 3124 Luc.
2155 3072 2252 3139 ιιι).
2292 3091 2310 3122 ι
2347 3072 2485 3126 Ecce
2531 3088 2636 3125 non
2669 3074 2960 3127 reclinatur
3003 3074 3055 3127 in
3092 3073 3384 3142 vulpeculis
3410 3076 3572 3130 Chri-

1913 3133 1959 3198 ϐ
1991 3170 2133 3224 stus;
2163 3133 2360 3215 dormit
2400 3163 2501 3215 sub
2527 3164 2761 3231 vulpinis
2795 3164 3023 3233 pellibus
3047 3133 3405 3219 Christianus.
3433 3165 3571 3220 Res-

1986 3251 2100 3319 puit
2131 3251 2382 3304 animalia
2408 3252 2782 3322 Redemptoris
2800 3253 2980 3307 mundi
2999 3254 3264 3308 vocabulo
3289 3254 3569 3318 decorata;

1986 3342 2114 3396 illud
2137 3359 2291 3398 suum
2308 3344 2526 3413 deputat
2547 3353 2948 3408 ornamentum,
2970 3362 3090 3414 qua:
3111 3347 3308 3415 figuras
3337 3348 3570 3400 innnunt

1986 3434 2364 3503 reproborum.
2415 3435 2520 3488 Sed
2551 3436 2744 3490 divites
2790 3436 2875 3489 isti
2930 3451 3034 3489 non
3067 3437 3322 3490 mediocri
3366 3436 3571 3505 percel-

1983 3523 2168 3576 luntur
2191 3524 2489 3588 obstaculo,
2511 3525 2658 3593 quia,
2691 3526 2816 3578 dum
2848 3527 3140 3594 phaleratis
3163 3537 3322 3597 atque
3343 3527 3582 3595 depictis

1984 3628 2040 3668 se
2067 3613 2330 3668 Iudicibus
2358 3623 2679 3683 contegunt,
2715 3629 2796 3668 va:
2821 3655 2834 3677 ,
2883 3631 2961 3667 vae
3005 3615 3139 3668 illis!
3173 3617 3374 3684 apertis
3400 3614 3576 3669 oculis

1984 3707 2220 3760 dormire
2250 3721 2354 3761 non
2406 3715 2650 3775 possunt.
2683 3705 3030 3761 lnvidendum
3066 3715 3151 3761 est
3191 3721 3319 3776 ergo
3358 3705 3574 3776 Regulo

1983 3795 2181 3848 dudum
2215 3796 2420 3850 consuli
2461 3797 2824 3851 Romanorum
2856 3797 3116 3864 (Eurnor.
3149 3796 3347 3852 Ilistor.
3384 3798 3474 3851 lib.
3504 3813 3568 3861 tt,

1981 3885 2038 3936 in
2083 3885 2247 3954 line),
2289 3887 2372 3940 cui
2419 3886 2912 3954 Carthaginenses,
2964 3887 3088 3939 dum
3141 3887 3192 3939 in
3249 3887 3557 3955 reipubliczc

1982 3983 2296 4029 constanter
2344 3990 2529 4030 amore
2555 3978 2876 4046 persisteret
2903 4018 2917 4041 ,
2961 3977 3240 4030 oculorum
3283 3978 3579 4046 palpebras.

1932 4107 1945 4114 ,.
1981 4063 2364 4132 prmciderunt.
2399 4065 2464 4118 Et
2490 4080 2676 4119 revera
2703 4066 2768 4118 ad
2794 4066 2920 4134 quid
2943 4067 3107 4119 decor
3135 4067 3234 4119 iste
3263 4067 3574 4134 pulchritu-~

1937 4154 2138 4216 -dinis,
2171 4155 2217 4206 si
2267 4169 2374 4207 non
2421 4155 2716 4223 aspicitur?
2747 4155 2826 4206 Ad
2873 4155 3000 4222 quid
3027 4165 3174 4208 certe
3222 4171 3403 4209 rerum
3451 4164 3574 4210 tam

1980 4245 2221 4313 Speciosa
2271 4246 2540 4308 varietas,
2603 4245 2647 4298 si
2711 4246 2824 4298 bam
2878 4245 3138 4299 intuentis
3191 4246 3403 4300 animus
3455 4260 3562 4299 non

1983 4336 2274 4405 pascatur?
2323 4335 2651 4389 Praeclarum
2698 4334 2948 4388 videlicet
2985 4335 3089 4388 hoc
3131 4334 3437 4388 divitiarum
3481 4343 3573 4389 est.

1984 4441 2169 4496 genus,
2198 4443 2304 4495 quo
2332 4427 2457 4480 dum
2488 4427 2675 4488 utitur,
2715 4436 2945 4496 nequeat
2973 4426 3172 4494 aspici;
3211 4426 3334 4479 dum
3363 4427 3566 4496 aspici-

304 4518 424 4581 bus,
457 4535 524 4572 ne
551 4520 677 4589 quid
703 4522 983 4575 occiduum
1011 4521 1311 4579 delabatur,
1335 4530 1642 4590 opponunt;
1687 4499 1954 4573 deinde.D
1983 4530 2107 4586 tur,
2185 4537 2340 4576 usum
2410 4521 2651 4592 praebere
2713 4539 2818 4577 non
2879 4522 3071 4591 possit.
3125 4521 3309 4576 Taedet
3367 4530 3572 4574 caetera.

303 4607 578 4660 clientium
609 4609 762 4662 turba
787 4610 1065 4664 dividitur.
1098 4609 1198 4662 Alii
1233 4610 1498 4678 siquidem
1539 4609 1756 4662 domino
1779 4622 1878 4660 suo

303 4707 618 4752 reverenter
649 4701 931 4764 assistunt,
956 4710 1252 4770 nutumque
1290 4702 1406 4770 eius
1469 4700 1512 4753 si
1567 4700 1694 4768 quid
1739 4698 1878 4752 for:e

295 4784 575 4850 jnbeatur,
611 4790 826 4843 curiosa
856 4791 1041 4854 nimis,
1088 4791 1231 4843 velut
1278 4791 1561 4843 rimatores
1617 4789 1873 4850 siderum,

302 4875 683 4932 observatione
706 4881 1036 4935 custodiunt.
1080 4880 1182 4933 Alii
1210 4880 1432 4934 Marthae
1457 4879 1757 4932 ministerio
1779 4880 1876 4932 de-

225 4995 244 5017 .-
303 4966 426 5032 diti,
457 4968 960 5036 velutbirundines,
996 4972 1217 5042 inquieti
1261 4987 1357 5040 per
1406 4971 1615 5026 diversa
1668 4970 1883 5024 discur-

301 5062 452 5107 runt.
483 5055 627 5109 Inter
656 5058 752 5112 bas
794 5069 974 5115 autem
1027 5061 1208 5115 delira:
1255 5060 1566 5114 ambitionis
1619 5059 1875 5122 insanias,

301 5143 431 5210 quid
497 5146 595 5199 sibi
643 5148 873 5202 dorsalia
928 5160 1194 5219 quaerunt,
1249 5165 1368 5219 qua:
1402 5165 1430 5203 a
1476 5151 1588 5203 suis
1636 5149 1874 5216 conspici

301 5233 533 5289 dominis
569 5253 673 5290 non
702 5241 1023 5294 merentur?
1077 5241 1252 5295 Grave
1299 5239 1494 5308 quippe
1540 5239 1887 5307 dispendium.

298 5323 383 5377 sui
415 5327 692 5393 patiuntur
713 5339 962 5392 ornatus,
989 5330 1113 5384 dum
1144 5331 1195 5384 in
1227 5330 1480 5397 occipitio
1527 5330 1616 5410 .vel
1647 5328 1874 5382 cervici-

299 5413 404 5470 bus
428 5418 568 5470 oeuli
593 5434 697 5472 non
720 5430 1028 5489 erttmpunt.
1060 5420 1126 5474 Et
1169 5435 1329 5488 quam
1388 5417 1517 5472 utile
1566 5418 1886 5471 divitiarum.

298 5515 492 5574 genus,
519 5510 660 5574 quod
688 5509 813 5562 dum
843 5510 1046 5562 nul-lum
1075 5525 1229 5564 usum
1264 5517 1464 5577 prtcter
1483 5507 1652 5561 solam
1681 5507 1883 5560 habeat.

297 5596 779 5667 pulchritmlinem,
811 5603 991 5673 specie
1021 5612 1196 5657 tamen
1241 5617 1335 5657 sua
1389 5609 1623 5671 nequeat
1651 5611 1891 5668 pascere-

299 5690 660 5748 oossidenletn
689 5695 704 5746 ἱ
729 5694 1042 5748 Alienorum
1065 5708 1253 5762 nempe
1281 5690 1543 5747 duntaxat
1593 5689 1872 5747 oculorum

1981 4613 2235 4666 vanitatis
2303 4621 2584 4676 attexere,
2642 4628 2748 4666 non
2815 4612 3037 4666 ridenda
3073 4652 3087 4675 ,
3153 4612 3245 4665 sed
3301 4611 3560 4681 gemenda

1981 4701 2233 4765 ridicula;
2269 4703 2540 4755 fastidium
2569 4711 2652 4757 est
2685 4711 2764 4756 tot
2793 4704 3104 4756 ambitionis
3144 4717 3207 4755 ac
3241 4701 3564 4769 prodigiosa:

1986 4793 2220 4845 vesaniae
2251 4793 2595 4846 dinumerare
2639 4802 2906 4861 portenta.
2937 4791 3159 4860 Papales
3185 4789 3386 4843 scilicet
3417 4787 3558 4841 infu-

1979 4879 2058 4932 las
2105 4880 2332 4948 gemmis
2386 4879 2708 4934 micantibus
2771 4881 3056 4947 aureisque
3119 4876 3407 4930 bracteolis
3461 4890 3562 4945 per

1978 4969 2188 5024 diversa
2233 4969 2347 5024 loca
2375 4981 2679 5040 corruptas.
2711 4969 3022 5040 lmperiales
3048 4983 3238 5036 equos,
3280 4967 3395 5037 qui,
3429 4967 3557 5021 dum

1977 5059 2224 5128 pernices
2285 5075 2503 5129 gressus
2565 5060 2802 5114 arcuatis
2854 5058 3154 5112 cervicibus
3212 5056 3559 5126 glomerant,

1977 5149 2206 5204 sessoris
2234 5150 2313 5203 sui
2339 5166 2528 5203 manus
2555 5149 2685 5202 loris
2709 5151 2932 5203 innexas
2963 5149 3219 5202 indomita
3278 5148 3560 5202 ferocitate

1979 5238 2224 5308 fatigant.
2270 5238 2474 5293 Omitto
2503 5238 2728 5292 annulus
2759 5237 3074 5290 enormibus
3111 5235 3382 5289 adhibitos
3411 5227 3558 5288 mari

1977 5329 2185 5398 garitis.
2233 5328 2504 5383 Praetereo
2532 5329 2742 5396 virgas,
2775 5343 2880 5381 non
2905 5327 3016 5396 jam
3048 5341 3180 5381 auro
3219 5327 3559 5396 gemmisque

1977 5419 2315 5488 conspicuas,
2346 5419 2437 5471 sed
2467 5417 2724 5486 sepultas.
2758 5416 3039 5486 Nunquam
3064 5426 3211 5471 certe
3239 5416 3434 5470 vidisse
3464 5431 3558 5470 me

1977 5509 2196 5564 memini
2226 5507 2565 5578 pontificales
2598 5508 2820 5562 baculos
2862 5516 2968 5560 tam
3009 5507 3264 5562 continuo
3291 5505 3553 5575 radiantis

1976 5600 2177 5654 metalli
2202 5598 2376 5652 nitore
2397 5606 2694 5662 contectus,
2720 5597 2861 5652 sicut
2879 5605 3034 5654 erant
3079 5597 3168 5665 qui
3198 5596 3266 5649 ab
3287 5595 3555 5650 Esculano

1979 5698 2146 5761 atque
2160 5687 2418 5744 Tranensi
2441 5687 2789 5757 gestabantur
2809 5669 3091 5759 episcopis:
3112 5688 3346 5756 Uterque
3370 5697 3550 5742 tamen
