4132 6324
571 334 677 391 539

1021 333 1080 388 s.
1103 331 1309 388 rem
1349 333 1637 389 DAMIANI
1675 300 1826 388 ορρῖ
1853 301 2107 386 ἦολευε
2145 329 2162 384 ε

2263 331 2276 386 l
2325 331 2503 390 PARS
2539 335 2626 394 Ill.
2657 366 2726 378 --
2754 336 3118 394 OPUSCULA
3150 337 3379 395 VARIA.

3720 343 3832 406 540

570 446 708 502 alter
743 444 796 500 in
823 443 1011 514 Apulis
1036 444 1251 510 ﬁnibus,
1282 441 1502 500 Nicolao
1527 442 1882 513 praesidente;
1915 439 2052 494 alter
2089 439 2140 492 in
2170 441 2217 500 Α,
2249 440 2300 495 in
2328 444 2552 512 pariete,
2593 445 2684 500 ,Ει
2729 462 2883 502 mens
2932 448 3044 517 ipsa
3093 463 3280 505 earum
3339 463 3530 505 rerum
3564 451 3832 524 imagines

571 538 928 594 Lateranensi
973 536 1237 602 Ecclesia,
1288 551 1470 592 coram
1514 535 1842 596 Alexandro,
1887 533 2147 588 Romanis

569 628 778 682 scilicet
816 626 1194 695 pontiﬁcibus,
1237 636 1364 680 sunt
1394 625 1608 693 dejecti.
1665 623 1773 678 Nec
1823 624 1904 678 eis
1948 622 2150 692 profuit

569 717 713 783 quod
743 715 1025 784 pontiﬁces
1076 714 1266 783 ligneis
1291 753 1306 778 ,
1352 716 1588 776 auratis,
1633 715 1713 767 nsi
1747 723 1876 768 sunt
1909 713 2144 778 baculis;

567 806 693 858 dum
728 804 1016 857 sacerdotii
1046 803 1298 856 meritum
1328 817 1432 855 non
1461 804 1603 857 nitor
1637 802 1836 856 efﬁciat
1871 801 2103 856 vestium
2129 840 2144 866 ,

569 894 663 946 sed
711 892 1071 962 spiritualium
1107 907 1296 945 norma
1333 891 1626 956 virtutum;
1659 902 1712 946 ct
1740 909 1844 946 non
1891 893 2146 947 micantia

569 984 864 1051 margarita
923 981 1006 1035 vel
1047 997 1310 1050 gemmae,
1352 983 1450 1036 sed
1499 997 1677 1036 mores
1730 982 1879 1036 aurei
1922 983 2149 1036 deceant

569 1077 928 1127 sacerdotem.
980 1072 1129 1128 Sicut
1174 1073 1317 1128 enim
1367 1089 1498 1128 vera
1531 1073 1825 1128 sacerdotis
1875 1073 2149 1128 humilitas

570 1161 740 1239 Deum
768 1163 868 1216 sibi
895 1161 1170 1223 conciliat,
1195 1169 1251 1215 et
1269 1170 1462 1216 caetera
1485 1161 1602 1231 ejus
1621 1162 1759 1216 bona
1782 1160 2158 1225 commendat;

571 1254 650 1305 sic
689 1253 1012 1320 arrogantia:
1060 1263 1238 1310 tumor.
1287 1260 1342 1306 et
1382 1253 1636 1307 vanitatis
1680 1252 1906 1305 ambitio
1955 1250 2150 1304 divinas

572 1343 859 1396 adversum
889 1357 948 1397 se
984 1343 1370 1411 indignationis
1396 1342 1729 1397 iracundiam
1755 1347 2014 1409 provocat
2035 1379 2050 1401 .
2097 1346 2162 1394 et.

573 1445 764 1489 contra
815 1436 1014 1490 bonum
1082 1438 1225 1506 quod
1275 1436 1565 1504 aliquando
1618 1434 1845 1489 forsitan
1895 1442 2162 1504 operatus

573 1535 656 1578 est
724 1533 953 1593 pugnat.
1014 1525 1167 1580 Unde
1223 1540 1318 1594 per
1371 1525 1564 1580 Isaiam
1629 1524 1886 1578 Dominus
1953 1523 2082 1578 dicit
2132 1540 2154 1576 ι

580 1635 599 1667 ¢
637 1615 887 1686 Nunquid
919 1632 1080 1686 super
1108 1617 1190 1670 his
1227 1631 1331 1670 non
1361 1615 1728 1686 indignabor?
1762 1634 1780 1666 ι
1821 1613 1957 1684 (lsa.
1992 1613 2160 1684 Lvu.)

581 1705 758 1775 Super
789 1717 1022 1761 montem
1055 1708 1250 1776 quippe
1281 1707 1564 1762 sublimem
1589 1706 1842 1760 sacerdos
1870 1705 2152 1769 ascendit,

573 1816 695 1854 cum
722 1815 845 1854 sese
873 1803 924 1854 in
953 1802 1219 1870 superbiae
1242 1801 1436 1854 fastum
1461 1816 1558 1869 per
1577 1801 1839 1870 quasdam
1863 1800 2149 1853 adulterini
2183 1785 2226 1843 Β

573 1890 788 1944 decoris
824 1889 1142 1944 insolentias
1183 1890 1362 1956 erigit.
1396 1891 1610 1943 Etcum
1652 1890 1830 1943 anima
1867 1889 2030 1960 550
2058 1906 2147 1943 sa-

571 1978 808 2032 cerdotis
875 1989 1130 2046 tanquam
1198 1994 1395 2048 sponsa
1464 1979 1683 2033 Christo
1751 1979 2012 2048 spiritalis
2084 1978 2158 2032 sit

573 2068 806 2139 coniugii
858 2069 1063 2124 foedere
1095 2071 1376 2140 cepulata;
1410 2072 1454 2125 si
1485 2072 1563 2130 sic
1593 2072 1919 2125 exteriorem
1953 2071 2158 2124 ambiat

573 2160 798 2224 cultum,
826 2169 884 2213 ut
919 2161 1228 2216 interiorem
1267 2171 1558 2231 postponat
1591 2173 1862 2223 ornatum,
1893 2164 2160 2232 quodam-

575 2251 734 2306 modo
758 2252 854 2304 viri
893 2254 972 2306 sui
1005 2262 1122 2306 toro
1155 2253 1452 2307 introducit
1486 2253 1810 2309 adulterum.
1861 2252 2016 2308 Unde
2049 2269 2152 2309 vox

574 2341 755 2395 divina
789 2353 986 2411 praesto
1013 2343 1286 2414 subjungit
1319 2362 1333 2396 :
1372 2363 1390 2394 ι
1426 2344 1558 2411 Quia
1601 2346 1754 2413 juxta
1801 2361 1923 2408 mc,
1953 2347 2029 2400 ait
2057 2385 2072 2409 ,
2105 2353 2156 2398 le

573 2431 986 2500 discoopcruisti
1011 2473 1025 2496 ,
1059 2441 1112 2484 et
1152 2434 1433 2500 suscepisti
1479 2433 1780 2486 adulterum
1817 2433 2026 2501 (lbid.).
2061 2453 2077 2482 ι
2112 2431 2170 2486 0-

572 2537 733 2593 quam
754 2524 934 2578 acerbi
961 2524 1162 2577 doloris
1187 2535 1290 2586 est,
1315 2526 1382 2588 si,
1405 2541 1526 2578 cum
1543 2525 1768 2578 maritus
1792 2534 1872 2578 est
1899 2539 2168 2591 pm‘seus,

576 2626 702 2669 tunc
726 2617 1100 2671 introducatur
1121 2617 1353 2681 adulter;
1379 2627 1430 2672 et
1456 2619 1507 2671 in
1535 2618 1772 2671 thalamo
1800 2633 1906 2686 quo
1937 2617 2160 2671 recubat

575 2723 828 2776 Sponsus,
863 2709 1046 2762 rivalis
1071 2709 1392 2762 admittatur
1433 2708 1697 2762 incestus!
1730 2707 1886 2762 Unde
1915 2707 2160 2774 protinus

575 2797 793 2852 additur
824 2815 837 2852 :
875 2817 893 2848 ‹
936 2799 1177 2852 Dilatasti
1208 2799 1385 2853 cubile
1426 2807 1574 2852 tuum
1605 2838 1620 2862 ,
1651 2809 1703 2852 et
1745 2799 1992 2869 pepigisti
2037 2813 2170 2851 cum-

575 2888 654 2942 eis
685 2929 699 2950 ,
730 2889 962 2942 dilexisti
1001 2897 1230 2943 stratum
1271 2904 1456 2942 eorum
1509 2891 1562 2943 in
1609 2905 1768 2944 manu
1804 2898 2014 2958 aperta.
2047 2909 2066 2941 ι
2097 2889 2162 2943 Et

575 2994 643 3031 ne
674 2980 738 3032 de
765 2991 961 3032 ornatu
1011 2979 1090 3031 vel
1116 2980 1321 3033 deliciis
1354 2989 1550 3042 taceat,
1580 2980 1722 3034 illico
1747 2980 1965 3046 subjicit
1999 2999 2010 3032 :
2050 2999 2067 3030 ι
2100 2980 2168 3034 Et

575 3071 781 3124 ornasti
811 3080 864 3124 te
894 3071 1042 3139 regio
1075 3081 1350 3140 unguento
1369 3111 1383 3134 ,
1411 3079 1466 3124 et
1495 3071 1869 3139 multiplicasti.
1888 3071 2159 3139 pigmenta

2250 537 2564 602 contrahit,
2622 553 2760 607 quas
2816 538 3002 594 sedula
3053 541 3403 608 meditatione
3454 543 3681 600 revolvit
3701 564 3730 612 ;.
3775 562 3810 604 ο

2250 636 2505 699 tanquam
2571 630 2802 686 diversis
2852 631 3125 686 actionum
3173 633 3496 703 imaginibus
3546 635 3826 704 pingitur,

2248 727 2410 788 prout
2466 735 2603 774 vana
2670 721 2754 776 vel
2793 721 2941 776 utilia
2984 723 3297 778 meditatur.
3345 725 3424 778 Ac
3467 723 3511 777 si
3558 726 3827 795 quispiam

2250 809 2504 864 micantia
2536 825 2678 865 nunc
2701 821 2845 865 astra
2875 811 3158 880 suspiciat,
3190 828 3331 867 nunc
3367 812 3601 867 declinet
3639 817 3832 870 oculos

2248 900 2304 954 in
2343 899 2616 963 latrinam,
2651 899 2808 954 modo
2839 900 3066 955 miretur
3098 900 3362 955 radiantis
3385 903 3500 955 auri
3523 903 3783 971 fulgorem
3809 946 3831 972 ,

2249 992 2408 1045 modo
2437 993 2683 1047 scabram
2707 991 2838 1047 ferri
2859 993 3248 1062 contempletur
3270 995 3598 1064 :eruginem;
3625 996 3724 1059 sic,
3749 995 3833 1052 sic

2250 1083 2487 1138 humana
2531 1099 2684 1143 mens
2731 1084 2858 1138 dum
2903 1095 3118 1164 terrena
3172 1087 3461 1140 meditatur
3513 1095 3567 1141 et
3602 1087 3784 1141 inﬁma
3811 1089 3861 1150 .'

2249 1173 2433 1243 procul
2500 1174 2661 1229 dubio
2711 1183 2854 1231 terra
2902 1177 3270 1246 conspicitur;
3334 1192 3457 1231 cum
3527 1193 3656 1232 vero
3707 1172 3857 1247 qure’

2249 1264 2465 1334 pietatis
2504 1273 2629 1318 sunt
2676 1272 2914 1334 tractat,
2961 1281 3084 1322 cum
3145 1266 3323 1321 divina
3397 1267 3599 1338 cogitat
3666 1277 3835 1337 atque

2251 1354 2532 1420 cmlestia,
2580 1357 2775 1410 merito
2832 1357 3073 1423 caelum,
3122 1356 3377 1428 templum
3426 1356 3521 1412 Dei
3573 1357 3837 1425 videtur,

2253 1451 2416 1512 atque
2445 1443 2770 1499 sacrarium.

2856 1534 3084 1590 CAPUT
3120 1533 3231 1591 Vll.

2361 1623 2514 1688 Quod
2549 1622 2782 1678 Romana
2813 1624 3046 1678 Ecclesia
3073 1626 3220 1678 sedes
3243 1625 3308 1678 sit
3335 1624 3716 1697 apostolorum.

2325 1711 2480 1766 Nunc
2515 1725 2772 1782 praeterea
2817 1712 3061 1768 Romana
3111 1715 3377 1778 Ecclesia,
3413 1731 3532 1784 quae
3563 1717 3720 1770 sedes
3750 1723 3850 1771 est

2257 1802 2642 1872 apostolorum,
2683 1804 2958 1874 antiquam
2989 1804 3146 1858 debet
3177 1803 3372 1857 imitari
3403 1804 3608 1858 curiam
3639 1803 3851 1858 Roma-

2255 1907 2469 1946 norum.
2503 1892 2656 1947 Sicut
2707 1893 2851 1946 cnim
2901 1903 3026 1962 tunc
3074 1904 3321 1948 terrenus
3371 1894 3456 1946 ille
3505 1902 3727 1947 senatus
3769 1894 3850 1946 ad

2255 1982 2357 2036 hoc
2398 1981 2866 2035 conuuunicabant
2913 1996 3074 2035 omne
3101 1981 3257 2053 551
3288 1981 3590 2040 consilium,
3630 1981 3681 2034 in
3735 1967 3844 2035 Hoc

2255 2074 2560 2144 dirigebaut
2601 2083 2655 2127 et
2689 2073 2958 2127 subtiliter
2981 2077 3308 2128 exercebant
3355 2074 3656 2126 communis
3683 2071 3844 2126 indu—

2256 2167 2401 2219 striae
2433 2165 2711 2227 studium,
2770 2173 2828 2217 ut
2881 2175 3195 2218 cunctarum
3253 2164 3493 2234 gentium
3553 2163 3843 2232 multitudo

2257 2256 2499 2310 Romano
2550 2256 2870 2309 subderetur
2920 2256 3180 2325 imperio;
3221 2257 3294 2308 ita
3337 2271 3482 2309 nunc
3529 2255 3844 2324 apostolica:

2258 2349 2402 2414 sedis
2427 2347 2629 2410 aaditui,
2665 2348 2754 2416 qui
2788 2347 3058 2415 spiritales
3079 2355 3204 2400 sunt
3239 2346 3557 2400 universalis
3584 2346 3848 2400 Ecclesia:

2259 2449 2558 2502 senatores,
2588 2441 2714 2494 huic
2740 2439 2838 2494 soli
2875 2440 3054 2494 studio
3080 2439 3277 2493 debent
3303 2439 3532 2493 solerter
3567 2439 3850 2502 insistere,

2261 2541 2319 2582 ut
2357 2530 2649 2583 lnuuanum
2680 2543 2850 2598 genus
2882 2528 2996 2581 veri
3035 2527 3376 2597 imperatoris
3404 2527 3600 2582 Christi
3625 2527 3845 2581 valeant

2261 2619 2468 2690 legibus
2509 2619 2820 2689 subjugare.
2861 2619 2925 2672 Et
2954 2619 3095 2672 sicut
3145 2628 3271 2671 tunc
3316 2617 3679 2671 Romanorum
3712 2631 3847 2672 con-

2262 2710 2406 2765 sules
2453 2725 2516 2764 ex
2576 2710 2807 2763 diversis
2867 2709 3051 2763 mundi
3119 2708 3368 2777 partibus
3429 2707 3778 2775 reportabant
3821 2744 3844 2771 ,

2263 2810 2484 2871 peracta
2540 2801 2774 2855 hostimn
2839 2799 3028 2860 crede,
3080 2797 3366 2861 victorias;
3426 2798 3505 2851 sic
3559 2797 3643 2850 isti
3699 2812 3848 2850 nunc

2265 2893 2477 2945 animas
2508 2891 2785 2944 hominum
2829 2888 2896 2942 de
2938 2879 3098 2942 manu
3140 2887 3336 2942 diaboli
3383 2887 3582 2940 dchcnt
3611 2886 3844 2939 liberare

2266 2982 2524 3050 captivas.
2565 2980 2645 3033 Ad
2678 2979 2778 3034 hos
2805 2979 3003 3049 quippe
3032 2977 3382 3032 victoriarum
3412 2976 3618 3040 titulos,
3647 2976 3713 3030 ad
3745 2975 3851 3030 hos

2267 3071 2466 3125 debent
2520 3085 2734 3138 semper
2809 3069 3019 3123 inhiare
3079 3067 3413 3138 triumphos;
3473 3065 3724 3120 videlicet
3782 3071 3851 3117 ut

577 3171 668 3216 tua
715 3160 922 3230 (Ibid).
963 3182 981 3214 ι
1017 3163 1308 3232 Postquam
1355 3178 1482 3217 vero
1525 3163 1768 3216 confudit
1793 3163 2160 3232 arrogantiam
2189 3129 2235 3193 ε
2267 3161 2488 3230 antiquo
2541 3160 2778 3230 przedoui
2831 3161 3141 3214 animarum
3176 3159 3513 3229 pereuntium
3563 3157 3857 3212 manubias

576 3252 931 3318 superborum
973 3261 1026 3304 et
1081 3251 1357 3306 luxuriose
1388 3252 1681 3306 viventium
1707 3293 1722 3316 ,
1757 3267 1880 3305 mox
1912 3253 2174 3321 spiritum

576 3339 888 3392 consolatur
935 3340 1217 3393 humilium
1295 3350 1350 3394 et
1402 3342 1693 3395 salubriter
1771 3340 2090 3395 afﬂictorum
2144 3359 2156 3394 :

583 3444 602 3477 ι
639 3425 862 3479 Auferte
886 3467 900 3490 ,
934 3426 1132 3495 inquit,
1161 3426 1480 3482 offendicula
1513 3429 1690 3497 populi
1721 3429 1824 3482 mei
1851 3470 1872 3495 ,
1895 3431 2020 3496 quia
2048 3431 2162 3484 haec

577 3516 707 3570 dicit
730 3517 991 3572 Dominus
1016 3518 1260 3572 excelsus
1291 3528 1345 3572 et
1398 3520 1678 3583 sublimis,
1723 3521 1972 3575 habitans
1999 3532 2174 3578 aiter-

579 3610 808 3663 nitatem
839 3610 891 3662 in
924 3610 1137 3664 excelso
1163 3649 1178 3672 ,
1225 3620 1281 3663 et
1324 3610 1374 3662 iu
1414 3620 1601 3664 sancto
1632 3611 1883 3664 habitans
1907 3652 1920 3672 .
1953 3621 2008 3665 et
2040 3627 2162 3666 cum

579 3700 814 3752 contrito
845 3710 904 3752 et
935 3699 1218 3752 hmniliato
1265 3699 1495 3768 spiritu,
1533 3708 1592 3752 ut
1641 3699 1877 3753 vivificet
1915 3700 2160 3770 spiritum

581 3789 861 3842 lnnuilium
887 3829 899 3848 .
934 3798 988 3842 et
1034 3789 1267 3843 vivilicet
1293 3805 1388 3843 cor
1429 3791 1786 3845 contritorum
1816 3793 1949 3858 (Jer.
1985 3793 2101 3863 vti).
2139 3812 2172 3846 »ε

580 3879 687 3936 Cor
713 3881 946 3947 denique
987 3880 1285 3935 sacerdotis
1320 3880 1411 3934 Dei
1444 3881 1699 3951 templum
1722 3923 1735 3942 ,
1771 3881 1969 3936 Christi
2007 3883 2166 3938 debet

581 3989 706 4028 csse
751 3977 1050 4028 sacrarium
1077 4014 1091 4037 ,
1125 3989 1231 4027 non
1261 3984 1408 4028 certe
1432 4016 1447 4040 ,
1483 3974 1623 4028 sicut
1667 3975 1882 4044 legitur,
1911 3976 2174 4045 spelunca.

584 4069 853 4122 latronum
894 4066 1112 4134 (Matth.
1147 4069 1293 4131 XXI),
1321 4065 1404 4120 vel
1442 4067 1710 4120 sordentis
1741 4068 1978 4134 pecunia:
2021 4083 2168 4121 rece-

581 4163 880 4231 ptaculum.
945 4162 1055 4214 lloc
1099 4161 1244 4213 enim
1304 4175 1638 4231 unaquaeque
1682 4176 1834 4213 mens
1876 4161 1928 4214 in
1985 4161 2166 4215 divino

582 4261 874 4327 tlcpulalttt‘
915 4256 1162 4309 examine
1193 4295 1206 4316 ,
1236 4254 1380 4323 quod
1411 4264 1592 4308 versat
1639 4271 1736 4325 per
1782 4255 2166 4324 concupiscen-

582 4349 711 4399 tiam
743 4347 794 4397 in
841 4345 1185 4412 cogitatione.
1219 4343 1652 4397 Foruicationcm
1688 4344 2010 4408 imaginatur
2035 4383 2050 4406 ,
2083 4341 2164 4396 vel

583 4438 906 4489 alu’tcrium
932 4475 947 4497 ,
981 4436 1203 4502 lupanar
1237 4432 1472 4487 efﬁcitur
1517 4434 1863 4487 meretricum
1900 4450 1910 4483 :
1943 4431 2170 4485 ellusio-

582 4540 702 4578 nom
750 4525 1025 4591 sanguinis
1072 4522 1400 4586 meditatur,
1449 4531 1504 4573 et
1555 4521 1774 4584 odium,
1825 4535 2046 4587 campus
2079 4529 2162 4574 cst

583 4613 927 4667 frementium
969 4611 1290 4664 bellatorum
1325 4627 1338 4662 :
1371 4609 1612 4663 ciborum
1649 4618 1702 4661 et
1733 4609 1978 4662 suavium
2021 4624 2158 4676 epu-

583 4707 757 4759 larum
784 4714 964 4759 versat
992 4704 1116 4773 quis
1149 4704 1202 4755 in
1243 4701 1565 4770 cogitatione
1590 4701 1842 4764 delicias;
1871 4699 1998 4768 quid
2020 4700 2163 4753 aliud

585 4798 638 4852 in
668 4805 956 4866 conspectu
987 4796 1077 4849 Dei
1105 4795 1319 4847 videtur
1342 4836 1356 4858 ,
1409 4793 1509 4846 nisi
1551 4793 1784 4846 cacabus
1841 4793 1954 4846 sive
2017 4793 2164 4847 lcbcs

585 4894 638 4948 in
690 4909 796 4960 quo
842 4891 996 4944 cibus
1073 4886 1434 4956 excoquitur?
1491 4884 1902 4939 Controversias
1971 4893 2165 4937 tractat

587 4995 746 5052 atque
789 4983 1021 5051 litigium
1051 4997 1066 5044 ;
1097 4980 1224 5049 quid
1285 4978 1428 5030 aliud
1483 4993 1643 5046 quam
1682 4975 1915 5029 tribuurd
1965 4974 2164 5040 judicis

585 5073 894 5140 aspicitur,
951 5072 1062 5123 sive
1115 5069 1330 5122 forum?
1394 5065 1546 5121 Unde
1615 5081 1735 5120 cum
1791 5065 2049 5118 Dominus
2097 5064 2163 5117 ad

588 5161 924 5234 Ezcchielem
953 5162 1156 5215 diceret
1189 5179 1202 5213 :
1241 5179 1258 5210 ι
1296 5159 1602 5226 Ingredere,
1647 5167 1701 5211 ct
1736 5156 1858 5210 vide
1887 5154 2165 5208 abomina-

589 5254 764 5306 tioncs
797 5253 1118 5321 passimas,
1170 5265 1307 5319 quas
1349 5250 1436 5302 isti
1478 5247 1682 5302 faciunt
1735 5248 1860 5311 hic;
1899 5265 1915 5296 ι
1972 5255 2166 5314 praesto

589 5341 868 5411 Subjungit
914 5362 927 5395 :
987 5361 1005 5393 ι
1061 5343 1127 5395 Ει
1171 5344 1446 5412 ingressus
1503 5340 1656 5403 vidi,
1708 5347 1763 5392 et
1809 5353 1936 5392 ecce
1989 5339 2166 5391 omnis

588 5436 886 5492 similitudo
941 5436 1208 5504 reptilium
1281 5445 1336 5489 et
1377 5435 1733 5497 animalium,
1797 5431 2164 5494 abominatio.

589 5535 644 5580 et
702 5528 949 5581 universa
1000 5527 1138 5579 idola
1189 5527 1379 5581 dooms
1423 5526 1586 5579 Israel
1648 5525 1859 5594 depicta
1903 5532 2057 5577 erant
2114 5523 2166 5576 in

589 5618 798 5688 pariete
827 5617 878 5670 in
913 5617 1140 5671 circuitu
1182 5633 1275 5685 per
1315 5626 1483 5670 totum
1517 5614 1731 5685 (Exerit.
1773 5611 1917 5679 vm).
1960 5631 1978 5663 ι
2015 5610 2168 5678 Quod

593 5707 734 5763 enim
766 5718 1010 5764 versatur
1033 5709 1085 5762 in
1118 5717 1317 5777 metite,
1347 5717 1599 5776 tanquam
1631 5707 1898 5777 depictum
1929 5704 2169 5761 ccrnitur

2264 3267 2477 3320 rapere,
2507 3261 2562 3304 et
2592 3251 2702 3320 regi
2735 3265 2832 3304 suo
2858 3249 3074 3303 Christo
3108 3249 3258 3318 signa
3288 3248 3558 3317 gaudeant
3601 3245 3850 3300 victricia

2267 3353 2565 3412 report-ire.
2615 3343 2766 3395 lluuc
2795 3356 2958 3406 porro
2999 3338 3309 3394 conflictum
3361 3337 3527 3392 David
3574 3335 3864 3406 signavit,

2265 3448 2389 3486 cum
2446 3427 2694 3484 Rabbath
2741 3431 3014 3484 civitatem
3071 3431 3244 3483 victor
3293 3427 3546 3482 obtinuit.
3601 3424 3851 3480 Rabbath

2262 3525 2462 3594 quippe
2525 3523 2802 3576 multitudo
2845 3522 2925 3576 vel
2960 3524 3177 3592 grandis
3215 3523 3603 3592 interpretatur
3627 3558 3644 3584 ,
3702 3518 3852 3588 quod

2266 3629 2372 3669 non
2448 3613 2894 3667 inconvenienter
2967 3612 3374 3666 universitatem
3439 3609 3597 3676 hujus
3665 3606 3854 3662 mundi

2265 3708 2570 3778 signiﬁcare
2599 3705 2964 3777 cognoscitur.
2998 3706 3164 3760 David
3197 3706 3380 3775 itaque
3415 3703 3664 3758 Rabhath
3703 3702 3852 3757 obti-

2267 3801 2382 3855 nuit
2408 3801 2678 3853 civitatem
2698 3797 2746 3860 (1
2767 3796 2803 3849 V
2823 3797 2929 3867 Reg
2968 3798 3218 3867 xu),cum
3242 3798 3356 3850 suis
3379 3797 3588 3865 legibus
3603 3794 3862 3850 Christus~

2267 3892 2522 3962 grandem
2576 3898 2631 3944 et
2676 3892 2950 3959 copiosam
2997 3888 3155 3956 hujus
3185 3888 3368 3942 mundi
3401 3884 3851 3942 subdiditmnlti-

2270 3986 2527 4038 tudinem.
2556 3984 2820 4038 Coronam
2857 3999 2986 4036 vero
3015 3983 3080 4036 de
3124 3983 3298 4051 eapite
3336 3981 3478 4050 regis
3500 3980 3643 4034 illius
3678 3979 3850 4033 David

2267 4073 2507 4134 abstulit,
2542 4072 2774 4140 sibique,
2798 4071 2938 4124 sicut
2968 4071 3244 4138 Scriptura
3280 4079 3529 4130 testatur,
3567 4068 3858 4137 imposuit,

2266 4164 2410 4234 quod
2469 4174 2594 4217 tunc
2648 4178 2806 4216 verus
2855 4161 3021 4215 David
3075 4159 3325 4215 Christus
3384 4159 3666 4228 implevit,
3727 4173 3852 4210 cum

2267 4255 2452 4309 mundi
2521 4254 2837 4323 sapientes,
2905 4253 3101 4320 quibus
3152 4249 3549 4320 quodammodo
3610 4245 3857 4303 diabolus

2267 4347 2605 4408 ornabatur,
2655 4345 2890 4412 eripuit,
2946 4355 3001 4398 et
3057 4343 3109 4396 in
3167 4344 3248 4396 sui
3297 4342 3509 4396 decoris
3559 4349 3612 4392 et
3669 4337 3856 4406 gloria:

2269 4436 2517 4490 diadema
2573 4436 2861 4489 convertit.
2912 4434 3192 4488 Multitudo
3221 4433 3418 4502 quippe
3461 4429 3695 4484 ﬁdelium
3747 4441 3850 4481 non

2269 4529 2428 4584 modo
2483 4527 2730 4590 Christi,
2787 4528 2881 4580 sed
2930 4535 2984 4579 et
3037 4527 3276 4580 doctoris
3323 4523 3585 4589 cujusque
3653 4536 3852 4574 corona

2269 4620 2623 4690 perhibetur.
2667 4617 2820 4686 cuius
2867 4617 3250 4685 prmdicatione
3297 4612 3652 4668 convertitur.
3703 4608 3850 4664 Sicut

2271 4711 2469 4766 Paulus
2524 4711 2962 4781 Philippeusibus
3019 4710 3138 4763 ait:
3179 4727 3195 4759 ι
3237 4707 3421 4775 Itaque
3446 4746 3461 4767 ,
3509 4705 3708 4758 fratres
3749 4703 3851 4758 mei

2272 4800 2614 4863 charissimi,
2673 4801 2927 4868 gaudium
2988 4813 3166 4852 meum
3215 4806 3271 4850 et
3321 4781 3518 4850 corona
3566 4807 3726 4858 mea,
3775 4792 3852 4846 sic

2272 4901 2410 4944 state
2439 4892 2489 4943 in
2507 4889 3000 4958 Domino(Philipp.
3018 4891 3112 4956 iv).
3140 4908 3159 4940 ι
3197 4887 3302 4940 Sed
3331 4897 3384 4939 et
3415 4887 3674 4954 praalam,
3694 4882 3851 4948 juxta

2273 4980 2632 5048 Seripturam,
2661 4981 2962 5047 asportavit
2991 4979 3213 5032 multam
3244 4977 3416 5030 valde.
3443 4975 3628 5028 Praeda
3659 4974 3854 5044 quippe

2274 5071 2340 5123 de
2371 5070 2618 5123 Rabbath
2664 5069 2908 5131 tollitur,
2955 5083 3077 5122 cum
3137 5083 3201 5120 ex
3245 5069 3353 5121 hoc
3404 5065 3600 5119 mundo
3655 5063 3855 5130 quique

2275 5159 2459 5213 ﬁdeles
2513 5169 2674 5228 atque
2734 5159 2913 5212 devoti
2984 5159 3052 5210 ad
3129 5157 3222 5210 Dei
3269 5154 3656 5222 omnipotentis
3701 5152 3856 5203 obse-

2273 5242 2463 5318 quium
2487 5257 2895 5301 convertuntur.
2931 5248 3036 5301 Vos
3054 5287 3068 5309 ,
3095 5247 3337 5315 inquam,
3381 5259 3413 5298 o
3439 5242 3610 5296 sancti
3638 5239 3856 5305 pontiﬁ-

2275 5356 2366 5396 ccs
2395 5381 2410 5405 ,
2465 5356 2561 5394 vos
2591 5341 2930 5410 potissimum
2962 5338 3268 5406 hujusmodi
3316 5334 3527 5390 debetis
3577 5347 3697 5386 esse
3725 5345 3852 5398 pra:-

2275 5431 2472 5495 doncs;
2512 5407 2874 5499 qui.quotidic
2916 5427 3193 5482 desudetis
3219 5427 3430 5479 animas
3478 5421 3758 5477 hominum
3791 5417 3856 5471 de

2273 5521 2522 5574 manibus
2550 5520 2764 5588 reprobi
2798 5518 3126 5589 possessoris
3157 5517 3391 5585 eripere,
3415 5525 3468 5566 et
3498 5505 3857 5578 triumphales

2274 5612 2385 5683 regi
2425 5621 2604 5666 vestro
2635 5611 2805 5666 David
2852 5609 3138 5664 manubias
3178 5615 3475 5677 reportare.
3523 5601 3633 5657 Nec
3676 5609 3872 5653 tamen.

2274 5702 2500 5770 sufﬁcit,
2537 5718 2658 5758 cum
2704 5700 2918 5757 diabolo
2953 5709 3140 5772 raptus
3186 5699 3252 5754 ad
3299 5698 3465 5753 Deum
3512 5692 3740 5766 quisque
3772 5694 3858 5764 pia
