4132 6324
315 282 414 338 5i!

1195 281 1438 340 OPUSC.
1481 283 1672 340 XXXI.
1709 315 1780 326 —
1817 277 2092 336 CONTRA
2135 279 2679 341 PHILARGYRIAM.

3449 281 3555 336 552

310 393 596 450 devotione
621 390 952 445 convertitur
980 433 994 458 ,
1035 391 1136 449 nisi
1169 410 1290 448 mox
1323 395 1486 456 etiam
1531 412 1560 450 a
1588 407 1760 452 status
1798 393 1880 451 sui
1911 397 1956 455 Α
1986 391 2182 455 olm-io,
2213 394 2337 448 dum
2367 397 2479 463 ipse
2499 413 2606 450 non
2631 395 2884 458 incidam,
2909 392 3196 450 incidentis
3223 392 3392 449 aciem
3423 393 3552 450 ευττὶ

308 485 510 540 duritia
559 483 709 553 quasi
759 482 950 536 crebro
995 493 1194 538 sancta:
1232 486 1632 553 pra-dicationis
1690 489 1882 542 malleo

307 582 644 630 conteratur.
689 571 863 628 Unde-
887 587 982 643 per
1027 571 1362 628 Jerumiam:
1405 592 1425 625 ί
1467 576 1716 646 Nunquid
1775 591 1880 631 non

259 712 266 714 _
308 663 475 720 verba
525 678 642 717 mea
693 671 817 717 sunt
869 663 1024 726 quasi
1075 664 1212 731 ignis
1243 705 1259 729 ,
1316 666 1444 719 dicit
1494 666 1752 722 Dominus
1785 685 1798 722 :
1829 676 1882 721 et

305 755 463 823 quasi
519 753 744 807 malleus
816 763 1101 808 conterens
1161 757 1419 822 petram?
1452 777 1470 808 ι
1515 757 1648 827 (Jer.
1701 759 1880 828 χχιιι.)

306 843 484 898 Verba
532 845 726 913 quippe
763 844 976 898 Domini
1017 847 1170 913 quasi
1199 847 1338 914 ignis
1360 857 1511 909 sunt,
1542 849 1666 916 quia
1715 848 1881 919 frigus

302 931 623 1000 expellunt,
680 931 915 985 calorem
969 933 1236 986 mentibus
1297 935 1594 1002 ingerunt;
1657 938 1881 992 malleus

302 1029 487 1074 autem
545 1030 690 1086 sunt,
732 1021 985 1088 quoniam
1030 1023 1409 1079 obstinationis
1464 1035 1518 1078 et
1563 1029 1880 1096 pervicacia:

303 1109 559 1163 duritiam
605 1110 874 1163 molliunt.
937 1109 1185 1180 Congrue
1225 1128 1355 1184 ergo
1399 1129 1553 1168 saera
1610 1118 1881 1171 subnectit

301 1199 531 1254 historia
572 1219 584 1254 :
622 1218 641 1250 ε
681 1200 943 1270 Populum
978 1217 1194 1271 quoque
1238 1202 1356 1270 ejus
1398 1205 1668 1262 adducens
1698 1222 1884 1263 serva-

299 1293 382 1347 vit
418 1331 434 1356 ,
485 1301 536 1346 et
595 1291 916 1363 circumegit
971 1308 1132 1362 super
1176 1310 1270 1349 eos
1331 1295 1532 1350 ferrata
1587 1309 1876 1368 carpenta;

301 1385 594 1455 divisitque
639 1385 860 1449 cultris,
915 1397 970 1441 et
1024 1389 1328 1442 transduxit
1380 1389 1433 1442 in
1480 1400 1604 1461 typo
1648 1390 1876 1444 laterum

300 1474 358 1542 (Ι
401 1474 528 1544 Reg.
575 1476 694 1547 xu).
743 1495 760 1528 ι
818 1476 956 1544 Quid
1002 1478 1145 1531 enim
1187 1493 1284 1547 per
1344 1479 1546 1533 ferrata
1578 1489 1874 1551 carpenta,

299 1567 444 1634 quod
468 1567 652 1636 utique
677 1583 846 1637 genus
875 1576 958 1622 est
995 1584 1248 1623 curruum
1274 1610 1288 1635 ,
1328 1570 1429 1624 nisi
1475 1569 1664 1624 fortem
1715 1583 1876 1642 atque

300 1655 770 1726 inexpugnabilem
801 1659 1115 1730 quadrigam
1161 1670 1470 1717 sanctorum
1520 1662 1877 1729 evangelista-

1987 487 2154 553 magis
2176 501 2239 538 ac
2268 487 2437 557 magis
2462 501 2722 542 exacuam
2748 503 2761 547 ;
2793 485 3060 540 evellatur
3100 500 3128 537 a
3163 485 3324 540 corde
3368 494 3554 539 nostro

1985 575 2242 628 radicitus
2276 577 2500 630 avaritia
2529 616 2543 638 ,
2594 575 3039 630 concurrentibus
3080 575 3286 628 scilicet
3311 574 3551 628 omnium

1985 663 2384 732 Scripturarum
2436 666 2759 721 testimoniis
2827 664 3224 718 evidentissima
3292 664 3551 718 condem-

1981 765 2106 807 nata
2139 773 2152 807 :
2180 766 2234 807 et
2264 772 2385 809 cum
2420 757 2600 810 Achan
2637 755 2745 808 ﬁlio
2775 756 3014 818 Charini,
3043 757 3192 823 quasi
3228 764 3302 808 tot
3333 755 3550 808 Patrum

1982 847 2262 901 sententiis
2291 887 2304 908 ,
2349 856 2479 916 quot
2519 847 2780 916 lapidibus
2835 848 3061 914 obrupta
3105 844 3242 903 (los.
3283 854 3401 912 vn).
3435 843 3551 898 Non

1981 936 2306 1004 accipiendis
2345 939 2656 992 muneribus
2707 937 3084 1000 delectemur,
3131 951 3196 990 ne
3254 937 3306 989 in
3354 934 3549 988 occulti

1981 1027 2222 1080 censoris
2250 1028 2498 1081 examine
2526 1043 2554 1081 a
2583 1027 2925 1089 sacerdotali,
2955 1029 3095 1095 quod
3123 1027 3260 1080 absit
3288 1027 3299 1079 l
3337 1026 3550 1091 deiiciat—

1979 1130 2100 1168 mur
2137 1115 2361 1177 ordine,
2411 1116 2549 1168 sicut
2595 1115 2686 1168 lilii
2742 1114 3008 1169 Samuelis
3047 1117 3114 1170 ob
3156 1117 3257 1168 hoc
3281 1113 3550 1184 iudicialis

1978 1204 2210 1258 amisere
2238 1205 2487 1258 culminis
2525 1206 2861 1276 dignitatem.
2903 1206 3016 1260 Non
3041 1207 3340 1268 vendamus
3385 1221 3549 1276 syno-
3580 1277 3583 1280 _

1979 1293 2104 1347 dum
2128 1335 2143 1357 ,
2199 1310 2296 1349 nec
2329 1297 2585 1366 synodale
2620 1295 2897 1350 decretum
2951 1296 3255 1364 redigamus
3288 1295 3352 1348 ad
3393 1294 3547 1364 pretii

1977 1384 2370 1452 quantitatem,
2421 1401 2489 1440 ne
2536 1387 2674 1440 sacri
2734 1387 2944 1439 concilii
2996 1387 3254 1455 Spiritum
3303 1395 3546 1440 sanctmn

1977 1472 2279 1526 distrahere
2333 1474 2615 1527 videamur
2666 1483 2961 1528 auctorem.
3019 1473 3302 1529 Saecularis
3342 1489 3549 1544 pompae

1976 1559 2210 1614 facessat
2260 1562 2521 1626 ambitio,
2581 1564 2891 1617 moderetur
2961 1565 3103 1617 nitor
3158 1573 3210 1617 et
3263 1563 3548 1617 insolentia

1975 1653 2225 1714 vestium,
2273 1653 2578 1721 epularum,
2607 1669 2671 1707 ae
2706 1663 2926 1722 potnum
2959 1653 3302 1723 ingurgitatio
3347 1663 3549 1722 tempe-

299 1762 453 1809 rum,
480 1763 541 1801 ac
585 1762 679 1816 per
703 1749 804 1803 hoc
831 1750 1070 1803 omnium
1119 1751 1420 1804 divinarum
1469 1751 1872 1820 Scripturarum
1905 1747 1947 1804 Β
1980 1749 2148 1795 retur.
2177 1741 2231 1795 In
2261 1757 2451 1796 manus
2479 1760 2772 1813 pauperum
2806 1755 2985 1796 nostra
3021 1745 3240 1813 pecunia
3275 1753 3542 1805 transeat;

295 1837 594 1906 intelligere
615 1839 874 1893 debemus
904 1839 1173 1908 eloquium
1195 1840 1218 1894 ’ἒ
1239 1839 1394 1906 Nam,
1423 1852 1581 1912 prout
1609 1841 1733 1895 alibi
1761 1842 1870 1911 jam

295 1925 552 1990 diximus,
594 1927 696 1979 vile
723 1928 938 1995 quidem
987 1927 1212 1992 ferrum,
1244 1940 1420 1985 tamen
1466 1932 1683 1985 edomat
1712 1947 1873 1986 omne

293 2013 595 2066 metallum.
645 2014 795 2070 Sicut
845 2017 1047 2071 ferrum
1093 2019 1324 2075 metallis
1351 2022 1600 2074 omnibus
1628 2023 1881 2076 domina-

292 2111 413 2167 tur;
445 2105 522 2158 sic
561 2108 868 2176 evangelica
895 2109 1136 2164 doctrina
1178 2112 1342 2167 duras
1381 2122 1588 2168 mentes
1628 2116 1871 2170 emollire

289 2197 654 2264 cognoscitur.
705 2199 842 2266 Quid
883 2209 966 2255 est
1014 2214 1161 2279 ergq
1182 2218 1344 2271 super
1387 2214 1575 2273 captos
1624 2206 1870 2261 homines

289 2283 494 2338 ferrata
528 2299 806 2357 .carpeuta
861 2291 1265 2362 circumagere,
1324 2294 1427 2346 nisi
1489 2309 1655 2348 saera:
1708 2294 1870 2365 552

291 2376 587 2446 Scriptura:
616 2382 746 2434 rotis
785 2383 1138 2437 humanarum
1185 2386 1444 2440 mentium
1493 2402 1675 2442 aream
1711 2388 1871 2442 tritu-

288 2467 450 2520 rare?
481 2478 538 2521 ut
579 2471 628 2522 in
675 2472 754 2525 eis
780 2488 958 2528 sermo
983 2475 1194 2530 divinus
1220 2487 1273 2530 et
1304 2478 1557 2532 vitiorum
1594 2480 1864 2535 reluctan-

287 2556 422 2609 tium
449 2557 632 2627 glebas
671 2563 901 2626 obterat,
936 2572 992 2616 et
1031 2579 1124 2619 eas
1156 2567 1220 2618 ad
1245 2568 1616 2635 suscipiendas
1648 2571 1868 2622 manda-

286 2655 467 2702 torum
519 2651 817 2707 caelestium
848 2663 1056 2724 segetes
1087 2659 1432 2727 complanare
1486 2669 1540 2712 et
1584 2676 1866 2727 exmquare

283 2739 596 2792 contendat.
630 2741 695 2794 Et
739 2743 866 2811 quid
913 2753 1036 2809 est,
1077 2759 1171 2799 eos
1199 2747 1390 2801 cultris
1434 2747 1713 2810 dividere,
1762 2748 1863 2801 nisi

285 2838 631 2894 peccatorum
660 2830 937 2886 hoininum
963 2834 1348 2888 conscientiam
1373 2835 1437 2888 ad
1468 2835 1874 2890 confessionem

284 2918 452 2971 divini
487 2922 630 2974 verbi
663 2924 1135 2991 prmdicationibus
1169 2929 1418 2996 aperire?
1459 2927 1534 2982 De
1561 2944 1666 2997 quo
1696 2931 1864 2983 verbo

282 3011 412 3064 dicit
440 3014 724 3083 Apostolus
747 3032 758 3068 :
793 3035 809 3067 ‹
838 3017 1082 3072 Gladium
1107 3019 1350 3088 spiritus,
1372 3021 1512 3088 quod
1534 3029 1614 3076 est
1636 3022 1858 3075 verbum

281 3099 378 3154 Dei
425 3101 639 3170 (Ep/res.
673 3106 768 3176 Vt).
798 3125 816 3159 ι
853 3107 1004 3162 Tunc
1051 3083 1194 3163 enim
1240 3083 1495 3180 tanquam
1529 3113 1861 3180 spiritalibus
1887 3083 1931 3144 Ο

280 3189 476 3244 cultris
528 3193 689 3247 homo
718 3195 973 3250 dividitur
998 3238 1011 3260 ,
1044 3214 1172 3253 cum
1213 3200 1279 3253 ad
1307 3201 1632 3270 detegendas
1669 3205 1859 3258 animre

279 3293 397 3332 suae
418 3279 601 3351 plagas
624 3284 800 3338 divini
827 3287 981 3341 verbi
1006 3287 1184 3358 gladio
1209 3289 1512 3345 desecatur.
1549 3292 1658 3348 Cur
1680 3304 1857 3348 autem

279 3381 379 3423 eos
412 3369 463 3423 in
515 3382 695 3442 typum
737 3374 964 3430 laterum
1011 3381 1383 3437 transduxisse
1433 3394 1686 3439 narratur
1711 3425 1726 3449 ,
1755 3387 1862 3440 nisi

280 3457 410 3524 quia
442 3458 636 3516 lateres
663 3473 717 3517 et
767 3467 964 3519 terreni
998 3476 1124 3521 sunt
1152 3477 1211 3522 et
1244 3470 1490 3526 decocti?
1515 3471 1666 3528 Tunc
1713 3479 1857 3528 enim

281 3563 540 3617 peccator
583 3556 634 3607 in
675 3567 856 3628 typum
887 3558 1071 3614 lateris
1100 3563 1329 3616 vertitur
1351 3603 1367 3629 ,
1399 3580 1522 3619 cum
1552 3567 1616 3621 ad
1665 3567 1861 3635 praedi-

279 3641 512 3696 cationis
547 3658 774 3710 vocem,
817 3649 990 3702 sancti
1031 3650 1263 3719 Spiritus
1301 3655 1548 3708 ardorem
1579 3658 1855 3725 concipit,

276 3739 351 3787 et.
381 3732 646 3786 veraciter
693 3735 1004 3793 humiliatus
1032 3779 1048 3802 ,
1079 3748 1276 3796 terram
1327 3757 1386 3796 se
1434 3760 1498 3797 ae
1540 3744 1707 3798 lutum
1738 3761 1860 3800 esse

276 3821 580 3888 perpendit.
625 3822 717 3877 Sic
745 3825 926 3897 itaque
979 3829 1207 3898 quisque
1233 3846 1526 3886 conversus
1575 3849 1638 3888 ac
1687 3835 1861 3903 poeni-

279 3919 402 3965 καις
432 3911 485 3964 in
516 3911 701 3967 lateris
734 3914 1000 3971 formatur
1052 3918 1343 3990 imaginem
1374 3961 1389 3986 ,
1434 3938 1556 3977 cum
1601 3934 1654 3978 et
1683 3925 1857 3979 humi-

275 3995 446 4052 liatnr
486 4015 550 4054 ex
596 4019 708 4058 sine
757 4004 1064 4075 fragilitatis
1115 4009 1269 4072 luto,
1306 4019 1360 4062 et
1417 4013 1570 4079 quasi
1621 4015 1856 4070 rubescit

273 4089 392 4144 sive
410 4088 732 4148 ﬂammescit
753 4096 802 4148 in
817 4112 1003 4151 amore
1023 4099 1224 4161 divino,
1242 4111 1322 4164 ut,
1341 4101 1467 4154 dum
1491 4117 1550 4156 se
1579 4112 1854 4158 terrenum

273 4183 556 4249 pulverem
616 4195 856 4252 pensat,
910 4203 1008 4245 cor
1052 4207 1204 4245 suum
1255 4194 1322 4247 ad
1384 4194 1696 4249 referendas
1747 4197 1855 4250 Deo

273 4271 506 4342 gratias,
533 4273 621 4341 qui
652 4289 711 4328 se
760 4280 1050 4344 revocavit,
1083 4283 1362 4337 accendat.
1399 4284 1549 4340 Unde
1599 4296 1652 4340 et
1682 4285 1851 4342 Adam

273 4362 666 4431 interpretatur
711 4374 850 4420 terra
915 4370 1074 4423 rubra
1105 4411 1128 4435 ,.
1173 4383 1231 4424 ut
1275 4390 1340 4426 ex
1397 4376 1555 4444 primi
1609 4379 1850 4445 parentis

272 4454 497 4507 nomine
533 4456 760 4524 quisque
797 4458 1076 4514 condiscat
1103 4463 1184 4515 vel
1215 4465 1342 4531 quid
1390 4439 1732 4532 originaliter
1756 4469 1849 4530 sit.
1878 4439 1930 4497 D

272 4543 359 4596 vel
382 4544 511 4610 quid
533 4560 656 4598 eum
681 4547 966 4600 actualiter
985 4561 1103 4602 esse
1122 4554 1410 4606 conveniat
1445 4555 1525 4607 Ad
1550 4557 1648 4610 hos
1671 4558 1853 4627 itaque

272 4633 628 4706 'triumphos]
658 4638 971 4693 sacerdotes
1001 4639 1385 4707 Ecclesiarum,
1413 4646 1479 4698 ad
1508 4646 1640 4702 istas
1680 4651 1852 4704 sancti

270 4726 556 4795 pontiﬁces
585 4726 885 4783 debuerant
935 4730 1192 4785 anhelare
1237 4732 1493 4788 victorias
1520 4776 1534 4798 ,
1569 4752 1671 4789 non
1701 4756 1853 4792 sum-

269 4817 480 4886 ptuosis
524 4819 804 4887 epularum
854 4821 1072 4876 ferculis
1097 4862 1112 4888 ,
1144 4837 1250 4877 non
1299 4825 1492 4878 resolvi
1527 4827 1854 4885 lcnocinanti

270 4907 566 4976 petulantia
595 4910 904 4978 voluptatis.
943 4911 1072 4966 Post
1115 4915 1297 4968 mundi
1344 4918 1543 4985 quippe
1581 4921 1852 4974 nascentis

270 4999 550 5054 exordium
607 5016 706 5069 per
755 5004 900 5056 mille
929 5003 1100 5060 ferme
1143 5015 1304 5076 atque
1345 5018 1632 5064 sexcentos
1679 5027 1850 5066 annos

268 5091 572 5147 humanum
612 5110 782 5164 genus
824 5097 942 5152 sine
989 5097 1099 5152 vini
1140 5099 1332 5166 poculo
1375 5109 1430 5155 et
1467 5116 1560 5155 esu
1602 5103 1845 5155 carnium

268 5180 432 5245 vixit;
468 5198 568 5238 nec
617 5192 793 5241 tamen
842 5187 1148 5256 quispiam,
1187 5202 1346 5257 quem
1384 5188 1664 5259 Scriptura
1703 5207 1850 5246 com-

267 5279 551 5339 memoret,
585 5289 757 5345 asque
787 5279 854 5331 ad
881 5278 1088 5332 obitum
1119 5279 1376 5349 languore
1405 5281 1702 5336 contabuit.

853 5385 1080 5442 CAPUT
1119 5387 1250 5442 Vill.

577 5494 829 5568 Epilogus
849 5497 944 5564 ,ἐι
978 5502 1214 5568 opusculi
1241 5501 1520 5556 conclusio.

331 5585 437 5640 Sed
474 5597 533 5640 ut
551 5585 664 5654 jam
686 5629 701 5654 ,
738 5606 856 5661 qua:
882 5608 1042 5661 supra
1073 5593 1232 5648 latius
1262 5596 1646 5666 comprehensa
1673 5604 1794 5648 sunt
1822 5635 1835 5658 ,

261 5677 440 5732 brevis
494 5679 689 5749 epilogi
747 5680 851 5735 line
903 5683 1220 5754 concludam
1274 5705 1287 5742 :
1336 5696 1390 5743 et
1439 5687 1577 5744 cotis
1622 5686 1837 5741 functus

1973 1848 2091 1900 qam
2147 1849 2242 1903 per
2288 1835 2571 1887 avaritiam
2635 1844 2907 1899 torserat,
2966 1852 3062 1903 per
3120 1837 3543 1890 misericordiam

1972 1924 2232 1978 exhausta
2273 1923 2384 1990 jam
2442 1940 2699 1979 crumena
2771 1925 3031 1979 follescat.
3096 1925 3300 1980 Nostrze
3347 1927 3544 1980 (iit'itizc

1973 2024 2265 2080 nosterque
2319 2012 2606 2067 thesaurus
2659 2014 2808 2067 lucra
2845 2015 2951 2068 sint
2997 2015 3340 2079 animarum,
3387 2024 3441 2068 et
3487 2015 3541 2068 in

1973 2117 2098 2156 arca
2155 2102 2322 2155 nostri
2374 2103 2607 2170 pectoris
2646 2103 2875 2170 pretiosa
2932 2104 3296 2156 recondantur
3341 2103 3540 2157 talenta

1969 2195 2246 2248 virtutum.
2280 2193 2334 2246 ln
2369 2195 2470 2248 hac
2498 2195 2660 2247 etiam
2693 2209 2783 2246 ara
2815 2193 3186 2263 principaliter
3212 2192 3536 2248 sacrificium

1968 2277 2256 2334 offeramus
2281 2319 2295 2342 ,
2343 2288 2399 2334 et
2423 2321 2440 2346 ,
2470 2280 2766 2349 proﬂigatis
2796 2297 2914 2348 qua:
2940 2282 3081 2334 circa
3114 2297 3210 2334 nos
3242 2289 3364 2334 sunt
3391 2321 3406 2345 ,
3449 2281 3546 2333 dr-

1969 2388 2112 2426 mum
2145 2372 2302 2444 553
2327 2373 2686 2442 nosmetipsos
2708 2375 2814 2426 Deo
2843 2375 3082 2426 viventes
3106 2372 3310 2426 hostias
3343 2371 3539 2424 immo-

1967 2462 2170 2525 lemus;
2219 2473 2487 2532 quatenus
2524 2463 2613 2531 qui
2645 2463 2948 2516 sacerdotes
2977 2463 3027 2515 in
3055 2463 3223 2514 Oculis
3262 2461 3535 2514 hominum

1963 2552 2240 2606 cernimur
2264 2590 2278 2614 ,
2327 2551 2380 2604 in
2433 2551 2710 2605 obtutibus
2745 2551 2905 2605 etiam
2949 2550 3141 2605 occulti
3179 2549 3382 2604 Judieis
3421 2549 3537 2604 veri

1966 2641 2252 2695 sacerdotii
2277 2638 2400 2708 jure
2425 2639 2728 2710 fungamur.

2601 2811 2910 2868 scaeua.
3521 2887 3530 2890 _g

2036 2904 2240 2972 Regalis
2275 2907 2449 2974 itaque
2487 2921 2718 2972 purpura
2756 2906 2876 2974 quia
2909 2903 3145 2958 unicolor
3182 2913 3288 2970 est,
3328 2905 3540 2974 vilipen-

1936 2967 2141 3035 iditur';
2171 2975 2333 3043 pallio
2364 2967 2476 3026 itero
2506 2967 2722 3027 diuersis
2749 2967 2922 3043 fucata
2963 2974 3235 3036 nitoribus,
3271 2967 3340 3028 od
3375 2967 3538 3043 subli-

1963 3045 2060 3097 mis
2100 3042 2276 3096 lectuli
2314 3043 2628 3107 deputantur
2663 3042 2922 3097 ornatum.
2958 3043 3030 3097 Ex
3080 3045 3179 3097 hoc
3220 3045 3336 3098 loco
3379 3042 3536 3096 facile

1963 3114 2232 3182 colligitur
2255 3113 2420 3165 ninlto
2451 3120 2574 3182 ante
2601 3127 2760 3181 quam
2797 3115 3122 3168 recentiores
3151 3113 3353 3182 aliquot
3382 3111 3537 3165 διην-

1964 3181 2146 3237 mant.
2199 3197 2487 3252 purpuram
2540 3181 2596 3252 S.
2652 3182 2718 3234 ll.
2771 3183 2832 3236 Ε.
2879 3181 3252 3236 cardinalium
3291 3183 3530 3236 habitum

1961 3253 2159 3315 fuisse,
2193 3251 2290 3306 nec
2324 3267 2522 3321 eorum
2551 3251 2832 3312 duntaxat.
2870 3253 2961 3321 qui
2997 3268 3060 3306 ex
3092 3252 3409 3306 clericorum
3439 3266 3532 3305 or-

1961 3325 2084 3377 dine
2135 3323 2202 3376 ad
2253 3333 2358 3375 tam
2411 3320 2638 3375 sublime
2671 3320 2951 3392 fastigium
2999 3322 3386 3392 evehebantur,
3438 3321 3534 3392 sed

1959 3395 2124 3447 etiam
2165 3392 2546 3445 monachorum
2589 3406 2620 3444 e
2661 3391 2717 3446 S.
2757 3391 2826 3445 P.’
2865 3392 3134 3446 Benedicti
3175 3391 3424 3445 claustris
3465 3391 3532 3443 ad

1959 3479 2086 3517 eam
2124 3463 2901 3530 dignitatemiassumptorum.
2971 3462 3194 3516 Constat
3251 3461 3392 3530 enim
3438 3475 3536 3522 eos,

1960 3533 2026 3586 ad
2063 3548 2195 3600 quos
2229 3532 2421 3585 Petrus
2459 3529 2631 3600 Dum.
2655 3529 2878 3593 scribit,
2924 3530 3215 3584 monachos
3262 3529 3424 3600 fuisse
3465 3545 3532 3584 ex

1959 3599 2132 3656 sancti
2165 3600 2439 3654 Benedicti
2471 3599 2691 3661 familia,
2725 3601 2920 3666 quibus
2949 3610 3122 3653 tamen
3153 3601 3223 3652 ita
3260 3599 3529 3667 loquitur:

1966 3691 1983 3720 ι
2015 3671 2080 3724 Et
2115 3687 2234 3724 cum
2267 3669 2544 3723 domeSIici
2583 3670 2814 3722 murices
2845 3669 3042 3725 nostris
3083 3670 3388 3737 aspectibus
3417 3683 3533 3721 sor-

1959 3741 2153 3800 dcant.
2205 3739 2686 3793 transmarinorum
2731 3740 2927 3807 pelles,
2967 3740 3088 3807 quia
3129 3755 3321 3807 magno
3360 3738 3532 3807 pretio

1958 3818 2302 3871 coemuntur,
2337 3808 2628 3862 oblectant.
2668 3827 2685 3858 ι
2725 3809 2823 3874 Qui
2855 3811 3111 3870 arbitror,
3153 3816 3210 3859 ut
3254 3808 3531 3870 dicebam,

1958 3879 2114 3947 longe
2138 3879 2493 3946 antiquiorem
2525 3892 2774 3944 purpura:
2798 3894 2948 3930 nsum
2979 3878 3118 3929 inter
3141 3876 3196 3947 S.
3220 3875 3284 3928 R.
3315 3876 3372 3928 E.
3399 3890 3531 3947 prte-

1956 3945 2102 4002 sules
2131 3945 2326 4011 fuisse,
2359 3963 2515 4015 quam
2547 3949 2875 4001 recentiores
2905 3948 3068 4014 aliqui
3099 3945 3426 4015 existiment.
3466 3945 3532 3998 Et

1956 4019 2173 4086 quidem
2203 4020 2244 4069 si
2278 4018 2329 4070 in
2361 4014 2506 4070 hisce
2536 4017 2696 4069 rebus
2725 4027 3101 4085 argumentum
3134 4014 3272 4086 valet
3298 4031 3332 4086 ag
3357 4015 3531 4086 pictu-

1958 4084 2032 4141 ris
2054 4088 2414 4152 desumptum,
2441 4100 2689 4153 purpura:
2717 4084 2866 4137 usum
2898 4101 3000 4137 non
3029 4085 3187 4153 modo
3213 4084 3263 4135 in
3288 4084 3525 4145 clericis,

1956 4157 2049 4209 sed
2089 4151 2252 4208 etiam
2286 4155 2335 4206 in
2368 4151 2644 4205 monachis
2682 4153 2845 4206 fuisse
2874 4151 3307 4220 antiquissimum
3341 4153 3532 4218 prohat

1955 4227 2118 4278 etiam
2144 4233 2332 4276 auctor
2357 4223 2475 4275 libri
2503 4221 2660 4274 beato
2689 4222 2965 4274 Desiderio
2989 4220 3170 4275 abbati
3195 4230 3248 4272 et
3269 4220 3529 4272 cardinaI-i

1952 4308 2119 4362 prope
2146 4308 2342 4346 annum
2367 4291 2573 4362 Domini
2605 4290 2739 4362 loco
2762 4291 3011 4362 dedicati,
3039 4301 3090 4342 et
3115 4305 3179 4343 ex
3207 4289 3527 4362 bibliotheca

1953 4359 2232 4418 Casinonsi
2269 4379 2388 4416 cum
2421 4361 2540 4414 aliis
2581 4360 2761 4414 nudtis
2797 4361 2848 4413 in
2880 4360 3191 4413 Vaticanum
3235 4359 3476 4410 translati
3513 4376 3524 4410 :

1957 4434 2008 4488 in
2039 4432 2192 4500 cujus
2221 4433 2413 4494 fronte,
2449 4432 2580 4499 ipse,
2615 4429 2861 4498 inquam.
2901 4429 3207 4500 Desiderius
3234 4429 3529 4500 monachus

1954 4513 2009 4557 et
2032 4497 2198 4556 abbas
2222 4504 2358 4555 sacri
2390 4497 2698 4554 monasterii
2725 4502 3056 4560 Casinensis,
3087 4514 3149 4553 ac
3174 4498 3312 4550 tituli
3339 4497 3396 4550 S.
3422 4497 3531 4549 Cm-

1955 4575 2093 4629 ciliaa
2119 4573 2403 4642 presbyter
2430 4570 2720 4642 cardinalis
2748 4571 2943 4642 duplici
2977 4579 3147 4631 veste,
3181 4569 3369 4622 stricta
3399 4583 3526 4629 una,

1955 4639 2334 4703 talarialtera,
2369 4650 2429 4713 et
2453 4639 2604 4713 quasi
2642 4641 2907 4713 consulari
2947 4654 3214 4713 purpurea
3258 4647 3482 4713 utraque.
3510 4674 3521 4692 ,

1957 4716 2196 4778 vittaque
2223 4726 2382 4764 aurea
2420 4710 2469 4761 in
2500 4709 2721 4777 singulis
2753 4709 3187 4762 extren'titatihus
3222 4713 3408 4778 ornata
3444 4709 3526 4778 in-

1957 4773 2198 4851 spicitur.
2231 4779 2333 4851 Nec
2361 4773 2816 4851 estuttli'lautlnin
2846 4779 2972 4848 quin
3003 4778 3218 4829 vivente
3253 4773 3525 4851 Desiderio

1955 4843 2019 4906 ea
2052 4852 2254 4920 pictura
2288 4848 2423 4902 facta
2456 4849 2710 4920 sit;_nam
2746 4843 3101 4920 μηρία-ηψπ]
3135 4843 3276 4920 quod
3314 4856 3524 4920 γυνξιιδι

1955 4911 2198 4988 ψιὶῚίὺνὶ
2246 4918 2506 4987 principio
2542 4917 2609 4970 ab
2641 4911 3030 4988 atioiiyiitoillo
3061 4911 3337 4968 Casiuensi
3384 4911 3527 4975 ejus-

1953 4986 2073 5043 dem
2104 4989 2224 5042 lihri
2249 4986 2509 5054 Scriptura
2533 4986 2894 5059 pr.e_ligun_tur,
2921 4986 3092 5053 ipsum
3121 4994 3369 5049 tanquam
3398 4994 3526 5059 prai-

1952 5068 2158 5113 sentetn
2197 5049 2545 5124 alloquuntur
2581 5072 2594 5107 :
2641 5049 2707 5106 id
2733 5057 2892 5107 etiam
2940 5049 3200 5122 prtetcrea
3251 5049 3520 5124 ostendit.

1951 5132 2091 5196 quod
2125 5118 2431 5198 Desiderius
2460 5127 2524 5198 ad
2552 5124 2751 5198 capitis
2781 5118 2984 5192 tergum
3015 5125 3332 5198 quadratam
3363 5118 3526 5171 habet

1951 5191 2230 5259 tabellam,
2259 5213 2378 5265 quas
2406 5191 2676 5265 indicium
2698 5209 2761 5246 ea
2795 5191 3111 5261 tempestate
3139 5191 3365 5244 viventis
3402 5201 3523 5239 esse

1949 5268 2122 5321 solere
2151 5307 2164 5328 ,
2201 5263 2509 5334 pervetusta
2552 5263 2710 5334 Urbis
2746 5271 3122 5323 monumenta,
3157 5273 3382 5334 quorum
3421 5271 3522 5334 nos

1951 5337 2118 5389 multa
2148 5326 2582 5391 observavimus,
2612 5333 2981 5384 demonstrant
3014 5349 3026 5383 :
3058 5339 3105 5382 et
3145 5329 3378 5382 Joannes
3401 5326 3522 5376 dia-

1950 5421 2119 5458 conus
2154 5403 2440 5458 eardinalis
2471 5403 2520 5454 in
2553 5401 2669 5452 Vita
2699 5401 2754 5453 S.
2785 5399 3007 5468 Gregor.
3042 5399 3133 5452 lib.
3167 5414 3238 5459 tv,
3275 5412 3394 5464 cap.
3427 5394 3524 5459 84,

1949 5483 2195 5528 testatur.
2226 5473 2482 5542 Amplius,
2519 5471 2657 5542 sicut
2684 5470 2984 5542 cardinales
3012 5470 3063 5523 in
3096 5469 3520 5542 locutusettalus

1946 5545 2153 5612 antiqui
2183 5537 2628 5612 succéssere,_ita
2663 5538 2828 5612 multo
2860 5549 3206 5612 anteaquam
3242 5537 3292 5590 hi
3326 5549 3518 5588 recen-

1947 5608 2108 5684 tiores
2128 5613 2436 5684 opinantur,
2465 5625 2494 5661 a
2517 5608 2779 5684 Romanis
2803 5609 3143 5684 pontiﬁcibus
3165 5623 3256 5660 eos
3283 5617 3517 5684 purpura

1942 5671 2182 5738 donatos‘
2203 5680 2374 5735 fuisse
2417 5671 2862 5734 verisitnillimu'm
2906 5677 2984 5733 ﬁt.
3021 5678 3161 5742 Sed,
3197 5685 3246 5730 et
3280 5671 3409 5728 cum.
3432 5671 3518 5724 div
