4132 6324
288 335 391 394 545

807 449 1033 506 CAPUT
1073 449 1360 505 PRIMUM.

287 545 444 616 Quod
478 546 532 599 in
565 543 714 598 rebus
751 542 1151 611 despicabilibus
1180 543 1391 612 gravior
1418 551 1492 594 est
1531 541 1870 593 abstinentia.

361 633 483 707 Ipse
516 645 728 702 quoque
766 631 900 688 mihi
953 646 1123 698 nuper
1163 630 1444 684 confessus
1504 645 1564 683 es
1619 629 1873 696 quoniam

288 727 414 782 ideo
442 733 496 777 te
533 721 775 776 funditus
810 736 838 774 a
869 735 1156 790 porrorum
1213 720 1327 773 sive
1369 735 1636 787 exeparum
1691 732 1876 788 perce-

290 814 476 885 ptione
497 811 816 880 compescis,
843 810 969 878 quia
1000 809 1244 864 videlicet
1277 809 1361 862 his
1385 808 1726 861 acuminibus
1747 807 1880 861 ube-

292 906 407 961 rius
434 904 743 958 delectaris.
781 903 838 955 ln
867 902 952 955 bis
981 901 1162 970 itaque
1189 901 1606 968 despicabilibus
1640 901 1798 954 rebus
1825 907 1878 953 et

292 998 513 1070 gravior
551 996 876 1051 abstinentia
901 1035 916 1059 ,
973 1002 1029 1048 et
1068 995 1246 1048 minor
1280 1004 1363 1048 est
1407 994 1597 1064 gloria.
1643 993 1879 1048 Facilius

293 1089 441 1145 enim
475 1102 674 1151 carne,
719 1101 879 1154 quam
925 1085 1039 1138 sale
1067 1085 1190 1154 quis
1232 1085 1496 1149 abstinet;
1539 1085 1757 1154 gravius
1799 1092 1880 1138 est

296 1178 531 1246 abjicere
579 1176 786 1231 fructus
829 1176 1126 1239 arborum,
1175 1191 1335 1244 quam
1385 1190 1634 1244 aspersas
1686 1175 1881 1244 patinis

294 1267 623 1338 fragrantias
650 1267 1069 1337 pigmentorum.
1092 1265 1410 1332 Quanquam
1435 1274 1489 1316 et
1513 1274 1761 1332 parentes
1788 1280 1880 1316 no-

295 1368 443 1414 stros
486 1354 550 1411 de
577 1357 841 1426 paradiso
885 1370 1102 1424 pomum
1153 1353 1437 1423 projecerit
1468 1354 1620 1424 (Cen.
1664 1356 1835 1422 xxxii)
1863 1393 1877 1418 ,

297 1464 405 1502 non
447 1448 796 1517 pigmentum.
845 1445 980 1510 Quia
1013 1461 1118 1498 non
1151 1455 1234 1498 est
1263 1446 1316 1498 in
1355 1445 1511 1514 culpa
1543 1446 1683 1512 quod
1715 1446 1881 1514 pluris

294 1537 433 1597 emi,
469 1539 561 1590 sed
592 1536 733 1603 quod
771 1535 940 1604 possit
973 1534 1184 1586 avidius
1215 1535 1542 1601 coneupisci.
1575 1535 1678 1588 Sed
1710 1536 1882 1603 potiu-

293 1645 416 1682 rum
456 1644 633 1682 rerum
668 1627 990 1680 abstinentia
1029 1626 1215 1695 plausu
1256 1626 1456 1679 favoris
1493 1625 1774 1688 attollitur,
1804 1625 1884 1678 vi-

295 1719 428 1772 lium
460 1733 586 1770 vero
619 1725 960 1784 contemptus
985 1716 1180 1784 dignus
1215 1716 1484 1784 praeconio
1515 1733 1618 1768 non
1646 1716 1876 1768 videtur.

300 1809 457 1865 Unde
501 1809 558 1860 fit
594 1817 650 1860 ut
711 1808 851 1874 quod
897 1807 1121 1860 minoris
1156 1817 1244 1860 est
1275 1806 1496 1860 honoris
1536 1807 1588 1858 ιιι
1632 1805 1878 1874 publi-0,
1914 1805 1956 1862 Β

303 1898 528 1966 majoris
567 1897 746 1967 gloria:
816 1897 1024 1966 pondus
1097 1895 1294 1950 habeat
1354 1896 1406 1950 in
1465 1896 1695 1950 occulto.
1761 1896 1877 1950 Sic-

290 1997 358 2044 ut
395 1989 470 2041 ait
534 1987 858 2056 praedicator
909 1985 1200 2055 egregius:
1273 1984 1477 2050 «Quod
1540 1983 1700 2054 557
1762 2000 1879 2038 mo-

291 2090 659 2142 mentaueum,
709 2077 911 2145 inquit,
961 2085 1016 2130 et
1062 2079 1177 2129 leve
1220 2085 1304 2129 est
1360 2074 1726 2146 tribulationis
1784 2091 1881 2128 no-

295 2183 448 2238 stra},
493 2187 654 2240 supra
698 2172 914 2223 modum
970 2171 1022 2222 ιιι
1077 2167 1409 2222 sublimitate
1465 2177 1726 2221 aeternum
1765 2168 1878 2235 glo-

295 2263 394 2318 ria:
443 2261 650 2331 pondus
685 2268 944 2327 operatur
974 2257 1026 2311 in
1057 2257 1211 2311 nobis
1250 2256 1333 2327 (II
1361 2256 1482 2309 Cor.
1512 2259 1605 2326 tv).
1639 2275 1657 2308 ι
1691 2255 1877 2309 Enim-

291 2373 428 2414 vero
471 2357 600 2412 mihi
646 2357 870 2411 videtur-
889 2369 1082 2409 servus
1127 2353 1216 2407 ille
1262 2354 1371 2420 Dei,
1420 2367 1579 2423 quem
1619 2352 1876 2418 diximus,

295 2448 369 2505 de
417 2451 588 2503 sancti
637 2447 874 2518 Spiritus
921 2447 1024 2500 hoc
1074 2444 1341 2498 inlusione
1383 2445 1689 2514 concipere,
1737 2445 1880 2513 quod

296 2553 515 2608 semper
554 2537 668 2590 vult
713 2537 780 2590 de
827 2535 1250 2605 Quadragesitna
1297 2535 1350 2587 itt
1399 2535 1880 2604 Quadragesimatu

296 2645 397 2698 per
459 2615 636 2682 varias
689 2627 1030 2682 snccedentis
1082 2626 1426 2681 abstinentia:
1485 2627 1884 2681 vicissitudines

299 2735 546 2784 currere,
591 2728 644 2774 et
681 2734 956 2787 nunquam
989 2716 1116 2771 velit
1141 2733 1170 2769 a
1203 2718 1472 2787 proposita
1500 2719 1694 2772 sacrati
1725 2717 1884 2786 hujus

304 2811 518 2866 numeri
549 2810 688 2864 linea
721 2809 1016 2864 declinare.
1055 2807 1154 2863 Hic
1180 2818 1259 2863 est
1283 2809 1428 2862 enim
1461 2825 1740 2874 numerus,
1777 2826 1884 2878 quo

299 2903 503 2956 cu-lum
538 2900 900 2970 cataclysmus
929 2901 1170 2968 aperuit;
1203 2915 1347 2963 cum,
1381 2898 1599 2953 abolitis
1628 2900 1884 2968 iniquita-

302 2999 416 3045 tunt
444 2991 710 3053 sordibus,
746 2989 928 3043 mundi
960 2987 1150 3042 facient
1177 2988 1352 3042 divina
1382 2988 1556 3057 pietas
1605 2988 1886 3042 innovavit

303 3084 462 3154 (Cen.
498 3083 612 3150 vn).
665 3082 771 3136 Per
802 3081 960 3152 hujus
995 3082 1204 3136 muneri
1246 3082 1628 3136 continentiam
1676 3082 1886 3153 Moyses

1171 332 1415 390 OPUSC.
1459 329 1672 387 XXX".
1699 358 1768 368 --
1799 326 1884 381 DE
1924 327 2487 402 QUADRACESIMA,
2530 335 2681 392 ETC.

3437 341 3545 397 διο

1903 459 1944 515 Α
1979 449 2214 504 rationes
2263 454 2698 521 quatuordccim,
2747 470 2776 509 a
2825 457 3295 526 transmigratione
3320 458 3550 530 Babylo-

1977 541 2062 592 nis
2109 555 2278 608 usque
2317 539 2383 593 ad
2425 539 2699 595 Christum
2738 546 3114 612 generationes
3138 536 3548 616 quatuordecitn

1981 627 2198 697 (Matth.
2225 628 2318 697 ι).›
2354 628 2473 698 ipso
2502 643 2631 698 ergo
2681 646 2903 685 ttutnero
2947 634 3204 689 Dominus
3244 636 3296 688 in
3329 635 3551 706 [Egypti

1982 720 2142 789 hujus
2188 720 2293 772 ima
2339 721 2637 785 descendit,
2669 737 2776 789 quo
2808 723 3035 792 populus
3062 725 3222 781 lsrael
3253 727 3319 782 ad
3351 737 3550 782 terram

1980 818 2414 887 repromissionis
2438 818 2700 872 ascendit.
2748 817 3052 884 Descendit,
3083 821 3324 889 inquam,
3356 822 3464 886 ille,
3496 833 3556 878 ut

1982 906 2080 959 iste
2094 905 2994 960 ascenderet.llleservitutisinduit
3010 906 3554 979 fortnam(l’ltilip.n),

1979 1005 2040 1048 ut
2062 995 2161 1050 iste
2187 996 2254 1050 de
2283 995 2558 1050 servitutis
2585 997 2854 1065 ergastulo
2885 996 3021 1050 liber
3049 997 3238 1051 exiret.
3274 997 3340 1053 Et
3367 998 3555 1053 obser-

1983 1097 2170 1165 vanter
2217 1086 2429 1156 Moyses
2479 1086 2679 1155 posuit,
2726 1087 2957 1140 dicens:
2993 1086 3404 1142 «Ascendcrunt
3457 1088 3551 1142 lilii
3637 1150 3643 1155 _

1983 1178 2142 1230 Israel
2170 1193 2294 1232 cum
2325 1179 2525 1233 virtute
2553 1193 2648 1232 sua
2683 1177 2878 1248 (Exod.
2911 1178 3052 1247 χιιι).
3085 1197 3102 1227 ι
3139 1178 3268 1244 Quae
3297 1188 3380 1232 est
3409 1181 3556 1233 enim

1983 1266 2279 1322 electorum
2326 1268 2516 1334 virtus,
2561 1269 2660 1322 nisi
2699 1268 2967 1334 Christus,
2996 1268 3086 1337 qui
3117 1279 3199 1322 est
3226 1269 3396 1323 virtus
3427 1269 3556 1324 Dei?

1986 1362 2033 1429 (Ι
2077 1362 2200 1416 Cor.
2242 1364 2304 1433 ι.)
2351 1363 2452 1430 Qui
2503 1379 2632 1433 ergo
2681 1362 2948 1426 ascendit,
3003 1378 3124 1415 eum
3166 1364 3281 1431 ipso
3317 1362 3556 1418 ascendit

1985 1452 2075 1520 qui
2105 1453 2169 1506 ad
2201 1469 2298 1506 nos
2343 1469 2447 1506 non
2493 1453 2836 1518 necessitate,
2878 1451 2973 1506 sed
3006 1452 3313 1521 dignatione
3338 1450 3563 1507 descen-

1986 1543 2097 1606 cit;
2144 1551 2202 1596 ut
2257 1543 2385 1595 illud
2429 1558 2615 1596 verum
2658 1557 2777 1596 esse
2808 1557 2912 1594 non
2939 1541 3232 1604 dttbitetur,
3284 1542 3426 1610 quod
3463 1556 3560 1611 per

1986 1631 2298 1700 Apostolnm
2347 1633 2585 1686 dicitur:
2624 1650 2640 1681 ι
2665 1631 2765 1696 Qui
2803 1630 3104 1692 descendit,
3139 1630 3251 1698 ipse
3287 1638 3442 1684 estet
3466 1630 3560 1700 qtti

1985 1723 2234 1776 ascendit
2277 1737 2440 1790 super
2469 1735 2658 1777 omnes
2689 1720 2878 1786 cmlos,
2929 1730 2988 1774 ut
3026 1718 3346 1789 aditupleret
3376 1721 3561 1777 omnia

1987 1813 2202 1885 (Ep/tes.
2233 1812 2328 1883 tv).
2358 1831 2376 1864 ι

2599 1901 2828 1958 CAPUT
2867 1901 2930 1956 ll.

1982 1995 2178 2050 Contra
2207 2013 2292 2050 eos
2319 1997 2408 2067 qui
2432 1995 2968 2115 litteralitcrutantum
3004 2011 3211 2048 sacram
3235 1992 3564 2067 Scriptorum

2623 2075 2729 2115 mte
2775 2073 2941 2115 munt.
3096 2093 3098 2096 ν

2623 2073 2941 2132 intelligunt.

2053 2159 2161 2214 Sed
2211 2160 2336 2229 quia
2386 2173 2487 2213 nos
2537 2172 2606 2212 ex
2659 2157 2946 2210 occasione
2993 2154 3235 2224 praedicti
3282 2154 3465 2210 fratris
3505 2155 3562 2211 in

1981 2250 2268 2305 materiam
2314 2245 2473 2314 huius
2521 2245 2900 2315 disputationis
2929 2243 3238 2311 incidimus,
3268 2242 3431 2315 558
3459 2260 3566 2300 non

1981 2346 2212 2401 otiosum
2259 2342 2530 2398 credimus
2573 2341 2619 2395 si
2665 2341 2718 2394 ιιι
2761 2354 2824 2394 ea
2869 2338 3030 2408 paulo
3063 2339 3264 2392 diutius
3312 2339 3566 2392 immore-

1982 2451 2149 2500 mur;
2213 2433 2515 2505 praesertim
2573 2445 2697 2486 cum
2752 2430 3021 2494 nonnulli,
3070 2429 3265 2483 divina:
3341 2429 3568 2484 rationis

1983 2527 2178 2596 ignari,
2211 2523 2461 2578 frivolum
2491 2528 2895 2591 conquerantur
2925 2528 3087 2589 atque
3138 2516 3464 2588 superfluunt
3509 2527 3569 2572 ut

1984 2616 2040 2670 in
2079 2612 2318 2667 Ecclesia
2358 2610 2567 2681 legatur
2612 2610 2839 2664 istarum
2878 2607 3171 2678 descriptio
3207 2607 3565 2662 mansionum.

1983 2705 2332 2759 Arbitrantur
2380 2701 2526 2756 enirn
2559 2701 2674 2754 ιιωο
2708 2700 2849 2754 scire
2886 2698 2970 2752 vel
3028 2697 3207 2768 legere
3242 2697 3318 2752 ttil
3350 2696 3568 2768 penitus

1985 2795 2236 2850 utilitatis
2277 2792 2472 2848 afferre
2502 2808 2514 2845 :
2545 2799 2798 2860 putantes
2833 2789 2978 2860 quod
3025 2803 3140 2842 rem
3197 2787 3569 2843 tantummodo

1987 2899 2192 2964 geszam
2245 2893 2428 2938 narrct
2482 2882 2740 2945 historia,
2799 2889 2852 2934 et
2906 2879 3048 2933 hanc
3098 2893 3220 2932 cum
3270 2878 3385 2946 ipsa
3441 2886 3568 2929 tunc

1987 2989 2258 3036 vetustate
2288 2978 2568 3040 transisse,
2613 2991 2789 3045 neque
2832 2990 2972 3028 nunc
3002 2973 3066 3028 ad
3092 2982 3335 3028 nostram
3362 2971 3568 3041 aliqua-

1989 3081 2144 3126 tenus
2205 3070 2455 3124 nolitiam
2511 3068 2802 3137 pertinere.
2857 3065 2964 3120 Sed
3016 3065 3061 3118 si
3119 3063 3392 3118 subtiliter
3448 3063 3566 3132 ipsa

298 3151 502 3243 scripta
547 3174 714 3244 digito
761 3151 1030 3243 Deilegis
1076 3173 1325 3226 mandata
1358 3173 1658 3242 promeruit
1686 3151 1883 3242 (and.

1992 3163 2289 3232 Scriptura:
2332 3161 2496 3214 verba
2540 3159 2944 3228 perpendimus,
2987 3171 3149 3225 quam
3190 3164 3447 3210 extrema:
3473 3156 3568 3209 dc-

302 3267 454 3333 xxiv)
485 3283 497 3318 :
525 3281 619 3334 per
646 3266 785 3319 hanc
818 3272 875 3319 et
907 3265 1052 3319 Elias
1090 3279 1263 3333 usque
1290 3265 1356 3318 ad
1389 3273 1624 3318 montem
1658 3264 1748 3318 Dei
1781 3264 1885 3318 llo-

303 3359 402 3412 reb
443 3358 704 3412 indeticua
757 3372 1036 3427 gressuum
1065 3355 1306 3425 agilitate
1337 3357 1581 3424 pervenit
1607 3353 1725 3423 (III
1753 3354 1883 3424 Rig.

302 3449 439 3516 xix).
474 3449 698 3503 Accedit
728 3449 852 3503 huic
883 3464 1109 3502 ntttnero
1138 3449 1293 3517 longe
1316 3448 1516 3500 clarior
1544 3447 1732 3516 gloria,
1765 3464 1886 3501 cunt

305 3546 361 3591 et
391 3539 504 3607 ipse
547 3539 806 3592 Dominus
835 3549 889 3592 et
918 3538 1278 3609 quadraginta
1323 3539 1512 3592 diebus
1537 3537 1802 3606 jejunavit
1832 3538 1884 3590 itt

306 3629 522 3681 deserto
567 3626 780 3695 (Matth.
830 3627 925 3697 tv),
977 3637 1031 3680 et
1073 3627 1294 3681 totidem
1342 3627 1493 3680 horis
1543 3627 1886 3697 postmodum

300 3718 488 3787 jacere
528 3719 778 3787 dignatus
821 3727 904 3771 est
938 3717 992 3771 in
1040 3717 1288 3787 sepulcro
1317 3716 1511 3786 (Marc.
1539 3719 1601 3789 t).
1626 3717 1753 3771 Post
1784 3717 1889 3771 Re-

308 3807 700 3862 surrectionem
725 3823 937 3878 quoque
963 3807 1316 3879 quadraginta
1351 3809 1540 3863 diebus
1578 3825 1698 3862 cum
1732 3809 1892 3861 disci-

310 3897 452 3965 pulis
496 3897 677 3966 deguit
721 3895 873 3967 (Luc.
899 3899 998 3967 tv),
1028 3898 1201 3952 donec
1232 3898 1296 3950 ad
1325 3897 1618 3966 maiestatis
1650 3909 1889 3969 paterna:

307 4005 622 4044 consessum
657 3989 830 4044 victor
859 3988 1103 4043 ascendit
1126 3988 1266 4059 (Act.
1291 3991 1352 4060 ι).

380 4077 533 4145 Quod
565 4094 693 4148 ergo
727 4078 895 4133 frater
923 4079 1012 4132 illo
1037 4079 1197 4147 hujus
1223 4079 1367 4133 sacri
1395 4079 1606 4133 numeri
1634 4081 1890 4148 mysterio

310 4167 701 4223 delectabiliter
726 4168 988 4237 pascitur,
1013 4177 1070 4223 ut
1095 4169 1234 4221 intra
1261 4177 1458 4223 metam
1486 4169 1601 4237 ejus
1629 4185 1724 4239 per
1749 4171 1894 4224 salu-

308 4257 450 4311 taris
477 4271 692 4324 semper
715 4258 1056 4312 abstinentia:
1081 4259 1482 4312 vicissitudines
1512 4259 1889 4326 transferatur,

311 4349 480 4403 divini
527 4347 713 4417 procul
760 4349 922 4402 dubio
963 4347 1200 4416 Spiritus
1232 4357 1584 4417 promovetur
1613 4350 1890 4416 instinctu,

314 4447 396 4501 ut,
424 4436 551 4489 dum
582 4437 721 4490 intra
753 4439 1162 4507 quadragenarii
1195 4439 1404 4492 numeri
1444 4439 1658 4493 modum
1695 4438 1895 4510 iugiter

311 4527 581 4594 graditur,
610 4543 676 4581 ex
707 4527 941 4598 IEgypto
974 4544 1093 4582 cum
1124 4529 1384 4584 lsraelitis
1422 4530 1487 4583 ad
1550 4533 1778 4601 patriant
1837 4550 1894 4590 se

312 4633 606 4686 properare
654 4627 898 4674 testctnr.
933 4619 1037 4673 Per
1064 4620 1208 4674 hunc
1237 4622 1381 4674 enim
1409 4637 1693 4677 numerum
1724 4626 1896 4680 lsrae-

316 4707 496 4761 liticus
533 4708 759 4777 populus
803 4717 1002 4762 terraut
1041 4711 1481 4770 repromissionis
1515 4713 1792 4782 ingressus
1813 4725 1895 4770 est

314 4795 504 4864 (Nam.
536 4813 654 4860 xrv;
697 4797 854 4851 Deut.
881 4813 1046 4863 xxix;
1079 4798 1192 4852 Jos.
1223 4807 1300 4867 v).
1352 4799 1449 4866 Et,
1492 4816 1525 4855 ο
1569 4819 1732 4872 quant
1773 4820 1896 4873 pro.

317 4887 490 4952 fundi,
523 4903 795 4957 quamque
825 4890 1160 4945 admirabilis
1200 4891 1438 4945 altitudo
1465 4897 1734 4964 mysterii!
1771 4899 1895 4966 quia

317 4991 414 5045 per
458 4993 617 5045 quam
648 4979 975 5032 sacramenti
1005 4979 1200 5033 lineam
1229 4981 1368 5034 Deus
1399 4993 1482 5036 est
1509 4997 1802 5039 conversus
1830 4987 1895 5040 ad

323 5068 590 5130 homines,
631 5083 728 5136 per
756 5070 895 5123 hanc
923 5070 1082 5124 homo
1109 5085 1362 5124 reversus
1390 5082 1472 5124 est
1502 5075 1564 5125 ad
1596 5083 1892 5127 auctorem.

321 5158 375 5210 In
439 5161 749 5228 egressione
797 5162 994 5232 quippe
1055 5161 1286 5215 filiorum
1338 5162 1498 5216 lsrael
1553 5181 1616 5218 ex
1664 5164 1897 5235 :Egypto

320 5252 678 5319 quadraginta
711 5253 829 5305 diue
870 5262 996 5308 sunt
1039 5254 1368 5316 mansiones,
1417 5263 1468 5308 et
1500 5255 1760 5310 adventus
1796 5256 1899 5310 Do-

320 5339 454 5394 mini
496 5339 796 5396 Salvatoris
843 5343 897 5396 in
941 5344 1197 5397 mundum
1241 5359 1336 5413 per
1373 5345 1726 5414 quadraginta
1765 5347 1898 5401 duas

321 5429 675 5484 nihilominus
714 5433 1087 5502 generationes
1137 5433 1428 5496 inducitur,
1477 5450 1612 5502 quas
1655 5433 1899 5489 videlicet

320 5522 650 5592 evangelista
680 5524 961 5578 Matthteus
985 5535 1286 5588 enumerat,
1317 5526 1500 5580 dicens
1528 5549 1540 5578 .-
1578 5545 1594 5575 ι
1623 5527 1702 5578 Ab
1729 5526 1898 5580 Abra-

325 5609 452 5665 bam
485 5628 656 5681 usque
688 5614 754 5667 ad
803 5614 967 5668 David
999 5618 1376 5683 generationes
1413 5615 1837 5685 quatuordccim,
1867 5630 1897 5669 a

328 5702 497 5760 David
537 5721 707 5776 usque
748 5707 814 5761 ad
853 5707 1385 5779 transmigrationem
1418 5708 1702 5780 Babylonis
1726 5721 1905 5800 sene:

1990 3253 2205 3307 mentite
2234 3250 2304 3303 sit
2335 3251 2438 3304 hoc
2466 3250 2670 3312 dicere,
2721 3247 2837 3300 luce
2873 3247 3072 3300 clarius
3119 3245 3440 3302 invenimus.
3475 3245 3570 3301 Ait

1988 3345 2132 3400 enim
2158 3344 2414 3398 historica
2454 3341 2664 3396 series:
2695 3357 2713 3390 ι
2745 3339 2811 3392 Ει
2857 3339 2940 3393 ha:
2979 3338 3290 3393 mansiones
3332 3337 3568 3395 ﬁliorum

1992 3434 2182 3500 Israel,
2219 3449 2286 3488 ex
2317 3448 2424 3503 quo
2454 3431 2704 3485 exierunt
2751 3431 2816 3484 de
2860 3439 3000 3483 tetra
3041 3428 3259 3498 Egypti
3301 3444 3421 3482 cum
3452 3429 3565 3482 vir~

1992 3539 2105 3581 tute
2129 3541 2226 3580 sua
2257 3525 2310 3577 in
2345 3539 2507 3577 manu
2537 3521 2704 3592 Moysi
2733 3529 2788 3572 et
2833 3522 3044 3581 Aaron;
3067 3538 3084 3569 ι
3115 3533 3348 3588 moxque
3383 3519 3569 3574 subin-

1993 3617 2112 3674 tulit
2140 3634 2152 3670 :
2208 3633 2227 3668 ι
2249 3615 2312 3669 Ει
2352 3613 2570 3682 scripsit
2612 3612 2819 3681 Moyses
2848 3609 3222 3680 profectiones
3257 3624 3443 3664 eorum
3473 3624 3570 3678 per

1989 3712 2214 3766 verbum
2247 3706 2461 3761 Domini
2495 3705 2682 3777 (Nam.
2712 3703 2927 3773 xum).
2952 3723 2970 3754 ι

2061 3801 2304 3854 Audistis
2355 3798 2478 3866 quia
2521 3797 2740 3865 scripsit
2794 3796 2909 3848 haec
2957 3792 3166 3863 Moyses
3214 3807 3311 3864 per
3350 3793 3572 3847 verbum

1992 3890 2242 3945 Domini?
2281 3889 2346 3942 Et
2368 3887 2489 3956 quis
2519 3887 2622 3940 ltuc
2650 3885 2850 3938 audeat
2880 3884 3094 3939 dicere?
3127 3883 3234 3936 into
3260 3883 3380 3950 quis
3407 3892 3572 3936 teme-

1994 3984 2139 4037 rario
2185 3989 2477 4051 praesumat
2525 3993 2618 4032 ore
2675 3977 2884 4046 garrire
2929 3985 2985 4028 ut
3042 3976 3183 4044 quod
3225 3972 3452 4028 Domino
3479 3973 3570 4042 jn-

1993 4075 2156 4130 bente
2207 4071 2602 4135 conscribitur,
2664 4069 2738 4121 nil
2798 4067 3076 4127 utilitatis,
3134 4066 3277 4120 nulla
3331 4065 3572 4120 conferat

1993 4163 2357 4217 emolumenta
2401 4160 2628 4215 salutis?
2673 4159 2974 4227 Aggrediar
2999 4172 3148 4227 ergo,
3183 4156 3350 4208 frater
3385 4155 3478 4218 nti,
3524 4155 3570 4208 si

1997 4253 2091 4309 tibi
2120 4265 2412 4304 onerosum
2453 4265 2560 4304 non
2609 4257 2714 4307 cst,
2757 4247 3100 4299 mansionum
3133 4245 3345 4298 illarmn
3374 4243 3573 4312 figuras

1997 4345 2310 4401 summatim
2351 4357 2416 4397 ac
2460 4341 2739 4396 succincte
2784 4338 3170 4408 perstringere,
3220 4344 3275 4389 et
3317 4334 3456 4404 quod
3503 4351 3572 4388 ex

2000 4437 2156 4491 dictis
2169 4435 2388 4488 Patrum
2405 4432 2660 4500 indagare
2672 4429 2959 4499 potuerint,
2975 4423 3372 4496 compendiosis
3393 4422 3573 4477 verbis

1924 4505 1972 4562 Ῑ)
1995 4528 2234 4583 breviter
2269 4527 2552 4587 annotare,
2579 4529 2640 4576 ut
2665 4518 2979 4590 querelosus
3011 4517 3276 4586 quispiant
3309 4527 3372 4570 ex
3413 4521 3572 4584 gustu

1999 4621 2262 4675 micarum
2287 4617 2580 4672 labentium
2605 4613 2826 4682 colligat
2850 4626 3008 4681 quam
3059 4607 3326 4663 nectareis
3348 4603 3574 4675 dapibus

1998 4712 2140 4783 pleni
2176 4710 2365 4765 ferculi
2393 4722 2582 4763 mensa
2616 4707 2901 4766 redundat.

2071 4801 2377 4856 Notandum
2410 4811 2591 4854 autem
2646 4797 2901 4867 quoniam
2935 4791 3112 4845 omnis
3154 4789 3239 4842 ille
3275 4788 3574 4850 discursus,

2000 4904 2060 4948 ut
2089 4893 2348 4966 quidquid
2383 4892 2491 4946 illic
2515 4899 2724 4960 gestum
2754 4885 3110 4943 historialitcr
3143 4880 3360 4949 legitur,
3401 4888 3574 4932 totum

2000 4987 2052 5043 in
2081 4984 2236 5037 nobis
2267 4998 2362 5052 per
2404 4981 2724 5051 mysterium
2773 4971 3069 5045 spiritualis
3116 4969 3419 5029 intellectus
3467 4967 3566 5020 im-

1998 5075 2197 5143 pletur.
2230 5072 2380 5138 Quod
2413 5072 2554 5124 enim
2587 5081 2714 5121 tunc
2742 5065 3029 5120 visibiliter
3053 5071 3260 5132 gestum
3289 5065 3388 5119 est,
3420 5056 3576 5111 nobis

2000 5181 2096 5234 per
2119 5161 2450 5232 spiritualem
2483 5157 2894 5228 intelligentiam
2917 5153 3191 5223 congruit,
3219 5158 3406 5204 nostro
3433 5157 3576 5202 tetu-

2003 5259 2119 5326 pori
2161 5269 2315 5310 vetus
2359 5256 2486 5308 illttd
2534 5253 2788 5307 szecnlunt
2825 5250 3095 5304 militavit.
3143 5249 3267 5302 llaec
3311 5249 3479 5308 enint,
3521 5253 3580 5298 ut

2006 5348 2081 5401 ait
2127 5345 2436 5415 Apostolus,
2470 5363 2486 5394 ι
2511 5345 2562 5398 in
2609 5343 2780 5412 ﬁgura
2832 5339 3216 5409 contingebant
3253 5336 3354 5390 illis
3379 5335 3427 5404 (1
3452 5335 3574 5386 Cor.

2008 5437 2130 5506 X).)
2185 5435 2294 5489 Nos
2338 5434 2481 5488 enint
2536 5432 2602 5487 de
2657 5431 2878 5485 fornace
2927 5429 3260 5500 :Egyptiaca:
3307 5424 3580 5479 servitutis

2005 5528 2348 5598 egredimur,
2402 5535 2452 5580 et
2487 5534 2687 5578 terram
2743 5523 3179 5593 repromissionis
3226 5518 3430 5589 ingredi
3486 5531 3582 5584 per

2005 5617 2239 5688 plurima
2281 5617 2623 5670 mansionum
2671 5613 2806 5679 loca,
2841 5615 2940 5667 hoc
2967 5621 3071 5675 ρει,
3108 5625 3204 5681 per
3237 5610 3446 5662 diversa
3476 5606 3584 5656 vir-

2007 5715 2182 5762 tutum
2228 5705 2565 5762 incrementa
2611 5718 2891 5760 conamur.
2931 5700 3040 5756 Sed
3073 5699 3330 5770 quoniam
3379 5697 3583 5762 absque
