4142 5396
596 178 621 201 Ι

550 264 654 320 5ίῖ

1021 262 1077 318 S.
1105 262 1311 318 PETRI
1353 262 1633 318 DAMlAtVl
1672 261 1803 318 OPl’
1848 261 2082 318 TOMUS
2118 260 2247 318 εει]
2286 258 2463 315 PARS
2498 260 2586 315 lll.
2617 291 2678 301 ——
2709 259 3072 320 OPUSCULA
3112 265 3339 323 VARIA.

3693 279 3801 324 nas

551 380 692 434 tribu
720 368 829 433 sola
856 375 1008 441 Levi,
1034 375 1256 432 Patrum
1283 392 1417 446 pene
1447 378 1686 432 omnium
1718 377 1979 433 cadavera
2003 392 2127 447 pro-

2233 375 2593 430 ascenderunt
2638 390 2734 445 per
2773 377 3129 447 quadraginta
3167 377 3300 432 duas
3344 378 3680 446 mansiones,
3719 381 3798 437 ita
3829 423 3849 442 .

551 480 722 525 strata
765 477 889 521 sunt
921 468 972 520 in
1007 468 1253 533 deserto,
1283 472 1349 524 ad
1382 478 1584 524 terram
1635 482 1815 524 autem
1856 468 1999 523 illam
2029 468 2122 523 ﬁlii

554 559 925 615 tantumnodo
963 568 1357 637 pervenerunt,
1404 561 1623 630 expedit
1665 569 1725 613 ut
1766 571 1920 615 vetus
1967 562 2127 614 homo

551 658 741 706 noster
768 650 1016 710 intereat,
1041 663 1095 702 et
1121 664 1316 712 novus,
1340 652 1430 719 qui
1460 651 1754 705 secundum
1783 651 1950 704 Deum
1974 666 2127 705 crea-

552 754 638 796 tus
669 743 740 796 sit
790 740 1005 811 (Epltes.
1037 741 1133 811 tv),
1182 741 1249 794 ad
1292 742 1641 797 obtinendam
1686 751 1888 796 terram
1936 743 2125 797 viven-

538 831 686 884 tium
739 829 1101 886 convalescat.
1158 829 1310 896 Quod
1354 841 1534 887 autem
1599 832 1773 885 tribus
1819 831 1947 886 Levi
2002 847 2124 886 cum

549 920 762 974 cmteris
792 920 845 973 in
876 921 1089 974 deserto
1118 936 1222 983 non
1249 921 1434 989 periit,
1481 921 1607 976 hinc
1646 920 1933 976 manifeste
1976 919 2126 975 colli-

484 1048 495 1054 ρ
548 1011 714 1078 gitur,
746 1009 895 1084 quia,
935 1018 1220 1078 postquam
1253 1010 1493 1064 omnium
1536 1010 1902 1066 lsraelitarum
1933 1024 2124 1065 nume-

531 1114 642 1152 .rus
676 1115 704 1152 a
738 1099 927 1168 viginti
970 1101 1127 1153 annis
1179 1107 1233 1152 et
1283 1114 1475 1168 supra,
1525 1099 1708 1171 Moyse
1762 1110 2120 1170 supputante,

550 1189 858 1259 descriptus
898 1197 1000 1251 est,
1050 1197 1246 1258 praesto
1297 1188 1637 1257 subiunctum
1678 1202 1761 1245 est
1806 1207 1821 1245 :
1873 1208 1892 1241 ι
1922 1189 2124 1246 Levita:

550 1289 735 1333 autem
786 1280 838 1333 iu
887 1279 1132 1333 tribubus
1189 1278 1515 1334 familiarum
1572 1295 1792 1334 suarum
1845 1295 1953 1334 non
2002 1290 2126 1333 sunt

468 1364 471 1367 ’
551 1368 816 1422 numerati
853 1383 974 1421 cum
1005 1367 1084 1421 cis
1126 1366 1464 1440 (Nunt.tt).i
1518 1369 1820 1424 Dieitenim
1868 1368 2126 1423 Dominus

536 1459 617 1513 ad
645 1456 859 1529 Moysen
887 1474 900 1511 :
930 1456 1184 1511 «Tribuni
1212 1456 1336 1512 Levi
1367 1460 1470 1513 noli
1503 1475 1808 1525 numerare,
1838 1476 2011 1530 neque
2031 1475 2124 1530 po-

551 1563 651 1602 nas
705 1562 968 1602 summam
1018 1562 1207 1602 eorum
1255 1564 1377 1603 cum
1423 1548 1547 1604 ﬁliis
1595 1550 1755 1605 lsrael
1788 1550 2067 1621 (Μυκη).
2098 1569 2118 1605 ι

554 1635 901 1691 Postmodum
935 1651 1062 1691 vero
1085 1637 1364 1706 Scriptura
1392 1639 1522 1694 dicit
1549 1657 1561 1692 :
1596 1659 1614 1691 ‹
1636 1639 1735 1695 llic
1757 1651 1840 1696 est
1867 1657 2123 1696 numerus

550 1725 788 1779 ﬁliorum
819 1724 1000 1791 Israel,
1030 1727 1121 1795 qui
1147 1727 1448 1795 descriptus
1473 1737 1558 1781 est
1589 1743 1619 1781 a
1652 1728 1835 1798 Moyse
1891 1739 1946 1783 et
1970 1730 2126 1783 Elea-

553 1829 683 1870 zaro
728 1816 1028 1879 sacerdote,
1073 1816 1219 1870 inter
1260 1831 1399 1884 quos
1438 1816 1614 1871 nullus
1645 1816 1749 1871 fuit
1806 1832 1993 1872 eorum
2029 1817 2122 1887 qui

550 1912 711 1958 antea
755 1905 1021 1958 numerati
1069 1914 1194 1958 sunt
1222 1905 1456 1976 aMoyse
1501 1914 1556 1961 et
1621 1905 1801 1961 Aaron
1843 1907 1896 1960 in
1943 1917 2125 1961 monte

552 1992 704 2049 Sinai
756 1992 965 2060 (Num.
1023 1995 1201 2065 xxvr).
1230 2015 1247 2049 ι
1298 1994 1629 2051 Przedixerat
1675 1996 1819 2052 enim
1867 1995 2125 2051 Dominus

549 2085 694 2154 quod
715 2099 904 2138 omnes
938 2094 1278 2139 morerentur
1316 2085 1370 2139 in
1407 2085 1714 2140 solitudine.
1743 2085 1949 2152 Quibus
1973 2087 2124 2140 vide-

550 2173 676 2227 licet
700 2172 942 2227 historia:
970 2174 1147 2227 verbis
1177 2183 1426 2241 patenter
1451 2174 1756 2229 OStenditur
1787 2175 1935 2242 quia,
1968 2183 2126 2228 caete-

556 2261 688 2317 teris
714 2263 768 2315 in
798 2263 1012 2317 deserto
1038 2263 1345 2332 prostratis,
1367 2262 1435 2316 ad
1459 2263 1895 2332 repromissionis
1927 2272 2127 2325 terram

550 2350 680 2405 Levi
711 2350 1193 2414 tribusincolumis
1219 2362 1276 2404 et
1319 2351 1522 2405 illibata
1570 2352 1836 2421 pervenit.
1875 2352 2126 2420 Quisquis

552 2456 685 2511 ergo
747 2454 807 2494 se
853 2443 1093 2510 potuerit
1148 2440 1203 2493 in
1278 2442 1615 2495 sacerdotum
1680 2443 1764 2495 vel
1817 2441 2127 2496 Levitarum

554 2531 749 2585 ordine
792 2530 1156 2595 constituere;
1193 2530 1439 2600 quisquis
1476 2531 1714 2587 noluerit
1750 2548 1872 2586 cutn
1906 2530 2127 2601 reliquis

553 2618 866 2675 hominibus
900 2619 953 2672 in
992 2628 1135 2673 terra
1175 2631 1378 2674 sortem
1427 2622 1779 2678 hmreditarite
1805 2623 1968 2694 559
2005 2638 2127 2693 por-

554 2710 717 2763 tionis
755 2711 1057 2777 acquirere,
1102 2712 1195 2765 sed
1222 2711 1395 2765 solum
1425 2726 1545 2766 cum
1583 2714 1721 2768 tribu
1748 2713 1876 2768 LeVi
1904 2727 2125 2770 conten-

555 2807 640 2852 tus
688 2798 759 2853 sit
806 2799 1091 2854 Dominum
1138 2801 1438 2871 possidere,
1468 2802 1572 2859 iste
1606 2787 1851 2874 profecto
1883 2806 1935 2859 in
1968 2805 2128 2873 hujus

556 2891 741 2947 mundi
790 2892 1003 2944 deserto
1045 2906 1149 2945 non
1184 2901 1435 2957 moritur,
1478 2895 1572 2950 sed
1612 2910 1811 2949 terram
1838 2910 2130 2965 repromis-

552 2982 723 3034 sionis
761 2979 965 3048 ingredi
1025 2981 1180 3035 vivus
1218 2994 1271 3036 et
1304 2983 1585 3039 incolumis
1623 2996 1982 3053 promeretur.
2024 2986 2125 3053 Qui

555 3073 622 3124 ad
666 3072 1047 3140 promissiones
1082 3088 1210 3144 ergo
1249 3074 1467 3128 Patrum
1510 3064 1793 3147 pervenire
1833 3076 2121 3143 desiderat,
2151 3064 2193 3125 C

555 3154 885 3215 hmreditatis
914 3163 1139 3215 iu'terta
1173 3163 1467 3217 {tuniculam
1503 3181 1626 3220 cum
1668 3168 1808 3221 tribu
1842 3164 1970 3219 Levi
2002 3182 2127 3235 pose

555 3251 731 3303 sidere
758 3261 1086 3306 contemnat.
1118 3253 1248 3306 Nam
1277 3256 1364 3323 qui
1389 3272 1446 3309 se
1470 3272 1566 3325 pro
1591 3260 1818 3312 terrenis
1847 3260 1898 3312 in
1925 3272 2125 3315 terram

554 3340 767 3411 dejccit,
804 3343 895 3411 qui
926 3360 1062 3408 sese,
1091 3345 1177 3398 ubi
1221 3360 1340 3398 cum
1366 3346 1724 3401 amaritudine
1751 3348 1957 3403 Pascha
1986 3352 2128 3404 cele-

553 3432 817 3485 brandum
840 3446 941 3497 est,
963 3448 1027 3486 ac
1059 3434 1308 3487 velociter
1330 3437 1738 3499 transeundum,
1768 3438 1970 3493 diutius
1991 3454 2125 3508 gau-

557 3522 681 3577 dere
714 3524 932 3577 condidit
963 3543 976 3577 :
1011 3542 1027 3573 ι
1051 3526 1265 3590 Anima,
1295 3526 1562 3593 inquiens,
1598 3528 1763 3582 habes
1795 3529 1958 3582 multa
1987 3532 2126 3585 bona

559 3614 792 3681 reposita
820 3616 872 3666 in
906 3632 1077 3668 annus
1108 3616 1324 3682 multos,
1360 3618 1655 3685 requiesce,
1693 3624 1933 3684 comede,
1979 3621 2125 3690 bibe,

557 3705 817 3772 epulare;
867 3720 973 3757 non
1019 3712 1135 3759 sine
1179 3722 1341 3761 causa
1390 3718 1632 3763 meretur
1678 3711 1865 3764 audire
1892 3727 1905 3763 :
1932 3710 2124 3779 Stulte,

558 3795 660 3848 hac
704 3805 860 3847 nocte
888 3806 1132 3865 repetent
1171 3797 1407 3850 animam
1458 3808 1599 3851 luant
1628 3816 1656 3852 a
1688 3809 1737 3853 te
1764 3816 1778 3863 ;
1807 3816 1925 3869 qua:
1946 3812 2125 3857 autem

556 3886 781 3952 parasti,
816 3885 969 3951 cuius
991 3888 1185 3942 erunt?
1205 3909 1223 3940 ι
1257 3888 1355 3943 llic
1381 3892 1561 3960 itaque
1588 3908 1691 3946 non
1719 3895 1827 3959 die,
1852 3896 1944 3949 sed
1971 3906 2128 3953 nocte

558 3974 869 4047 perimitur,
896 3977 1035 4031 sicut
1058 3978 1416 4051 primogenita
1442 3982 1836 4054 Egyptiorum.
1863 3982 2127 4040 Nimirum

552 4066 642 4136 qui
691 4081 794 4120 non
843 4069 1045 4137 Sprevit
1086 4068 1402 4142 Egyptum,
1432 4075 1526 4127 sed
1555 4075 1870 4145 obsequium
1898 4076 2129 4141 praebuit

558 4159 858 4213 teetoribus
905 4161 1272 4229 tenebrarum,
1323 4165 1415 4234 qui
1451 4175 1507 4221 et
1537 4165 1639 4235 ipsi
1689 4178 1845 4222 nocte
1892 4167 2126 4222 animam

554 4247 671 4318 ejus
715 4257 1003 4318 repetunt;
1050 4252 1309 4320 quoniam
1348 4256 1515 4309 odivit
1551 4257 1750 4324 lucem,
1781 4273 1881 4313 nec
1901 4257 2129 4327 jnstitite

557 4349 879 4393 consecutus
921 4347 1005 4392 est
1049 4342 1352 4397 veritatem.
1402 4344 1507 4399 Sed
1560 4348 1684 4400 dmn
1736 4349 2019 4418 vagantius
2060 4349 2128 4402 ad

553 4432 825 4485 exteriora
862 4433 1265 4503 progredimur,
1301 4434 1411 4502 jam
1449 4439 1601 4505 quasi
1644 4440 1934 4509 prazntissze
1961 4457 2126 4510 spon-

556 4521 727 4574 sionis
772 4520 947 4585 obliti,
1003 4538 1143 4575 nunc
1191 4526 1256 4576 ad
1288 4525 1654 4581 lsraelitarum
1702 4530 2033 4594 mansiones.
2070 4532 2125 4586 in

555 4610 754 4679 quilms
787 4609 1174 4677 aliquantulmn
1199 4612 1580 4670 innueraturos
1613 4631 1709 4672 nos
1736 4632 1857 4674 esse
1877 4620 2128 4689 promisi—

557 4719 701 4764 mus,
747 4700 857 4771 jam
901 4704 1156 4773 quo-datu,
1206 4713 1264 4757 ut
1305 4705 1377 4759 ita
1417 4705 1633 4778 loquar,
1672 4710 2009 4781 pestlitniuio
2043 4712 2153 4769 re—'

556 4797 778 4845 deantes
791 4831 805 4845 .
2136 4798 2137 4801 “

1143 4902 1370 4960 CAPUT
1425 4906 1509 4964 ΠΙ.

2156 4396 2205 4455 D

2200 508 2209 515 .
2232 465 2479 521 Salvator
2507 476 2694 521 noster
2719 467 2773 522 in
2801 466 3092 539 )Egyptum
3126 469 3310 522 mundi
3342 467 3499 536 hujus
3518 471 3801 529 descendit

2227 571 2323 627 per
2349 557 2568 611 totidem
2597 567 2796 626 patres.
2827 557 2977 625 Quod
3013 560 3056 612 si
3081 558 3193 626 jam
3236 560 3585 629 intelligimus
3628 579 3801 632 quan-

2231 657 2343 701 tum
2386 650 2709 703 sacramenti
2755 665 3010 705 numerus
3053 652 3151 705 iste
3182 652 3453 707 contineat
3478 694 3492 715 ,
3530 642 3800 712 humanae

2228 737 2432 793 scilicet
2465 739 2815 800 ascensionis,
2844 750 2900 794 et
2934 741 3127 795 divina-
3159 742 3544 808 descensionis,
3572 744 3802 816 incipia—

2227 842 2348 881 mus
2370 827 2481 897 jam
2516 843 2612 896 per
2636 844 2697 881 ea
2727 841 2847 897 qua:
2874 830 3150 885 descendit
3196 828 3446 885 Christus
3469 834 3796 902 ascendere;

2224 925 2283 971 et
2322 917 2552 986 primam
2588 918 2748 974 nobis
2790 933 2909 973 eam
2956 919 3311 984 mansionem,
3358 935 3518 990 quam
3558 923 3672 993 ipse
3698 939 3798 980 no-

2228 1005 2502 1060 vissimam
2552 1006 2763 1072 habuit,
2812 1007 3098 1062 aediﬁcare.
3147 1006 3204 1062 Si
3251 1010 3373 1077 quis
3409 1012 3553 1064 enim
3589 1014 3657 1067 ad
3696 1027 3797 1067 nos

2225 1111 2323 1167 per
2352 1096 2465 1150 loca
2495 1096 2746 1165 quaelibet
2775 1098 2974 1159 veniat,
3024 1108 3083 1150 ut
3131 1112 3255 1150 mox
3298 1098 3510 1154 rediens
3546 1113 3642 1169 per
3674 1101 3791 1155 loca

2225 1201 2326 1241 nos
2355 1186 2542 1240 eadem
2571 1189 2769 1253 ducat;
2804 1186 2893 1240 ubi
2924 1187 3120 1240 desinit
3166 1187 3272 1248 ille,
3320 1203 3421 1242 nos
3465 1190 3568 1244 iter
3607 1190 3797 1262 incipi-

2226 1293 2366 1340 mus,
2390 1284 2447 1331 et
2471 1277 2560 1333 ubi
2583 1277 2673 1332 ille
2694 1287 2955 1346 emperat,
2980 1292 3078 1332 nos
3098 1276 3335 1333 ﬁnimus.
3359 1279 3541 1334 Prima
3590 1280 3799 1338 scilicet

2227 1366 2427 1431 Christi
2471 1367 2746 1434 generatio
2785 1366 2946 1434 C(Bpit
2992 1369 3060 1422 ab
3104 1368 3393 1429 Abraham,
3443 1369 3632 1423 ultima
3667 1384 3796 1427 vero

2226 1456 2373 1510 velut
2425 1465 2697 1523 postrema
2760 1459 2968 1510 mansio
3029 1456 3337 1511 terminavit
3390 1458 3443 1512 in
3497 1458 3790 1529 Virginem.

2226 1548 2293 1603 Et
2324 1548 2577 1617 quoniam
2608 1546 2885 1601 Abraham
2927 1547 3335 1617 interpretatur,
3366 1559 3516 1618 pater
3539 1550 3794 1613 excelsus,

2228 1658 2329 1698 nos
2368 1644 2471 1698 hoc
2515 1642 2619 1696 iter
2667 1642 2954 1712 incipimus
2991 1657 3022 1696 a
3066 1640 3301 1712 Virginis
3348 1650 3527 1710 partu,
3575 1649 3634 1693 ut
3672 1653 3799 1710 per-

2155 1716 2198 1774 B
2227 1743 2481 1805 agrantes
2523 1734 2807 1803 sequentia
2855 1732 3113 1802 deinceps
3148 1731 3487 1785 mansionum
3529 1730 3666 1795 loca,
3698 1745 3798 1800 po-

2227 1837 2431 1881 stremo
2472 1827 2540 1880 ad
2592 1825 2803 1891 Deum,
2859 1823 3077 1878 Patrem
3128 1822 3378 1877 videlicet
3422 1824 3799 1893 perveniamus

2223 1915 2516 1971 excelsum.
2566 1913 2759 1968 Partus
2802 1928 2932 1983 ergo
2964 1911 3200 1983 Virginis
3249 1912 3405 1965 nobis
3448 1926 3512 1966 ex
3562 1909 3800 1981 Egypto

2224 2008 2374 2060 exire
2417 2004 2720 2060 volentibus
2765 2004 2820 2059 in
2865 2004 3054 2073 primis
3093 2001 3349 2065 occurrit,
3373 2014 3527 2065 cum,
3559 1996 3799 2056 Verbum

2226 2094 2320 2148 Dei
2364 2109 2581 2147 carnem
2622 2092 2823 2147 factum
2865 2092 2918 2147 in
2955 2092 3097 2146 hunc
3140 2090 3398 2145 mundum
3442 2091 3652 2145 venisse
3677 2105 3800 2145 cre-

2225 2186 2434 2246 dentes.
2483 2185 2688 2239 relictis
2725 2183 2975 2238 omnibus
3017 2182 3233 2236 caducis
3258 2190 3312 2235 et
3360 2181 3701 2245 transiturus,
3742 2181 3800 2235 in

2225 2274 2316 2329 illo
2344 2274 2459 2329 solo
2488 2274 2892 2343 requiescimus,
2929 2274 2982 2327 in
3015 2272 3105 2326 illo
3136 2281 3333 2327 nostra:
3357 2272 3554 2341 quietis
3598 2279 3654 2325 et
3677 2272 3796 2340 spei

2225 2363 2587 2419 habitaculum
2624 2362 2969 2417 collocamus.
3006 2360 3135 2416 Post
3162 2360 3404 2431 htecjam
3437 2359 3482 2414 si
3509 2359 3793 2429 perlicere,

2224 2468 2278 2515 et
2325 2459 2392 2513 ad
2439 2457 2675 2528 singulos
2724 2471 2965 2526 quosque
3018 2455 3142 2509 ﬁdei
3190 2464 3247 2509 et
3294 2455 3553 2508 virtutum
3594 2454 3797 2523 gradus

2225 2550 2518 2604 ascendere
2536 2548 2780 2614 nitimur,
2807 2547 2990 2601 tandiu
3016 2547 3272 2601 debemus
3293 2544 3595 2611 immorari,
3622 2543 3797 2599 donec

2225 2641 2439 2695 valeant
2488 2642 2716 2694 virtutes
2766 2640 2819 2693 in
2870 2639 3314 2693 consuetudinem
3362 2637 3519 2690 verti.
3560 2637 3625 2690 Et
3665 2644 3794 2690 tunc

2224 2747 2332 2786 non
2358 2730 2513 2799 quasi
2539 2742 2914 2784 transcurrere
2940 2726 3238 2799 spiritualis
3262 2726 3387 2780 vita:
3411 2726 3621 2780 deserta
3659 2739 3790 2779 cou-

2225 2821 2505 2890 spicimur,
2536 2819 2698 2891 560
2734 2820 2831 2875 sed
2876 2820 3210 2873 mansionem
3255 2817 3455 2882 facere,
3507 2816 3591 2871 vel
3630 2815 3793 2870 etiam

2226 2910 2470 2966 habitare
2516 2911 2571 2964 in
2622 2912 2753 2980 ipsis
2796 2910 3054 2964 virtutum
3100 2908 3430 2979 profectibus
3465 2905 3789 2975 iudicamur.

2227 3003 2360 3058 Nam
2395 3004 2486 3072 qui
2517 3004 2715 3058 bonum
2762 3016 2898 3071 opus
2945 3016 3053 3055 non
3096 3008 3535 3070 perseveraturus
3579 2996 3788 3064 incipit,

2225 3095 2381 3164 quasi
2414 3095 2553 3147 viam
2592 3094 2930 3163 properanlo
2961 3091 3310 3156 transcurrit;
3337 3089 3430 3158 qui
3480 3103 3609 3141 vero
3637 3088 3688 3141 in
3723 3100 3786 3140 ea

2226 3202 2389 3256 quam
2446 3185 2613 3240 semel
2661 3185 2935 3252 arripuit,
3001 3190 3285 3251 permanet
3335 3179 3663 3242 sanctitate,
3717 3177 3789 3231 ibi

2226 3273 2625 3346 quodammodo
2677 3273 2909 3326 aedilirat
2961 3269 3318 3323 mansionem.
3386 3265 3454 3319 Et
3502 3265 3795 3319 notandum

2227 3364 2353 3433 quia
2388 3376 2510 3416 eum
2538 3361 2641 3421 ire,
2669 3370 2722 3412 et
2752 3372 2992 3419 manere,
3020 3371 3084 3409 ac
3110 3371 3206 3425 per
3231 3356 3332 3408 hoc
3362 3353 3487 3416 iter,
3512 3361 3562 3405 et
3588 3352 3799 3405 mansio

2229 3466 2259 3502 a
2314 3465 2373 3503 se
2427 3448 2535 3502 sint
2584 3446 2800 3514 penitus
2855 3444 3099 3505 dissona,
3154 3458 3253 3494 nec
3302 3440 3517 3493 sibimet
3566 3437 3798 3491 invicem

2227 3543 2542 3607 coxigruant,
2591 3541 2877 3598 utrumque
2923 3540 3101 3584 tamen
3131 3529 3182 3582 in
3215 3528 3304 3581 illo
3328 3523 3621 3579 Israelitico
3650 3536 3784 3592 pro-

2226 3627 2406 3679 cinctu
2447 3622 2766 3677 convenisse
2809 3619 3086 3685 Scriptnra
3133 3618 3439 3675 conﬁrmat,
3487 3622 3545 3667 ut
3585 3612 3660 3666 illi
3704 3627 3804 3682 per

2226 3713 2500 3766 desertqu
2545 3717 2602 3764 et
2648 3710 2750 3763 iter
2798 3708 3051 3760 habuisse
3096 3705 3350 3757 dicantur
3378 3714 3434 3756 et.
3464 3701 3796 3757 mansiones.

2226 3801 2362 3868 Quia
2408 3801 2663 3854 nimirum
2714 3813 2833 3861 nos,
2874 3796 2964 3865 qui
3008 3803 3211 3850 terram
3261 3794 3556 3848 viventium
3596 3793 3833 3851 intrare,

2226 3893 2629 3955 contendimus,
2659 3899 2717 3945 et
2746 3902 2968 3943 manere
2992 3887 3249 3942 debemus
3277 3901 3372 3956 per
3402 3884 3564 3938 ﬁxtnn
3596 3882 3799 3953 proles-
3826 3918 3831 3925 -

2228 3984 2397 4040 sionis
2423 3991 2621 4037 nostra:
2649 3979 3009 4048 propositum,
3038 3986 3092 4031 et
3123 3976 3202 4030 ire
3231 3988 3445 4043 semper
3481 3988 3575 4043 per
3609 3971 3796 4026 melio-

2228 4073 2408 4128 randa:
2436 4069 2867 4127 conversationis
2904 4077 2961 4122 et
3000 4064 3310 4122 cumulandi
3340 4061 3615 4134 profectus
3639 4074 3799 4130 argu-

2228 4174 2489 4220 mentum.

2297 4256 2354 4310 lu
2378 4254 2568 4324 primis
2586 4267 2715 4323 ergo
2736 4250 3150 4322 proﬁciscuntur
3172 4243 3437 4301 liliilsrael
3461 4243 3526 4298 de
3540 4243 3793 4296 Ramese.

2232 4344 2487 4406 Ramcse,
2538 4343 2677 4396 sicut
2726 4339 3003 4396 nonnullis
3046 4337 3276 4395 videtur.
3308 4336 3360 4389 in
3386 4342 3568 4389 nostra
3599 4331 3799 4401 lingua,

2230 4434 2504 4487 commotio
2546 4430 2789 4495 turbida,
2836 4429 2918 4483 vel
2978 4427 3251 4482 commotio
3293 4426 3446 4479 tinea:
3491 4422 3705 4476 dicitur.
3743 4418 3800 4472 lu

2232 4537 2340 4591 quo
2384 4523 2545 4576 datur
2590 4517 2816 4588 intelligi
2862 4517 3006 4588 quod
3034 4514 3215 4571 omnia
3255 4528 3376 4582 quae
3417 4509 3600 4565 mundi
3653 4517 3835 4570 suut,~

2233 4609 2290 4664 in
2339 4607 2790 4663 coniunctionibus
2834 4615 2897 4661 et
2941 4603 3445 4676 perturbationibus
3489 4599 3799 4660 constituta,

2233 4711 2290 4754 et
2343 4698 2695 4770 corruptehe,
2747 4711 2908 4766 quam
2961 4696 3106 4749 tinea
3161 4693 3438 4763 designat,
3502 4692 3804 4761 prolantnr

2235 4790 2490 4843 obnoxia.
2548 4786 2606 4844 ιι
2657 4788 2852 4856 quibus
2905 4786 3089 4857 utique
3144 4798 3252 4838 non
3301 4789 3518 4853 oportet
3566 4780 3801 4834 animam

2235 4880 2473 4935 residere
2501 4919 2516 4944 ,
2570 4878 2666 4935 sed
2723 4878 3101 4931 incunctanter
3153 4875 3325 4929 exire.
3387 4870 3614 4940 Quidam
3675 4880 3807 4921 vero

2241 4972 2275 4982 η
2519 4971 2530 4982 ι
2584 4980 2587 4981 ν
2758 4977 2773 4982 -
2848 4969 2858 4980 ο
3136 4967 3168 4982 ,ι
3396 4980 3403 4981 κ
3435 4962 3473 4982 ,ἱ
3519 4962 3802 4982 .-μ3ι..-...-.ι
