4132 6324
311 352 416 408 ω

1200 338 1444 398 OPUSC.
1488 337 1702 392 XXX“.
1745 363 1812 374 -—
1853 333 1939 387 DE
1978 329 2536 398 QUADRAGESIMA,
2581 331 2733 386 ETC.

3448 309 3576 384 550‘-

303 478 458 528 )nur,
507 443 640 516 cuni
677 456 733 512 in
777 456 932 511 nobis
979 453 1134 508 bona:
1179 451 1475 506 voluntatis
1503 448 1662 504 ﬂores
1698 462 1878 501 erutn-
1905 453 1950 507 Α
1983 457 2077 510 per
2124 441 2267 494 hunc
2313 442 2592 511 Aquilonis
2623 441 2920 507 dominum,
2947 439 3050 494 nisi
3096 440 3352 509 antiquus
3391 437 3567 495 hostia

308 561 484 623 punt,
549 564 672 604 cum
728 546 907 603 omnia
967 552 1338 603 renovantur,
1400 557 1522 594 cum
1581 546 1731 606 prata
1787 536 1881 588 de-

311 644 481 711 nique
553 648 863 694 nostrorum
919 635 1161 689 cordium
1232 631 1453 700 superni
1512 630 1639 684 solis
1698 627 1882 680 fomite

309 731 668 795 recalescunt,
712 737 838 781 tunc
873 739 937 779 ex
976 724 1193 795 Egypti
1235 721 1474 777 tenebris
1511 719 1694 789 egredi
1735 717 1882 771 festi-

309 837 523 877 namus.

384 907 630 963 Secunda
684 903 892 958 mansio
945 902 1006 956 ﬁt
1057 902 1109 954 in
1161 899 1384 956 Socbot.
1441 898 1646 953 Socbot
1702 904 1881 949 autem

221 1030 248 1064 ,ς
309 1002 699 1070 interpretatur
759 993 1116 1049 tabernacula.
1190 994 1404 1047 Primus
1474 992 1637 1061 igitur
1690 990 1884 1043 animae

217 1091 228 1098 “
309 1087 589 1160 proiectus
611 1095 696 1140 est
723 1095 781 1140 ut
811 1086 1041 1140 terrenis
1076 1100 1133 1139 se
1179 1082 1630 1138 commotionibus
1657 1081 1882 1144 dividat,

310 1180 527 1247 sibique
565 1188 816 1244 tanquam
848 1175 1145 1244 peregrina:
1185 1183 1240 1227 et
1287 1174 1475 1228 incola:
1526 1188 1629 1225 non
1673 1173 1882 1226 habita-

310 1270 494 1324 culum
525 1268 677 1337 ﬁgat,
710 1267 801 1320 sed
827 1265 1001 1318 exsilii
1034 1264 1437 1317 tabernaculum
1465 1270 1668 1323 struat;
1697 1260 1885 1328 lugens

310 1375 436 1413 cum
469 1358 777 1426 Pr0pheta:
816 1374 832 1404 ι
856 1353 965 1407 Ileu
1006 1367 1114 1417 me,
1141 1354 1267 1421 quia
1296 1349 1562 1404 incolatus
1587 1363 1740 1402 meus
1769 1363 1887 1416 pro-

310 1448 561 1516 longatus
585 1446 693 1499 est!
718 1465 735 1496 ι
770 1442 940 1514 (I’sal.
967 1442 1141 1512 c111.)

386 1537 592 1589 Deinde
637 1534 861 1586 veniunt
903 1534 955 1585 in
1003 1533 1201 1594 Ethan,
1250 1528 1382 1590 sive.
1431 1537 1489 1583 ut
1533 1527 1884 1597 Septuaginta

310 1629 642 1696 interpretes
663 1625 862 1682 dicunt,
884 1623 1110 1685 iiuthau,
1128 1638 1244 1690 qua:
1260 1629 1339 1673 est
1356 1621 1406 1674 in
1421 1620 1680 1672 extremis
1693 1617 1886 1671 ﬁnibus

313 1713 638 1770 solitudinis.
677 1712 854 1765 Ethan
893 1712 1248 1780 fortitudinem
1282 1721 1457 1762 sonat.
1491 1708 1592 1774 Qni
1627 1724 1752 1776 ergo
1771 1706 1882 1773 jam

1985 532 2326 602 exprimitur,
2352 534 2442 600 qui
2479 533 2687 600 frigidis
2733 532 2876 586 etab
2904 545 3089 584 amore
3118 530 3210 583 Dei
3237 528 3427 582 alienis
3451 541 3569 583 cor-

1983 621 2141 674 dibtts
2185 620 2560 689 principatur?
2600 621 2740 673 Ante
2782 620 2924 672 hunc
2968 632 3118 687 ergo.
3161 617 3212 668 id
3252 625 3335 669 est
3376 624 3568 670 contra

1985 709 2128 763 hunc
2163 718 2638 772 castrantetamur,
2669 724 2789 763 cum
2821 709 3078 761 adversus
3113 722 3236 760 eum
3275 703 3570 759 inltedera-

1983 800 2075 854 bili
2107 801 2450 853 dimicatione
2474 797 2832 868 conﬁigimus.

2054 890 2176 942 Inde
2237 888 2462 959 profecti
2529 904 2624 957 per
2684 903 2832 940 mare
2889 885 3129 939 Rubrum
3187 892 3452 938 venerunt
3515 883 3568 938 in

1987 979 2158 1043 Mara,
2190 995 2310 1048 qua:
2337 981 2744 1048 interpretatur,
2776 977 3097 1029 antaritudo.
3126 973 3326 1028 Rectus
3352 974 3569 1028 scilicet

1984 1057 2120 1123 ordo
2165 1079 2248 1122 est
2295 1080 2352 1121 ιιι
2386 1069 2476 1136 qui
2509 1069 2574 1121 ad
2612 1077 2810 1120 terram
2840 1076 3128 1134 properant
3161 1065 3317 1118 melle
3346 1080 3572 1116 manan-

1991 1166 2120 1221 tem,
2162 1158 2213 1210 in
2262 1159 2474 1221 deserto
2526 1156 2647 1209 vita:
2697 1153 2852 1222 hujus
2909 1154 3107 1206 laboris
3152 1164 3206 1206 et
3257 1151 3572 1205 tentatiouis

1985 1252 2396 1306 amaritudinem
2426 1250 2708 1311 hauriant;
2744 1258 2795 1301 et
2838 1263 2932 1316 per
2961 1246 3258 1314 discipliure
3287 1246 3573 1314 prmsentis

1987 1347 2333 1414 asperitatem
2377 1343 2693 1412 perveniant
2739 1341 2805 1393 ad
2850 1337 3296 1392 remunerationis
3341 1338 3569 1390 interna:

1987 1435 2348 1490 thilcedinent.
2382 1433 2534 1488 Unde
2561 1433 2691 1485 dicit
2723 1429 3008 1499 Apostolus
3037 1448 3049 1480 :
3089 1447 3105 1477 ι
3135 1427 3343 1487 Omnis,
3374 1426 3569 1493 inquit,

1989 1522 2266 1591 disciplina
2301 1523 2352 1574 in
2383 1522 2632 1588 przesenti
2664 1519 2877 1588 quidem
2908 1533 3011 1570 non
3039 1517 3251 1570 videtur
3291 1531 3412 1569 esse
3439 1532 3572 1584 gau-

1987 1613 2083 1676 dii,
2111 1615 2202 1666 sed
2234 1610 2515 1672 maeroris;
2546 1618 2664 1678 post
2693 1619 2870 1660 autem
2897 1605 3127 1659 fructum
3162 1606 3564 1673 paratissimum

1988 1703 2297 1758 exercitatis
2329 1717 2425 1771 per
2452 1717 2571 1755 eam
2602 1700 2789 1754 reddet
2825 1698 3049 1764 justitite
3082 1696 3266 1757 (Hebr.
3301 1697 3420 1764 xu).
3458 1715 3474 1746 ι
3510 1695 3569 1749 in

313 1822 415 1875 pro
443 1805 552 1859 Deo
585 1803 1006 1872 peregrinantur
1035 1801 1086 1852 in
1127 1800 1343 1861 mundo,
1377 1799 1466 1868 qni
1515 1814 1572 1852 se
1605 1798 1807 1850 incolas
1835 1806 1890 1850 et
1919 1815 1965 1878 3
1992 1795 2274 1863 pmciuetn
2326 1791 2591 1860 siquidem
2645 1789 2938 1859 spiritualis
2988 1788 3193 1841 militiae
3237 1787 3569 1851 constitutis,

311 1897 528 1953 exsules
575 1901 984 1962 recognoscuul,
1013 1908 1236 1946 necesse
1261 1901 1344 1945 est
1373 1900 1431 1942 Iit
1479 1898 1680 1958 quanto
1717 1889 1888 1956 magis

315 2004 375 2043 se
399 1985 640 2056 prmbent
687 1985 738 2036 in
793 1983 1024 2036 terrenis
1049 1983 1258 2035 actibus
1277 1981 1498 2043 debiles,
1523 1987 1670 2033 tanto
1695 1979 1804 2031 sint
1834 1979 1887 2030 iit

313 2076 620 2131 humilitate
681 2089 746 2128 ac
801 2074 1060 2142 patientia
1112 2071 1384 2126 fortiores.
1438 2071 1646 2123 Bnthan
1706 2079 1886 2122 autem

312 2165 473 2220 vallis
517 2165 924 2232 interpretatur,
952 2161 1093 2230 quod
1147 2161 1213 2214 ab
1262 2161 1449 2214 eodem
1481 2174 1644 2213 sensu
1682 2173 1885 2226 nequa-

317 2273 481 2327 quam
513 2256 802 2325 discrepat.
835 2253 1063 2322 Oportet
1102 2253 1245 2306 euitn
1293 2260 1354 2306 ut
1389 2251 1635 2320 quisquis
1673 2249 1739 2302 ad
1772 2259 1886 2303 ter-

311 2361 432 2401 ram
486 2345 777 2398 viventium
831 2350 1101 2412 properat,
1153 2340 1219 2394 ad
1261 2339 1575 2409 perferenda
1633 2340 1886 2394 tentat'to—

312 2452 445 2492 num
487 2434 664 2503 jaenla
721 2433 777 2486 in
821 2430 1142 2486 humilitatis
1205 2438 1262 2484 et
1304 2429 1580 2498 patientia:
1647 2428 1887 2482 convalle

313 2525 591 2596 persistat.
1072 2581 1075 2583 _

385 2617 512 2671 lude
537 2615 762 2686 profecti
786 2622 910 2669 sunt
933 2613 985 2666 in
1009 2611 1344 2668 Pltialtiroth.
1361 2625 1480 2680 qua:
1505 2609 1719 2678 respicit
1740 2607 1886 2662 Beel—

313 2709 540 2780 phegor,
559 2715 614 2760 et
635 2704 999 2760 castrantetati
1029 2711 1152 2755 sunt
1181 2711 1303 2755 ante
1329 2700 1646 2771 Magdalum.
1672 2699 1885 2752 Phiahi-

313 2803 438 2854 roth
463 2797 805 2867 interpretari
828 2796 1046 2857 dicitur,
1072 2810 1126 2847 os
1149 2793 1419 2854 nobilium,
1435 2809 1529 2861 per
1547 2791 1688 2860 quod
1711 2791 1889 2858 expri-

316 2890 688 2958 tnitur'lingua
717 2889 1018 2940 doctorum.
1045 2885 1099 2937 lu
1132 2882 1372 2937 convalle
1394 2882 1590 2950 quippe
1614 2881 1887 2948 patientiae

315 2979 666 3040 constitutus,
690 2991 796 3044 quo
820 2975 1036 3044 gravius
1068 2973 1151 3027 vel
1194 2971 1625 3041 persecutionum
1654 2971 1734 3023 vel
1763 2984 1886 3023 car-

318 3070 519 3122 nalium
565 3067 917 3121 teutationum
970 3063 1190 3134 ﬂagellis
1249 3062 1530 3122 atteritur,
1590 3076 1655 3115 eo
1716 3063 1886 3129 magis

1993 1886 2150 1937 modo
2177 1898 2360 1936 amara
2393 1882 2658 1942 dulcibus,
2691 1880 2846 1933 modo
2874 1878 3044 1932 dulcia
3091 1877 3386 1931 miscentur
3417 1891 3568 1928 ama.

1990 1972 2097 2035 ris;
2129 1982 2184 2024 ut
2215 1988 2309 2038 per
2333 1971 2449 2024 luee
2480 1969 2791 2037 experiatur
2822 1969 3053 2021 humana
3088 1966 3326 2019 conditio
3362 1975 3414 2018 et
3440 1965 3572 2034 quid

1989 2079 2019 2116 a
2051 2079 2108 2117 se
2139 2063 2375 2132 patiatur
2406 2060 2751 2121 inﬁrmitatis,
2785 2067 2835 2112 et
2862 2058 2988 2126 quid
3020 2073 3048 2110 a
3097 2057 3206 2110 Deo
3230 2057 3420 2109 debeat
3450 2071 3574 2124 spe-

1990 2169 2112 2207 rare
2145 2154 2378 2207 virtutis.
2415 2152 2566 2206 Sicut
2608 2151 2781 2204 eidem
2814 2149 3007 2218 populo
3041 2149 3238 2202 dicitur
3273 2166 3286 2200 :
3329 2167 3346 2198 c
3389 2146 3568 2202 Alilixi

1991 2251 2064 2303 te.
2094 2253 2147 2296 et
2177 2242 2346 2295 cibavi
2383 2250 2432 2295 te
2464 2255 2657 2292 manna
2704 2240 2756 2291 itt
2786 2238 3018 2298 deserto,
3048 2237 3360 2290 nesciebant
3390 2243 3574 2304 patres

1990 2329 2090 2389 tui,
2134 2329 2303 2382 donec
2350 2328 2759 2396 digitosceretur
2799 2326 2926 2396 quid
2975 2333 3121 2379 esset
3167 2325 3221 2378 in
3270 2323 3436 2379 cordo
3478 2331 3573 2377 tuo

1989 2419 2164 2488 (Deut.
2194 2417 2334 2487 vni).
2371 2437 2390 2470 ι

2601 2507 2826 2563 CAPUT
2867 2505 2951 2560 IV.

2155 2619 2310 2684 Quod
2339 2617 2556 2704 apostoli
2583 2618 2683 2670 sint
2713 2617 2870 2669 duces
2899 2613 3078 2684 populi
3104 2612 3404 2669 Christiani.

2023 2732 2028 2738 ’
2067 2726 2220 2782 Unde
2264 2727 2507 2794 sequitur
2538 2726 2684 2794 quia,
2731 2721 2960 2794 profecti
3000 2725 3065 2777 de
3109 2722 3280 2786 Mara,
3316 2729 3575 2776 venerunt

1997 2815 2048 2868 in
2081 2815 2243 2876 Elim,
2275 2817 2362 2867 ubi
2395 2813 2672 2867 duodecim
2705 2824 2859 2866 erant
2888 2811 3059 2865 fontes
3088 2826 3369 2878 aquarum,
3398 2817 3451 2862 et
3485 2824 3574 2863 sc-

1990 2907 2266 2976 ptuaginta
2296 2905 2506 2972 palmae.
2541 2904 2699 2956 Vides
2740 2913 2858 2972 post
2906 2903 3214 2956 tentationis
3254 2900 3572 2953 amaritudi-

1994 3012 2113 3047 netu
2147 2994 2214 3047 ad
2247 3008 2505 3062 quantam
2539 2992 2829 3045 deveniunt
2855 3001 2909 3043 et
2935 2991 3166 3043 dulcium
3193 3004 3470 3057 pomorum
3519 2995 3575 3039 et

1991 3097 2251 3151 aquarum
2306 3079 2681 3150 proﬁuentium
2738 3078 3124 3130 animuitateut.
3179 3076 3278 3127 l‘cr
3323 3074 3574 3128 tentatioc

322 3175 545 3213 necesse
591 3167 673 3212 εει
713 3166 773 3210 ut
820 3157 869 3210 εί
908 3157 975 3208 ab
1011 3170 1105 3208 ore
1138 3153 1428 3217 "omnm"!
1459 3153 1510 3206 id
1540 3161 1652 3216 θδίν
1698 3170 1726 3205 ³
1769 3167 1892 3206 ⁵³⁸⁸⁸
1920 3163 1961 3221 C
1996 3174 2078 3226 uis
2122 3173 2302 3237 itaque
2332 3185 2584 3238 pugnam,
2632 3167 2996 3237 perducuntur
3041 3166 3106 3217 ad
3137 3164 3364 3233 palmas.
3393 3173 3444 3216 et
3477 3177 3572 3230 per

315 3261 526 3301 (torum
575 3250 852 3302 doctorum
901 3246 1364 3299 exhortationibus
1413 3254 1780 3297 succurratur.
1833 3243 1889 3296 Si

317 3338 473 3408 561
522 3353 646 3391 vero
688 3354 791 3391 non
835 3337 1148 3390 Pltiahirotb
1186 3338 1277 3389 sed
1317 3337 1566 3390 Osiraatb
1609 3335 1893 3408 proferen—

318 3431 442 3482 dum
470 3437 575 3492 est,
604 3437 660 3480 ut
687 3428 786 3481 alia
822 3437 1047 3481 testatur
1072 3427 1268 3490 editio,
1303 3427 1581 3480 sciendum
1637 3435 1719 3480 est
1752 3428 1894 3494 quod

313 3517 515 3580 iraatli,
565 3519 702 3570 vicus
739 3518 1139 3586 interpretatur.
1175 3518 1250 3570 Ad
1281 3534 1341 3570 os
1375 3533 1525 3587 ergo,
1569 3518 1669 3571 hoc
1697 3527 1796 3581 est,
1827 3517 1893 3571 ad

317 3607 548 3675 primum
581 3606 682 3660 vici
726 3606 882 3674 hujus
912 3608 1124 3659 venitur
1159 3607 1492 3676 ingressum,
1539 3606 1680 3677 quod
1729 3609 1896 3678 signi-

317 3697 441 3749 ﬁcat
470 3711 616 3750 novae
649 3697 1074 3750 conversationis
1119 3697 1346 3749 initium.
1382 3696 1530 3751 Unde
1562 3712 1668 3749 non
1699 3699 1764 3750 ad
1802 3713 1892 3751 ur-

316 3785 460 3849 bem,
489 3786 582 3840 sed
611 3787 677 3840 ad
708 3787 880 3840 vicum
910 3787 1159 3850 veniunt;
1212 3786 1339 3853 quia
1370 3801 1588 3839 necesse
1611 3795 1694 3840 est
1721 3794 1778 3838 ut
1804 3801 1895 3839 no-

316 3883 431 3936 vitii
461 3883 659 3952 quique
701 3883 914 3936 intcrim
957 3897 1016 3936 se
1058 3882 1198 3935 intra
1241 3883 1563 3936 suburbana:
1595 3883 1718 3936 vitae
1745 3883 1894 3937 cohi-

314 3979 479 4032 beant
533 3979 787 4040 modum,
840 3993 940 4032 nec
989 3976 1386 4046 praecipitanter
1433 3977 1608 4031 adhuc
1662 3978 1896 4031 audeant

317 4067 601 4121 senatoriae
663 4065 1008 4136 perfectionis
1064 4074 1331 4118 attentare
1389 4063 1681 4134 fastigium.
1741 4065 1892 4120 Unde

316 4156 454 4210 bene
501 4156 700 4210 dicitur
765 4155 1016 4223 quoniatn
1059 4153 1251 4208 Ariotb
1298 4153 1518 4223 respicit
1564 4152 1891 4222 Beelsepbon

318 4245 508 4315 (Nam.
553 4248 765 4308 χχχιιι).
816 4245 1144 4314 Bcclsephon
1191 4244 1455 4313 siquidem
1505 4244 1894 4312 interpretatur

315 4335 548 4389 ascensio
579 4335 820 4404 speculor,
849 4336 960 4389 sive
995 4335 1176 4388 turris.
1215 4335 1259 4387 Α
1289 4335 1467 4404 parvis
1499 4335 1640 4389 enim
1672 4335 1738 4387 ad
1775 4349 1890 4388 ma-

315 4439 418 4492 gna
449 4424 845 4477 conscenditur.
880 4421 992 4477 Non
1022 4423 1165 4476 enim
1197 4425 1310 4476 hzec
1330 4423 1537 4476 mansio
1568 4423 1667 4476 fuit
1691 4423 1744 4476 in
1779 4425 1892 4492 ipsa

1995 3261 2112 3313 sitis
2160 3257 2511 3312 intoleranda:
2563 3256 2871 3326 penuriam,
2927 3254 2993 3308 ad
3044 3254 3298 3323 irriguum
3350 3251 3571 3304 veniunt

1995 3369 2257 3422 aquarum
2305 3351 2597 3403 viventium
2647 3346 2996 3401 aﬂluenliam.
3046 3345 3360 3399 Animarum
3415 3341 3576 3412 562

1995 3445 2188 3512 quippe
2217 3442 2458 3495 medicus
2480 3431 2816 3508 omnipotens
2845 3437 2985 3491 Dens
3013 3435 3092 3489 sic
3121 3435 3298 3488 omnia
3327 3434 3576 3487 ordinate

1994 3538 2296 3605 dispensat,
2340 3547 2418 3600 ut,
2449 3545 2703 3602 tanquam
2751 3531 2906 3586 melle
2949 3529 3236 3601 pigmentis
3280 3528 3476 3594 infuso,
3518 3535 3577 3581 et

1997 3625 2238 3680 tristibus
2283 3624 2431 3688 lazta,
2487 3633 2540 3676 ct
2590 3621 2722 3674 iretis
2779 3621 2949 3674 tristia
3007 3621 3257 3677 misceat:
3309 3628 3576 3687 quatenus

1994 3730 2146 3769 mens
2193 3714 2404 3767 inﬁrma
2470 3721 2523 3766 et
2565 3712 2851 3780 aliquando
2896 3727 3144 3780 percussa
3194 3725 3467 3778 nunquam
3509 3707 3576 3761 de

1992 3806 2350 3875 prosperitate
2395 3803 2690 3872 superbiat,
2723 3812 2775 3856 et
2808 3802 3098 3871 aliquando
3146 3801 3336 3862 refota,
3379 3799 3432 3852 in
3482 3797 3574 3870 ad-

1995 3896 2343 3951 versitatibns
2389 3911 2491 3949 non
2538 3894 2873 3950 succumbat.
2918 3893 3054 3946 Elim
3102 3902 3359 3962 pra-terea
3409 3892 3576 3944 inter-

1992 3994 2238 4055 pretatur
2275 3985 2481 4046 arietes,
2511 3984 2603 4051 qui
2636 3983 2890 4036 nimirum
2923 3991 3043 4033 sunt
3076 3995 3296 4050 gregum
3335 3992 3570 4048 sequen-

1995 4075 2128 4128 tium
2159 4074 2342 4126 duees.
2394 4073 2492 4138 Qtti
2541 4087 2670 4126 vero
2714 4081 2838 4126 sunt
2867 4073 3030 4124 (luces
3060 4069 3335 4123 rationalis
3369 4069 3571 4137 gregis,

1991 4162 2095 4218 hoc
2123 4171 2223 4224 est,
2262 4163 2439 4231 populi
2471 4163 2789 4224 Christiani,
2835 4160 2938 4212 nisi
2987 4159 3158 4212 sancti
3191 4159 3460 4227 :tpOleli?
3507 4158 3570 4211 lli

1993 4253 2248 4307 nimirum
2279 4264 2405 4304 sunt
2435 4252 2714 4305 duodecim
2760 4249 2936 4302 fontes
2965 4249 3267 4301 ariditatein
3310 4247 3570 4300 mentium

1993 4343 2253 4397 doctrinm
2293 4342 2530 4396 catlestis
2572 4336 2830 4394 ﬂuoribns
2877 4339 3179 4408 irrigantes.
3214 4336 3410 4390 Verum
3443 4337 3568 4405 quia

1996 4449 2100 4486 non
2124 4431 2264 4486 illos
2299 4431 2580 4485 duodecim
2610 4431 2869 4481 duntaxat
2898 4425 3168 4496 apostolos
3199 4423 3441 4478 Salvator
3473 4439 3570 4477 no-

315 4512 1469 4582 specula.scdrcspicichalspeculam.Quia
1487 4515 1884 4583 novitiusquis-
1916 4499 1964 4558 Ῑ)
1992 4532 2106 4576 ster
2149 4521 2332 4590 elegit,
2382 4521 2475 4574 sed
2521 4529 2576 4573 et
2603 4518 2737 4572 alios
2766 4515 3099 4585 septuaginta
3147 4513 3453 4578 constituit;
3486 4511 3569 4565 id-

315 4615 446 4668 que,
488 4610 540 4654 et
582 4603 625 4654 si
665 4601 731 4654 ad
776 4601 1157 4670 speculativam
1195 4605 1359 4658 vitam
1395 4605 1505 4673 jam
1553 4622 1647 4675 per
1684 4607 1890 4660 deside-

316 4689 458 4742 rium
504 4690 720 4754 tendat,
760 4693 988 4745 necdum
1032 4699 1206 4744 tamen
1245 4693 1310 4746 ad
1353 4693 1691 4761 speculativte
1724 4696 1892 4762 peric.

316 4778 515 4833 etionis
552 4779 764 4833 culmen
805 4781 1027 4850 aspirat.
1070 4781 1431 4847 Quamobrem
1470 4782 1579 4836 illic
1614 4793 1736 4851 apte
1773 4785 1894 4838 sub-

313 4871 558 4941 jungitur
606 4887 620 4924 :
676 4890 694 4923 ‹
753 4872 819 4926 Et
873 4874 1239 4927 castratnetati
1291 4882 1417 4928 sunt
1465 4873 1533 4927 ad
1589 4873 1887 4943 Magdalum

317 4963 525 5034 tlbid.).
577 4983 596 5015 θ
641 4964 916 5035 Madgalus
973 4965 1356 5035 magniﬁcentia
1403 4965 1621 5021 dicitur.
1672 4965 1893 5020 Noviter

313 5055 458 5108 enim
507 5055 626 5120 quis
664 5057 730 5108 ad
776 5057 867 5110 Dei
907 5059 1187 5111 servitium
1228 5061 1480 5123 veniens,
1522 5060 1890 5114 ascensionem

313 5144 570 5212 speculae,
593 5154 647 5199 et
670 5146 1125 5214 magniﬁcentiam
1151 5149 1262 5216 jam
1286 5149 1499 5217 quidem
1523 5150 1574 5202 in
1599 5156 1890 5219 conspectu

315 5248 415 5286 suo
444 5249 539 5303 per
564 5235 918 5290 intentionem
950 5245 1113 5302 tenet,
1147 5239 1240 5291 sed
1272 5251 1368 5304 per
1391 5235 1642 5291 effectum
1675 5239 1892 5291 virtutis

315 5325 546 5377 necdum
580 5327 836 5394 possidet.
864 5326 999 5394 Quia
1035 5326 1161 5380 licet
1189 5341 1282 5395 spe
1312 5327 1781 5395 contemplationis
1827 5343 1890 5381 ac

314 5411 664 5480 perfectionis
697 5414 810 5482 jam
850 5425 1102 5486 pascatur
1125 5424 1181 5470 et
1219 5415 1518 5478 nutriatur,
1550 5417 1775 5469 necdum
1814 5426 1889 5469 ta-

316 5517 440 5556 men
469 5517 855 5561 consummatae
881 5507 1155 5560 munditia:
1211 5507 1294 5560 vel
1326 5521 1570 5575 superna:
1600 5508 1787 5576 gratia:
1815 5508 1892 5560 ni-

315 5602 434 5645 tore
467 5593 780 5661 perfruitur.
821 5595 890 5652 Ut
923 5596 969 5650 si
1005 5596 1327 5665 Beelsepbor
1364 5597 1764 5666 interpretatur,
1802 5597 1893 5651 do-

317 5684 488 5738 minus
533 5685 824 5756 Aquilonis,
875 5687 1015 5746 sicut
1054 5703 1084 5743 a
1125 5688 1448 5761 quibusdam
1493 5687 1712 5759 dicitur,
1763 5690 1890 5760 quid

1993 4615 2140 4666 circo
2190 4629 2296 4665 non
2347 4611 2520 4666 solum
2567 4610 2844 4664 duodecim
2885 4607 3080 4670 fontes,
3117 4608 3210 4662 sed
3251 4617 3306 4662 et
3349 4617 3567 4674 septua-

1993 4704 2139 4771 ginta
2188 4686 2570 4757 dcscrihnntur
2617 4701 2723 4755 illic
2769 4702 2990 4754 arbores
3035 4695 3200 4751 fuisse
3247 4695 3565 4766 palmarum.

1997 4794 2133 4848 Nam
2165 4804 2218 4848 et
2255 4796 2351 4863 ipsi
2381 4794 2608 4862 apostoli
2642 4795 3006 4855 nominantur,
3049 4793 3184 4845 sicut
3228 4800 3282 4843 et
3327 4790 3377 4841 in
3426 4789 3566 4841 bta:i

1999 4883 2150 4938 Pauli
2185 4885 2362 4938 verbis
2389 4884 2716 4954 agnoscitur.
2745 4881 2876 4936 Cum
2899 4883 3042 4935 enim
3063 4880 3128 4934 de
3152 4879 3570 4933 Resurrectionc

1993 4971 2290 5026 Salvatoris
2327 4979 2510 5040 ageret
2551 4986 2566 5024 :
2613 4989 2631 5021 ι
2668 4971 2824 5024 Visus
2860 4976 2972 5034 est,
3011 4969 3217 5037 inquit,
3259 4968 3479 5036 Cephte,
3516 4977 3571 5022 ct

1991 5073 2113 5131 post
2154 5064 2267 5117 haec
2313 5064 2418 5116 illis
2468 5062 2734 5124 undecim,
2780 5060 2971 5114 deinde
3021 5058 3270 5126 apparuit
3312 5055 3569 5125 apostolis

1992 5154 2242 5210 omnibus
2278 5153 2328 5225 (ι
2362 5153 2484 5206 Cor.
2522 5151 2633 5222 xv).
2667 5171 2686 5203 ι
2730 5152 2804 5204 Ex
2847 5151 3038 5219 quibus
3068 5149 3248 5203 verbis
3288 5150 3569 5203 manifesto

1992 5241 2258 5308 colligitur
2287 5241 2451 5308 quod,
2492 5249 2686 5308 przetcr
2717 5239 2833 5292 illos
2860 5239 3162 5298 duodecim,
3193 5247 3242 5290 et
3276 5237 3368 5292 alii
3400 5237 3567 5293 disci-

1989 5332 2100 5402 puli
2130 5347 2236 5384 non
2270 5330 2709 5384 iticonvenienter
2736 5327 2958 5398 apostoli
2988 5328 3351 5398 nominentur.

2065 5421 2169 5477 Sed
2217 5419 2420 5490 egressi
2456 5419 2523 5473 de
2565 5417 2730 5482 Elim,
2758 5419 2909 5488 juxta
2956 5432 3102 5472 mare
3131 5417 3368 5474 Rubrum
3405 5416 3568 5470 ﬁxere

1995 5513 2246 5568 tentoria.
2289 5511 2444 5574 Nota,
2478 5509 2600 5579 quia
2633 5525 2741 5565 non
2771 5525 2918 5564 mare
2955 5524 3139 5566 russus
3171 5507 3564 5576 ingrediuntur,

1993 5603 2087 5658 sed
2115 5601 2268 5671 juxta
2295 5614 2446 5654 mare
2471 5599 2875 5656 tabernaculum
2919 5599 3125 5671 ﬁgunt:
3160 5610 3218 5654 ut
3265 5615 3412 5654 mare
3446 5610 3564 5653 tau-

1995 5703 2108 5748 tum
2137 5700 2189 5748 ct
2223 5687 2578 5760 procellarum
2622 5689 2862 5748 cumulos
2916 5689 3104 5763 procul
3151 5691 3435 5760 aspiciant,
3475 5704 3565 5741 nc-
