4132 6324
581 264 685 322 531

1043 264 1104 323 S.
1129 265 1335 321 PETRI
1365 264 1648 320 DAMIANI
1682 262 1833 319 OPP.
1858 261 2093 320 'I'OMUS
2126 262 2261 319 SEU
2298 263 2478 321 PARS
2513 265 2600 320 III.
2624 295 2694 308 --
2734 265 3097 325 OPUSCULA
3139 269 3364 327 VARIA.

3726 276 3839 331 551

583 394 854 451 quaquam
895 386 1073 435 tamen
1147 388 1325 435 motus
1367 380 1483 449 ejus
1526 387 1580 433 et
1625 378 1856 447 impetus
1902 377 2159 447 pertime-
2188 386 2237 444 Α
2265 391 2362 447 per
2393 376 2654 434 Ananiam
2684 388 2903 436 sanatus
2934 390 3018 437 est
3054 380 3250 436 Paulus
3281 382 3419 453 (Act.
3446 385 3547 455 is),
3578 393 3636 440 ut
3666 394 3840 444 conti-

583 480 756 527 scunt.
790 469 898 525 Nos
931 471 1094 525 etiam
1127 482 1247 541 post
1276 469 1636 525 tentationum
1663 466 1876 531 ﬂuctus,
1909 475 2030 536 post
2060 483 2161 521 un-

580 560 759 616 disoni
807 563 973 615 maris
1021 560 1365 616 formidolosa
1417 557 1730 628 naufragia,
1776 557 1964 612 eadem
2017 571 2160 625 saepe

576 652 724 707 mala
777 668 899 723 qua:
962 654 1313 723 pertulimus,
1351 662 1478 707 ante
1518 652 1700 705 oculos
1743 632 1991 721 po'nimus
2037 669 2050 703 :
2101 657 2162 704 ut

577 741 869 811 jam,velut
893 745 942 797 in
969 745 1148 798 littore
1170 744 1471 809 constituti,
1497 744 1690 814 dignas
1711 742 1948 812 ereptori
1973 751 2160 799 nostro

581 833 691 888 Deo
719 834 922 904 gratias
954 834 1274 890 referamus.

651 923 888 977 Profecti
937 940 1152 993 quoque
1192 925 1261 979 de
1302 924 1440 979 mari
1482 924 1668 979 Rubro
1694 923 2066 993 applicuerunt
2103 922 2158 977 in

581 1011 853 1066 desertum
896 1011 1012 1067 Sin.
1056 1012 1150 1067 Sin
1198 1014 1614 1082 interpretatur,
1663 1014 1847 1078 rubus,
1894 1013 2009 1069 sive
2050 1022 2161 1067 ten-

581 1106 729 1153 tatio.
776 1101 968 1170 Incipit
1015 1118 1146 1171 ergo
1189 1103 1391 1159 Christi
1435 1105 1591 1159 militi
1628 1104 1742 1172 jam
1787 1104 2161 1174 prosperitatis

581 1204 708 1258 spes
737 1192 999 1257 arridere,
1032 1202 1087 1247 et
1120 1194 1495 1250 collocutionis
1519 1196 1714 1250 divinae
1751 1197 1910 1250 verba
1938 1196 2162 1265 promit-

585 1289 716 1335 tere.
750 1280 826 1335 De
854 1280 1007 1337 Ruho
1034 1284 1299 1353 siquidem
1330 1286 1589 1340 Dominus
1613 1286 1881 1355 apparuit,
1908 1294 1963 1341 et
1992 1285 2160 1356 Moysi

582 1370 651 1424 ad
681 1369 819 1425 ﬁlios
846 1371 1007 1429 Israel
1032 1374 1272 1442 perferre
1296 1376 1551 1429 tnandata
1582 1377 1834 1444 praecepit
1856 1363 2054 1445 (Exod.
2078 1375 2159 1438 ιι).

580 1460 695 1516 Illic
718 1476 845 1533 ergo
875 1464 967 1517 tibi
997 1463 1155 1518 datur
1177 1465 1460 1533 sperandae
1486 1465 1781 1519 clementiae
1812 1464 2050 1531 signum,
2074 1463 2159 1518 ubi

582 1551 785 1606 factum
816 1562 898 1608 est
939 1553 1244 1609 Israeliticae
1281 1556 1607 1609 visitationis
1642 1556 1872 1609 initium.
1913 1556 2019 1610 Sed
2055 1571 2159 1610 non

582 1644 755 1700 otiose
783 1644 876 1699 Sin
908 1646 1071 1700 etiam
1103 1648 1325 1701 tentatio
1353 1648 1568 1703 dicitur.
1597 1647 1746 1702 Solet
1773 1647 1936 1701 etiam
1967 1648 2160 1717 saepius

2257 466 2380 522 nuis
2409 468 2749 537 postmodum
2781 468 3054 524 laboribus
3081 469 3375 527 insudaret.
3407 470 3543 527 Hinc
3568 485 3653 529 est
3692 479 3839 546 quod

2257 556 2433 612 eidem
2459 557 2683 612 Ananiae
2710 558 2778 613 de
2804 558 2894 613 illo
2918 558 3119 614 dictum
3150 568 3234 614 est
3260 578 3273 613 :
3302 579 3319 610 ι
3351 561 3461 632 Ego
3483 565 3628 618 enim
3657 575 3839 621 osten-

2259 648 2382 704 dam
2414 647 2489 701 illi
2521 658 2723 717 quauta
2768 658 3018 718 Oporteat
3043 664 3165 704 eum
3207 664 3305 718 pro
3328 651 3545 706 nomine
3576 668 3695 707 meo
3727 656 3839 724 pati

2261 735 2473 806 (Matth.
2506 738 2645 804 xui).
2683 755 2702 787 ι
2738 736 2891 802 Quod
2917 746 3096 792 autem
3126 738 3291 793 Halus
3320 740 3484 794 etiam
3515 740 3840 799 fermentum

2258 826 2604 896 interpretari
2633 826 2850 893 dicitur,
2881 837 2937 882 et
2964 829 3090 883 hinc
3116 829 3272 883 nobis
3297 844 3546 900 congrum
3571 833 3843 903 significa-

2259 918 2424 974 tionis
2445 917 2749 973 intellectus
2779 918 3023 974 offertur.
3057 919 3182 974 Ilaec
3214 928 3298 975 est
3326 922 3469 975 enim
3511 921 3842 979 fermentum

2261 1011 2394 1066 illud
2440 1013 2585 1083 quod
2613 1012 2803 1068 tollens
2830 1013 3025 1068 mulier
3046 1015 3389 1070 commiscuit
3411 1016 3467 1070 in
3495 1017 3681 1073 farina:
3705 1019 3842 1073 satis

2262 1102 2454 1168 tribus,
2479 1103 2648 1158 donec
2673 1102 3094 1159 fermentaretur
3119 1112 3288 1159 totum
3310 1103 3462 1174 (Lac.
3486 1107 3631 1175 χιιι),
3658 1107 3710 1161 id
3732 1118 3837 1173 est,

2262 1202 2509 1253 sanctum
2561 1195 2929 1265 Evangelium.
2978 1197 3034 1251 In
3081 1196 3183 1252 hac
3232 1198 3496 1266 siquidem
3546 1200 3842 1256 solitudine

2261 1282 2489 1353 populus
2527 1285 2904 1349 murmuravit,
2951 1293 3007 1340 et
3051 1301 3245 1340 manna
3273 1287 3429 1340 simul
3454 1297 3509 1342 et
3532 1291 3843 1345 coturnices

2263 1372 2488 1442 accepit.
2517 1373 2583 1426 Et
2607 1388 2730 1428 cum
2754 1389 2861 1427 non
2890 1375 3048 1428 modo
3069 1374 3418 1440 fermentum,
3446 1377 3539 1432 sed
3562 1386 3614 1432 et
3641 1394 3840 1432 manna

2262 1477 2474 1518 sacrum
2504 1462 2772 1532 signiﬁcet
2797 1463 3165 1532 Evangelium,
3191 1465 3329 1520 miro
3356 1466 3511 1521 modo
3542 1468 3654 1521 haec
3678 1467 3841 1522 simul

2264 1552 2319 1608 in
2348 1553 2558 1607 decima
2589 1554 2868 1610 mansione
2895 1556 3223 1611 conveniunt
3255 1573 3268 1609 :
3304 1566 3360 1610 ut
3389 1567 3509 1626 post
3538 1558 3670 1625 legis
3702 1575 3841 1628 prte-

2263 1642 2442 1696 nissa:
2473 1642 2782 1714 decalogum
2805 1683 2821 1707 ,
2856 1644 3011 1714 panis
3040 1644 3312 1716 Evangelii
3342 1649 3633 1704 succedere
3663 1650 3844 1704 videa—

581 1744 638 1789 et
673 1735 727 1789 in
757 1735 1050 1790 visionibus
1089 1736 1414 1791 intervenire
1459 1737 1702 1800 tentatio,
1747 1740 1874 1790 dum
1914 1750 2160 1790 nonnun-
2192 1724 2234 1783 Β
2264 1740 2371 1786 tur.

580 1840 744 1894 quam
779 1826 1001 1895 spiritus
1044 1826 1344 1894 iniquitatis
1373 1827 1718 1897 transfigurat
1746 1842 1806 1882 se
1834 1827 1888 1880 in
1914 1826 2159 1897 angelum

580 1914 717 1970 Iucis
746 1914 834 1985 (II
858 1915 981 1969 Cor.
1008 1915 1107 1984 vt).
1136 1916 1205 1969 Et
1240 1916 1361 1970 ideo
1386 1916 1656 1971 subtiliter
1682 1926 1766 1971 est
1795 1918 2080 1988 agendum,
2105 1925 2164 1970 ut

582 2003 960 2059 discernantur
999 2018 1198 2072 genera
1230 2005 1516 2060 visionum.
1561 2005 1715 2061 Sicut
1759 2016 1812 2061 et
1838 2005 1975 2061 Jesu
2017 2006 2164 2063 Nave

582 2108 707 2153 cum
734 2094 983 2162 angelum
1012 2104 1278 2159 cerneret,
1305 2104 1359 2150 et
1397 2097 1721 2153 tentationes
1746 2097 2034 2166 aliquando
2063 2099 2162 2153 bu-

576 2182 812 2251 jusmodi
845 2184 1142 2239 visionibus
1174 2186 1349 2241 inesse
1382 2187 1684 2242 nullatenus
1715 2188 2007 2254 dubitaret,
2039 2205 2163 2258 pro—

583 2272 728 2327 tinus
755 2273 822 2326 ab
849 2288 912 2328 eo
937 2273 1028 2342 qui
1078 2276 1389 2343 apparebat,
1425 2277 1726 2345 requisivit,
1753 2276 1938 2331 dicens
1964 2294 1979 2332 :
2006 2297 2024 2328 ι
2055 2278 2160 2333 No-

583 2376 696 2422 ster
731 2382 811 2432 es,
839 2383 907 2422 an
944 2369 1408 2423 adversariorum?
1445 2368 1584 2437 (Jos.
1622 2370 1700 2439 v.)
1739 2389 1758 2422 ι
1792 2370 1927 2425 Nam
1970 2380 2026 2426 et
2068 2387 2165 2441 per

582 2457 897 2526 Apostolum
953 2458 1210 2513 discretio
1264 2460 1549 2528 spirituum
1605 2460 1748 2515 inter
1796 2460 1936 2515 dona
1990 2463 2161 2516 sancti

585 2547 819 2618 Spiritus
852 2559 1202 2605 euumeratur
1230 2551 1279 2622 (ι
1331 2551 1452 2607 Cor.
1487 2553 1607 2621 xu).
1649 2551 1801 2619 Quod
1844 2560 2024 2608 autem
2067 2553 2161 2609 Sin

583 2640 749 2695 etiam
783 2641 960 2695 odium
1004 2643 1347 2711 interpretari
1377 2644 1593 2709 dicitur,
1625 2645 1796 2712 neque
1820 2645 1922 2700 hoc
1947 2646 2162 2715 quidem

587 2744 618 2782 a
652 2730 917 2800 spirituali
947 2733 1219 2789 exorbitat
1255 2734 1548 2801 intellectu.
1590 2733 1843 2805 Quisquis
1869 2737 2012 2793 enim
2038 2753 2166 2806 per-

585 2822 736 2876 venit
766 2822 832 2876 ad
877 2823 1138 2878 visionem
1168 2823 1251 2878 vel
1308 2824 1683 2881 allocutionem
1717 2826 1834 2891 hci,
1879 2826 2162 2883 confestim

585 2909 825 2981 concipit
853 2910 1035 2981 odium
1068 2912 1275 2966 mundi.

1207 3020 1433 3077 CAPUT
1474 3022 1537 3077 V.

584 3110 742 3178 Quod
771 3110 1049 3183 languore:
1087 3111 1409 3193 aninzgsint
1442 3112 1595 3233 filia,
1626 3126 1766 3165 mors
1799 3127 1918 3166 vero
1950 3121 2161 3181 peccata

1219 3198 1437 3233 crmttmt
1462 3198 1533 3233 ta.

1219 3198 1533 3235 crmtmaua.

661 3269 770 3325 Sed
799 3277 853 3325 et
882 3270 1005 3325 inde
1040 3271 1331 3340 progressi,
1363 3279 1625 3325 venerunt
1655 3270 1707 3324 in
1733 3270 1969 3339 Deptbca
2004 3289 2017 3324 :
2051 3271 2165 3326 sive

588 3370 649 3415 ut
695 3357 799 3413 alia
852 3361 1133 3415 translatio
1178 3361 1454 3431 perhibet,
1509 3359 1759 3428 Raphaca
1811 3359 2009 3430 (Exod.
2055 3360 2161 3429 ut).

587 3447 747 3520 563
780 3449 1013 3519 Dephtca
1043 3450 1271 3518 denique
1299 3448 1523 3519 pulsatio
1549 3449 1764 3503 dicitur.
1798 3448 1862 3502 Et
1886 3464 1987 3503 nos
2014 3458 2164 3517 post-

588 3552 749 3604 quam
801 3537 1157 3606 pertingimus
1209 3538 1273 3592 ad
1324 3538 1650 3601 Ecclesiam,
1701 3553 1863 3606 quam
1915 3538 2168 3595 videlicet

590 3624 778 3679 Ilubus
812 3625 898 3679 ille
934 3625 1217 3693 significat,
1252 3625 1337 3679 ubi
1386 3626 1479 3681 Dei
1522 3636 1761 3681 meretur
1799 3629 1960 3683 homo
2002 3629 2165 3684 collo-

587 3713 798 3783 quium,
840 3713 928 3768 ubi
972 3714 1108 3768 visio
1146 3715 1474 3784 conspicitur
1509 3718 1841 3787 angelorum,
1872 3728 1997 3775 tunc
2040 3720 2167 3775 inci-

588 3805 765 3875 pimus
809 3814 1017 3875 petere,
1072 3822 1330 3875 quaerere,
1372 3822 1436 3863 ac
1483 3808 1633 3878 regni
1684 3809 1919 3865 caelestis
1966 3827 2162 3867 arcana

588 3895 821 3966 pulsare,
846 3896 1072 3952 Domino
1096 3899 1437 3967 praacipieute
1484 3908 1537 3953 et
1561 3900 1866 3969 pollicente,
1888 3901 1979 3971 qui
2001 3902 2160 3955 dicit:

592 4005 611 4036 ι
648 3984 884 4050 Pulsate,
909 3995 963 4040 et
988 3988 1258 4056 aperietur
1286 3988 1437 4045 vobis
1464 3989 1678 4061 (Matth.
1710 4007 1811 4056 vn;
1844 3989 1971 4045 Luc.
2001 3992 2099 4059 χι).
2138 4010 2156 4044 ι

590 4074 648 4130 Si
694 4090 820 4130 vero
848 4075 1097 4146 Raphaca
1125 4078 1246 4146 quis
1277 4076 1427 4133 malit
1468 4080 1772 4144 admittere,
1804 4096 1922 4150 qua:
1956 4082 2163 4136 sanitas

590 4164 825 4218 dicitur:
860 4165 961 4220 hoc
1007 4182 1203 4221 nomen
1250 4167 1442 4221 animm
1489 4167 1689 4223 dudum
1738 4168 2019 4237 languidae,
2069 4169 2162 4225 sed

580 4248 692 4318 jam
729 4267 824 4320 per
850 4253 1046 4307 douum
1083 4264 1282 4309 sancta:
1320 4254 1579 4310 Ecclesire
1618 4255 1891 4327 languoris
1937 4258 2162 4312 nexibus

588 4340 847 4394 absolutae
875 4342 1257 4396 convenienter
1281 4352 1514 4413 aptatur.
1539 4342 1663 4398 Haec
1692 4356 1777 4399 est
1816 4345 1955 4399 enim
1984 4345 2160 4398 anima

588 4430 675 4484 cui
704 4430 936 4484 dicitur:
967 4450 986 4482 ι
1017 4431 1264 4498 Benedic,
1284 4434 1487 4499 anima,
1513 4450 1627 4489 mea
1650 4437 1887 4499 Domino,
1914 4436 2160 4491 etomuia

590 4518 849 4573 interiora
909 4533 1028 4572 mea
1084 4521 1288 4574 nomini
1340 4532 1529 4577 sancto
1579 4523 1694 4589 ejus
1745 4523 1917 4593 (Psal.
1968 4527 2084 4594 cn).
2136 4545 2153 4576 ι

590 4606 780 4677 Quem,
814 4623 1014 4677 quaso,
1043 4610 1363 4664 Dominum?
1401 4613 1500 4678 Qui
1544 4624 1717 4677 sanat,
1750 4614 1942 4683 inquit,
1974 4630 2160 4669 omnes

589 4697 874 4767 Iauguores
910 4708 1046 4761 tuos,
1079 4699 1168 4768 qui
1209 4702 1426 4754 redimit
1452 4703 1519 4756 de
1549 4704 1768 4758 interitu
1800 4704 1961 4759 vitam
1992 4716 2156 4760 tuam.

589 4782 842 4854 Languor
865 4786 1070 4840 scilicet
1094 4788 1285 4841 animae
1316 4790 1441 4843 vitia
1469 4800 1613 4851 sunt.
1647 4807 1792 4847 mors
1818 4794 2010 4849 aliique
2038 4810 2165 4864 pec-

2334 1821 2580 1878 Posthaec
2604 1823 2831 1878 veniunt
2858 1824 2909 1878 in
2933 1823 3220 1894 Raphidin.
3249 1826 3635 1897 Interpretatur
3658 1828 3844 1899 itaque

2264 1913 2527 1983 Raphidin
2558 1913 2674 1968 laus
2706 1914 2923 1984 judicii.
2959 1915 3026 1970 Et
3055 1926 3203 1971 certe
3239 1917 3372 1971 satis
3408 1933 3663 1989 congrue,
3695 1926 3757 1972 ut
3783 1925 3846 1975 et

2262 2002 2415 2058 labor
2436 2004 2724 2059 antecedat
2747 2005 2981 2072 laudem,
3004 2016 3060 2063 et
3089 2006 3208 2062 laus
3232 2009 3512 2077 proveniat
3538 2018 3659 2076 post
3686 2008 3841 2064 labo-

2263 2107 2398 2147 rem.
2430 2091 2627 2148 Verum
2661 2109 2770 2149 non
2817 2092 3185 2164 cujuscunque
3214 2096 3312 2158 rei,
3358 2096 3454 2150 sed
3495 2095 3611 2150 laus
3623 2095 3841 2164 judicii,

2264 2184 2405 2258 [quae
2430 2185 2851 2258 add.]jvidelicet
2876 2188 2942 2243 de
2977 2188 3199 2245 rationis
3224 2187 3431 2257 judicio
3459 2189 3704 2259 prodeat,
3731 2206 3843 2243 non

2262 2274 2381 2328 laus
2434 2289 2554 2343 quae
2592 2275 2658 2328 de
2700 2275 2969 2346 superbia:
3010 2277 3246 2331 vanitate
3270 2278 3567 2345 procedat.
3602 2296 3622 2328 ‹
3661 2277 3841 2346 Spiri-

2261 2362 2423 2416 tualis
2451 2363 2597 2418 enim
2625 2363 2786 2417 homo
2805 2364 3011 2433 iudicat
3035 2365 3236 2430 omnia,
3263 2375 3318 2421 et
3341 2382 3370 2418 a
3398 2366 3609 2420 nemine
3630 2364 3843 2433 judica-

2265 2463 2350 2503 ειη·
2376 2449 2425 2520 (l
2457 2447 2580 2503 Cor.
2613 2450 2695 2522 ιι).
2730 2471 2749 2503 ι
2788 2452 3150 2521 Reperiuntur
3182 2463 3236 2507 et
3281 2453 3398 2507 alia:
3443 2453 3632 2507 horum
3666 2454 3844 2509 nomi-

2262 2558 2391 2599 ιιιυιι
2421 2542 2928 2611 interpretationes;
2973 2544 3068 2598 sed
3099 2543 3144 2597 si
3187 2553 3402 2609 cuncta,
3433 2558 3553 2612 quas
3590 2543 3749 2598 nobis
3783 2542 3844 2598 in

2266 2634 2365 2688 hac
2394 2634 2619 2689 materia
2650 2642 2964 2703 suggerunt,
2994 2634 3388 2704 amplectimur,
3417 2634 3531 2704 jam
3575 2651 3680 2689 non
3726 2648 3847 2691 ser-

2263 2724 2476 2779 vabitur
2503 2724 2811 2793 epistolaris
2837 2726 2967 2780 ordo
2992 2727 3318 2795 compendii,
3341 2728 3434 2782 Sed
3466 2726 3681 2782 onerosi
3710 2741 3845 2781 con-

2236 2823 2446 2884 .surget
2473 2816 2767 2870 enormitas
2798 2816 2943 2871 libri.
2987 2818 3353 2872 Israelitarum
3382 2833 3510 2888 ergo
3531 2817 3843 2871 mansiones

2188 3059 2233 3120 C

2191 4390 2241 4449 Ι)

591 4881 710 4926 cata
736 4873 1032 4929 criminalia
1058 4886 1201 4931 sunt.
1235 4896 1252 4929 ι
1283 4877 1565 4933 Peccatum
1592 4881 1733 4935 enim
1760 4897 1881 4936 cum
1911 4897 2159 4939 consum-
2189 4940 2192 4944 ,

590 4971 791 5016 malum
821 4962 1004 5030 fuerit,
1035 4976 1255 5035 generat
1284 4977 1509 5022 mortem
1540 4969 1677 5038 (Jac.
1709 4970 1769 5037 t).
1810 4990 1827 5022 ι

660 5051 864 5109 Deinde
887 5054 1113 5109 veniunt
1147 5056 1197 5110 in
1236 5055 1420 5111 I'Ialus.
1454 5055 1618 5112 Halus
1645 5059 2044 5129 interpretatur,
2080 5059 2163 5117 la.

591 5139 755 5203 bores,
798 5144 911 5198 sive
949 5144 1278 5211 fermentum.
1326 5145 1395 5201 Et
1438 5156 1583 5203 certe
1627 5149 1910 5203 sanitatem
1952 5147 2160 5206 labores

591 5237 914 5296 sequuntur,
964 5233 1218 5303 quoniam
1257 5235 1325 5289 ad
1360 5236 1435 5291 nil
1475 5236 1617 5292 aliud
1653 5238 1935 5292 sanitatem
1976 5248 2161 5294 sancta

591 5318 752 5373 debet
796 5320 973 5374 anima
1008 5325 1410 5394 concupiscere,
1454 5327 1557 5382 nisi
1588 5336 1644 5381 ut
1673 5328 1881 5383 labores
1925 5344 2023 5399 pro
2057 5328 2165 5383 Deo

592 5407 770 5464 valeat
813 5425 1198 5484 pressurasque
1262 5415 1522 5486 perferre.
1574 5416 1694 5473 Ideo
1742 5434 1934 5487 nempe
1980 5433 2166 5473 socrus

590 5498 738 5552 Petri
766 5500 831 5555 de
857 5499 1007 5557 febre
1046 5505 1337 5573 convaluit,
1369 5516 1427 5561 ut
1466 5508 1690 5565 Domino
1730 5524 1827 5580 per
1863 5507 2165 5565 sedulitatis

590 5590 1279 5678 obsequiumhntinistraret
1317 5595 1533 5669 (Matth.
1570 5613 1639 5669 n;
1678 5597 1847 5655 Marc.
1878 5598 1998 5673 sn).
2043 5600 2164 5654 Ideo

2264 2906 2539 2961 succincte
2567 2909 3011 2974 transcurrimus,
3054 2924 3160 2963 non
3208 2918 3268 2965 ut
3308 2924 3492 2965 earum
3535 2916 3844 2965 scrutemur

2265 3011 2464 3050 arcana
2498 2996 2766 3057 cubicula.
2812 2999 2905 3053 sed
2950 3007 3010 3053 ut
3057 2999 3110 3052 in
3137 3014 3323 3054 earum
3359 2998 3684 3059 nominibus.
3718 3006 3840 3050 tan-

2264 3102 2423 3156 quam
2456 3087 2726 3141 exteriora
2752 3088 3015 3156 parietum
3043 3088 3359 3158 simpliciter
3386 3088 3755 3144 ostendamus.

2334 3176 2537 3230 Deinde
2562 3177 2785 3231 veniunt
2820 3179 2872 3231 in
2901 3177 3167 3232 desertum
3196 3179 3365 3233 Sinai.
3396 3178 3530 3244 Sim,
3553 3193 3715 3246 quam
3743 3192 3839 3233 su-

2262 3265 2443 3334 perius
2472 3265 2725 3328 diximus.
2768 3275 2824 3321 et
2853 3265 3025 3332 Sinai,
3054 3283 3219 3322 unum
3248 3283 3355 3323 non
3399 3268 3691 3338 ambigitur
3716 3280 3842 3323 esse

2265 3354 2570 3420 desertum;
2600 3356 2693 3409 sed
2720 3354 2814 3409 Sin
2848 3356 3047 3412 dicitur
3082 3358 3196 3426 ipsa
3227 3358 3494 3428 planities.
3534 3356 3682 3411 Sinai
3712 3371 3843 3413 vero

2265 3459 2421 3498 mons
2449 3450 2532 3498 est
2560 3443 2613 3497 in
2637 3446 2826 3499 eadem
2859 3447 3266 3516 supereminens
3293 3447 3599 3509 solitudine,
3631 3446 3683 3499 in
3727 3460 3839 3516 quo

2266 3533 2519 3591 nitnirum
2551 3534 2809 3591 Dominus
2830 3536 2966 3607 legis
2995 3536 3170 3592 edicta
3198 3537 3521 3608 promulgat,
3550 3546 3605 3591 et
3628 3537 3843 3608 Moyses

2268 3624 2673 3680 tabernaculum
2718 3624 2947 3681 fabricat
2975 3625 3171 3698 (Exod.
3206 3628 3377 3698 xxiv).
3424 3628 3487 3681 Et
3530 3628 3632 3681 hoc
3671 3626 3840 3697 aptis-

2266 3714 2401 3769 sime
2441 3715 2708 3783 congruit,
2737 3723 2795 3768 ut
2837 3725 3118 3784 postquam
3168 3715 3503 3771 rationabilis
3531 3714 3709 3769 anima
3753 3729 3841 3770 re-

2264 3810 2409 3855 ctum
2447 3818 2510 3857 ac
2533 3815 2629 3870 per
2650 3802 2812 3875 564
2832 3805 2932 3861 hoc
2954 3804 3219 3859 laudabile
3240 3804 3466 3874 coeperit
3484 3804 3681 3860 habere
3696 3803 3842 3873 judi-

2266 3892 2430 3955 cium,
2481 3904 2605 3947 tuuc
2653 3894 2703 3945 iu
2749 3908 2807 3947 se
2838 3895 2947 3947 Deo
2976 3908 3074 3948 suo
3100 3902 3376 3948 construat
3407 3893 3836 3953 tabernaculum,

2266 3991 2320 4037 et
2346 3982 2504 4052 digna
2528 3981 2639 4052 jam
2669 3981 2943 4038 Creatoris
2968 3982 3220 4052 alloquio,
3250 3982 3550 4043 cmlestium
3576 3982 3840 4052 percipiat

2266 4070 2523 4141 mysteria
2555 4071 2952 4126 mandatorum.

2335 4159 2461 4214 Post
2486 4160 2597 4214 haec
2619 4159 2843 4230 profecti
2869 4169 2994 4215 sunt
3016 4161 3081 4216 ad
3104 4161 3347 4232 sepulcra
3369 4159 3837 4231 concupiscentia,

2267 4252 2356 4307 ubi
2386 4252 2591 4306 scilicet
2625 4252 2851 4322 pulcher
2874 4255 3007 4308 ordo
3034 4254 3356 4310 contexitur.
3391 4251 3525 4307 Nam
3556 4269 3678 4307 cum
3711 4252 3837 4306 felix

2266 4342 2445 4395 anima
2473 4357 2570 4397 suo
2595 4343 2667 4396 sit
2695 4343 3097 4397 tabernaculum
3126 4341 3393 4405 Creatori,
3426 4357 3544 4396 cum
3570 4342 3840 4397 mandatis

2266 4431 2459 4484 divin:e
2488 4430 2621 4500 legis
2670 4430 2874 4485 intenta
2912 4432 3025 4500 jam
3072 4432 3297 4501 coeperit
3322 4430 3562 4485 coelestia
3595 4442 3837 4486 conteru-

2265 4521 2427 4591 plari;
2470 4538 2594 4578 mox
2633 4524 2976 4578 testuantium
3027 4524 3280 4578 vitiorum
3324 4522 3488 4576 ardor
3533 4520 3831 4589 exstingui-

2264 4622 2374 4679 tur,
2400 4624 2453 4668 et
2477 4616 2651 4669 omnis
2674 4615 2908 4670 carnalis
2936 4615 3200 4671 illecebras
3221 4612 3655 4685 concupiscentia
3687 4623 3839 4679 sepe-

2262 4703 2422 4770 litur;
2457 4713 2514 4759 ut
2543 4721 2648 4760 non
2671 4705 2782 4773 jam
2813 4721 2940 4761 caro
2965 4721 3023 4761 se
3052 4706 3312 4759 adversus
3332 4704 3578 4775 spiritum
3603 4707 3835 4761 moveat,

2266 4809 2374 4847 non
2402 4797 2660 4848 adversus
2703 4810 2919 4850 carnem
2964 4796 3182 4865 spiritus
3212 4794 3560 4864 concupiscat
3587 4789 3730 4860 (Cal.
3757 4790 3835 4857 v).

2332 4881 2459 4936 Inde
2481 4883 2739 4937 transitur
2757 4885 2812 4937 in
2833 4884 3084 4949 Aseroth,
3106 4884 3247 4953 quod
3270 4882 3674 4949 interpretatur,
3700 4876 3840 4930 atria

2262 4974 2510 5044 perfecta,
2533 4976 2618 5030 vel
2645 4978 2928 5031 beatitudo.
2959 4978 3043 5041 Et,
3069 4993 3102 5033 o
3122 4993 3282 5048 quam
3312 4976 3538 5051 pulcher
3562 4975 3695 5030 ordo
3723 4986 3839 5043 my-

2265 5065 2439 5129 stcrii,
2469 5082 2630 5136 quam
2660 5067 2857 5123 decora
2880 5069 3050 5139 series
3081 5069 3376 5138 spiritualis
3402 5064 3751 5145 incrementi!
3778 5068 3839 5117 ut

2264 5162 2549 5224 postquam
2591 5154 2865 5225 sepelieris
2901 5158 3361 5226 concupiscentias
3399 5156 3601 5219 carnis,
3640 5161 3838 5225 praesto

2266 5242 2549 5310 pervenias
2579 5243 2647 5295 ad
2694 5244 2893 5300 atrium
2935 5245 3279 5316 perfectionis
3308 5254 3363 5300 et
3400 5245 3681 5314 prmmium
3709 5243 3840 5297 bea-

2266 5330 2527 5386 titudinis.
2569 5332 2718 5388 Felix
2755 5331 2955 5398 anima.
2996 5351 3116 5406 qua:
3146 5337 3307 5391 nullis
3340 5335 3453 5405 jam
3482 5334 3623 5390 vitiis
3656 5332 3841 5388 carnis

2265 5431 2507 5492 urgetur,
2537 5425 2660 5493 quia
2693 5441 2814 5480 mox
2846 5427 2911 5481 ad
2942 5427 3328 5484 beatitudinem
3356 5425 3713 5498 percipiendas
3748 5439 3833 5477 rc-

2267 5514 2654 5569 mtmerationis
2687 5515 2981 5584 ingreditur
3013 5520 3025 5571 !

2337 5601 2466 5658 Post
2492 5603 2605 5659 base
2636 5614 2894 5661 venerunt
2934 5606 2989 5661 in
3034 5608 3284 5677 Retbma,
3313 5611 3425 5666 sive
3451 5608 3702 5663 Pharam.
3736 5604 3842 5658 fle-

2212 5697 2287 5716 -τυνη
