4132 6324
354 326 465 385 555

1258 305 1520 391 'OPUSC.
1562 307 1776 366 XXXII.
1815 339 1889 350 —
1926 310 2017 365 DE
2052 308 2618 378 QUADRAGESIMA,
2657 309 2808 366 ETC.

3535 314 3640 370 δεδι

352 428 932 499 thma,utopinamur,
959 425 1369 496 interpretatur,
1393 427 1520 481 visio
1545 435 1936 490 consummata;
1968 430 2016 489 Α
2048 434 2154 493 tur,
2194 435 2258 485 et,
2298 442 2402 482 non
2457 428 2771 497 incongrue.
2818 427 2873 481 Si
2933 427 3074 483 enim
3116 436 3238 499 post
3287 427 3642 498 perfectionis

347 521 587 580 Pharam
614 534 766 585 vero,
799 516 998 574 uisibile
1026 533 1104 571 os.
1145 517 1201 571 In
1229 517 1427 587 quibus
1453 516 1582 587 quid
1606 516 1749 571 aliud
1785 515 1945 571 intel-

348 611 557 684 ﬁgitur,
596 609 700 664 nisi
731 617 792 663 ut
836 615 1025 664 sancta
1054 606 1308 677 quzelihet
1337 607 1519 662 anima
1554 616 1678 678 post
1711 607 1948 678 sepultas

346 701 461 775 jam
487 701 672 758 carnis
692 699 1180 770 concupiscentias,
1209 700 1469 770 perducta
1508 700 1622 771 jam
1654 700 1721 755 ad
1750 699 1947 753 atrium

349 794 730 870 perfectionis,
761 808 952 849 secura
982 792 1051 846 de
1079 791 1307 863 praemio
1335 792 1688 861 beatitudinis
1721 792 1789 847 ad
1819 808 1950 847 con-

349 896 681 948 summatam
707 902 835 943 mox
860 886 954 942 Dei
984 885 1247 941 visionem
1271 885 1472 952 veniat,
1495 885 1718 955 ejusque
1741 883 1951 939 visibile

349 998 437 1052 os,
479 983 584 1038 hoc
611 984 1082 1051 est,‘pra:sentetn
1123 979 1216 1033 Dei
1259 979 1491 1048 speciem
1528 978 1753 1033 cernat?
1797 975 1951 1032 Nune

352 1075 499 1132 enim
527 1073 774 1129 videmus
795 1086 943 1137 eum,
968 1069 1109 1126 sicut
1135 1069 1267 1125 dicit
1290 1068 1604 1141 Apostolus,
1629 1069 1682 1123 in
1709 1068 1949 1140 speculo,

354 1177 413 1225 et
440 1169 492 1223 in
523 1166 842 1238 aanigmate;
874 1172 1003 1218 tunc
1034 1170 1215 1218 autem
1247 1160 1389 1218 facie
1420 1163 1489 1218 ad
1516 1160 1710 1218 faciem
1743 1160 1792 1231 (1
1823 1158 1947 1215 Cor.

351 1260 478 1334 xm)
504 1276 519 1315 :
544 1268 598 1317 et
627 1276 772 1315 nunc
795 1272 1065 1330 cognosco
1090 1272 1156 1313 ex
1184 1264 1360 1327 parte,
1386 1264 1516 1312 tunc
1543 1264 1724 1311 autem
1752 1269 1951 1327 cogno-

351 1371 527 1419 scam,
549 1354 691 1410 sicut
715 1361 772 1409 et
799 1352 1049 1424 cognitus
1072 1366 1212 1406 sum.
1237 1350 1367 1419 Quae
1393 1360 1571 1406 tamen
1593 1350 1797 1416 omnia,
1824 1350 1947 1420 quia

351 1448 530 1506 sancti
562 1447 789 1517 quilibet
818 1446 874 1501 in
904 1460 1070 1501 carne
1100 1445 1402 1510 constituti,
1429 1444 1632 1500 habere
1675 1453 1952 1515 nequeunt

349 1540 588 1612 pleniter
612 1539 665 1593 in
690 1552 770 1603 re,
786 1536 902 1607 jam
924 1535 1126 1591 habent
1156 1536 1209 1590 in
1237 1551 1351 1606 spe,
1378 1550 1543 1606 quam
1573 1535 1781 1593 scilicet
1801 1551 1949 1607 spem
1988 1563 1999 1571 -

350 1632 463 1704 iam
506 1628 876 1685 firmissimam
931 1634 1148 1694 tenent;
1199 1627 1325 1697 quia
1372 1626 1948 1697 Spiritumsauctum,

351 1725 448 1796 qui
477 1737 571 1779 eos
614 1720 670 1776 in
700 1720 800 1775 vias
829 1719 988 1789 hujus
1029 1718 1302 1775 laboribus
1334 1719 1586 1786 roborat,
1631 1719 1824 1790 pignus
1854 1719 1950 1774 ha-

352 1814 510 1870 bent.
536 1811 689 1869 Unde
712 1819 767 1868 et
790 1810 881 1866 illa
909 1810 1311 1881 interpretatio,
1337 1825 1442 1881 qua
1468 1810 1699 1866 Rethma
1727 1813 1951 1876 sonitus,
1982 1796 2032 1857 Β

353 1905 471 1963 sive
491 1905 774 1976 iuniperus
804 1901 1024 1967 dicitur,
1057 1916 1164 1955 non
1208 1901 1502 1973 incongrua
1524 1899 1818 1971 iudicatur.
1851 1901 1954 1957 Fe-

353 2004 485 2053 runt
514 1993 658 2050 enim
706 1993 914 2065 lignum
944 1993 1048 2048 hoc
1098 1991 1275 2061 ignem
1323 1992 1380 2047 in
1410 2007 1469 2049 se
1502 1992 1662 2065 longo
1711 2003 1956 2064 tempore

355 2099 683 2143 conservare
706 2082 882 2156 (Pun.
909 2082 1000 2138 lib.
1016 2087 1274 2155 xv1,'cap.
1291 2082 1419 2155 25);
1456 2083 1590 2139 adeo
1617 2092 1676 2140 ut
1702 2084 1747 2140 si
1768 2098 1954 2154 pruna:

354 2177 477 2248 ejus
506 2168 712 2232 fuerint~
745 2175 1017 2233 cineribus
1067 2175 1369 2247 adOpertae,
1415 2191 1587 2247 usque
1638 2176 1703 2231 ad
1752 2190 1952 2230 annum

357 2269 542 2343 ignita:
569 2270 910 2341 perveniant.
943 2268 1079 2336 Quia
1104 2283 1235 2341 ergo
1275 2268 1513 2340 Spiritus
1541 2277 1782 2336 sanctus,
1814 2271 1956 2325 sicut

354 2359 580 2436 legitur,
612 2362 897 2419 scientiam
934 2362 1098 2418 habet
1123 2362 1272 2418 vocis
1299 2360 1449 2435 (ευρ.
1479 2363 1538 2434 ι),
1571 2372 1626 2420 et
1657 2364 1709 2418 in
1741 2371 1959 2433 aposto-

356 2452 445 2512 los
471 2456 669 2511 missus
694 2464 779 2511 est
804 2455 859 2510 in
883 2454 1063 2525 specie
1089 2454 1231 2526 ignis
1255 2454 1396 2523 (Act-
1419 2456 1515 2525 tt);
1543 2455 1661 2511 lucc
1692 2454 1955 2525 interpre-

358 2547 520 2612 tatio,
543 2562 647 2617 qua
674 2545 906 2602 Rctbma
926 2544 1150 2610 sonitus,
1174 2544 1259 2600 vel
1272 2545 1556 2615 juniperus
1577 2543 1776 2600 dicitur
1796 2545 1958 2614 aptis-

360 2636 500 2693 sime
529 2635 753 2706 Spiritui
784 2646 974 2691 sancto
1002 2635 1296 2690 convenire
1323 2634 1555 2709 videtur,

433 2726 572 2784 Hinc
611 2728 796 2798 itaque
822 2726 1071 2798 digressi,
1101 2728 1474 2782 castrametati
1505 2736 1633 2783 sunt
1667 2728 1719 2782 in
1748 2727 1956 2784 Rumon

358 2817 745 2889 Phares,qnod
766 2817 909 2889 apud
931 2831 1053 2884 nos,
1076 2816 1280 2872 excelsa
1303 2817 1568 2872 intercisio
1590 2817 1802 2872 dicitur.
1820 2818 1957 2873 Nam

363 2926 489 2966 cum
517 2911 711 2966 animze
740 2908 1020 2966 redeuntis
1061 2908 1130 2963 ad
1156 2909 1324 2963 Deum
1366 2908 1673 2965 intellectus
1708 2919 1957 2982 augetur,

361 3016 490 3057 mox
519 3002 569 3056 ei
617 3001 777 3057 datur
816 2999 1060 3071 perfecta
1103 2999 1314 3063 notitia,
1360 3014 1467 3069 qua
1515 2999 1722 3055 scilicet
1748 3000 1958 3056 excelse

362 3100 527 3163 atque
555 3091 860 3149 sublimiter
890 3092 1043 3148 novit
1070 3099 1125 3147 et
1149 3100 1367 3147 terrena
1391 3107 1418 3145 a
1447 3091 1761 3148 coelestibus
1789 3094 1957 3149 inter-

362 3183 568 3250 cidere,
598 3192 653 3239 ct
672 3183 876 3240 caduca
906 3172 1158 3254 quaelibet
1179 3198 1245 3239 ac
1277 3183 1587 3238 transitoria
1619 3199 1648 3238 a
1680 3185 1955 3256 perpetuis

361 3361 492 3421 mali
537 3364 723 3435 punici
774 3364 969 3420 divisio
1013 3364 1254 3433 dicitur“
1280 3379 1378 3434 per
1418 3363 1521 3419 hoc
1562 3364 1750 3433 procul
1793 3365 1956 3422 dubio

362 3464 550 3513 saneta
604 3456 920 3527 designatur
964 3455 1249 3522 Ecclesia,
1303 3471 1424 3526 quae
1479 3465 1733 3527 tanquam
1788 3457 1955 3513 multa

362 3565 536 3622 grana
562 3565 672 3605 uno
699 3551 907 3606 cortice
929 3552 1192 3622 contegit,
1216 3551 1345 3607 dum
1370 3565 1585 3611 omnem
1618 3552 1954 3607 credentium

361 3645 581 3702 turbam
616 3644 964 3715 inseparabili
1006 3644 1289 3701 catholicae
1334 3643 1459 3700 fidei
1491 3644 1697 3700 unitate
1734 3643 1956 3701 conclu-

363 3737 464 3793 dit.
1946 3732 1947 3735 “

436 3826 640 3884 Deinde
682 3835 964 3884 transeunt
1002 3827 1056 3882 in
1095 3825 1277 3884 Lebna
1300 3868 1315 3893 ,
1355 3827 1498 3897 quod
1542 3827 1956 3899 interpretatur,

362 3919 651 3975 dealbatio.
699 3920 819 3977 Non
849 3930 1029 3976 autem
1074 3921 1388 3992 ignoramus
1423 3918 1822 3975 dealbationem
1855 3919 1957 3974 ali-

361 4012 580 4082 quando
605 4028 705 4085 pro
731 4013 963 4070 crimine
985 4014 1132 4085 poni,
1162 4014 1304 4069 sicut
1328 4012 1584 4067 dicuntur
1611 4021 1958 4068 monumenta

364 4102 640 4171 dealbata,
690 4113 745 4160 et
784 4107 972 4176 paries
1016 4104 1328 4169 dealbatus,
1379 4101 1540 4174 565
1588 4102 1681 4159 sed
1731 4103 1821 4157 hic
1868 4101 1957 4157 illa

365 4192 638 4251 dealbatio
656 4195 815 4251 debet
842 4194 1069 4265 intelligi
1109 4194 1178 4250 de
1214 4208 1319 4264 qua
1357 4207 1457 4263 per
1484 4193 1681 4247 Isaiam
1721 4191 1955 4247 dicitur:

368 4302 395 4341 ι
423 4285 485 4344 Si
524 4288 725 4345 fuerint
751 4297 975 4360 peccata
1012 4295 1199 4344 vestra
1230 4295 1293 4342 ut
1328 4286 1634 4351 coccinum,
1666 4284 1826 4355 quasi
1864 4284 1959 4337 uix

363 4376 804 4435 dealbabuntur:
835 4387 889 4435 et
916 4379 961 4435 si
996 4378 1202 4434 fuerint
1235 4376 1400 4434 rubra
1424 4379 1581 4448 quasi
1612 4374 1958 4442 vermiculus,

361 4475 426 4525 ut
453 4468 577 4524 lana
623 4469 744 4526 alba
773 4478 932 4526 erunt
960 4468 1098 4541 (Ira.
1142 4469 1203 4541 ι).
1242 4488 1261 4522 ι
1306 4469 1375 4524 Ει
1405 4469 1458 4523 in
1480 4468 1689 4540 psalmo
1720 4486 1733 4522 :
1773 4488 1790 4519 ι
1824 4467 1957 4523 Nive

364 4558 764 4616 dealbabuntur
793 4560 849 4615 in
876 4559 1099 4616 Selmon
1122 4558 1301 4630 (Psal.
1335 4559 1526 4631 vau).
1563 4578 1582 4611 ι
1630 4557 1699 4613 Et
1724 4558 1776 4613 in
1809 4558 1956 4628 Apo-

364 4647 612 4720 calypsi:
648 4669 668 4703 ι
697 4649 887 4722 Capilli
928 4648 1058 4706 Jesu
1096 4657 1353 4718 tanquam
1386 4648 1510 4702 lana
1544 4649 1663 4703 alba
1713 4647 1958 4704 referun-

364 4750 455 4803 tur
492 4744 676 4817 (Apoc.
723 4744 786 4816 ι).
821 4762 839 4797 ι
902 4743 1246 4814 Quapropter
1294 4741 1384 4797 hic
1428 4742 1701 4797 dealbatio
1760 4756 1956 4795 conve-

362 4840 579 4897 nienter
611 4837 933 4910 intelligitur
968 4839 1032 4893 de
1060 4851 1203 4891 verae
1237 4836 1375 4891 lucis
1400 4836 1688 4906 Splendore
1717 4834 1955 4905 prodire,

365 4940 421 4986 et
462 4931 529 4988 de
570 4917 796 4987 summa:
824 4930 1051 4986 visionis
1090 4928 1345 4984 claritate
1399 4928 1747 4983 descendere.
1805 4924 1958 4993 Quod

362 5023 411 5083 si
440 5024 649 5091 Lebna,
681 5032 743 5079 ut
770 5024 991 5094 quidam
1021 5022 1229 5088 dicunt,
1262 5022 1316 5076 in
1344 5021 1570 5077 laterem
1609 5021 1860 5085 vertitur,
1902 5018 1955 5072 in

364 5129 476 5187 quo
505 5115 761 5171 videlicet
799 5130 965 5186 opere
1007 5113 1340 5170 lsraelitieus
1370 5114 1425 5169 in
1463 5113 1699 5185 Egypto
1728 5111 1957 5184 populus

367 5210 589 5279 coactus
615 5212 699 5265 e'st
718 5208 968 5264 laborare
992 5224 1006 5274 ;
1060 5208 1165 5263 hoc
1195 5207 1357 5261 datur
1390 5206 1638 5277 intelligi,
1665 5207 1789 5277 quia
1817 5205 1959 5260 sicut

368 5297 447 5354 illi
494 5309 616 5370 post
644 5290 767 5354 tam
814 5297 1066 5354 sublimia
1094 5296 1212 5353 loca
1261 5310 1453 5351 rursus
1504 5295 1558 5350 in
1590 5295 1815 5350 laterem
1864 5309 1958 5348 ve-

368 5393 557 5458 niunt;
599 5392 670 5446 ita
701 5408 802 5447 nos
829 5390 1069 5461 quandiu
1116 5390 1168 5444 in
1206 5387 1365 5456 huius
1401 5388 1584 5443 mundi
1615 5388 1833 5442 deserto
1858 5401 1954 5455 pe-

368 5487 748 5557 regrinantur,
801 5486 1128 5541 necessitate
1172 5482 1551 5554 compellimur
1595 5482 1886 5551 aliquando
1929 5497 1958 5536 a

369 5581 599 5635 summis
653 5580 720 5634 ad
776 5579 883 5634 ima
923 5579 1276 5644 descendere,
1323 5587 1379 5632 et
1427 5592 1456 5631 a
1487 5575 1860 5658 Spiritualibus
1894 5576 1960 5630 ad

372 5680 601 5727 terrena:
627 5671 858 5727 actionis
882 5685 1045 5740 opera
1077 5670 1485 5740 transmigrare.

442 5760 573 5819 Post
610 5762 725 5818 hmc
753 5760 975 5816 veniunt
998 5759 1052 5814 in
1083 5760 1277 5827 Ressa,
1329 5761 1475 5831 quod
1502 5760 1555 5815 in
1589 5760 1763 5830 frenos
1793 5760 1961 5815 verti-

741 5855 1016 5913 Paruon.
1091 5866 1372 5939 :CXLv.
1467 5889 1471 5893 -

1986 4526 2035 4586 D

2049 518 2261 573 culmen
2314 520 2379 571 ad
2407 533 2567 588 epeia
2623 518 2879 572 lutulenta
2913 520 3310 585 descendimus,
3345 521 3645 592 disciplina:
3696 571 3707 574 -

2048 605 2282 662 nexibus
2304 648 2317 670 ,
2349 616 2405 661 et
2434 607 2770 677 ptrnitcntim
2820 608 2949 662 lotis
2981 608 3286 663 infrcnandi
3319 626 3524 675 smnus,
3574 625 3644 664 ne

2050 712 2307 765 vagentur
2335 713 2432 767 per
2459 700 2684 767 abrupta
2718 699 3042 767 [):';1“t'ipites,
3092 698 3184 752 sed
3217 699 3327 753 cito
3357 701 3644 755 redeamus

2052 790 2118 845 ad
2182 800 2456 846 consueta:
2523 792 2802 847 munditia:
2867 792 3179 861 puritatem.
3248 793 3644 863 Interpretatur

2050 884 2213 937 etiam
2244 883 2412 939 Ressa
2441 884 2679 948 risibilis,
2716 886 2829 938 si\e
2856 883 3139 936 laudabilis
3172 884 3405 939 tentorio.
3447 886 3648 954 Quam-

2051 977 2133 1031 vis
2169 977 2313 1031 enim
2346 993 2499 1032 mens
2526 976 2814 1047 cujuslibet
2838 977 2973 1046 justi
3004 976 3259 1046 viri,jam
3289 978 3356 1032 ad
3391 978 3498 1033 alta
3519 995 3649 1050 pro-

2053 1068 2223 1133 ficiat,
2276 1070 2577 1125 tentatione
2611 1078 2788 1125 tamen
2817 1071 2994 1126 adhuc
3050 1072 3105 1125 in
3154 1071 3260 1126 ima
3294 1071 3642 1143 deprimitur,

2054 1176 2120 1216 nc
2147 1177 2244 1231 per
2293 1169 2562 1216 tumorem
2592 1163 2862 1234 superbia:
2916 1163 2982 1219 de
3012 1164 3303 1219 virtutibus
3331 1164 3646 1221 extollatur.

2055 1252 2319 1310 Slinmlus
2366 1256 2509 1310 enim
2564 1255 2882 1311 tentatiouis
2930 1256 2997 1311 ad
3028 1257 3327 1313 custodiam
3363 1258 3651 1314 adhibetur

2052 1345 2394 1401 humilitatis.
2448 1346 2599 1403 Unde
2629 1348 2761 1403 dicit
2790 1348 3082 1419 Apostolus
3114 1366 3129 1403 :
3172 1369 3189 1401 ι
3226 1348 3306 1405 Ne
3339 1351 3651 1420 magnitudo

2054 1438 2443 1494 revelationum
2496 1439 2723 1494 extollat
2762 1456 2870 1506 me,
2920 1440 3080 1496 datus
3109 1449 3190 1495 est
3228 1440 3357 1495 mihi
3401 1440 3652 1496 stimulus

2053 1530 2235 1583 carnis
2290 1546 2426 1585 mem
2476 1531 2698 1602 angelus
2754 1531 3007 1597 Satanae,
3065 1533 3157 1602 qui
3223 1548 3308 1587 me
3348 1532 3653 1604 eolaphizet

2056 1619 2107 1684 (Ι
2151 1619 2271 1674 Cor.
2307 1622 2428 1691 xu).
2473 1643 2490 1672 ι
2536 1622 2659 1677 Ihec
2687 1638 2816 1693 ergo
2861 1625 3085 1679 tentatio
3122 1624 3351 1680 visibilis
3390 1636 3495 1694 est,
3524 1626 3652 1696 quia

2054 1712 2382 1779 manifesta;
2418 1714 2724 1778 laudabilis,
2757 1717 2885 1787 quia
2914 1716 3213 1772 salutifera.
3560 1716 3563 1719 ί

2675 1807 2904 1863 CAPUT
2945 1807 3035 1863 Vl.

2184 1897 2339 1963 Quod
2377 1915 2500 1952 caro
2532 1900 2585 1953 in
2620 1900 2904 1955 lentatione
2929 1900 3259 1971 subjicienda
3293 1901 3525 1971 spiritui.
3624 1976 3625 1979 η

2053 1984 2061 1993 ’
2128 1990 2255 2046 lnde
2298 1992 2574 2061 progressi
2613 1992 2840 2047 veniunt
2891 1993 2944 2047 in
2977 1993 3268 2058 Ceelatha,
3314 1994 3455 2064 quod
3481 1994 3652 2049 inter-

2054 2090 2320 2155 pretatur,
2346 2082 2596 2149 ecciesia;
2628 2093 2685 2138 ut
2709 2084 2960 2140 videlicet
2984 2086 3267 2141 instabiles
3291 2088 3489 2156 quique
3510 2126 3524 2151 ,
3557 2085 3652 2156 qui

2057 2190 2116 2231 se
2155 2192 2252 2246 per
2294 2176 2549 2232 vitiorum
2601 2177 2830 2249 abrupta
2892 2179 3297 2250 prmcipitataer
3343 2179 3647 2249 impellunt,

2058 2284 2228 2323 sacrae
2274 2266 2571 2340 Scriptura:
2600 2269 2771 2325 frenis
2810 2271 2879 2325 ad
2910 2270 3209 2326 Ecclesium
3257 2271 3649 2336 retrahantur;

2057 2358 2171 2414 sive
2201 2358 2345 2428 quod
2367 2358 2472 2414 alia
2495 2368 2643 2414 tenet
2672 2359 2859 2424 editio,
2892 2359 3195 2429 Macbebat,
3226 2360 3370 2431 quod
3398 2369 3481 2416 est
3505 2361 3655 2429 prin-

2058 2451 2261 2521 cipatus
2314 2450 2491 2521 virga.
2550 2450 2704 2519 Quod
2754 2460 3041 2524 utrumque
3087 2462 3411 2523 potestatem
3441 2452 3658 2510 videtur

2058 2542 2388 2612 exprimere.
2427 2540 2591 2597 Carni
2623 2542 2839 2615 quippe,
2875 2559 2995 2613 qua:
3029 2553 3284 2609 tentatur,
3324 2559 3548 2601 necesse
3572 2554 3657 2600 est

2058 2642 2118 2688 ut
2148 2634 2444 2704 praesidens
2476 2633 2702 2705 Spiritus
2727 2635 3085 2705 principetur.
3133 2634 3204 2693 Ut
3233 2653 3356 2691 cum
3398 2636 3485 2691 illa
3518 2635 3658 2705 abji-

2059 2726 2168 2782 ciat
2205 2741 2465 2798 pugnam,
2517 2725 2622 2781 iste
2654 2726 2812 2797 quasi
2843 2729 3080 2799 desuper
3109 2728 3341 2785 intentet
3370 2728 3659 2809 minaciter

2054 2806 2289 2899 virgam,
2323 2823 2450 2879 dum
2486 2820 2647 2892 rigidi
2678 2823 2905 2878 terroris
2927 2822 3149 2879 adhibet
3182 2822 3547 2894 disciplinam.

2058 2903 2063 2906 ’
2129 2915 2339 2971 Exinde
2367 2915 2586 2971 venitur
2616 2914 2672 2970 in
2702 2928 2943 2973 montem
2977 2908 3208 2986 Sepher,
3257 2916 3373 2971 sive
3422 2915 3656 2986 Sephar,

2060 3010 2204 3081 quod
2227 3009 2538 3065 tubicinatio
2588 3008 2912 3081 appellatur.
2960 3008 3113 3063 Tuba
3139 3009 3354 3080 signum
3397 3016 3480 3063 est
3506 3006 3656 3062 belli.

2059 3102 2245 3173 Equus
2269 3101 2415 3158 enim
2443 3102 2540 3157 Dei
2580 3102 2841 3157 odoratur
2882 3100 3116 3167 bellum,
3153 3109 3210 3157 et
3254 3116 3376 3157 eum
3424 3098 3659 3155 audierit

1982 3168 2028 3231 (ἶ
2060 3168 2369 3257 bu—ccinam,
2400 3191 2550 3256 dicit,
2586 3192 2692 3247 vah
2716 3189 2843 3263 {Job
2886 3191 3112 3262 xxxrx);
3158 3202 3214 3248 et
3245 3191 3419 3264 miles)
3449 3191 3659 3246 Christi

363 3287 640 3345 separare.
673 3271 732 3329 Si
761 3288 890 3329 vero
917 3273 1126 3328 Remon
1158 3271 1382 3337 Phares,
1413 3280 1474 3328 ut
1503 3271 1630 3327 alibi
1662 3274 1952 3344 reperitur,
1988 3284 1993 3288 '

2059 3300 2182 3339 cum
2212 3299 2271 3340 se
2298 3282 2637 3354 perseuserit
2658 3283 2915 3340 vitiorum
2944 3283 3313 3354 ingruentium
3359 3284 3659 3340 tentatione

2058 3376 2339 3443 vallatum,
2361 3375 2627 3431 virtutum
2664 3376 2912 3445 protinus
2944 3391 3095 3430 arma
3120 3376 3443 3447 corripiens,
3465 3390 3660 3447 proce-

2057 3467 2138 3522 dit
2167 3467 2233 3522 ad
2258 3467 2504 3538 praelium
2529 3484 2547 3535 ;
2573 3477 2628 3521 et
2654 3467 2903 3523 cominus
2932 3467 2983 3521 in
3017 3466 3154 3522 bella
3185 3467 3556 3537 congreditur,
3588 3482 3659 3521 ne

2059 3557 2314 3628 degeneri
2345 3566 2565 3629 torpore
2605 3557 2835 3622 solutus,
2876 3558 2944 3612 ab
2970 3558 3300 3613 adversariis
3330 3556 3488 3612 facile
3515 3555 3660 3627 peri-

2059 3659 2265 3716 matur,
2317 3658 2373 3704 et
2405 3657 2534 3706 tunc
2582 3649 2781 3719 poterit
2808 3648 3098 3721 gloriosius
3126 3649 3249 3703 tuba
3283 3663 3501 3715 canere,
3557 3647 3659 3703 hoc

2059 3749 2166 3804 est,
2198 3738 2265 3793 ad
2288 3737 2573 3809 spirituale
2605 3745 2884 3794 certamen
2915 3747 2970 3795 et
2992 3738 3129 3794 alios
3153 3754 3473 3809 provocare.
3557 3806 3565 3817 η

2137 3830 2288 3886 Unde
2317 3829 2669 3895 illicdicitur,
2715 3830 2841 3901 quia
2889 3830 3015 3887 inde
3041 3830 3275 3901 profecti
3306 3836 3574 3886 venerunt
3602 3830 3659 3884 in

2060 3921 2295 3988 Harada,
2328 3922 2444 3977 sive
2476 3924 2619 3992 quod
2646 3922 2775 3978 alibi
2806 3923 3026 3989 dicitur,
3056 3924 3110 3977 in
3140 3922 3303 3996 566
3324 3922 3657 3992 Charadath,

2060 4012 2203 4084 quod
2237 4014 2290 4067 in
2338 4022 2524 4068 nostra
2574 4013 2755 4084 lingua
2809 4022 2988 4080 sonat,
3026 4014 3246 4067 idoneus
3289 4014 3550 4083 eﬁ‘eclus;
3600 4022 3659 4069 ut

2059 4106 2177 4176 ipse
2200 4106 2457 4160 nimirum
2482 4104 2598 4176 jam
2653 4106 2974 4175 praedicator
3016 4105 3213 4171 factus,
3257 4107 3450 4159 merito
3478 4106 3660 4161 valeat

2061 4211 2183 4251 cum
2234 4196 2491 4267 Apostolo
2524 4197 2707 4252 dicere
2733 4196 2945 4262 :‘t'Qni
2979 4197 3203 4250 idoneos
3240 4210 3338 4251 nos
3384 4195 3517 4251 fecit
3558 4196 3659 4251 mi-

2060 4288 2264 4343 ni5tros
2294 4289 2415 4344 novi
2451 4288 2758 4343 testamenti
2785 4286 2873 4358 (ΙΙ
2911 4286 3036 4342 Cor.
3068 4290 3173 4359 ιιι).
3206 4307 3223 4339 ι
3636 4342 3637 4345 η

2135 4382 2241 4437 Sed
2292 4390 2347 4436 et
2376 4382 2501 4439 inde
2530 4381 2964 4451 proficiscentes,
3013 4382 3239 4436 veniunt
3281 4382 3335 4437 in
3364 4381 3687 4459 Macelotht

2063 4475 2205 4545 quod
2232 4475 2641 4546 interpretatur,
2668 4475 2731 4527 ab
2773 4475 2942 4527 initio.
2986 4472 3241 4543 Quisquis
3266 4474 3410 4529 enim
3435 4476 3501 4529 ad
3536 4489 3661 4545 per-

2063 4563 2314 4620 fectionis
2370 4580 2638 4619 summam
2693 4564 2991 4630 contendit,
3044 4566 3287 4620 onmium
3321 4581 3501 4619 rerum
3531 4581 3661 4621 eon-

2064 4656 2355 4726 templatur
2388 4656 2622 4719 initium,
2681 4656 2807 4709 dum
2862 4666 3060 4711 cuncta
3105 4657 3378 4711 viscerum
3435 4671 3659 4710 suorum

2062 4754 2185 4801 vota
2212 4748 2480 4801 convertit
2512 4748 2577 4800 ad
2634 4748 2820 4801 Deum.
2879 4747 2948 4799 Et
2990 4748 3115 4801 dmn
3148 4763 3243 4801 cor
3273 4746 3337 4800 ad
3371 4755 3653 4801 auctorem

2063 4850 2218 4891 suum
2243 4835 2447 4905 jugiter
2477 4838 2697 4906 dirigit,
2748 4852 2777 4890 a
2829 4852 3005 4890 rerum
3050 4837 3292 4889 onmitnn
3344 4836 3499 4892 initio
3550 4853 3657 4893 non

2066 4928 2293 4983 recedit.
2330 4927 2425 4982 Vel
2462 4929 2505 4982 si
2537 4928 2829 4988 Macelotb,
2877 4936 2932 4980 ut
2962 4927 3178 4996 quidam
3211 4927 3474 4993 sentiunt,
3511 4926 3661 4982 dica-

2065 5028 2154 5076 tur
2181 5037 2304 5078 esse
2335 5032 2654 5086 conventus,
2696 5037 2793 5091 per
2819 5021 2922 5075 hoc
2950 5020 3190 5074 Ecclesia
3220 5018 3557 5092 intelligitur,
3605 5022 3659 5076 in

2066 5133 2169 5189 qua
2209 5118 2459 5173 videlicet
2492 5133 2521 5171 a
2568 5116 2781 5172 cunctis
2834 5113 3084 5168 fidelibus
3130 5114 3467 5169 convenitur.
3504 5113 3660 5172 Unde

2066 5210 2314 5265 canitur:
2352 5227 2372 5261 ι
2410 5209 2549 5263 Ecce
2584 5222 2746 5276 quam
2777 5206 3000 5271 bonum,
3052 5212 3107 5258 et
3154 5220 3316 5274 quam
3356 5203 3658 5274 jucundum

2064 5304 2316 5359 habitare
2341 5301 2541 5356 fratres
2569 5300 2622 5354 in
2653 5314 2818 5353 unum
2847 5296 3022 5370 (Paul.
3052 5299 3312 5370 ccxxx").
3348 5318 3366 5351 ι

2134 5395 2339 5450 Deinde
2362 5394 2575 5449 venitur
2598 5393 2652 5446 in
2680 5390 2944 5458 Tharath,
2976 5390 3078 5457 vel,
3105 5391 3246 5448 sicut
3268 5390 3397 5446 alibi
3435 5382 3658 5462 legitur,

2067 5486 2119 5541 in
2143 5486 2338 5551 Caath,
2386 5484 2529 5554 quod
2555 5491 2637 5538 est
2666 5481 2944 5555 patientia,
2992 5482 3076 5539 vel
3109 5469 3462 5551 conﬁrmatio.
3494 5480 3657 5546 Quis-

2065 5579 2189 5647 quis
2219 5578 2363 5631 enim
2404 5574 2677 5633 desiderat
2708 5583 2907 5629 terram
2950 5574 3245 5630 viventium
3280 5587 3378 5644 per
3423 5586 3660 5645 przesenf

2066 5670 2135 5725 tis
2170 5670 2292 5722 vita!
2323 5667 2536 5731 labores
2573 5666 2801 5738 ingredi,
2849 5682 3071 5722 necesse
3123 5674 3206 5720 est
3234 5679 3356 5720 eum
3406 5662 3472 5716 ad
3521 5660 3655 5741 tole-_

2072 5760 2237 5816 rauda
2278 5758 2464 5814 mundi
2520 5759 2761 5831 pericula
2814 5774 2909 5832 per
2945 5757 3264 5830 patientiam
3320 5749 3653 5809 conﬁrmari.
3692 5758 3697 5761 '

3100 5848 3171 5907 18
