4132 6324
527 402 632 460 555

1028 390 1109 454 S.’
1129 395 1333 475 PETRI
1372 391 1657 451 DAMIANI
1695 389 1844 448 OPP.
1887 388 2123 446 TOMUS
2161 385 2294 444 SEU
2332 383 2512 443 PARS
2543 344 3131 444 lil.i:'OPUSCULA
3161 375 3400 463 VARIA:
3447 462 3450 466 Δ

3689 385 3797 443 556

523 520 623 577 Vel
653 520 696 575 si
729 514 998 579 Thahath,
1030 520 1088 567 ut
1122 528 1152 567 a
1179 510 1499 582 quibusdam
1540 508 1762 572 dicitur,
1786 505 2019 561 vertitur
2043 503 2100 558 in
2126 502 2183 567 Α
2204 501 2299 567 lat,
2328 501 2568 573 inquam,
2612 517 2736 556 cum
2782 500 2910 557 illud
2938 501 3309 574 evangelicum
3339 508 3523 557 servat
3557 518 3570 555 :
3605 498 3678 556 Ut
3723 517 3795 560 ne

523 626 799 686 pavorem,
842 607 1049 663 dicatur
1079 602 1372 672 unicuique
1401 598 1655 664 certanti,
1701 596 1789 651 vel
1813 594 1930 665 jam
1965 592 2107 649 forte
2140 616 2143 619 λ

521 721 624 779 per
648 703 883 759 divinam
924 696 1153 768 gratiam
1186 691 1581 765 triumphanti:
1626 708 1645 741 ι
1674 687 1793 744 Noli
1821 686 1987 741 altum
2017 700 2107 741 sa-

521 786 671 871 pere,
707 792 798 849 sed
838 791 965 845 time
997 788 1167 860 (Rom.
1193 787 1290 855 ιι).
1331 802 1350 837 ι

595 886 702 943 Sed
734 884 855 940 inde
901 879 1130 954 profecti
1163 878 1390 933 veniunt
1432 878 1487 933 in
1516 874 1717 941 Thare,
1754 870 1897 944 quod
1922 869 2109 926 Graece

524 980 742 1054 quidem
773 976 987 1032 ecstasis
1010 973 1417 1042 interpretatur,
1460 970 1516 1025 in
1538 977 1725 1026 nostra
1772 981 1903 1021 vero
1926 964 2109 1035 lingua

512 1056 720 1129 dicitur
750 1063 1135 1135 contemplatio.
1167 1062 1519 1133 Consequens
1545 1069 1631 1117 est
1667 1060 1835 1127 enim,
1868 1066 1930 1112 ut
1958 1057 2109 1128 quis-

523 1163 647 1236 quis
674 1168 831 1216 antea
870 1156 1130 1227 probetur
1154 1169 1251 1224 per
1276 1152 1615 1224 patientiam,
1644 1151 1872 1222 proinde
1894 1150 1960 1203 ad
1983 1164 2108 1203 con-

524 1251 893 1325 templationis
917 1246 1197 1319 perveniat
1232 1246 1501 1316 gratiam;
1548 1251 1604 1299 et
1631 1243 1723 1313 qui
1749 1242 1899 1313 prius
1928 1240 1982 1295 in
2007 1239 2107 1293 tri-

468 1331 475 1337 ’
510 1326 807 1402 νΒυιειιίοηθ
831 1337 1169 1411 deprimitur,
1197 1335 1538 1406 postmodum
1564 1333 1631 1388 ad
1658 1331 1879 1387 visionis
1908 1330 2111 1385 intimae

524 1438 770 1494 laetitiam
795 1431 1129 1489 sustollatur.
1164 1428 1260 1484 Sin
1292 1438 1473 1485 autem
1503 1427 1700 1493 Thare,
1725 1426 1864 1481 sicut
1892 1424 2111 1494 quidam

526 1537 743 1601 putant,
775 1525 1008 1589 astutia,
1040 1520 1124 1577 vel
1161 1519 1365 1576 malitia
1393 1520 1554 1575 debet
1594 1516 1843 1585 intelligi,
1901 1515 2004 1569 hoc
2044 1511 2113 1567 ad

524 1619 890 1676 Eeclesiarum
919 1613 1239 1687 prmpositos
1266 1626 1375 1666 nou
1418 1609 1689 1665 immerito
1710 1608 1927 1663 videtur
1951 1619 2114 1676 posse

526 1710 721 1766 referri
750 1726 776 1775 ;.
821 1715 881 1761 ut
930 1705 1031 1776 ipsi
1075 1703 1189 1760 suis
1240 1700 1576 1758 auditoribus
1627 1699 1874 1763 timeant,
1934 1695 2027 1765 qui
2057 1694 2113 1749 in

528 1799 883 1856 tentationum
916 1794 1266 1851 tribulatione
1302 1792 1571 1849 laborant.
1606 1789 1823 1846 Astutia
1848 1787 2014 1853 enim,
2059 1793 2117 1841 et

2210 613 2348 652 unus
2375 598 2593 668 quidem
2617 611 2777 669 apex,
2806 606 2899 651 aut
2920 613 3085 652 unum
3113 597 3223 652 iota
3253 598 3317 651 de
3343 596 3459 670 lege
3489 606 3798 669 praetereat,

2210 689 2341 760 quin
2379 689 2562 744 omnia
2612 690 2745 744 ﬁant
2794 689 3011 762 (Matth.
3041 688 3117 761 v).
3172 689 3227 745 Si
3260 706 3388 745 vero
3436 690 3796 760 Beneiaacan,

2210 782 2352 838 sicut
2380 783 2598 855 quidam
2627 783 2835 848 dicunt,
2888 782 3215 838 transfertur
3241 784 3292 837 in
3320 783 3460 840 ﬁlios
3502 784 3800 840 necessita-

2209 872 2306 941 tis,
2333 874 2447 929 sive
2469 874 2740 943 stridoris,
2768 874 2872 930 hoc
2899 874 3194 947 significat,
3224 875 3351 946 quia
3382 876 3629 946 quisquis
3658 874 3800 932 divi-

2210 967 2296 1021 nis
2318 966 2548 1037 eloquiis
2588 966 2833 1021 eruditus
2865 976 2985 1033 est,
3042 975 3097 1021 et
3141 966 3426 1022 ailluenter
3479 954 3809 1035 iuslrtrctus,

2209 1070 2433 1112 necesse
2460 1064 2544 1111 est
2573 1064 2632 1112 ut
2659 1065 2782 1128 post
2808 1072 2866 1114 se
2892 1067 2946 1114 et
2964 1056 3097 1113 alios
3119 1057 3319 1125 trahat,
3344 1074 3407 1113 ac
3424 1057 3566 1114 ﬁlios
3588 1059 3794 1130 gignat.

2210 1139 2418 1216 Quibus
2453 1148 2713 1204 nimirum
2741 1150 2869 1205 dum
2910 1149 3090 1217 ﬂetus,
3139 1159 3194 1206 et
3222 1151 3512 1207 stridorem
3555 1152 3801 1207 dentium

2210 1241 2500 1297 minaciter
2520 1239 2727 1311 objicit,
2759 1243 3157 1312 quodammodo
3184 1243 3567 1301 necessitatem
3597 1244 3698 1311 eis,
3741 1256 3805 1298 ιιι

2212 1333 2280 1388 ad
2320 1334 2489 1388 Deutn
2533 1342 2941 1400 convertantur,
2984 1336 3233 1407 imponit.
3289 1336 3331 1392 li
3369 1350 3497 1393 sunt
3531 1352 3661 1410 ergo
3705 1337 3804 1393 ﬁlii

2188 1424 2579 1497 necessitatis,
2603 1424 2690 1480 vel
2719 1426 3006 1494 stridoris,
3057 1428 3122 1483 de
3148 1427 3344 1499 quibus
3388 1438 3444 1484 et
3487 1431 3803 1501 prophetica

2213 1516 2467 1570 canitur:
2510 1536 2528 1569 ι
2559 1516 2761 1572 Aﬁ'erte
2787 1519 3040 1587 Domino,
3067 1519 3163 1576 ﬁlii
3196 1522 3312 1587 Dei,
3346 1521 3534 1578 aﬂ'erte
3568 1522 3800 1580 Domino

2213 1606 2355 1663 ﬁlios
2378 1608 2611 1665 arietum
2642 1608 2817 1683 (Psal.
2845 1613 3061 1685 xxviii).
3093 1633 3111 1666 ι

2825 1721 3051 1779 CAPUT
3094 1723 3218 1780 Vll.‘

2487 1790 2663 1857 Quare
2694 1790 2911 1848 tentatio
2943 1796 3123 1851 virtuti
3146 1796 3521 1853 admisceatur.

529 1892 734 1947 malitia
765 1890 907 1945 illius
950 1888 1188 1944 cavenda
1220 1895 1319 1951 est,
1367 1886 1434 1941 de
1461 1900 1568 1958 quo
1613 1884 1812 1941 dicitur
1841 1901 1855 1937 :
1910 1900 1928 1934 ι
1965 1880 2109 1948 Quo-
2139 1878 2190 1941 B
2287 1883 2421 1941 Post
2451 1885 2569 1941 haec
2596 1887 2894 1942 ascendunt
2920 1887 2975 1943 in
3010 1900 3252 1973 montem
3282 1890 3521 1963 Gadgad,
3554 1893 3696 1964 quod
3721 1884 3807 1951 i‘n.

527 1988 673 2043 niam
695 1982 1037 2040 adversarius
1060 1990 1243 2036 noster
1270 1989 1527 2050 tanquam
1555 1978 1639 2033 leo
1653 1977 1873 2048 rugiens
1895 1974 2110 2042 circuit,

526 2092 777 2149 quaerens
810 2090 969 2146 quem
992 2075 1215 2129 devoret
1249 2071 1299 2143 (1
1328 2069 1474 2125 Petr.
1502 2068 1578 2141 v).
1611 2088 1630 2121 ι

597 2168 801 2223 Deinde
839 2166 1140 2237 procedunt
1177 2165 1229 2217 in
1264 2163 1496 2228 Mcthca,
1537 2161 1653 2227 vel,
1707 2160 1846 2216 sicut
1877 2158 2003 2215 alibi
2034 2158 2113 2214 le-

528 2262 694 2333 gitur,
751 2258 1040 2323 Maathiea,
1093 2255 1239 2327 quod
1291 2257 1723 2325 interpretatur,
1775 2269 1916 2307 mors
1954 2270 2108 2307 nova.

527 2350 814 2421 Nunquam
867 2358 978 2405 tam
1030 2348 1269 2418 perfecte
1315 2346 1579 2401 diabolica
1626 2354 1850 2400 cavetur
1888 2344 2115 2413 astutia,

528 2456 688 2511 quam
716 2441 762 2495 si
783 2438 1003 2495 Christo
1033 2438 1425 2493 commorimur
1450 2454 1465 2502 ;
1497 2445 1556 2491 ut
1580 2445 1834 2507 tanquam
1882 2436 2113 2492 insensi-

525 2533 666 2589 biles
693 2533 761 2588 ad
790 2532 963 2587 hostis
988 2530 1171 2586 callidi
1204 2538 1538 2585 tentamenta
1579 2529 1885 2587 reddamur.
1940 2527 2112 2595 Quam

530 2642 726 2682 novam
758 2635 993 2682 mortem
1020 2626 1403 2705 contemplatio
1442 2628 1604 2697 parit,
1645 2640 1763 2696 quae
1809 2624 2021 2680 scilicet
2060 2635 2117 2680 et

531 2720 791 2776 mundum
812 2719 993 2795 nobis,
1027 2726 1083 2775 et
1120 2733 1218 2774 nos
1248 2719 1450 2775 mundo
1476 2726 1719 2775 mortuos
1754 2716 1934 2773 etlicit.
1961 2716 2116 2786 Quod

532 2812 576 2867 si
607 2810 841 2878 Methca,
872 2818 933 2865 ut
961 2810 1286 2883 quibusdam
1315 2810 1514 2881 placet,
1553 2811 1606 2865 in
1635 2809 1972 2866 dulcedinem
1997 2825 2116 2865 ver-

530 2906 705 2972 titur;
737 2905 865 2977 quid
891 2905 1110 2972 mirum,
1168 2904 1216 2963 si
1246 2903 1313 2960 de
1340 2904 1801 2976 contemplatione
1828 2904 1895 2960 ad
1926 2904 2114 2960 dulce-

529 2997 707 3052 dinem
739 2998 1007 3061 veniatur,
1031 3012 1155 3053 cum
1185 2997 1301 3067 ipsa
1332 2998 1716 3069 contemplatio
1741 2996 1817 3053 nil
1848 2997 1994 3054 aliud
2020 2998 2113 3066 sit,

528 3104 689 3160 quam
717 3088 1022 3157 ineiIabiIis,
1052 3099 1107 3145 et
1130 3090 1394 3145 immensa
1430 3090 1706 3147 dulcedo?

595 3182 725 3238 Post
747 3184 860 3238 haec
886 3182 1099 3238 venitur
1127 3183 1180 3237 in
1207 3182 1497 3251 Hesmona,
1528 3200 1648 3255 qua:
1675 3184 1942 3256 festinatio
1982 3185 2117 3241 dici—

2219 1985 2572 2049 terpretatur,
2619 1981 2856 2048 nuntius,
2894 1981 2979 2036 vel
3018 1983 3295 2051 accinctio,
3333 1984 3419 2040 vel
3455 1996 3604 2041 certe
3630 1988 3807 2044 conci-

2214 2069 2312 2124 sio.
2339 2068 2545 2137 Quibus
2570 2069 2714 2124 enim
2735 2071 2902 2127 verba
2927 2070 3023 2127 Dei
3062 2075 3465 2140 annuntiamus,
3497 2092 3590 2133 eos
3615 2078 3807 2148 procul

2215 2161 2382 2217 dubio
2410 2176 2758 2217 commonere
2778 2162 3056 2231 debemus,
3095 2174 3156 2219 ut
3182 2176 3240 2222 et
3267 2182 3325 2223 se
3349 2167 3609 2224 virtutum
3635 2170 3808 2228 armis

2218 2254 2524 2326 accingaut,
2555 2262 2610 2310 et
2639 2254 2993 2311 invisibilium
3022 2257 3259 2313 hostium
3289 2259 3661 2330 spiritualibus
3690 2260 3803 2333 gla-

2216 2347 2320 2404 diis
2341 2357 2487 2419 terga
2512 2347 2831 2405 concidant.
2860 2348 3015 2417 Quod
3044 2350 3172 2405 dum
3198 2366 3293 2407 eos
3315 2368 3480 2424 agere
3499 2369 3608 2408 non
3630 2353 3809 2425 segni-

2216 2449 2301 2496 ter
2337 2441 2647 2507 edocemus,
2680 2455 2803 2496 cum
2839 2441 2920 2496 eis
2950 2440 3108 2496 simul
3139 2441 3206 2496 ad
3257 2455 3515 2499 montana
3543 2459 3807 2500 conscen-

2217 2530 2414 2587 dimus.
2451 2530 2605 2600 Quod
2646 2530 2693 2586 si
2736 2530 2983 2603 Gadgad,
3033 2537 3092 2585 ut
3120 2530 3337 2602 quidam
3378 2542 3593 2605 putant,
3624 2543 3806 2589 tenta-

2217 2634 2400 2679 menta
2433 2623 2739 2695 signiﬁcat;
2774 2625 2935 2680 datur
2964 2624 3215 2699 intelligi,
3265 2630 3521 2699 quoniam
3571 2630 3679 2697 his,
3711 2631 3806 2701 qui

2217 2714 2282 2769 ad
2312 2714 2880 2788 ctelestetn'patriam
2936 2716 3181 2786 tendunt,
3230 2722 3562 2779 tentationcs
3617 2724 3806 2781 deesse

2216 2824 2323 2864 non
2354 2820 2602 2881 possunt.
2647 2809 2714 2865 Et
2744 2826 2886 2883 saepe
2928 2813 3157 2886 tentatio
3204 2814 3496 2873 virtutibus
3539 2818 3808 2876 admisce.

2218 2911 2329 2968 tur,
2377 2912 2438 2955 ut
2477 2899 2750 2959 laborioso
2778 2900 2982 2960 Christi
3017 2904 3175 2960 militi
3225 2921 3435 2965 merces
3461 2907 3683 2964 uberior
3716 2924 3808 2966 ac-

2217 2992 2486 3064 quiratur.

2287 3089 2356 3144 Et
2405 3089 2533 3162 quia
2579 3104 2679 3161 per
2729 3090 2870 3146 mala
2923 3092 3279 3148 tentationum
3340 3093 3408 3149 ad
3459 3095 3805 3166 praemiorum

2217 3178 2358 3236 bona
2384 3180 2668 3249 transitur,
2702 3195 2939 3252 congrue
2961 3182 3226 3253 sequitur,
3258 3184 3515 3254 quoniam
3536 3186 3658 3243 inde
3682 3201 3806 3259 pro-

529 3286 635 3331 tur.
701 3275 835 3330 Nam
879 3285 1167 3346 postquam
1219 3277 1575 3349 pertingimus
1636 3279 1703 3334 ad
1764 3278 2106 3335 dulcedinem
2139 3265 2186 3331 C
2217 3272 2348 3331 fecti
2372 3284 2640 3331 venerunt
2675 3275 2731 3333 in
2778 3274 3085 3344 Jetebatha,
3120 3278 3255 3343 sive,
3303 3287 3363 3334 ut
3392 3278 3522 3336 alibi
3571 3279 3791 3352 legitur,

527 3368 1035 3438 contemplationis,
1080 3383 1289 3423 moram
1321 3384 1427 3424 non
1468 3369 1695 3425 ferimus
1723 3372 2019 3427 tarditatis.
2072 3370 2118 3429 Ο

527 3474 694 3532 quam
724 3458 953 3514 moleSte
982 3473 1189 3514 moram
1239 3460 1546 3529 patiebatur
1579 3459 1691 3527 ille,
1731 3461 1823 3533 qui
1854 3461 2070 3518 dicebat
2098 3481 2111 3517 :

535 3569 555 3602 ι
593 3548 813 3603 Utinam
861 3549 1202 3620 dirumperes
1231 3550 1420 3615 cmlos,
1478 3560 1533 3606 et
1561 3551 1938 3620 descenderes,
1966 3563 2019 3608 et
2054 3553 2117 3609 li-

529 3638 831 3712 queﬁerent
877 3648 1093 3695 montes
1138 3656 1168 3694 a
1202 3640 1341 3697 facie
1380 3651 1469 3697 tua
1500 3642 1635 3709 (Isa.
1668 3644 1835 3717 vat).
1888 3665 1907 3698 ›
1943 3646 2116 3714 Quam

527 3734 768 3807 graviter
799 3734 937 3788 hanc
960 3750 1164 3788 moram
1196 3734 1403 3790 ferebat
1434 3736 1542 3801 ille,
1568 3737 1658 3806 qui
1684 3738 1932 3793 dicebat:
1968 3759 1986 3790 ι
2011 3739 2117 3794 Cu-

524 3825 621 3895 pio
654 3822 898 3891 dissolvi,
930 3831 986 3878 et
1016 3838 1135 3880 esse
1159 3840 1283 3879 eum
1309 3824 1527 3881 Christo
1556 3824 1779 3899 (Philip.
1807 3828 1867 3899 t),
1894 3848 1912 3881 ι
1947 3829 2115 3890 multo

522 3902 705 3989 imagis
732 3916 942 3972 melius.
976 3916 1071 3972 Sin
1100 3925 1280 3973 autem
1306 3934 1336 3972 a
1366 3917 1543 3973 Senna
1591 3919 1801 3975 dicatur
1821 3921 1963 3991 quod
1990 3938 2114 3978 ossa

528 4011 818 4083 signiﬁcat,
850 4010 954 4065 hoc
984 4010 1049 4064 ad
1079 4011 1246 4066 robur
1292 4012 1615 4067 constantia:
1657 4014 1910 4083 pertinet.
1960 4013 2115 4082 Quod

527 4119 754 4161 necesse
775 4111 882 4169 est,
914 4112 972 4158 ut
995 4102 1195 4159 Christi
1222 4114 1433 4161 amator
1456 4105 1675 4173 habeat,
1729 4122 1798 4163 ne
1843 4123 1939 4178 per
1966 4124 2116 4164 amo-

530 4212 649 4253 rem
677 4197 902 4252 nimium
929 4197 1213 4267 impatiens
1236 4196 1351 4253 ﬁat.

600 4289 761 4361 567
794 4288 930 4344 Hinc
950 4289 1062 4360 jam
1090 4290 1352 4344 transitur
1373 4289 1427 4344 in
1457 4289 1751 4358 Mosoroth,
1784 4292 1927 4362 quod
1955 4292 2115 4364 signi-

527 4382 695 4439 ﬁcare
730 4374 973 4452 putatur,
1026 4381 1326 4436 excludam.
1380 4383 1573 4438 Anima
1607 4383 1824 4454 quippe,
1873 4399 1992 4454 qua:
2045 4384 2114 4438 ad

524 4471 827 4543 perfectum
864 4474 1044 4542 sponsi
1082 4474 1162 4527 sui
1197 4490 1434 4529 amorem
1467 4477 1734 4545 pervenit,
1791 4478 2116 4534 tentationes

528 4579 559 4616 a
582 4578 641 4619 se
666 4562 843 4617 callidi
879 4565 1214 4632 corruptoris
1240 4565 1495 4621 excludit.
1531 4567 1683 4623 Unde
1712 4568 2069 4639 etApostolus
2096 4589 2111 4626 :

534 4673 554 4707 ι
593 4653 791 4718 Nolite,
832 4645 1031 4724 inquit,
1084 4655 1259 4711 locum
1292 4659 1423 4714 dare
1464 4659 1676 4716 diabolo
1703 4659 1922 4733 (Ephes.
1950 4663 2045 4736 tv).
2085 4684 2107 4720 ι

528 4746 685 4816 Quod
710 4747 756 4801 si
787 4744 1082 4813 Moseroth,
1106 4747 1262 4818 juxta
1299 4751 1559 4819 quosdam
1587 4752 1977 4825 interpretatur
1996 4760 2111 4814 vin-

527 4840 670 4906 cula,
696 4854 859 4895 sanus
897 4854 995 4911 per
1026 4840 1230 4908 omnia,
1276 4849 1331 4897 et
1368 4857 1639 4914 congruus
1666 4845 1971 4905 intellectus
1994 4851 2111 4907 elu-

526 4938 632 4986 cet.
691 4929 958 4985 Nimirum
1007 4939 1197 4986 sancta
1238 4932 1494 5001 quaelibet
1522 4936 1723 5004 anima,
1751 4954 1873 5009 quae
1900 4941 2112 4998 caelesti

525 5030 727 5093 sponso
750 5023 806 5077 in
833 5035 1018 5078 amore
1044 5022 1413 5093 coniungitur,
1444 5040 1666 5082 necesse
1709 5037 1794 5084 est
1816 5038 1877 5085 ut
1899 5031 1948 5086 ei
1977 5032 2111 5087 assi-

527 5112 651 5167 duis
676 5111 1080 5182 Scripturarum
1105 5113 1563 5183 meditationibus,
1595 5119 1749 5188 quasi
1791 5121 2111 5189 quibusdam

526 5202 761 5259 vinculis
786 5203 1141 5261 insolubiliter
1188 5215 1565 5262 connectatur.
1591 5208 1669 5264 De
1697 5210 1893 5282 quibus
1919 5212 2110 5269 vincu-

526 5291 597 5349 lis
620 5292 839 5350 Christo
867 5309 965 5366 per
1005 5295 1200 5352 Isaiam
1248 5297 1480 5355 dicitur:
1526 5320 1545 5353 ι
1576 5301 1691 5359 Viri
1738 5304 1993 5361 sublimes
2043 5307 2113 5365 ad

530 5390 585 5457 te
609 5384 936 5451 transibunt,
994 5394 1048 5441 et
1079 5386 1159 5442 tui
1189 5398 1369 5457 erunt,
1420 5399 1478 5446 et
1504 5399 1629 5463 post
1660 5400 1715 5451 te
1760 5396 2113 5454 ambulabunt

527 5473 764 5547 colligati
792 5475 1021 5532 vinculis
1049 5477 1186 5550 (Isa.
1211 5483 1357 5554 χιιι).
1390 5501 1410 5536 ι

532 5557 537 5561 ’
603 5566 756 5623 Unde
810 5585 915 5623 non
975 5570 1244 5627 immerito
1291 5573 1404 5644 jam
1454 5580 1669 5635 venitur
1716 5582 1771 5637 in
1829 5582 2108 5650 Banaeim,

528 5658 672 5729 quod
718 5658 983 5729 signiﬁcat
1018 5661 1207 5732 fontes,
1247 5666 1329 5719 vel
1366 5669 1750 5737 excolationes,
1791 5674 1841 5729 id
1873 5684 1973 5737 est,
2015 5675 2107 5730 ubi

528 5740 835 5807 divinarum
873 5750 1271 5823 Scripturarum
1318 5756 1490 5813 fontes
1523 5762 1700 5816 anima
1729 5758 1884 5829 bibit,
1933 5774 2109 5818 etex-

528 5842 691 5911 colat,
716 5845 821 5901 hoc
849 5855 952 5917 est,
983 5848 1253 5905 subtiliter
1289 5859 1505 5920 tractat,
1556 5863 1610 5909 ct
1642 5858 1894 5912 ruminat.
1936 5857 2109 5913 Exco-

2218 3363 2495 3433 Jatbatha,
2529 3366 2671 3437 quod
2718 3366 3126 3438 interpretatur,
3162 3369 3389 3439 bonitas,
3436 3371 3555 3429 sive
3582 3372 3797 3430 bonum.

2218 3457 2360 3530 Ergo
2388 3474 2485 3528 per
2530 3458 2904 3530 experimenta
2944 3459 3305 3516 tentationum
3363 3462 3432 3517 ad
3482 3462 3803 3534 bonitatem,

2218 3564 2338 3620 qum
2362 3550 2549 3620 procul
2573 3550 2738 3606 dubio
2767 3550 3014 3608 Christus
3037 3559 3142 3621 est,
3171 3552 3505 3625 pervenitur.
3754 3612 3759 3616 ,

2286 3638 2415 3694 Inde
2437 3639 2666 3711 profecti
2706 3652 2832 3696 sunt
2868 3641 2922 3696 in
2948 3641 3187 3709 Ebrona,
3231 3644 3374 3713 quod
3415 3644 3668 3700 transitus
3704 3660 3803 3717 ap-

2214 3728 2466 3800 pellatur.
2513 3730 2710 3786 Animo
2738 3730 2935 3802 quippe
2966 3732 3296 3787 transeunda
3327 3742 3454 3788 sunt
3477 3735 3699 3801 omnia;
3748 3744 3803 3792 et

2216 3821 2272 3876 in
2302 3836 2425 3876 eum
2451 3821 2627 3877 solum
2664 3821 2830 3877 debes
2860 3823 3107 3878 obtutum
3156 3823 3352 3879 mentis
3397 3824 3641 3894 inﬁgere,
3675 3839 3799 3882 cum

2215 3928 2323 3983 quo
2353 3912 2471 3968 sine
2503 3913 2738 3969 transitu
2770 3913 2950 3969 valeas
2977 3930 3321 3985 permanere.

2285 4003 2417 4060 Post
2439 4004 2553 4061 haec
2574 4006 2802 4061 veniunt
2826 4006 2881 4060 in
2904 4006 3266 4077 Asiongaber,
3297 4007 3443 4079 quod
3479 4008 3803 4080 interpreta-

2215 4108 2326 4168 tur,
2354 4102 2581 4158 cousilia
2613 4103 2732 4157 viri.
2784 4102 3079 4174 Postquam
3126 4104 3272 4159 enim
3301 4118 3401 4192 no.5
3442 4104 3497 4160 in
3527 4105 3803 4165 Christum

2214 4194 2438 4251 omnino
2460 4194 2801 4267 projicimus,
2826 4206 3117 4267 postquam
3148 4197 3203 4252 in
3233 4212 3356 4254 eum
3386 4213 3600 4256 omnem
3624 4199 3805 4258 cordis

2214 4284 2388 4339 nostri
2420 4283 2674 4340 ﬁduciam
2713 4283 3066 4353 collocamus,
3112 4301 3233 4343 esse
3259 4286 3423 4361 568
3462 4289 3615 4359 pueri
3665 4304 3791 4345 sen-

2216 4377 2365 4434 sibus
2407 4377 2635 4434 ulterius
2674 4394 2787 4435 non
2825 4379 3106 4448 debemus,
3157 4381 3434 4439 imitantes
3462 4383 3801 4454 Apostolum,

2217 4467 2310 4539 qui
2352 4468 2522 4524 dicit:
2575 4487 2594 4521 ι
2628 4465 2765 4525 Cum
2791 4478 2971 4526 autem
2998 4470 3177 4528 factus
3217 4488 3340 4530 sum
3382 4474 3485 4538 vir,
3544 4475 3807 4539 evacuavi

2219 4574 2338 4631 qua:
2382 4569 2539 4615 erant
2584 4561 2799 4631 parvuli
2850 4560 2936 4633 (11
2985 4562 3110 4619 Cor.
3165 4565 3310 4638 xm).
3353 4585 3375 4619 ι
3430 4566 3500 4622 Et.
3561 4569 3807 4627 iterum:

2138 4631 2192 4693 Ῑ)
2224 4670 2243 4705 ι
2276 4650 2452 4709 Nolite
2480 4652 2637 4722 pueri
2666 4650 2798 4709 eﬁici
2829 4631 3079 4712 sensibus
3099 4655 3187 4729 (II
3212 4631 3337 4715 Ger.
3366 4660 3501 4732 xw).
3533 4679 3554 4714 ι

2289 4750 2398 4808 Sed
2434 4751 2688 4822 quoniam
2709 4751 2803 4824 qui
2833 4753 3055 4825 apponit
3074 4752 3385 4823 scientiam,
3416 4755 3639 4828 apponit
3658 4754 3810 4813 dolo-

2215 4858 2356 4912 rem,
2386 4843 2583 4900 iterum
2609 4844 2835 4900 veniunt
2880 4845 2936 4901 in
2979 4846 3257 4903 desertum
3286 4845 3381 4904 Sin
3399 4890 3415 4917 ,
3446 4864 3567 4920 qua:
3592 4858 3677 4906 est
3700 4849 3807 4907 Ca-

2214 4936 2330 4993 des.
2381 4935 2479 4991 Sin
2506 4946 2685 4994 autem
2711 4938 3066 4995 tentationem
3092 4939 3438 5012 interpretari
3460 4982 3477 5010 ,
3499 4941 3614 5012 jam
3644 4958 3805 5014 supe-

2212 5028 2327 5085 rius
2353 5028 2608 5086 diximus.
2658 5029 2812 5086 Sicut
2848 5032 2993 5088 enim
3045 5048 3143 5092 vas
3177 5049 3425 5101 aureum,
3461 5036 3544 5091 vel
3597 5051 3801 5109 argen-

2216 5125 2363 5175 teum
2411 5136 2555 5193 saepe
2602 5120 2829 5178 malleus
2858 5124 3118 5194 percutit,
3166 5140 3311 5196 saepe
3355 5127 3484 5182 lima
3516 5127 3646 5184 hinc
3674 5127 3807 5185 inde

2214 5212 2465 5282 poliendo
2518 5214 2844 5295 circumdat,
2883 5226 2945 5273 ut
2982 5217 3187 5274 clarius
3220 5218 3316 5274 ﬁat
3352 5217 3551 5292 (Eccle.
3586 5221 3678 5292 x);
3722 5222 3805 5279 sic

2215 5305 2412 5363 iterata
2440 5309 2693 5376 tentatio,
2724 5311 3048 5379 constantis,
3094 5319 3150 5367 et
3199 5327 3307 5369 non
3331 5312 3577 5371 cedentis
3605 5315 3801 5373 anime

2214 5397 2518 5469 rubiginem
2542 5411 2758 5474 purgat.
2792 5401 2900 5459 Vas
2928 5403 3075 5459 enim
3105 5402 3253 5475 ﬁguli
3282 5406 3479 5476 probat
3508 5405 3720 5474 fornax,
3743 5414 3803 5464 et

2215 5487 2466 5546 homines
2508 5491 2687 5562 justos
2728 5494 2957 5549 tentatio
2986 5496 3352 5554 tribulationis
3381 5498 3575 5570 (Eccti.
3602 5500 3796 5571 xsvn).

2217 5581 2282 5636 Et
2334 5584 2459 5653 quia
2509 5583 2721 5652 Cades,
2781 5586 3122 5656 fructiﬁcatio
3163 5603 3349 5647 sancta
3388 5584 3609 5658 dicitur,
3649 5593 3803 5649 vides

2216 5675 2470 5741 quoniam
2506 5677 2861 5732 tentationum
2891 5678 3071 5735 sulcos
3089 5694 3277 5738 sancta
3310 5684 3804 5741 fructiﬁcatiosuho

2216 5775 2493 5835 sequatur.

2290 5855 2396 5914 Sed
2425 5866 2479 5913 et
2505 5857 2631 5916 hinc
2675 5836 3052 5933 applicuerunt
3082 5867 3131 5921 in
3174 5877 3411 5926 montem
3440 5868 3572 5937 llor,
3624 5868 3677 5925 in
3703 5884 3798 5927 ex-
