4132 6324
362 453 467 509 557

1243 447 1486 504 OPUSC.
1529 445 1740 502 XXXII.
1778 476 1850 487 —
1888 445 1974 499 DE
2007 444 2582 513 QUADRAGESIMA.
2623 450 2775 506 ETC.

3525 453 3634 510 558

362 559 556 618 tremis
585 556 780 613 ﬁnibus
807 556 999 612 Edom.
1034 555 1164 623 Hor,
1216 567 1493 611 montanus
1542 557 1951 627 interpretatur.
1981 565 2037 623 Α
2064 556 2343 612 festinant.
2383 558 2439 612 Si
2481 575 2606 614 vero
2651 576 2757 615 non
2799 559 3076 629 Gebarim,
3115 563 3208 619 sed
3256 564 3356 619 Gai
3400 565 3634 635 dicatur,

363 652 622 721 Quisquis
663 651 807 704 enim
858 657 1098 703 tentatus
1139 663 1244 702 non
1293 648 1513 713 labitur,
1561 648 1657 702 sed
1685 647 1751 701 de
1779 656 1958 702 tenta-

367 748 512 802 tione
534 727 848 807 fructiﬁc'at,
891 757 1227 812 consequens
1259 750 1342 798 est
1378 751 1436 795 ut
1463 743 1531 796 ad
1571 751 1830 806 montem,
1865 741 1957 812 qui

366 837 617 894 Christus
665 843 773 898 est,
808 833 984 888 victor
1027 832 1303 886 ascendat.
1357 830 1457 886 llic
1500 841 1582 886 est
1628 832 1770 886 enim
1804 846 1960 886 mons

366 929 459 986 ille
491 927 824 998 coagulatus,
873 939 1028 980 mons
1054 924 1267 994 pinguis
1310 922 1484 997 (Psal.
1518 924 1705 996 van),
1759 925 1824 978 de
1853 939 1959 993 quo

366 1035 466 1091 per
494 1020 815 1090 prophetam
855 1016 1093 1071 dicitur:
1139 1035 1157 1067 ι
1190 1016 1307 1070 Erit
1355 1018 1407 1070 in
1434 1017 1742 1074 novissimis
1769 1016 1960 1072 diebus

368 1120 706 1182 praeparatus
729 1124 886 1166 mons
906 1108 1098 1165 domus
1120 1109 1330 1163 Domini
1357 1109 1411 1163 in
1435 1109 1644 1164 vertice
1666 1108 1956 1176 montium,

369 1212 426 1259 et
453 1202 760 1258 elevahitur
804 1215 968 1272 super
1007 1201 1205 1266 colles,
1246 1209 1302 1256 et
1329 1200 1496 1256 ﬂuent
1526 1203 1592 1256 ad
1617 1217 1740 1256 eum
1769 1217 1962 1258 omnes

369 1305 560 1370 gentes
591 1295 728 1366 (Ira.
759 1295 844 1365 ιι).
895 1314 914 1348 ι
949 1293 1049 1348 Hic
1087 1310 1243 1350 mons
1269 1295 1467 1350 dicitur
1497 1303 1809 1361 montanus,
1835 1296 1962 1365 quia

368 1391 460 1448 ubi
486 1389 758 1454 Christus,
797 1387 870 1442 ibi
897 1396 952 1443 et
981 1387 1168 1458 procul
1197 1387 1357 1442 dubio
1400 1386 1762 1441 Christianus.
1806 1407 1824 1439 ι
1863 1386 1960 1442 Ubi

373 1494 518 1547 sum,
559 1480 754 1550 inquit,
804 1494 903 1550 ego
923 1519 937 1546 ,
967 1479 1078 1534 illic
1105 1488 1161 1534 et
1187 1478 1434 1533 minister
1462 1494 1612 1534 meus
1643 1479 1749 1534 erit
1777 1478 1959 1551 (Joan.

369 1572 494 1645 ιιι).
533 1592 552 1624 ι

440 1666 645 1724 Deinde
677 1666 901 1722 veniunt
930 1665 985 1721 in
1029 1664 1307 1730 Salmona,
1359 1667 1504 1737 quod
1547 1668 1960 1737 interpretatur,

369 1761 556 1816 umbra
600 1760 875 1830 partionis.
929 1758 996 1811 Et
1026 1759 1223 1814 merito
1268 1767 1557 1828 postquam
1612 1761 1666 1814 in
1698 1771 1958 1828 montem,

369 1855 462 1924 qui
489 1862 576 1908 est
606 1853 873 1918 Christus,
899 1854 1261 1918 ascendimus,
1291 1855 1544 1911 vitiorum
1575 1854 1840 1926 fugientes
1869 1871 1961 1911 ar-

2064 651 2207 719 quod
2237 651 2340 704 alia
2374 650 2604 706 testatur
2628 653 2812 717 editio,
2841 663 2893 708 et
2923 655 3025 709 hoc
3057 655 3124 710 ab
3154 656 3427 712 intellectu
3465 668 3639 716 trans-

2065 742 2309 795 euntium
2344 758 2446 795 non
2498 743 2733 797 aberrat.
2779 743 2877 799 Cai
2919 746 3180 816 siquidem
3227 748 3635 818 interpretatur,

2063 832 2240 886 chaos.
2289 833 2431 887 Dicit
2477 843 2656 888 autem
2704 834 2980 892 Abraham
3031 838 3219 894 diviti:
3259 859 3278 890 ‹
3314 840 3448 908 Quia
3495 841 3640 899 inter

2063 938 2181 988 nos,
2213 934 2264 978 et
2288 940 2403 990 vos,
2433 925 2597 982 chaos
2619 928 3168 998 magnum-ﬁrmatum
3189 932 3439 1004 est(Luc.
3466 937 3633 1007 χω.»

2061 1013 2145 1067 Ad
2197 1014 2348 1069 illum
2396 1032 2525 1087 ergo
2560 1020 2731 1072 sancti
2766 1034 2982 1090 semper
3030 1023 3262 1077 transire
3307 1026 3641 1098 desiderant,

2066 1111 2126 1158 ut
2150 1104 2202 1159 in
2234 1105 2348 1174 ejus
2370 1108 2514 1176 sinu,
2546 1110 2687 1165 sicut
2712 1119 2767 1167 et
2791 1112 2985 1169 beatus
3010 1113 3099 1169 ille
3123 1115 3385 1186 Lazarus,
3410 1119 3642 1177 feliciter

2064 1203 2429 1271 requiescant.

2138 1295 2286 1349 Unde
2331 1295 2462 1350 satis
2511 1307 2634 1369 apte
2683 1300 3056 1370 consequitur,
3091 1310 3150 1357 ut
3177 1311 3300 1374 post
3343 1306 3509 1362 chaos
3540 1323 3642 1379 py-

2065 1385 2287 1440 thonum
2315 1397 2479 1456 atque
2520 1404 2820 1468 magorum,
2851 1393 2993 1464 quod
3027 1403 3109 1448 est
3148 1397 3438 1453 tenebrosa
3486 1400 3642 1455 calli-

2065 1478 2204 1532 ditas
2254 1475 2676 1547 hacreticorum,
2722 1492 2920 1552 prmsto
2968 1485 3186 1540 veniant
3238 1489 3290 1542 in
3342 1489 3645 1563 Dibongad,

2064 1569 2208 1636 quod
2266 1569 2575 1639 signiﬁcare
2633 1572 2861 1636 dicitur,
2935 1576 3202 1645 apiarium
3259 1583 3642 1640 tentationum.

2063 1660 2206 1729 Apes
2245 1661 2390 1714 enim
2420 1677 2517 1715 ore
2547 1663 2705 1717 mella
2746 1664 2960 1731 ferunt,
2993 1667 3086 1720 sed
3121 1669 3322 1723 aculeis
3359 1684 3640 1744 pungunt;

2066 1753 2143 1806 sic
2181 1763 2232 1808 et
2281 1755 2546 1821 haeretici,
2598 1757 2779 1812 verbis
2831 1759 3048 1827 quidem
3100 1761 3384 1817 manifeste
3433 1764 3645 1820 blandi-

2067 1854 2247 1899 menta
2280 1849 2653 1917 praetendunt,
2686 1850 2779 1903 sed
2825 1852 2978 1920 quasi
3028 1860 3151 1920 post
3197 1869 3256 1908 se
3285 1857 3488 1910 erroris
3518 1873 3646 1913 acu-

372 1945 584 2011 dorem,
625 1947 724 2002 sub
771 1945 1096 2002 defensionis
1143 1948 1260 2018 ejus
1289 1948 1608 2004 umbraculo
1639 1950 1960 2006 residemus.

2068 1937 2183 1993 leos
2231 1949 2546 2010 contegunt.
2597 1941 2779 1996 Primo
2831 1943 3096 1998 distillant
3143 1961 3238 2002 ore
3281 1948 3642 2020 dulcedinem,

373 2037 452 2094 De
489 2053 594 2107 qua
659 2038 914 2092 videlicet
966 2040 1157 2093 umbra
1217 2053 1313 2109 per
1369 2038 1660 2094 Jeremiam
1717 2041 1960 2097 dicitur:

374 2143 396 2180 ι
431 2126 666 2197 Spiritus
707 2128 819 2183 oris
841 2129 1012 2183 nostri
1054 2127 1302 2184 Christus
1346 2129 1627 2196 Dominus,
1666 2143 1856 2201 captus
1883 2142 1965 2188 est

371 2219 425 2273 in
460 2219 699 2290 peccatis
735 2219 958 2286 nostris,
997 2220 1083 2274 cui
1112 2220 1384 2275 diximus:
1427 2221 1484 2275 In
1519 2223 1710 2277 umbra
1763 2232 1850 2278 tua
1883 2224 1965 2278 vi-

367 2325 560 2366 vemus
589 2313 641 2366 in
671 2300 922 2383 gentibus
947 2313 1161 2381 (Thren.
1191 2312 1265 2384 tv)
1300 2333 1313 2368 :
1355 2333 1373 2365 ι
1422 2323 1479 2370 et
1508 2317 1732 2384 angelus
1761 2319 1828 2372 ad
1857 2303 1974 2372 Ilia--

368 2400 548 2456 riam:
601 2403 858 2468 «Virtus,
916 2404 1111 2472 inquit,
1166 2404 1430 2459 Altissimi
1483 2408 1836 2468 obutnbrabit
1868 2409 1966 2464 tibi

370 2489 526 2564 (Luc.
579 2493 642 2563 ι).
685 2512 704 2546 ι
759 2493 1014 2550 Salmona
1065 2497 1266 2562 etiam,
1314 2505 1374 2550 ut
1422 2496 1616 2551 alicubi
1674 2500 1964 2567 reperitur,

370 2582 715 2653 imaguncula
763 2587 1001 2642 dicitur:
1040 2590 1183 2656 quod
1231 2589 1417 2658 utique
1465 2589 1583 2645 loco
1627 2591 1702 2644 illi
1747 2593 1967 2650 nouab-

372 2676 536 2730 surde
582 2677 870 2746 congruit,
919 2679 1045 2732 dum
1103 2680 1176 2734 ibi
1229 2696 1414 2735 aeneus
1468 2681 1555 2736 ille
1609 2698 1835 2752 serpens
1873 2699 1968 2753 ap-

370 2780 571 2835 pensus
623 2768 693 2822 sit
730 2766 920 2839 (Num.
953 2783 1078 2834 xxr;
1123 2767 1287 2824 Joan.
1325 2769 1430 2841 ιιι),
1471 2771 1563 2839 qui
1599 2772 1841 2826 cruciﬁxi
1876 2787 1964 2828 re-

369 2866 662 2925 presentat
689 2858 975 2928 imaginem
1003 2859 1324 2915 Salvatoris.

963 2951 1190 3006 CAPUT
1236 2951 1364 3006 VIII.

483 3040 636 3107 Quod
663 3043 772 3096 oris
796 3046 1123 3114 parcimonia
1160 3045 1414 3098 transitus
1443 3044 1509 3098 sit
1542 3045 1597 3098 in
1624 3043 1856 3100 Phinon.

441 3132 532 3188 Fit
558 3144 821 3204 praaterea
853 3136 1114 3191 transitus
1148 3137 1202 3189 in
1243 3136 1474 3202 Phinon,
1525 3138 1666 3206 quod
1703 3138 1970 3207 interpre-

373 3231 519 3279 tatur
566 3241 645 3291 os,
699 3226 784 3281 vel
813 3227 918 3281 oris
953 3228 1300 3297 parsimonia.
1351 3227 1418 3281 Et
1449 3243 1512 3283 os
1548 3230 1787 3298 quidem,
1839 3229 1966 3299 quia

2066 2032 2162 2086 sed
2202 2035 2546 2102 postmodum
2593 2045 2853 2104 spargunt
2893 2035 3151 2090 aculeatze
3196 2038 3448 2096 falsitatis
3491 2058 3643 2098 erro-

2067 2138 2199 2177 rem.
2252 2123 2402 2177 Unde
2449 2123 2721 2194 Propheta
2767 2128 3147 2203 conqueritur,
3199 2129 3424 2186 dicens:
3477 2150 3497 2184 (
3529 2134 3648 2189 Cir-

2067 2215 2460 2270 cumdederunt
2501 2231 2585 2270 me
2641 2217 2785 2270 sicut
2834 2234 2995 2287 apes,
3047 2229 3101 2274 et
3141 2231 3462 2278 exarserunt
3507 2224 3649 2284 sicut

2067 2305 2207 2376 ignis
2233 2307 2285 2360 in
2315 2307 2481 2376 spinis
2509 2304 2681 2377 (Psal.
2715 2310 2915 2380 cxvu).
2946 2330 2964 2362 ι

2135 2397 2265 2452 Inde
2311 2398 2540 2468 profecti
2590 2401 2800 2476 suntin
2850 2401 3450 2474 Helmondeblathaim,
3501 2409 3648 2479 quod

2069 2490 2298 2544 vertitur
2331 2491 2381 2544 in
2415 2501 2783 2564 contemptum
2808 2495 3134 2563 palatarum,
3164 2499 3264 2554 hoc
3290 2511 3395 2566 eSt,
3423 2501 3644 2569 ﬁcuum,

2068 2584 2179 2636 sive
2216 2592 2552 2653 contemptus
2593 2587 2886 2655 Opprobrii.
2940 2588 3099 2644 Ficus
3148 2602 3327 2646 autem
3358 2593 3645 2649 deliciosus

2069 2685 2150 2728 est
2195 2675 2424 2739 fructus,
2469 2661 2571 2744 per.
2588 2678 2731 2746 quod
2761 2678 3080 2749 intelligitur
3104 2683 3472 2737 necessarium
3503 2699 3647 2752 esse,

2067 2766 2241 2834 utqui
2269 2766 2380 2836 jam
2422 2767 2577 2820 donis
2606 2768 2920 2823 coelestibus
2959 2772 3413 2842 apprOpinquant,
3449 2783 3647 2830 cuncta

2069 2856 2303 2912 carnalis
2356 2857 2625 2912 illecebrae
2670 2858 3039 2914 blandimenta
3081 2872 3452 2920 contemnant.
3493 2864 3650 2931 Quod

2069 2949 2114 3003 si
2146 2957 2486 3018 contemptus
2517 2950 2793 3023 opprobrii
2834 2952 3005 3020 magis
3053 2952 3378 3018 admittitur,
3410 2966 3508 3024 per
3545 2956 3649 3012 hoc

2068 3041 2440 3097 indubitanter
2483 3043 2836 3110 instruimur,
2876 3053 2936 3098 ut
2980 3044 3024 3098 si
3067 3046 3284 3114 quando
3312 3046 3399 3101 vel
3428 3048 3651 3102 lucreti-

2069 3147 2254 3187 corum
2275 3175 2290 3199 ,
2324 3134 2408 3188 vel
2439 3133 2793 3203 reproborum
2839 3134 3203 3205 quorumlibet
3232 3136 3652 3194 debonestamut‘

2069 3224 2304 3296 injuriis,
2333 3239 2438 3278 non
2467 3225 2768 3279 turbemur.
2810 3223 2915 3279 Per
2951 3226 3093 3295 quod
3125 3226 3334 3282 scilicet
3362 3237 3652 3299 utrumque

371 3330 498 3371 mox
525 3324 585 3370 ut
612 3318 881 3385 passionis
912 3318 1115 3373 Christi
1159 3329 1501 3374 sacramenta
1558 3321 1964 3390 cognoscimus,
1993 3302 2039 3366 (ἶ
2070 3318 2357 3373 salubriter
2403 3316 2712 3385 edocemur.
2768 3324 2827 3370 ut
2878 3331 2978 3371 n08
3034 3332 3137 3372 nec
3193 3318 3464 3374 inhonesti
3517 3335 3648 3376 con-

375 3409 518 3478 quod
552 3409 716 3465 corde
743 3411 1036 3477 credimus,
1062 3425 1158 3465 ore
1185 3411 1638 3480 pronuntiamus;
1671 3413 1811 3468 sicut
1833 3415 1968 3469 scri-

373 3508 526 3574 ptum
585 3514 706 3559 est:
784 3523 804 3557 (
837 3505 1053 3560 Credidi
1107 3516 1328 3576 propter
1393 3508 1537 3576 quod
1578 3507 1786 3562 locutus
1844 3523 1966 3564 sum

377 3591 550 3665 (Psal.
602 3607 750 3667 cn).
788 3615 806 3648 ι
870 3597 938 3651 Ει
967 3597 1299 3666 Apostolus:
1360 3617 1378 3650 ι
1413 3598 1588 3654 Corde
1617 3601 1858 3654 creditur
1898 3603 1967 3658 ad

366 3684 658 3756 justitiam,
691 3705 787 3745 ore
813 3700 993 3745 autem
1037 3691 1306 3748 confessio
1336 3693 1397 3747 ﬁt
1425 3695 1492 3749 ad
1531 3694 1755 3748 salutem
1784 3695 1963 3764 (Rom.

374 3775 458 3850 ι).
485 3796 504 3830 ι
549 3777 673 3834 Oris
701 3795 830 3835 vero
859 3781 1193 3850 parcitnonia
1243 3783 1472 3850 dicitur;
1531 3785 1656 3852 quia
1687 3785 1811 3839 dum
1857 3794 1965 3840 tam

374 3865 642 3937 profunda
675 3870 1063 3941 redemptionis
1094 3873 1344 3928 humana:
1388 3876 1646 3945 mysteria
1678 3886 1967 3945 penetrare

376 3975 484 4016 non
515 3978 824 4038 possumus,
850 3965 1005 4033 quasi
1032 3965 1115 4019 ori
1146 3977 1328 4020 nostro
1383 3967 1606 4037 digitum
1640 3969 1965 4038 superponi-

378 4068 524 4119 mus,
567 4064 624 4108 ut
664 4056 965 4115 divinitatis
993 4055 1197 4111 Christi
1251 4056 1628 4111 celsitudinem
1667 4059 1967 4127 majoribus

377 4142 866 4211 relinquentes,.de
896 4145 1009 4200 sola
1043 4155 1247 4199 tantum
1309 4145 1425 4214 ejus
1459 4162 1622 4201 cruce
1648 4155 1962 4203 tractemus.

381 4231 536 4286 Sicut
563 4233 696 4288 dicit
727 4235 1017 4305 Apostolus
1049 4248 1063 4287 :
1103 4254 1120 4286 ι
1155 4234 1301 4289 Nihil
1329 4234 1569 4304 judicavi
1608 4253 1694 4291 me
1718 4240 1861 4292 scire
1888 4239 1965 4292 in-

381 4332 465 4380 ter
488 4341 606 4392 vos,
657 4328 758 4382 nisi
787 4327 1060 4384 Christum
1089 4328 1292 4396 Jesum,
1348 4339 1403 4385 et
1448 4329 1593 4384 hunc
1643 4330 1964 4386 cruciﬁxum

379 4413 434 4488 (ι
463 4415 584 4470 Cor.
619 4419 759 4488 vm).
799 4438 819 4471 ι

449 4505 578 4561 Post
599 4509 712 4563 haec
740 4511 967 4579 profecti
997 4522 1124 4566 sunt
1146 4513 1200 4566 in
1231 4512 1434 4579 Oboth,
1461 4514 1604 4584 quod
1627 4514 1816 4584 utique
1837 4529 1961 4570 ver-

379 4601 514 4656 titur
541 4604 593 4658 in
621 4622 826 4675 magos,
871 4608 985 4662 sive
1028 4609 1300 4677 pythones.
1347 4608 1576 4678 Propter
1619 4611 1760 4680 quod
1807 4611 1964 4665 datur

2073 3418 2307 3479 temptus
2335 3409 2515 3464 irrisio
2550 3417 2786 3477 moveat,
2817 3423 2917 3463 nec
2943 3408 3051 3462 ulla
3082 3417 3310 3464 terrente
3349 3411 3651 3474 dulcedinis

2071 3503 2464 3558 oblectamenta
2517 3502 2822 3568 resolvant,
2873 3513 3141 3570 quatenus
3189 3503 3256 3557 de
3300 3504 3402 3558 hoc
3449 3503 3653 3562 mundo

2069 3595 2348 3650 valeamus
2398 3596 2578 3649 dicere
2633 3611 2754 3649 cum
2801 3593 3111 3664 Propheta:
3167 3615 3184 3644 ι
3215 3593 3368 3650 Sicut
3417 3595 3652 3654 tenebrae

2070 3686 2207 3755 ejus,
2239 3685 2308 3738 ita
2341 3693 2395 3739 et
2425 3685 2603 3738 lumen
2639 3685 2756 3754 ejus
2796 3682 2970 3754 (Psul.
3004 3685 3290 3756 CXXXVIII).
3326 3703 3344 3735 ι

2142 3776 2269 3830 lndc
2338 3777 2697 3847 conunigrant
2760 3776 2827 3830 ad
2885 3785 3099 3832 montes
3169 3776 3394 3832 Abarim
3460 3786 3654 3834 contra

2070 3868 2243 3923 Nabo.
2273 3869 2514 3930 Abarim,
2552 3871 2842 3932 transitus;
2887 3867 3057 3933 Nubo,
3093 3868 3349 3923 abscessio
3380 3870 3653 3941 interpree

2073 3971 2237 4026 tatur,
2268 3963 2358 4016 ubi
2399 3962 2608 4016 scilicet
2637 3962 2842 4026 anima,
2888 3963 3044 4030 quasi
3091 3977 3190 4032 per
3217 3977 3404 4018 omnes
3439 3963 3654 4025 itineris

2070 4056 2399 4117 mansiones,
2434 4056 2506 4108 ita
2543 4070 2642 4124 per
2669 4063 2891 4108 cunctas
2926 4053 3091 4107 fuerit
3139 4069 3426 4124 progressa
3476 4057 3652 4112 virtu-

2069 4152 2184 4209 tes;
2245 4145 2367 4212 quia
2413 4145 2524 4214 jam
2583 4146 2651 4197 ad
2716 4144 2929 4198 culmen
2977 4144 3324 4212 perfectionis
3373 4147 3650 4218 ascendit,

2069 4245 2250 4290 mente
2308 4253 2430 4289 mox
2488 4235 2677 4288 transit
2725 4250 2791 4288 ex
2844 4235 2948 4287 hoc
3002 4233 3220 4300 saeculo,
3269 4243 3323 4288 et
3379 4236 3644 4292 abscedit.

2071 4324 2200 4392 Quae
2255 4326 2532 4391 nimirum,
2585 4336 2639 4379 et
2701 4326 2744 4378 si
2799 4325 2975 4378 adhuc
3024 4340 3244 4379 manere
3301 4325 3551 4381 videatur
3593 4328 3650 4384 in

2069 4415 2295 4478 mundo,
2330 4416 2382 4468 in
2434 4430 2598 4469 carne
2651 4424 2871 4479 tamen,
2930 4431 3036 4468 non
3090 4416 3386 4470 secundum
3428 4432 3652 4473 carnem

2069 4507 2351 4563 ambulans
2374 4507 2420 4578 (Ι
2451 4507 2572 4563 Cor.
2597 4508 2677 4578 χ),
2702 4507 2813 4578 jam
2845 4509 3072 4564 recessit
3097 4525 3127 4565 e
3153 4511 3373 4566 mundo.
3403 4511 3555 4569 Sicut
3583 4513 3652 4570 de

2069 4601 2253 4655 Enoch
2285 4601 2520 4655 dicitur:
2553 4620 2571 4652 ι
2601 4601 2666 4655 Ει
2690 4617 2794 4655 non
2827 4601 3227 4669 inveniebatur,
3251 4601 3376 4671 quia
3411 4611 3652 4659 transtu-

381 4693 631 4768 intelligi,
677 4669 820 4768 quia:
852 4706 974 4766 post
1018 4669 1308 4768 imaginem
1355 4669 1484 4764 Dei,
1535 4669 1655 4767 qum.
1693 4701 1748 4753 in
1785 4701 1963 4756 cordis
1992 4669 2043 4728 D
2071 4697 2133 4752 lit
2157 4697 2309 4751 illum
2341 4696 2481 4749 Deus
2504 4692 2655 4768 (Gen.
2684 4695 2760 4766 v).
2792 4714 2811 4747 ι
2838 4695 2916 4750 lta
2943 4697 3189 4767 quisquis
3215 4669 3502 4751 sanctitate
3520 4711 3646 4766 per-

373 4786 592 4841 ratione
619 4789 942 4859 concipitur,
983 4799 1103 4860 post
1129 4789 1294 4860 569
1323 4800 1597 4860 acceptam
1624 4791 1800 4855 fidem,
1845 4807 1964 4861 quae

385 4877 498 4932 oris
542 4879 889 4935 confessione
940 4882 1250 4952 profertur;
1310 4890 1645 4952 consurgunt
1679 4883 1961 4938 adversum

381 4984 482 5024 nos
521 4972 783 5039 haarctici,
813 4989 1054 5032 errorem
1094 4984 1372 5029 venenatae
1420 4975 1658 5046 perﬁdia:
1700 4975 1966 5047 dogmati-

381 5074 872 5137 1antes,tanquam
917 5070 1201 5140 pythones,
1232 5081 1286 5124 et
1321 5071 1462 5141 magi
1496 5070 1748 5126 maleﬁca
1778 5071 1965 5128 incan-

381 5157 643 5212 tationum
679 5161 917 5215 carmina
951 5173 1385 5232 conspergentes.

453 5247 590 5304 Hinc
641 5252 897 5306 transitur
941 5253 997 5308 in
1036 5252 1313 5322 Gebarim,
1359 5270 1480 5326 quae
1510 5263 1595 5312 est
1644 5257 1702 5312 in
1757 5255 1958 5312 ﬁnibus

385 5342 768 5400 Moabitarum.
820 5345 1076 5400 Cebarim
1119 5347 1391 5419 signiﬁcat
1451 5364 1676 5405 acervos
1723 5349 1964 5419 lapidum

382 5437 799 5491 transeuntium.
844 5437 934 5493 lsli
989 5454 1152 5509 porro
1198 5449 1325 5494 sunt
1358 5439 1565 5510 lapides
1613 5440 1744 5507 vivi,
1787 5441 1963 5496 sancti

382 5529 613 5594 scilicet,
662 5546 728 5585 ex
757 5531 954 5601 quibus
997 5547 1103 5588 non
1141 5533 1301 5588 modo
1344 5533 1680 5588 Hierusalem
1726 5548 1962 5604 superna

383 5625 738 5688 construitur,
770 5627 862 5681 sed
901 5635 954 5680 et
976 5642 1214 5696 praesens
1246 5628 1488 5684 Ecclesia
1519 5638 1776 5697 tanquam
1814 5643 1961 5682 mar-

382 5717 576 5788 garitis
605 5719 1018 5774 coruscantibus
1069 5721 1380 5774 adornatur.
1416 5721 1516 5787 Qui
1554 5721 1751 5775 merito
1781 5729 1989 5776 trans--

383 5818 575 5864 euntes
618 5810 896 5875 dicuntur,
943 5813 1071 5879 quia
1115 5822 1332 5868 terrena
1363 5815 1636 5883 quwlibet,
1670 5830 1735 5878 ac
1762 5814 1964 5870 transi-

384 5902 523 5956 toria
572 5911 754 5959 meute
792 5903 1054 5971 .ealcant,
1108 5912 1269 5974 atque
1317 5906 1383 5960 ad
1440 5906 1680 5964 coelestia
1731 5906 1966 5966 transire

2068 4786 2266 4848 fectus,
2293 4796 2348 4840 et
2378 4787 2577 4841 mundo
2600 4786 2710 4854 jam
2742 4796 2987 4842 mortuus
3013 4788 3328 4857 pertransiit
3356 4788 3641 4856 mundum,

2067 4889 2122 4937 et
2145 4880 2357 4935 habitat
2383 4881 2435 4934 in
2465 4881 2685 4951 regione
2710 4880 2988 4934 virtutum.

2138 4971 2420 5027 Postrema
2457 4988 2588 5027 vero
2617 4972 2825 5026 mansio
2863 4980 2946 5026 est
2978 4971 3031 5024 in
3063 4971 3459 5042 campestribus
3487 4971 3659 5032 Moab“

2069 5080 2232 5135 super
2261 5064 2550 5120 Jordanem
2590 5074 2778 5120 contra
2823 5064 3058 5120 Iericho.
3090 5064 3170 5119 Ad
3217 5065 3318 5120 hoc
3361 5065 3506 5120 enim
3535 5074 3648 5124 tam

2072 5155 2217 5228 longi
2265 5156 2478 5212 itineris
2528 5156 2786 5210 transitus
2838 5155 3035 5222 agitur,
3091 5152 3157 5207 ad
3210 5154 3312 5209 hoc
3361 5154 3524 5228 57o
3567 5165 3648 5214 tot

2071 5249 2385 5313 aeruminis,
2435 5263 2499 5304 ac
2549 5248 2821 5304 laboribus
2861 5261 2958 5317 per
2998 5253 3202 5300 vastam
3249 5247 3409 5317 hujus
3447 5249 3646 5306 'mundi

2070 5342 2413 5398 solitudinem
2442 5342 2762 5412 suspiratur,
2794 5349 2854 5396 ut
2881 5339 3210 5412 applicemus
3240 5342 3307 5397 ad
3329 5341 3645 5410 Jordanem,

2068 5435 2171 5492 hoc
2215 5437 2682 5502 est,.accedamus
2729 5436 2794 5490 ad
2842 5436 3220 5491 inexhaustam
3268 5435 3510 5492 caelestis
3554 5451 3641 5493 sa-

2066 5529 2286 5599 pientia:
2328 5528 2742 5599 plenitudinem.
2791 5529 2949 5584 Juxta
3002 5546 3164 5599 quam
3193 5530 3647 5600 peregrinationis

2071 5632 2272 5678 nostrae
2323 5621 2727 5677 tabernaculum
2775 5631 3172 5690 construentes,
3217 5623 3334 5691 ejus
3361 5621 3576 5677 ﬂuentis
3610 5636 3645 5677 ι

2071 5717 2283 5772 cunctis
2309 5732 2408 5771 nos
2425 5715 2642 5789 Egypti
2667 5716 3008 5786 squaloribus
3022 5731 3372 5787 properemus
3397 5715 3617 5770 abluere
3631 5707 3659 5782 ,'

2071 5822 2133 5866 ut
2173 5811 2442 5881 puriﬁcati
2495 5819 2695 5866 terram
2750 5810 3188 5880 repromissionis
3241 5803 3660 5862 valeamUSIinJ

2075 5913 2241 5971 trare,
2270 5915 2330 5961 ut
2357 5905 2549 5974 simus,
2571 5904 2712 5961 sicut
2737 5904 2802 5960 de
2830 5917 3026 5974 sponsa
3056 5903 3112 5958 in
3140 5901 3379 5958 Canticis
3406 5898 3604 5955 dicitur
3627 5910 3649 5952 :
