4132 6324
531 335 636 394 559

980 316 1052 392 ‘S.
1082 334 1285 391 PETRI
1327 332 1608 390 DAMlANl
1647 333 1797 392 OPP.
1841 329 2077 389 TOMUS
2117 330 2248 388 SEU
2284 328 2465 387 PARS
2498 330 2585 386 111.
2615 322 2686 373 -ὲ
2715 328 3083 390 OPUSCULA
3118 328 3351 388 VARIA.

3692 333 3797 390 560

438 492 447 496 -
533 473 553 505 ι
585 451 738 508 Oculi
788 451 905 527 ejus
950 450 1094 506 sicut
1134 449 1395 505 columba:
1445 465 1606 520 super
1630 450 1776 503 rivos
1821 462 2109 519 aquarum,
2138 453 2186 511 Α
2215 446 2455 501 lumnam
2486 462 2515 501 a
2544 446 2771 513 dextris,
2820 455 2877 503 et
2921 447 3147 502 alteram
3178 447 3359 517 posuit
3391 462 3418 502 a
3464 447 3737 519 sinistris;
3769 473 3789 504 ο

527 561 647 615 quae
675 546 812 599 laete
842 553 967 598 sunt
1012 543 1153 609 lotre,
1199 551 1255 596 et
1299 542 1536 596 resident
1572 543 1724 612 juxta
1767 540 1967 596 ﬂuenta
1999 540 2115 612 ple-

530 638 751 692 nissima
788 636 966 707 (Cant.
1012 634 1088 706 v).
1123 655 1139 687 ι
1196 635 1264 689 Et
1310 635 1608 690 notandum
1657 634 1803 705 quod
1847 634 2112 703 profectio

522 729 630 784 ista
674 743 781 783 non
809 729 862 782 in
894 728 1204 790 montibus,
1240 729 1334 781 sed
1364 728 1420 781 in
1452 727 1849 797 campestribus
1877 726 2108 793 desinit;

519 820 778 890 quoniam
822 818 1000 874 sancti
1044 818 1251 887 quique
1276 825 1480 887 quanto
1515 816 1731 873 celsiori
1775 817 2111 887 perfectione

515 917 646 963 sunt
692 908 930 979 prtuditi,
961 917 1114 963 tanto
1160 907 1355 978 majori
1390 916 1517 962 sunt
1542 908 1848 963 humilitate
1874 907 2105 963 fundati.

517 997 622 1065 Qui
651 999 819 1053 etiam
853 1007 1042 1053 contra
1069 998 1289 1054 Jericho
1320 999 1631 1055 mansiones
1659 1000 1947 1064 aedificant,
1976 1013 2110 1071 quo-

516 1088 668 1143 niam
700 1088 959 1144 adversus
1003 1090 1297 1155 mundum,
1348 1090 1439 1159 qui
1482 1105 1579 1159 per
1607 1104 1726 1145 eam
1772 1090 2107 1161 designatur,

517 1178 975 1233 infmderahiliter
1020 1188 1278 1250 pugnant.
1318 1178 1527 1247 Quibus
1563 1179 1809 1235 dicitur:
1865 1201 1883 1232 ι
1933 1180 1989 1236 Si
2041 1183 2109 1237 de

508 1269 716 1324 mundo
750 1270 1009 1337 fuissetis,
1061 1271 1294 1333 mundus
1320 1271 1461 1341 quod
1494 1287 1649 1326 suum
1676 1281 1794 1327 erat
1824 1272 2103 1343 diligeret;

507 1361 607 1416 sed
654 1362 777 1430 quia
821 1362 888 1417 de
932 1363 1133 1418 mundo
1182 1378 1289 1418 non
1338 1363 1492 1430 estis,
1522 1372 1806 1434 propterea
1850 1364 1966 1420 odit
2011 1379 2107 1420 vos

506 1453 742 1509 mundus
778 1455 962 1527 (Joan.
991 1455 1106 1526 xv).
1136 1476 1156 1508 ι
1246 1462 1247 1469 ‘

1116 1546 1345 1604 CAPUT
1383 1547 1475 1603 IX.

865 1638 1075 1711 Epilogi
1096 1650 1147 1695 et
1172 1642 1412 1711 opusculi
1435 1634 1721 1697 conclusio.

518 1742 521 1745 ‘
575 1730 703 1786 Hmc
751 1730 869 1796 tibi,
912 1732 1242 1787 venerabilis
1271 1731 1464 1799 frater,
1503 1735 1568 1789 de
1591 1732 1907 1789 lsraeliticis
1940 1748 2099 1788 man-

2215 542 2307 596 uhi
2340 556 2463 596 mox
2499 540 2787 611 sequitur:
2835 556 2854 591 ‹
2884 539 3040 605 Eam,
3079 554 3200 608 quae
3244 556 3272 594 a
3309 539 3515 595 dextris
3538 550 3676 608 erat,
3702 558 3798 599 vo-

2214 636 2357 691 cavit
2393 634 2628 700 Jachim,
2658 652 2677 686 »
2712 634 2818 688 hoc
2852 641 2967 698 est,
3000 632 3226 700 ﬁrmitas
3250 645 3269 683 :
3305 651 3324 684 ι
3357 639 3413 687 et
3442 647 3563 704 quae
3599 634 3665 688 ad
3706 633 3800 691 la:-

2212 742 2356 793 vam,
2377 727 2522 787 Booz
2551 725 2627 797 (If
2660 723 2845 780 Paral.
2878 723 2984 795 ιιι),
3020 743 3039 775 ι
3076 723 3179 779 hoc
3207 731 3292 779 est
3323 724 3379 778 in
3408 724 3611 779 robore.

2207 826 2211 830 '
2283 819 2422 887 Quid
2450 818 2594 874 enim
2620 832 2717 889 per
2745 815 3074 881 columnam,
3112 830 3234 885 quae
3272 830 3305 869 a
3340 814 3549 871 dextris
3574 824 3712 886 erat,
3741 823 3800 871 et

2210 919 2439 966 vocatur
2467 909 2731 974 firmitas,
2772 907 2939 964 debet
2979 905 3228 977 intelligi,
3276 906 3382 963 nisi
3420 906 3638 962 dilectio
3666 907 3800 963 Dei?

2214 1003 2278 1058 Et
2303 1002 2432 1073 quid
2457 1017 2554 1074 per
2584 1018 2726 1069 eam,
2755 1016 2877 1071 qua:
2905 1015 2935 1055 a
2974 999 3214 1055 sinistris
3251 1008 3368 1066 est,
3396 1006 3450 1055 et
3483 1006 3711 1055 vocatur
3740 1001 3796 1055 in

2210 1097 2428 1163 robore,
2462 1095 2566 1151 nisi
2595 1093 2814 1150 dilectio
2842 1091 3114 1165 proximi?
3144 1090 3307 1146 Aliud
3340 1099 3426 1147 est
3453 1090 3599 1147 enim
3627 1091 3800 1146 firmi-

2206 1178 2315 1253 tas,
2362 1187 2464 1241 hoc
2512 1194 2597 1240 est
2638 1185 2813 1254 ipsum
2862 1182 3021 1254 571
3052 1181 3240 1248 robur,
3279 1181 3425 1237 aliud
3475 1181 3529 1235 in
3562 1182 3792 1247 robore;

2211 1275 2470 1347 quoniam
2497 1274 2643 1330 aliud
2685 1282 2771 1329 est
2809 1272 3033 1343 diligere
3062 1271 3239 1342 ipsum
3274 1270 3467 1336 Deum,
3498 1269 3643 1324 aliud
3670 1269 3799 1324 dili-

2208 1385 2337 1443 gere
2362 1369 2669 1439 proximum
2698 1367 2754 1421 in
2777 1367 2906 1422 Deo.
2931 1365 2987 1421 ln
3016 1364 3306 1421 dilectione
3332 1365 3530 1435 quippe
3557 1363 3793 1434 proximi

2203 1474 2464 1515 mensura
2527 1458 2785 1529 ponitur;
2840 1456 3011 1513 Deum
3063 1467 3197 1512 vero
3245 1456 3472 1527 diligere
3519 1456 3638 1510 sine
3681 1454 3793 1510 ulla

2208 1566 2428 1622 prorsus
2449 1564 2704 1605 mensura
2728 1547 3006 1618 jubemur.
3035 1547 3097 1603 In
3146 1546 3418 1603 vestibulo
3442 1560 3572 1618 ergo
3604 1545 3792 1617 templi

2205 1641 2533 1706 columnam,
2565 1655 2688 1711 quae
2717 1638 2947 1694 firmitas
2973 1646 3220 1703 vocatur,
3250 1638 3543 1709 erigimus,
3573 1652 3696 1692 cum
3728 1636 3788 1692 in

2205 1734 2308 1791 hac
2336 1733 2585 1805 praesenti
2611 1732 2878 1798 Ecclesia,
2905 1748 3026 1802 qua:
3069 1732 3307 1788 caelestis
3342 1730 3488 1787 illius
3529 1730 3790 1787 Ecclesia:

511 1821 760 1877 Bionibus
781 1823 1120 1889 summalim.
1145 1823 1450 1894 raptimque
1482 1824 1939 1888 transcurrimus;
1969 1838 2096 1894 prO-
2125 1818 2175 1879 Β
2200 1829 2525 1886 vestibulum
2560 1836 2668 1894 est,
2694 1826 2864 1882 Deum
2900 1825 3027 1881 totis
3054 1825 3263 1881 viribus
3288 1825 3540 1889 firmiter,
3572 1831 3628 1877 et
3648 1836 3787 1879 con-

507 1912 763 1969 fundiora
795 1928 926 1969 vero
950 1916 1210 1986 mysteria
1253 1917 1528 1972 vacationi
1574 1926 1701 1983 tute,
1732 1932 1852 1987 quae
1874 1916 2097 1972 liberior

500 2015 607 2074 est,
646 2023 1009 2064 reservamus.
1040 2009 1351 2079 Inquirendi
1380 2010 1619 2080 quidem,
1647 2011 1730 2066 vel
1762 2010 2093 2080 intelligendi

462 2156 470 2166 ,
503 2100 753 2156 dedimus
798 2101 1173 2168 occasionem,
1202 2117 1311 2157 non
1355 2111 1535 2158 autem
1566 2102 1739 2172 plena:
1765 2102 2094 2159 contulimus

500 2189 875 2262 inteiligentiae
906 2190 1241 2247 facultatem.
1288 2193 1356 2247 Et
1381 2208 1480 2248 nos
1526 2194 1743 2263 quidem
1772 2193 2091 2249 earumdem

500 2281 848 2336 mansionum
894 2283 1276 2338 tantummodo
1319 2285 1476 2353 quasi
1514 2282 1712 2354 januas
1754 2284 2087 2354 aperuimus,

494 2380 605 2427 tuae
628 2372 935 2441 prudentia:
969 2375 1042 2429 sit
1084 2389 1177 2429 eas
1222 2374 1454 2445 ingredi,
1485 2390 1784 2445 earumque
1829 2376 2088 2446 mySteria

491 2463 647 2520 velut
673 2464 883 2520 occulta
919 2466 1163 2521 thesauri
1212 2466 1452 2521 caelestis
1489 2465 1689 2521 talenta
1720 2467 1927 2521 rimari.
1958 2466 2089 2522 Mihi

492 2563 677 2610 autem
706 2557 971 2612 duntaxat
1000 2558 1303 2613 obtinuisse
1345 2557 1594 2625 sufﬁciat,
1630 2568 1691 2613 ut
1719 2557 1903 2613 fatuus
1942 2559 2089 2628 quis-

493 2659 605 2716 que
631 2646 879 2703 nesciens
908 2663 1029 2718 qum
1072 2646 1335 2717 loquitur,
1378 2647 1462 2703 vel
1495 2647 1561 2702 de
1604 2642 1801 2717 quibus
1828 2646 2083 2715 alIirmat,

488 2752 601 2796 non
624 2739 853 2796 ulterius
880 2741 1086 2811 garriat
1121 2742 1238 2797 haec
1265 2742 1401 2797 nihil
1440 2743 1692 2798 utilitatis
1726 2740 1955 2809 aﬂ‘erre;
1988 2742 2091 2798 sed

488 2832 740 2903 mysticis
769 2831 1155 2903 allegorarium
1185 2833 1552 2903 spiritualium
1582 2834 1942 2890 sacramentis
1973 2848 2079 2889 non

487 2921 701 2978 dubitet
728 2922 911 2977 omnia
959 2924 1287 2981 redundare.
1334 2923 1442 2979 Nos
1488 2926 1674 2996 itaque
1711 2934 1835 2997 post
1879 2935 2080 2982 metata

484 3020 564 3068 tot
594 3013 939 3070 mansionum
971 3024 1178 3082 castra,
1209 3026 1332 3087 post
1362 3027 1472 3072 tam
1512 3017 1685 3090 longa:
1721 3018 2081 3088 profectionis

488 3117 794 3173 aerumnas,
823 3108 1004 3163 Aaron
1054 3117 1108 3163 et
1151 3108 1336 3182 Moyse
1361 3109 1475 3180 jam
1517 3110 1808 3177 defunctis,
1840 3113 1944 3169 hoc
1975 3123 2077 3181 est,

2199 1930 2410 1983 stanter
2442 1934 2708 1975 amamus.
2739 1918 2860 1989 lpsa
2897 1917 3097 1988 quippe
3145 1915 3395 1981 dilectio,
3444 1916 3586 1971 sicut
3620 1913 3789 1970 Joan-

2197 2028 2295 2069 nes
2330 2011 2671 2082 Evangelista
2720 2009 3009 2081 perhibet,
3053 2008 3195 2064 Deus
3225 2017 3310 2063 est
3359 2006 3432 2078 (Ι
3471 2006 3633 2062 Joan.
3680 2004 3786 2078 iv).

2198 2102 2265 2158 Et
2287 2103 2353 2158 de
2380 2102 2493 2158 Deo
2520 2102 2791 2173 Propheta
2820 2099 3007 2172 psallit
3032 2119 3046 2153 :
3086 2118 3105 2151 ‹
3138 2098 3217 2154 Τιι
3259 2113 3319 2154 es
3344 2099 3489 2154 Deus
3523 2112 3698 2164 meus,
3729 2108 3789 2154 et

2193 2192 2455 2251 fortitudo
2499 2209 2618 2250 mea
2650 2192 2823 2266 (Psal.
2854 2194 3010 2264 xui).
3044 2212 3063 2246 ι
3099 2191 3420 2247 Columnam
3450 2206 3610 2256 vero,
3655 2206 3783 2261 qua:

2190 2296 2418 2342 vocatur
2472 2288 2527 2341 in
2574 2286 2802 2350 robore,
2861 2285 2917 2339 in
2963 2283 3183 2339 sinistra
3244 2274 3485 2352 ejusdem
3525 2280 3783 2336 vestibuli

2190 2387 2348 2449 parte
2390 2366 2704 2443 Statuimus,
2754 2391 2879 2431 cum
2922 2375 3227 2447 proximum
3258 2385 3506 2430 nostrum
3549 2373 3606 2428 in
3637 2372 3773 2438 Deo,

2190 2469 2332 2525 sicut
2365 2469 2726 2538 nosmetipsos
2773 2482 3041 2522 amamus.
3092 2465 3193 2521 Ubi
3244 2466 3577 2531 notandum,
3630 2465 3781 2534 quod

2192 2560 2475 2632 Scriptura
2528 2559 2917 2630 prosequitur:
2964 2576 2983 2610 ι
3015 2556 3126 2612 Nec
3171 2572 3279 2611 non
3331 2565 3387 2612 et
3434 2556 3588 2627 quasi
3619 2564 3777 2611 cate-

2187 2652 2345 2708 nulas
2370 2653 2425 2706 in
2453 2652 2697 2717 oraculo,
2739 2659 2795 2705 et
2834 2649 2995 2720 572
3023 2649 3370 2720 superposuit
3391 2663 3483 2703 eas
3502 2646 3774 2718 capitibus

2186 2745 2560 2801 columnarum
2593 2741 2668 2812 (Il
2699 2740 2829 2797 Par.
2859 2747 2969 2811 ιιι).
3002 2760 3019 2794 ι
3046 2742 3104 2797 ιιι
3132 2750 3333 2797 nostra:
3377 2740 3574 2810 quippe
3612 2753 3767 2794 men-

2187 2837 2257 2893 tis
2286 2836 2508 2892 oraculo
2539 2836 2807 2906 capitibus
2839 2835 3215 2891 columnarum
3259 2833 3541 2890 calenulas
3580 2848 3771 2903 super-

2184 2928 2460 2998 ponimus,
2500 2927 2699 2997 quibus
2727 2926 2937 2982 scilicet
2975 2935 3262 2996 utramque
3297 2925 3602 2981 columnam
3636 2924 3771 2981 sibi-

2183 3029 2296 3075 met
2347 3020 2579 3075 invicem
2636 3028 3060 3085 coanectamus;
3111 3019 3237 3089 quia
3282 3034 3385 3074 nec
3434 3018 3602 3074 Deum
3652 3020 3768 3075 sine

2180 3110 2464 3180 proximo,
2514 3124 2616 3165 nec
2647 3109 2955 3178 proximum
3001 3123 3131 3163 vere
3171 3107 3443 3177 diligimus
3480 3107 3598 3164 sine
3631 3107 3762 3164 Deo.

484 3198 658 3253 veteri
690 3201 998 3256 sacerdotio
1047 3217 1112 3256 ac
1160 3202 1276 3275 lege
1311 3203 1533 3270 solutis,
1584 3206 1683 3261 sub
1731 3204 1895 3261 Josue
1941 3207 2078 3263 duce
2105 3184 2150 3245 C
2182 3201 2337 3270 Quod
2366 3199 2860 3273 utique‘templum
2912 3208 2965 3253 tu
2983 3240 3011 3275 ,ί
3043 3199 3370 3255 venerabilis
3390 3198 3581 3265 frater,
3624 3200 3765 3269 opti-

478 3293 688 3342 terram
728 3290 1053 3359 evangelica:
1098 3293 1536 3362 repromissionis
1587 3311 1775 3351 sumus
1819 3296 2071 3366 ingressi.

484 3379 741 3450 Terram,
776 3384 1019 3456 inquam,
1072 3387 1212 3442 lacte
1265 3404 1330 3444 ac
1380 3390 1538 3445 melle
1583 3401 1916 3458 manantem,
1970 3393 2073 3449 hoc

477 3481 585 3539 est,
632 3475 992 3532 humanitatis
1041 3477 1242 3534 Christi
1280 3487 1443 3549 atque
1478 3480 1781 3535 divinitatis
1811 3483 2074 3553 mysteria

479 3561 879 3634 proﬂuentem;
930 3567 1125 3635 quibus
1163 3569 1350 3637 utique
1388 3568 1504 3636 jam
1549 3570 1625 3623 nil
1676 3570 1822 3626 aliud
1862 3581 2070 3640 restat,

478 3652 590 3708 nisi
616 3662 677 3707 ut
719 3654 774 3709 in
818 3654 1155 3711 Hierusalem
1198 3659 1437 3728 pectoris
1479 3660 1653 3714 nostri
1692 3670 2073 3716 construamus

477 3744 716 3802 Domino
745 3747 1027 3818 templum,
1052 3749 1125 3803 ita
1154 3751 1351 3806 decore
1378 3752 1642 3806 virtutum
1666 3761 1922 3823 tanquam
1947 3756 2065 3810 auri

479 3847 538 3896 et
583 3845 816 3912 argenti,
866 3842 1216 3912 omniumque
1257 3858 1594 3914 gemmarum
1636 3846 1901 3900 varietate
1938 3861 2064 3902 con-

476 3929 750 4000 spicuum.
775 3930 834 3985 ln
859 3930 1013 4000 cujus
1042 3933 1250 3989 scilicet
1280 3935 1463 4005 templi
1493 3935 1763 3991 vestibulo
1794 3936 1930 3992 duas
1958 3938 2065 3991 cri-

480 4037 675 4094 gamus
705 4024 831 4079 hinc
856 4024 984 4081 inde
1002 4025 1287 4082 columnas
1310 4029 1376 4082 ad
1402 4027 1709 4084 Salomonis
1729 4030 2058 4100 exemplum,

410 4169 421 4179 ,
470 4124 741 4185 ponentes
760 4126 817 4172 et
844 4118 1124 4174 catenulas
1147 4119 1200 4172 in
1229 4120 1542 4174 earumdem
1570 4121 1836 4191 capitibus
1855 4120 2062 4176 colum-

470 4218 691 4262 narum.
722 4206 875 4264 Sicut
899 4209 1047 4265 enim
1076 4207 1356 4278 Scriptura
1398 4220 1665 4267 testatur:
1707 4230 1726 4262 ι
1757 4210 1930 4267 Unam
1962 4226 2058 4267 co-

2182 3310 2270 3351 me
2312 3304 2497 3366 potes,
2547 3294 2657 3349 Deo
2688 3309 2905 3371 manum
2953 3274 3261 3364 praebente.
3293 3301 3641 3357 construere,
3672 3291 3763 3363 qui

2180 3397 2463 3443 mutuatus
2508 3402 2568 3442 es
2601 3387 2669 3442 ab
2708 3385 2981 3457 IEgyptiis
3023 3401 3186 3441 aurea
3221 3402 3380 3449 vasa,
3410 3395 3465 3441 et
3503 3394 3759 3457 argentea

2176 3497 2298 3539 cum
2362 3480 2607 3536 vestibus
2664 3480 2920 3551 pretiosis
2987 3477 3203 3551 (Exod.
3254 3482 3374 3552 xi).
3422 3478 3757 3535 Thesaurum

2175 3572 2374 3643 quippe
2425 3569 2566 3625 tollit
2613 3568 2917 3641 Egyptiis,
2960 3570 3123 3630 ,unde
3178 3570 3291 3625 Deo
3349 3569 3757 3626 tabernaculum

2176 3672 2477 3728 eonstruat,
2509 3662 2602 3731 qui
2630 3670 2842 3732 poetas,
2877 3677 2942 3718 ac
2968 3663 3317 3734 philosophos
3365 3662 3515 3733 legit,
3561 3663 3759 3732 quibus

2176 3754 2241 3809 ad
2284 3753 2621 3825 penetranda
2665 3754 2920 3826 mysteria
2965 3755 3204 3812 caelestis
3258 3756 3455 3825 eloquii
3504 3754 3754 3811 subtilius

2174 3843 2535 3900 convalescat.
2559 3844 2677 3913 Ipse
2705 3845 3115 3900 tabernaculum
3146 3846 3249 3902 hoc
3276 3847 3328 3901 in
3355 3858 3542 3902 nostra
3567 3847 3754 3916 digne-

2172 3943 2263 3989 tur
2293 3942 2475 3989 mente
2505 3943 2843 4001 construere,
2886 3935 2978 4005 qui
3030 3936 3365 3992 destructum
3398 3936 3483 3992 sui
3513 3936 3756 4006 corporis

2171 4016 2429 4099 templum
2459 4027 2710 4082 triduano
2738 4027 2915 4097 potuit
2940 4028 3117 4097 spatio
3150 4028 3466 4085 reformare.

2487 4164 2567 4220 Sit
2608 4179 2795 4219 nomen
2823 4162 3038 4221 Domini
3080 4164 3427 4221 benedictum.

472 4394 3736 4429 *Ἥ

496 4486 503 4679 ί
601 4536 966 4611 ⁵⁷³·επ
1005 4562 1859 4680 OPUSCULUM
1948 4568 2085 4679 Tl

2187 4503 2839 4681 :CESIMUM
2904 4551 3623 4684 TERTIUM.

539 4782 645 4843 DE
694 4781 910 4845 BONO
956 4781 1581 4849 SUFFRAGIORUM
1642 4788 1745 4848 ET
1794 4788 2065 4851 VARUS
2107 4788 2566 4864 MIRACULIS,
2622 4789 3106 4852 PRIESERTIM
3162 4789 3233 4851 B.
3277 4790 3657 4853 VIRGINIS.

466 5009 873 5096 Auchenium.
897 5048 968 5058 —
990 5017 1304 5096 Desiderius
1323 5019 1637 5096 Casinensis
1666 5022 1832 5077 abbas
1853 5021 1915 5077 Β.
1945 5023 2109 5096 Petro
2134 5024 2395 5080 Damiano
2423 5038 2521 5095 per
2547 5023 2945 5096 internuntium
2972 5025 3336 5082 comminatus
3358 5008 3738 5093 fuerat‘illum,

541 5088 648 5167 nisi
683 5088 750 5167 ad
785 5104 941 5167 suum
972 5091 1367 5167 monasterium
1404 5092 1687 5167 visendum
1717 5088 2459 5167 quamprimumgaccederef,
2486 5096 2793 5149 orationum
2820 5093 3108 5167 suffragia,
3141 5095 3186 5150 si
3235 5112 3293 5151 se
3340 5090 3554 5151 vivente
3581 5088 3742 5151 decc;

543 5157 731 5219 deret,
762 5171 789 5209 a
820 5156 1213 5214 Casinensihus
1256 5162 1541 5216 monachis
1590 5178 1699 5216 non
1733 5156 2067 5218 habiturum.

2117 5166 2230 5232 Qua
2267 5167 2689 5222 comminatione
2738 5166 3020 5235 permotus
3065 5167 3254 5222 scribit
3289 5168 3353 5222 ad
3391 5167 3638 5221 eumdem
3684 5168 3739 5223 in

528 5227 857 5347 praesentia,
902 5237 961 5282 ut
990 5243 1112 5283 eam
1146 5240 1393 5297 revocet,
1426 5232 1744 5301 itinerisque
1792 5227 2161 5290 difﬁcultatem
2208 5247 2489 5301 causatur;
2534 5251 2707 5305 ptena:
2738 5227 2857 5305 quo
2900 5251 2993 5303 ne,
3040 5251 3204 5306 quam
3245 5238 3344 5293 sibi
3375 5238 3737 5292 comminatus

555 5308 737 5361 uerat,
767 5297 1091 5361 gravitatem
1118 5310 1431 5361 exaggerat.
1456 5303 1539 5358 Ad
1568 5302 1816 5359 ultimum
1850 5320 1972 5359 cum
2013 5306 2332 5361 obedientia:
2377 5308 2637 5361 virtutem
2683 5251 3073 5361 collaugasset.
3130 5322 3189 5361 se
3230 5308 3733 5361 obtemperaturum

555 5312 569 5346 l

574 5308 737 5375 terat,
767 5297 1091 5375 gravitatem
1118 5310 1431 5375 exaggerat.
1456 5303 1539 5358 Ad
1568 5297 1816 5359 ultimum
1850 5320 1972 5359 cum
2013 5306 2332 5363 obedientia:
2377 5297 2637 5363 virtutem
2683 5297 2856 5363 collau

499 5414 503 5420 .
526 5364 605 5419 illi
629 5381 735 5422 non
773 5364 1004 5425 obscure
1030 5364 1330 5440 praesefé'r't.

2897 5316 3073 5363 asset.
3130 5322 3189 5362 se
3230 5308 3733 5378 obtemperaturum

490 5514 495 5521 ι
522 5475 865 5548 Archangelo
895 5481 1286 5539 monachorum
1324 5485 1619 5542 DESIDERIO
1656 5484 1873 5543 PETBUS
1903 5486 2045 5558 ‘pec-
2069 5471 2123 5532 Ῐ)
2147 5489 2290 5545 roris
2317 5489 2560 5547 aculeum
2591 5489 2727 5545 meis
2754 5487 3059 5545 visceribus
3085 5486 3295 5555 intulit;
3323 5502 3448 5544 cum
3479 5487 3555 5553 id,
3585 5488 3731 5557 quod

450 5576 608 5622 cator
634 5570 931 5625 monachus
956 5572 1291 5629 servitutem.

523 5659 637 5715 Non
686 5660 937 5731 ignorare
985 5674 1034 5719 te
1087 5665 1282 5734 patior,
1333 5669 1644 5725 venerande
1674 5669 1856 5738 Pater,
1906 5672 2037 5743 quia

450 5748 818 5809 Guidunculus
850 5754 939 5809 ille
964 5797 977 5821 ,
1014 5773 1148 5826 puer
1179 5758 1429 5814 videlicet
1460 5770 1667 5827 noster,
1693 5778 1874 5819 acrem
1899 5779 2035 5821 mu:-

2142 5583 2275 5638 mihi
2300 5584 2537 5639 minatus
2566 5598 2651 5648 es,
2684 5598 2781 5653 per
2807 5582 3055 5638 ordinem
3085 5581 3378 5637 nuntiavit.
3414 5582 3627 5637 Dixisse
3648 5581 3726 5637 si-

2140 5675 2354 5745 quidem
2378 5684 2431 5731 te
2458 5676 2667 5741 retulit,
2698 5674 2826 5747 quia
2851 5674 2955 5730 nisi
2982 5674 3283 5732 Casinense
3306 5675 3721 5738 monasterium,

2140 5767 2281 5837 quod
2313 5767 2504 5839 utique
2528 5767 2785 5825 nobiliter
2815 5768 2991 5837 regis.
3043 5767 3369 5835 inviserem;
3418 5767 3723 5827 orationem

2606 5876 2637 5903 ι,
2678 5910 2683 5915 .
