4142 5396
440 502 443 505 η
493 435 598 493 563

959 442 1015 496 S.
1055 443 1582 525 PETRl-DAMIANI
1624 452 1775 508 OPP.
1803 455 2040 515 TOMUS
2073 460 2206 518 SEU
2249 460 2425 522 PARS
2460 468 2546 523 Ill.
2589 501 2660 513 —-
2693 474 3069 536 OPUSCULA"
3094 484 3327 542 VARIA.

3647 497 3752 547 5t»

489 552 712 621 quiunt,
742 554 831 609 hic
860 556 1020 611 homo
1050 568 1164 624 cst,
1197 562 1296 615 sub
1344 563 1543 620 nostris
1578 566 1873 624 ditionibus
1900 571 2067 639 vixit,
2095 578 2145 637 Α
2166 574 2286 644 jure
2334 562 2602 647 obiectum
2652 588 2766 653 est’,
2804 593 3071 650 sacerdoti
3113 613 3298 655 coram
3348 599 3542 656 viciam
3588 604 3751 676 hujus

489 644 688 676 πηοί-εἷο
737 645 1110 676 ηλοηπηηηηηηη
1178 651 1381 676 ιληειι.--
1425 670 1530 676 μμ-
1731 659 1765 676 ι.
1844 660 1876 676 ,η
2238 668 2269 676 ..
2317 669 2327 676 .

486 644 691 699 nostris
735 645 1111 731 obtemperare
1178 651 1384 722 legibus
1425 670 1535 709 non
1587 658 1792 713 omisit.
1844 660 2071 733 Semper

485 733 630 788 enim
680 735 757 790 illi
810 737 897 793 lex
941 727 1406 823 carnisinviguit;
1455 746 1628 817 legem
1673 766 1803 807 vero
1848 755 2070 825 spiritus

482 823 728 882 funditus
752 828 1037 900 ignoravit.
1071 818 1144 889 At
1170 847 1357 892 contra
1386 838 1531 893 beati
1557 842 1730 911 angeli
1774 818 2069 915 responde-

484 925 612 970 runt
645 933 661 972 :
693 916 851 983 Non,
886 921 1167 990 inquiunt,
1200 922 1492 983 diﬁitemur
1531 928 1693 987 fuisse
1723 932 1987 1005 [vestrum
2024 938 2067 1008 f.

482 1007 635 1082 add.]
656 1050 670 1075 ,
701 1011 829 1066 dum
850 1002 913 1068 in
942 1018 1177 1086 propriis
1207 1020 1433 1076 viveret.
1462 1023 1578 1081 Non
1609 1027 1754 1084 enim
1787 1030 1908 1085 licet
1937 1033 2083 1087 resi-“

480 1107 627 1155 stere
673 1104 922 1173 veritati;
960 1109 1054 1164 sed
1102 1111 1226 1182 quia
1272 1129 1417 1169 nunc
1459 1115 1513 1170 in
1563 1119 1826 1189 obsequio
1871 1123 2068 1194 regium

480 1191 741 1258 caelestis,
769 1195 1000 1252 dominae
1023 1208 1244 1266 nostrae,
1274 1203 1560 1261 defunctus
1591 1217 1697 1274 est,
1726 1225 2065 1281 nequaquam

478 1280 744 1351 impietati
774 1295 975 1345 vestrae
1006 1305 1104 1360 pro
1134 1292 1259 1347 vita:
1287 1310 1399 1350 sua:
1442 1298 1683 1355 reatibus
1732 1280 2028 1370 subjacebit
2047 1345 2064 1371 ,

478 1371 572 1440 qui
603 1374 765 1451 vitam
803 1392 954 1433 suam
983 1381 1073 1450 pio
1100 1381 1204 1438 ﬁne
1229 1385 1512 1441 conclusit.
1543 1388 1654 1445 Nec
1679 1391 1746 1445 ad
1769 1395 1953 1448 zeterni
1972 1395 2062 1465 ju-

477 1459 614 1517 dicis
643 1467 843 1533 poterit
869 1470 1053 1540 perire
1096 1486 1446 1545 conspectum
1467 1518 1482 1545 ,
1513 1481 1603 1549 qui
1631 1480 1921 1540 Genitricis
1946 1459 2064 1557 eius

474 1551 574 1605 sibi
621 1557 858 1625 providit
904 1562 1186 1618 auxilium.
1242 1567 1325 1621 Ad
1374 1568 1490 1624 haec
1538 1569 1661 1625 illi:
1702 1571 1837 1628 Cum
1884 1551 2060 1645 Deus,

481 1641 661 1711 aiunt,
692 1649 880 1717 procul
901 1651 1061 1708 dubio
1081 1652 1260 1723 justus
1288 1657 1358 1712 sit
1375 1658 1563 1727 judex,
1587 1677 1885 1733 nunquam,
1918 1641 2060 1736 quod

486 1747 732 1794 nostrum
760 1750 880 1809 est,
912 1746 1149 1815 auferet,
1196 1764 1299 1806 nec
1326 1752 1612 1809 adversum
1661 1773 1760 1813 nos
1803 1759 2056 1830 praejudi-

474 1824 686 1883 cialiter
714 1840 865 1901 aget,
894 1849 1013 1889 cum
1044 1836 1356 1906 injustitiam
1381 1858 1605 1914 prorsus
1635 1848 1867 1919 ignoret.
1897 1854 2058 1909 Cun-

471 1932 578 1988 que
597 1921 705 1975 vim
728 1925 935 1995 angelis
960 1927 1162 1985 inferre
1186 1941 1479 2002 tentarent,
1505 1940 1683 2010 angeli
1707 1956 1836 1998 vero
1861 1942 2053 2013 levius,
2083 1941 2132 2001 B

472 2019 634 2083 atque
665 2017 944 2075 remissius
985 2018 1099 2090 jam
1142 2028 1354 2097 cognita
1400 2031 1662 2101 veritate,
1708 2037 2051 2105 resisterent;

474 2101 786 2160 adfuturum
812 2117 991 2166 tamen
1015 2112 1116 2168 sibi
1143 2118 1398 2175 continuo
1418 2122 1743 2191 proﬁtentur
1769 2128 2051 2197 auxilium,

472 2201 528 2247 et
557 2192 672 2250 'Dei
722 2194 1016 2257 Genitricis
1054 2205 1287 2263 celerem
1319 2212 1720 2270 comminantur
1747 2232 2051 2275 accursum.

466 2278 573 2337 Sed
599 2300 720 2341 cum
752 2287 877 2345 hinc
896 2291 985 2348 isti
1012 2296 1254 2353 modesta
1275 2302 1421 2357 circa
1446 2318 1533 2359 me
1564 2306 1794 2363 tuitione
1826 2320 2051 2368 conten-

460 2371 656 2433 derent
676 2417 691 2445 ,
720 2377 798 2434 illi
824 2397 854 2437 e
884 2383 1096 2443 diverso
1136 2389 1205 2445 ad
1248 2396 1638 2463 reposcendum
1672 2402 1754 2455 sui
1774 2400 1917 2469 juris
1944 2404 2042 2462 ho-

458 2468 661 2525 minem
710 2472 981 2544 furiosus,
1028 2470 1091 2536 ac
1144 2486 1500 2545 truculentius
1548 2493 1872 2562 ebullirent;
1920 2514 2049 2555 ecce

466 2557 614 2614 velut
660 2562 877 2633 igneum
929 2567 1124 2641 fulgur,
1174 2577 1489 2646 repentinus
1536 2584 1803 2642 radiantis
1841 2590 2053 2645 corusci

460 2649 716 2718 splendor
774 2655 983 2725 illuxit,
1038 2664 1359 2737 cunctisque
1415 2671 1740 2731 mirantibus
1792 2678 2051 2735 caelorum

460 2741 645 2811 regina
698 2748 963 2818 angelicis
1008 2752 1208 2810 vallata
1243 2773 1557 2819 reverenter
1599 2768 1905 2839 obsequiis,
1953 2772 2050 2828 Dei

456 2834 627 2891 Mater
644 2839 886 2898 advenit.
912 2844 1062 2903 Tunc
1094 2854 1311 2922 reprobi
1332 2856 1555 2925 spiritus
1578 2860 1705 2917 licet
1726 2834 1792 2919 a—d
1810 2834 2047 2935 primum

456 2935 615 2985 tantm
642 2930 827 3003 gloria:
874 2944 1216 2997 terrerentur
1247 2946 1572 3017 adventum,
1628 2968 1924 3026 eorumque
1967 2958 2050 3013 ni—

458 3016 881 3095 tniussplendor
908 3035 1285 3092 reverberaret
1308 3039 1595 3112 obtutum,
1628 3054 1807 3107 tamen
1839 3049 2050 3106 illatam

450 3111 553 3167 sibi
600 3130 1005 3188 conqueruntur
1050 3126 1338 3197 iniuriam,
1374 3142 1428 3189 et
1470 3137 1726 3208 angelicae
1772 3142 2047 3200 violentiae

382 3196 385 3201 ’
448 3213 820 3271 protestantur
843 3228 909 3269 ex
940 3218 1161 3288 propria
1210 3225 1558 3292 possessione
1586 3231 1833 3301 rapinam
1864 3234 2048 3291 dicen-

2172 668 2377 725 cellulaa
2404 677 2682 732 monachis
2727 682 3023 752 conﬁtere;
3072 703 3272 758 eosque
3306 706 3371 745 ex
3402 710 3534 748 mea:
3562 706 3756 751 aucto-

2172 758 2350 816 ritatis
2369 762 2614 831 iussione
2641 770 2871 835 deposce
2891 815 2906 839 ,
2933 786 2992 831 ut
3017 781 3353 848 paenitentiae
3378 785 3619 852 modum,
3655 788 3752 858 qui

2171 852 2266 906 tibi
2301 854 2572 923 injunctus
2604 861 2795 926 fuerit,
2829 867 2928 937 ipsi
2960 872 3284 941 suscipiant,
3318 886 3370 930 et
3399 876 3624 948 implere
3649 852 3750 952 pro

2171 950 2260 997 tua
2298 962 2420 1001 mox
2451 950 2701 1009 obeuntis
2740 957 3076 1017 absolutione
3103 967 3465 1034 contendant;
3495 985 3603 1040 quo

2171 1044 2319 1092 racto
2351 1039 2416 1093 ad
2449 1057 2533 1097 me
2577 1047 2824 1114 protinus
2858 1050 2974 1107 sine
3003 1052 3264 1112 dilatione
3309 1068 3600 1118 revertere.
3650 1061 3754 1120 Hic

2165 1127 2310 1181 enim
2339 1144 2439 1199 ego
2467 1149 2573 1188 non
2608 1136 2795 1194 desino
2831 1150 2883 1196 te
2905 1184 2918 1206 ,
2953 1145 3123 1201 donec
3152 1149 3368 1215 redeas,
3406 1161 3746 1223 exspectare.

2166 1216 2410 1291 Cumque
2435 1239 2530 1293 per
2561 1228 2806 1284 ordinem
2840 1233 2953 1289 hIPC
3000 1236 3088 1292 ille
3133 1252 3445 1309 narrasset,
3480 1246 3752 1316 paeniten-

2165 1311 2296 1365 tiam
2314 1308 2425 1369 'sibi
2469 1318 2694 1374 inditam
2740 1327 2907 1379 sancti
2941 1327 3137 1385 fratres
3166 1347 3287 1386 cum
3338 1349 3437 1404 pro
3482 1337 3752 1405 charitate

2128 1430 2131 1431 ν
2166 1401 2340 1469 illius,
2377 1414 2487 1462 tum
2517 1424 2615 1478 pro
2644 1411 2849 1469 deiﬁcae
2879 1418 3103 1498 virginis
3144 1401 3451 1481 obetlienlia
3482 1430 3751 1498 suscepis-

2163 1504 2316 1559 sent,
2344 1513 2467 1554 mox
2498 1500 2652 1558 laetus
2686 1514 2739 1559 et
2768 1494 2987 1575 hilaris,
3040 1513 3186 1568 velut
3216 1516 3563 1575 obdormiens
3591 1520 3747 1599 obiit.

2164 1587 2228 1641 Et
2259 1590 2337 1645 sic
2364 1607 2488 1646 vera
2518 1611 2638 1651 esse
2664 1613 2781 1667 qua:
2801 1601 2988 1657 vivens
3016 1604 3248 1673 dixerat,
3275 1609 3513 1667 moriens
3541 1626 3738 1683 appro-

2163 1677 2329 1734 bavit.
2360 1682 2470 1753 Ego
2496 1701 2709 1755 quoque
2754 1691 2797 1744 si
2848 1691 2914 1745 ad
2941 1708 3037 1747 vos
3070 1697 3433 1766 contendens,
3480 1677 3628 1757 beati
3654 1700 3749 1758 iti-

2161 1770 2306 1825 neris
2335 1772 2511 1828 viator
2536 1777 2753 1845 obicro,
2785 1779 2841 1835 S.
2874 1781 3150 1840 Benedicti
3182 1789 3491 1857 praesidium
3532 1807 3746 1864 nequa-

2160 1876 2321 1931 quam
2350 1865 2480 1919 mihi
2507 1865 2819 1926 defuturum
2848 1887 2970 1928 esse
3000 1878 3230 1933 conﬁdo.

2776 1981 3005 2041 CAPUT
3037 1987 3122 2042 ΙΙΙ.

2158 2063 2220 2118 Β.
2260 2063 2418 2140 Virgo
2447 2071 2778 2139 praebendam
2803 2074 3011 2201 defricat,
3025 2080 3108 2132 sui
3135 2080 3315 2137 devoto
3337 2083 3566 2141 ablatam
3596 2089 3749 2145 resti-

2813 2155 2866 2199 lu
2923 2164 2977 2201 tu
3015 2160 3084 2201 et.

2836 2160 2887 2199 ui
2912 2160 3084 2216 Jubet.

2229 2228 2373 2283 Idem
2401 2239 2667 2299 praeterea
2694 2232 3003 2304 Stephanus
3024 2238 3168 2296 aliud
3198 2244 3329 2299 mihi
3356 2247 3560 2313 retulit,
3593 2249 3741 2319 quod

2158 2326 2335 2373 tamen
2382 2336 2486 2376 non
2535 2325 2669 2380 adeo
2712 2338 2919 2382 certum
2951 2332 3194 2400 tenebat,
3219 2336 3360 2391 sicut
3394 2337 3567 2406 aliud,
3597 2340 3746 2411 quod

2156 2426 2318 2481 supra
2342 2405 2691 2485 digessimus.
2719 2419 2979 2489 Audisse,
3006 2424 3200 2496 inquit,
3229 2445 3315 2485 me
3344 2434 3585 2501 memini,
3612 2435 3741 2506 quia

2153 2499 2383 2557 clericus
2413 2505 2631 2574 quidam
2662 2507 2843 2566 fatuus
2868 2523 3007 2582 erat,
3040 2517 3221 2583 nauci,
3248 2517 3476 2578 frivolus
3500 2533 3554 2579 et
3592 2524 3745 2597 inep—

2155 2602 2260 2648 tus.
2292 2593 2407 2650 Huc
2444 2599 2671 2664 accedit,
2698 2602 2823 2671 quia
2857 2605 3055 2662 nullam
3093 2609 3368 2681 religionis
3394 2615 3594 2680 dotem,
3617 2593 3744 2674 nul-

2151 2683 2259 2738 lam
2299 2688 2572 2743 canonicae
2608 2691 2904 2762 disciplinae
2944 2699 3225 2768 gravitatis
3251 2743 3266 2768 ,
3299 2705 3413 2760 sive
3462 2706 3740 2765 modestia

2152 2778 2435 2835 videbatur
2454 2783 2923 2844 haberevirtutem
2946 2808 2958 2843 :
2984 2792 3126 2847 inter
3148 2794 3246 2849 hos
3271 2804 3447 2854 tamen
3462 2812 3739 2859 emortuos

2149 2874 2358 2931 inutilis
2388 2877 2512 2933 vitae
2561 2880 2773 2938 cineres
2819 2883 2909 2940 hic
2963 2889 3242 2960 perexigui
3298 2891 3507 2950 fomitis
3562 2896 3740 2953 tenuis

2149 2969 2369 3026 vivebat
2425 2972 2732 3043 igniculus,
2790 2986 2851 3032 ut
2908 2988 3034 3037 ante
3095 2994 3500 3041 sacrosanctum
3567 2988 3739 3044 altare

2149 3065 2390 3133 quotidie
2418 3065 2590 3124 beatae
2626 3070 2719 3124 Dei
2749 3069 3041 3129 Genitricis
3063 3076 3365 3144 accederet,
3395 3088 3450 3134 et
3481 3094 3735 3135 reveren-

2151 3162 2234 3210 ter
2258 3156 2517 3211 verticem
2543 3174 2800 3225 curvans,
2830 3164 3132 3234 angelicum
3161 3168 3304 3224 hunc
3324 3177 3485 3240 atque
3510 3185 3739 3241 evange-

2146 3243 2313 3300 licum
2360 3249 2687 3305 versiculum
2733 3252 3092 3310 decantaret:
3130 3276 3149 3309 t
3188 3258 3301 3313 Ave
3344 3258 3537 3324 Maria,
3561 3260 3736 3330 gratia

2375 3298 2687 3305 πωπω---
2736 3298 3050 3310 "mu..."
3079 3298 3091 3308 .
3132 3298 3147 3309 .
3188 3298 3301 3313 .-.υ
3344 3298 3736 3330 ...ωηηοη-...ι

454 3305 535 3351 ίθδ
567 3315 580 3351 ⁵
609 3298 744 3366 Quia
775 3304 821 3359 εί
852 3303 995 3363 Deus
1025 3318 1110 3365 εει
1148 3310 1360 3381 ,ἰυειυεν
1393 3332 1672 3388 nunquam
1704 3322 1770 3377 de
1794 3327 2041 3383 manibus
2069 3310 2113 3372 (ἶ
2145 3338 2333 3407 plena,
2366 3339 2624 3396 Dominus
2667 3351 2843 3398 tecum
2874 3362 2887 3398 :
2925 3345 3210 3402 benedicta
3238 3357 3293 3402 tu
3322 3348 3375 3403 in
3416 3350 3737 3407 mulieribus

458 3391 664 3447 nostris
694 3395 903 3453 auferet
946 3399 1194 3471 impium.
1231 3405 1437 3474 Quibus
1481 3424 1514 3465 e
1542 3411 1756 3469 diverso
1781 3413 1839 3468 Β.
1879 3416 2041 3487 Virgo
2144 3391 2410 3502 ξιιισ.ἰ).
2455 3449 2477 3484 ι
2526 3430 2660 3486 Cum
2706 3434 2889 3504 itaque
2937 3445 3102 3491 tantas.
3158 3436 3424 3492 fatuitatis
3474 3438 3737 3508 ineptiam

458 3484 733 3508 ann-tnnAin
767 3504 778 3508 _
814 3486 835 3508 1
861 3488 958 3508 Β--.
988 3492 1002 3508 ι
1029 3492 1041 3504 ο
1102 3492 1116 3508 ι
1369 3505 1376 3508 .
1576 3501 1586 3508 .
1618 3501 1629 3508 .

1980 3484 1999 3487 ἡ
2368 3484 2383 3502 ,
2541 3484 2553 3486 -
2706 3484 2887 3504 ην,
3158 3484 3424 3492 -_-_.---.-
3474 3484 3731 3508 ----,-......

456 3484 737 3550 respondit
767 3504 779 3540 ε
812 3486 965 3544 Ῐ-ιίοθι
988 3492 1075 3547 hic
1101 3492 1298 3564 homo.
1323 3505 1384 3552 ιιι
1419 3501 1663 3558 asserui-9
1683 3543 1699 3569 t
1732 3512 1915 3559 V651ra
1944 3521 2042 3576 Per
2141 3484 2312 3577 novus
2363 3522 2807 3592 deprehendisset
2850 3527 3156 3597 episcopus,
3193 3528 3261 3583 ab
3292 3527 3466 3583 inutili
3500 3543 3731 3599 persona

450 3575 775 3641 Ρτείνίιίιιεω
818 3584 1000 3652 operis
1042 3588 1316 3654 possessio
1363 3590 1562 3660 fuerit.
1613 3603 1668 3648 et
1714 3596 1875 3667 impie
1924 3600 2039 3656 sive
2140 3611 2423 3669 utilitatem
2468 3614 2721 3671 Ecclesiae
2767 3617 2998 3673 detineri
3039 3619 3319 3690 indignum
3353 3620 3539 3687 duxit;
3569 3620 3735 3693 eique

454 3666 748 3693 ηηκηηιειιι..
774 3671 971 3693 ..ε--..9.
1040 3692 1065 3693 η
1588 3686 1620 3693 .-
1685 3688 1697 3693 -
1964 3692 1969 3693 ,

1792 3666 1807 3667 κ
2149 3666 2155 3667 ,
2327 3666 2365 3669 η
2398 3666 2423 3668 ,-
2468 3666 2719 3671 -ηηνη
2772 3666 2998 3673 ηπ---
3040 3666 3319 3690 --.ων-η.
3355 3666 3539 3687 .._....,
3573 3666 3724 3693 -..ι-η

454 3666 748 3723 carnaliter
774 3671 1005 3739 vixerit,
1038 3692 1315 3749 nunquam
1345 3693 1525 3739 tamen
1547 3686 1823 3755 piissimus
1852 3700 1906 3746 et
1927 3692 2047 3750 cle-r
2137 3703 2484 3774 praebendam
2503 3746 2517 3771 ,
2540 3722 2703 3776 quam
2741 3723 2771 3762 a
2800 3725 2971 3780 nuper
2997 3710 3140 3766 elato
3165 3727 3264 3767 suo
3291 3712 3578 3769 decessore
3601 3726 3724 3784 per.

454 3760 817 3784 ..ςΛ..ιε.-.,.3..----
850 3764 948 3784 nn-
1002 3783 1005 3784 ,
1118 3783 1121 3784 ,
1350 3775 1387 3784 αι
1492 3778 1504 3784 -

2504 3760 2516 3771 ,
2557 3760 2577 3776 .
2748 3760 2771 3762 η
2802 3760 2961 3780 ﬂ,"
3002 3760 3136 3766 ν--η
3165 3760 3259 3767 --ν
3294 3760 3576 3769 unum,
3604 3760 3693 3784 ιη-

450 3760 820 3821 inclitissimus
849 3764 1019 3824 Filius
1046 3783 1326 3839 meus,ac
1350 3775 1612 3836 Dominus
1647 3784 1885 3852 patietur
1912 3802 2036 3845 cum
2136 3760 2399 3868 ceperat,
2455 3801 2699 3855 abstulit.
2755 3800 2862 3858 Sed
2916 3819 3038 3858 cum
3091 3803 3234 3860 hunc
3292 3805 3371 3860 rei
3430 3804 3722 3863 familiaris

450 3853 648 3908 vestris
676 3853 798 3911 ﬁeri
825 3859 1238 3922 crudelitatibus
1265 3869 1540 3927 subditum
1562 3914 1578 3940 ,
1609 3891 1770 3945 quem
1801 3879 1901 3935 sub
1929 3883 2036 3939 mei
2135 3853 2349 3959 egestas
2383 3853 2738 3963 cpprimeret,
2778 3902 2834 3949 et
2870 3904 3069 3965 praeter
3096 3896 3201 3952 hoc
3238 3896 3382 3959 aliud
3417 3897 3549 3968 quid
3582 3898 3727 3957 unde

450 3940 737 3968 l‘....-..l-.---
777 3949 855 3968 ,ι.Δ
878 3966 885 3968 Α
978 3955 989 3966 .
1192 3960 1203 3968 .
1280 3960 1293 3968 .

1625 3940 1644 3945 _
2143 3940 2346 3959 τη----
2396 3940 2738 3963 ,η---------,
2782 3940 2833 3949 --
2871 3940 3059 3965 rm--.
3097 3940 3201 3952 ..νυ
3238 3940 3382 3959 ........
3418 3940 3549 3968 ην...
3584 3940 3722 3957 ...ων

445 3940 741 4003 Ῐ²¹¹¹¹υ¹³¹ι¹⁸
768 3949 1029 4023 οῦδείιιιίο
1057 3960 1233 4015 cem"
1278 3960 1334 4016 ίυ
1378 3968 1811 4038 Peregrinatione
1844 3973 2035 4031 defun-
2135 3993 2318 4051 posset
2337 3985 2543 4051 vivere,
2576 4000 2681 4041 non
2707 3987 2952 4055 haberet,
2982 4000 3252 4046 nocturno
3275 3991 3492 4047 silentio
3512 3991 3601 4062 pia
3623 3991 3722 4048 Dei

450 4041 594 4062 ........
630 4056 641 4062 -
675 4044 915 4062 --μημρ
1199 4051 1212 4062 .
1462 4056 1480 4062 -

2135 4041 2151 4051 .
2530 4041 2542 4051 ,
2716 4041 2721 4042 ν
2986 4041 3245 4046 ---νη-η-
3276 4041 3486 4047 --η---η
3514 4041 3601 4062 rm
3624 4041 3722 4048 -ν-

449 4041 596 4113 stum
628 4056 642 4091 ³
674 4044 976 4110 lim-93mm
1022 4062 1148 4104 cum
1195 4051 1298 4109 ίεῑθ
1349 4056 1631 4117 Confessus
1672 4072 1894 4131 Peccata
1934 4081 2034 4123 sua
2134 4073 2382 4131 Genitrix
2435 4078 2709 4149 episcopo,
2742 4079 2870 4134 dum
2925 4081 3211 4150 dormiret,
3236 4083 3514 4154 apparuit;
3559 4100 3725 4155 quam

449 4131 818 4155 anna—JA-:L_-_
850 4136 930 4155 εκ-
973 4139 1007 4155 ι.
1085 4140 1098 4151 ο
1162 4142 1195 4155 ιι
1236 4145 1247 4155 .
1617 4152 1627 4155 _
1750 4154 1755 4155 ,

2448 4131 2491 4148 τ
2930 4131 3514 4154 -ινιμ---ην
3562 4131 3721 4155 ειη-η

444 4131 821 4199 sacerdotibus
848 4136 1046 4207 fuerit,
1077 4140 1455 4220 judiciumque
1486 4152 1828 4224 paenitendo,
1856 4172 1922 4212 ac
1949 4158 2033 4214 iu-
2135 4165 2349 4222 scilicet
2374 4168 2718 4237 praecedebat
2740 4170 2821 4224 vir
2850 4172 2903 4226 in
2928 4187 3034 4226 una
3061 4188 3224 4228 manu
3253 4174 3536 4229 ardentem
3567 4174 3721 4230 facu-

440 4222 784 4291 gemiscendo
833 4236 1173 4306 perceperit,
1242 4257 1553 4315 quanquam
1603 4222 1819 4308 subita
1854 4262 2034 4311 morte
2132 4252 2240 4309 lam
2285 4256 2340 4310 in
2375 4222 2557 4313 .altera
2606 4258 2839 4315 ferulam
2882 4271 3125 4331 portans.
3173 4262 3274 4318 Cui
3304 4279 3430 4319 mox
3461 4264 3523 4320 Β.
3554 4264 3722 4337 Virgo

436 4329 744 4390 praeventus
799 4325 1025 4399 implere
1072 4334 1396 4404 nequiverit.
1445 4340 1530 4397 Ad
1581 4342 1697 4399 haec
1750 4345 1825 4401 illi
1873 4349 2031 4419 quasi
2129 4348 2415 4417 praecepit,
2470 4358 2532 4403 ut
2586 4325 2900 4421 episcopum
2954 4353 3357 4424 delinquentem
3429 4355 3721 4427 aliquantis

436 4417 597 4466 nacta
638 4415 927 4472 occasione
972 4421 1215 4480 victoriae
1249 4428 1638 4499 tripudiantes,
1672 4443 1729 4490 et
1770 4415 1919 4493 velut
1945 4439 2031 4494 in-
2131 4415 2322 4493 ferulae
2349 4454 2513 4510 quam
2570 4444 2812 4511 gerebat,
2843 4446 3162 4503 verberibus
3209 4448 3505 4519 castigaret
3539 4467 3551 4504 :
3587 4448 3723 4518 Cur,

435 4498 703 4559 saltantes
732 4505 997 4576 objiciunt
1042 4530 1057 4567 :
1090 4513 1227 4579 Cum
1275 4526 1335 4574 tu
1379 4522 1492 4588 sis,
1522 4498 1803 4593 inquiunt,
1841 4536 2023 4584 mater
2130 4498 2405 4598 inquiens,
2439 4531 2721 4601 capellano
2764 4548 2907 4601 meo,
2938 4536 3030 4607 qui
3059 4537 3188 4593 mihi
3232 4538 3577 4609 quotidianae
3618 4539 3720 4594 im-

426 4591 725 4664 'veritatis,
751 4607 808 4654 et
836 4609 1054 4658 Merum
1077 4602 1343 4676 iustitiae,
1376 4628 1504 4668 num
1536 4591 1796 4686 ignorare:
1832 4627 2022 4690 potes,
2048 4673 2060 4702 Ἰ

2158 4591 2402 4677 tendebat
2426 4591 2703 4690 excubias,
2732 4626 2925 4697 stipem
2968 4627 3244 4697 Ecclesiae,
3277 4643 3444 4701 quam
3473 4645 3580 4686 non
3602 4630 3719 4702 ipse

1327 4673 1336 4676 _
1555 4673 1586 4686 ,
1832 4673 1857 4689 τ
1882 4673 1891 4675 -
1913 4673 2021 4690 _--,
2128 4673 2397 4691 ,πη-μμ
2433 4673 2703 4690 --η-----,
2733 4673 2925 4697 ---ιη-.-
2968 4673 3244 4697 “mw...
3278 4673 3444 4701 νυ...
3473 4673 3580 4686 ..νη
3602 4673 3717 4702 ..μιν

436 4685 692 4754 quoniam
721 4688 825 4747 hoc
853 4699 962 4748 tam
991 4673 1230 4756 immane
1255 4708 1473 4774 tamque
1498 4716 1784 4765 cruentum
1810 4710 2022 4771 facinus
2046 4673 2104 4735 Β
2131 4712 2461 4778 contuleras,
2491 4715 2811 4772 abstulisti?
2835 4718 3066 4791 Moxque
3085 4722 3339 4779 sacerdos
3368 4722 3717 4781 tremefactus

434 4782 808 4859 perpetravit,
853 4787 999 4856 quod
1040 4789 1173 4853 nulli
1210 4800 1388 4851 tamen
1437 4813 1674 4869 unquam
1701 4817 1800 4872 per
1828 4820 2018 4864 vocem
2128 4796 2410 4875 evigilans,
2439 4804 2640 4861 clerico
2668 4782 2993 4864 beneﬁcium
3014 4812 3267 4877 reddidit,
3292 4823 3348 4868 et
3369 4828 3529 4884 quem
3560 4814 3717 4885 igne-1

1594 4854 1674 4856 π
1746 4854 1791 4858 -_
1842 4854 2018 4864 ηπ...
2135 4854 2410 4875 ---νη-η,
2445 4854 2636 4861 ---ηπ
2668 4854 2992 4864 --------._...
3016 4854 3267 4877 .ν.........,
3293 4854 3348 4868 ν.
3370 4854 3529 4884 νυ...
3560 4854 3715 4885 .0...”

437 4854 797 4931 confessionis
823 4854 1095 4935 innotuit?
1120 4885 1388 4967 quoddam
1416 4854 1622 4946 scilicet
1650 4854 1817 4963 grave
1842 4897 2021 4955 scelus
2127 4903 2242 4950 tum
2267 4895 2379 4951 Deo
2402 4895 2545 4953 forte
2567 4900 2893 4965 crediderat.
2916 4901 3029 4972 jam
3053 4906 3211 4976 quasi
3237 4906 3465 4962 charum
3485 4921 3715 4978 propen-

433 4976 464 5017 a
491 4977 579 5018 me
607 4969 953 5026 commissum
993 4976 1213 5031 nomine
1260 4963 1417 5034 tenus
1445 4980 1828 5043 inclamabant.
1860 4987 2018 5055 Quod
2124 4987 2239 5044 sius
2274 4988 2584 5046 honoravit.
2625 4990 2683 5046 Si
2712 4992 2875 5061 igitur
2906 4993 2997 5048 ille
3039 5012 3204 5050 unum
3234 4997 3514 5052 duntaxat.
3540 4995 3715 5052 laudis

434 5063 720 5122 peccatum
745 5075 867 5117 cum
889 5063 1046 5120 beata
1068 5066 1252 5139 Virgo,
1276 5068 1403 5127 licet
1428 5070 1497 5127 ab
1518 5077 1833 5135 auctoribus
1860 5095 2012 5136 men.
2126 5080 2372 5134 canendo
2398 5076 2752 5150 versiculum,
2794 5086 3040 5155 corporei
3069 5086 3245 5142 victus
3285 5088 3543 5143 alimenta
3586 5103 3714 5158 pro-

434 5142 578 5199 dacii
606 5151 875 5217 veraciter
901 5159 1325 5228 recognovisset,
1355 5164 1597 5222 modeste
1623 5168 1899 5239 paulisper
1917 5172 2015 5227 ob-
2126 5171 2357 5238 meruit;
2389 5186 2552 5241 quam
2576 5172 2811 5230 ﬁdeliter
2834 5185 3035 5232 aeterna
3064 5177 3380 5247 sperabunt,
3407 5179 3500 5249 qui
3538 5179 3711 5234 beata:

433 5234 614 5303 ticuit,
638 5245 693 5290 et
713 5241 1108 5307 quodammodo
1126 5253 1342 5307 veritati
1367 5234 1726 5314 reverentiam
1756 5234 2007 5329 praebuit.
2125 5262 2329 5332 regina:
2375 5266 2559 5321 mundi
2610 5268 2926 5337 quotidiana
2978 5270 3237 5325 horarum
3293 5271 3536 5325 omnium
3583 5277 3707 5326 vota

436 5321 510 5375 At
538 5335 792 5391 reparato
812 5345 1005 5391 rursus
1031 5336 1277 5396 eloquio:
1302 5340 1504 5396 Verum
1527 5348 1744 5396 mtidem
1766 5391 1779 5396 _
1814 5351 2007 5396 innuit-
2123 5356 2438 5396 nnrcnlvnnl
2456 5359 2480 5396 ν

2526 5357 2681 5396 Πηδα
2723 5361 2952 5396 uult-har
2988 5364 3148 5396 nlinm
3197 5377 3313 5396 mna
3355 5364 3406 5396 ἷη
3437 5362 3705 5396 πωπω-1ης
