4132 6324
357 500 468 560 565

1230 508 1480 596 OPUSC.
1511 517 1748 576 XXXIII.
1781 548 1853 560 —
1889 517 1980 574 DE
2017 516 2199 576 ΒΟΝο
2239 520 2803 581 SUFFRAGIORUM.

3531 527 3642 583 566

358 625 646 692 habemus,
688 627 755 681 ad
787 641 1015 698 quorum
1053 631 1263 690 scilicet
1307 636 1569 693 honorem
1609 637 1791 693 missis
1829 651 1950 707 spe-
1977 638 2026 699 Α
2053 653 2160 710 quo
2211 639 2462 695 videlicet
2510 641 2596 696 die
2651 643 2792 697 Deus
2851 644 3180 713 requievisse
3236 645 3452 715 legitur,
3504 647 3638 702 satis

359 717 575 773 cialiter
628 719 987 778 celebramus.
1030 723 1096 780 Et
1140 743 1211 781 ne
1255 743 1353 799 pro
1400 729 1582 796 lihitu,
1613 732 1706 786 sed
1737 732 1948 787 ratione

359 809 606 868 dictante
637 811 688 865 id
723 813 1004 870 videamur
1029 819 1252 884 audere,
1283 820 1588 892 [scias,|'vel
1615 824 1740 894 quid
1779 823 1950 879 simile

358 903 486 962 add.
520 903 589 975 [2]
639 907 782 975 quod
827 909 1123 965 secundum
1179 913 1417 968 virorum
1479 916 1766 971 illustrium
1832 916 1949 986 pias

356 997 662 1065 opiniones,
696 1011 860 1070 atque
889 1005 1210 1070 sententias,
1243 1007 1498 1076 quaelibet
1520 1010 1715 1063 animae
1759 1007 1948 1064 defun-

357 1095 575 1142 ctorum
614 1089 667 1144 in
709 1090 904 1147 diebus
970 1095 1266 1151 Dominicis
1324 1101 1676 1168 requiescunt
1724 1107 1885 1170 atque
1915 1116 1947 1156 a

357 1179 638 1250 suppliciis
651 1181 950 1251 feriantur;
975 1190 1210 1243 secunda
1238 1205 1368 1252 vero
1393 1190 1527 1246 feria
1557 1193 1624 1247 ad
1651 1194 1948 1262 ea,quibus

355 1274 634 1346 assignata
672 1288 797 1334 sunt
842 1295 1124 1350 ptenarum
1156 1285 1422 1354 ergastula
1472 1295 1835 1341 revertuntur.
1867 1287 1948 1342 ld-

355 1370 505 1427 circo
536 1373 653 1442 ipso
700 1376 1042 1444 potissimum
1075 1377 1162 1433 die
1208 1380 1413 1450 angelis
1461 1381 1749 1436 missarum
1777 1383 1947 1437 honos

355 1459 713 1533 impenditur,
748 1475 808 1520 ut
838 1475 894 1522 et
923 1469 1174 1535 mortuis,
1210 1479 1266 1525 et
1291 1472 1569 1528 morituris
1601 1473 1947 1543 patrocinalis

355 1569 544 1610 eorum
608 1557 856 1615 defensio
910 1574 1261 1632 procuretur;
1317 1574 1468 1620 sexta
1529 1582 1743 1636 quoque
1809 1567 1945 1622 feria

352 1646 582 1702 vivificze
629 1652 775 1705 cruci
825 1669 931 1707 non
985 1654 1425 1712 inconvenienter
1473 1658 1785 1722 ascribitur,
1826 1675 1946 1728 qum

353 1737 566 1794 scilicet
587 1739 704 1796 dies
733 1744 1021 1811 pendentis
1052 1746 1102 1800 in
1131 1761 1294 1804 cruce
1324 1748 1534 1804 Domini
1559 1749 1793 1818 glorioso
1819 1764 1945 1804 san-

351 1830 514 1899 guine
544 1843 895 1902 purpuratur.
945 1836 1060 1903 Qua
1120 1839 1208 1893 die
1258 1857 1446 1896 omnes
1503 1841 1698 1896 fratres
1741 1840 1940 1906 nostri,

352 1935 493 1991 quos
516 1922 700 1991 utique
729 1927 1125 1982 monasterialis
1162 1931 1297 1985 ordo
1327 1931 1622 1996 connectit,
1647 1932 1748 1986 hoc
1775 1930 1941 1985 etiam

2051 746 2291 804 congrue
2314 733 2650 790 beatissima:
2680 735 2886 805 Virgini
2931 735 3227 791 dedicatur.
3261 738 3431 804 Quam
3475 737 3642 792 nimi-

2051 836 2169 875 rum
2229 823 2328 877 sibi
2380 822 2656 893 Sapientia
2707 824 2928 879 domum
2983 826 3270 880 aedificavit
3325 827 3642 897 (Prov.lx),~

2051 919 2212 981 atque
2258 914 2313 968 in
2365 929 2426 970 ea
2477 931 2577 985 per
2609 915 2930 970 humilitatis
2967 924 3257 985 assumptre
3296 916 3640 986 mysterium,

2049 1005 2194 1062 velut
2219 1008 2275 1062 in
2301 1008 2674 1064 sacratissimo
2707 1008 2904 1065 lectulo
2947 1008 3233 1079 requievit.
3267 1007 3362 1062 Cui
3394 1007 3639 1078 profecto

2050 1100 2350 1170 condignus
2402 1100 2576 1155 honor
2624 1099 2975 1170 impenditur,
3018 1099 3401 1154 exhibentibus
3448 1096 3642 1168 procul

2051 1189 2211 1244 dubio
2236 1200 2400 1246 certa:
2423 1191 2755 1248 defensionis
2782 1192 3040 1246 auxilium
3069 1191 3404 1260 providetur.

2121 1281 2386 1348 Quocirca
2435 1284 2574 1353 quod
2622 1282 2810 1340 fratris
2853 1285 2960 1339 mei
3005 1283 3251 1338 Damiani
3282 1291 3413 1337 tunc
3453 1283 3640 1338 archi-

2047 1375 2376 1444 presbyteri,
2415 1374 2609 1430 deinde
2635 1375 2890 1430 monachi
2923 1374 3185 1429 relatione
3214 1373 3395 1438 didici,
3427 1373 3644 1429 nisime

2049 1462 2198 1518 fallat
2226 1466 2488 1522 obliviosa
2518 1467 2800 1532 memoria,
2831 1465 3064 1522 ﬁdeliter
3109 1481 3292 1520 narro.
3324 1464 3475 1519 Alter
3496 1465 3644 1520 enim

2049 1557 2219 1614 frater
2255 1575 2428 1626 meus,
2461 1561 2702 1616 Marinus
2728 1561 2964 1625 nomine,
2998 1560 3166 1615 laicus
3191 1559 3406 1629 quidem
3431 1557 3643 1625 habitu,

2049 1653 2142 1705 sed
2193 1652 2477 1707 timoratus
2527 1653 2741 1722 spiritu,
2795 1653 3208 1724 ingravescente
3259 1652 3529 1721 pulmonis
3579 1665 3646 1706 ac

2045 1743 2283 1812 pectoris
2311 1743 2635 1809 valetudine,
2672 1746 2887 1799 tandem
2917 1744 2983 1798 ad
3006 1754 3247 1799 extrema
3276 1743 3538 1812 pervenit.
3558 1742 3645 1796 In-

2051 1845 2194 1892 terea
2236 1837 2515 1905 cujusdam
2570 1838 2675 1892 diei
2727 1837 2841 1906 jam
2877 1837 3226 1893 illucescente
3267 1836 3523 1898 diluculo,
3555 1849 3645 1890 re-

2046 1938 2207 2000 pente
2235 1931 2400 1998 cmpit
2426 1929 2580 1999 quasi
2613 1929 2835 1984 cuilibet
2872 1929 3182 1984 adventanti
3219 1925 3643 1996 gratulabundus

352 2014 419 2069 ad
481 2015 756 2070 cumulum
815 2021 1048 2090 propria:
1115 2020 1304 2076 salutis
1364 2021 1646 2092 adjiciunt,
1681 2031 1740 2075 ut
1782 2029 1837 2076 et
1884 2035 1944 2076 se
1973 2010 2021 2072 B
2048 2020 2366 2091 aggliscere,
2394 2018 2758 2087 jucundanter
2787 2020 3130 2081 hilarescere,
3167 2029 3220 2073 et
3267 2017 3460 2072 festiva
3492 2031 3640 2071 sere-

287 2123 294 2128 ·
352 2115 594 2162 mactent
634 2109 688 2164 in
732 2111 970 2180 capitulo
1001 2112 1204 2170 vicaria
1237 2114 1514 2170 collisione
1552 2129 1858 2185 scoparum,
1891 2121 1947 2169 et

351 2199 575 2271 insuper
602 2202 880 2259 celebrent
928 2205 979 2259 in
1031 2221 1173 2276 pane
1214 2216 1270 2263 et
1307 2223 1443 2278 aqua
1467 2207 1755 2278 jejunium.
1784 2209 1948 2263 Asse.

349 2301 537 2349 rentes
559 2295 682 2363 quia
715 2295 768 2349 in
791 2295 896 2351 hoc
921 2297 1070 2351 cruci
1103 2312 1230 2352 vere
1259 2300 1819 2367 communicamus,in
1843 2299 1948 2354 hoc

347 2385 540 2454 procul
569 2387 733 2442 dubio
757 2386 977 2443 Christo
1003 2390 1414 2457 commorimur,
1431 2391 1474 2446 si
1501 2392 1605 2446 hoc
1628 2392 1817 2446 eodem
1835 2391 1943 2457 die,

349 2493 459 2548 quo
486 2479 598 2548 ipse
622 2495 815 2550 passus
840 2489 944 2547 est,
976 2497 1076 2537 nos
1115 2482 1278 2537 etiam
1325 2499 1546 2540 carnem
1575 2492 1818 2540 nostram
1847 2498 1948 2556 per

349 2571 546 2624 inediae
569 2572 940 2627 cruciamenta
972 2581 1291 2630 mactemus.

421 2662 639 2717 Addunt
689 2665 874 2730 etiam,
925 2666 1052 2735 quia
1096 2682 1220 2721 cum
1276 2682 1374 2738 per
1431 2668 1671 2739 quinque
1714 2667 1945 2722 millium

349 2755 574 2810 circiter
629 2772 894 2812 annorum
956 2757 1167 2828 prolixa
1223 2759 1494 2815 curricula
1543 2768 1714 2816 totum
1776 2774 1946 2830 genus

352 2844 650 2901 lmmanum
697 2847 876 2903 ferreo
923 2849 1122 2903 diaboli
1171 2851 1335 2908 fuerit
1369 2849 1500 2921 jugo
1525 2851 1859 2920 depressum,
1891 2857 1948 2906 et

351 2934 458 2992 hoc
486 2937 826 3006 potissimum
875 2939 962 2994 die
1003 2955 1100 3009 per
1137 2942 1320 3000 crucis
1361 2941 1571 3013 insigne
1599 2941 1852 2996 vexillum
1877 2942 1948 2996 sit

352 3016 762 3102 triumphaliter
802 3034 1152 3102 absolutum;
1203 3037 1424 3108 dignum
1479 3037 1723 3108 profecto
1758 3046 1861 3103 est,
1887 3046 1947 3092 ut

350 3123 482 3178 huic
525 3123 667 3191 diei,
721 3140 842 3195 quae
889 3127 1140 3183 videlicet
1189 3129 1431 3183 omnium
1491 3139 1712 3184 aetatum
1769 3145 1944 3186 nexus

351 3215 589 3286 abrupit,
616 3232 746 3271 caro
773 3227 959 3273 nostra
983 3220 1135 3288 quasi
1159 3219 1441 3289 cujusdam
1471 3221 1655 3276 tributi
1679 3237 1941 3276 canonem

351 3309 544 3375 solvat,
575 3325 671 3380 per
697 3327 858 3381 quam
884 3312 948 3367 de
978 3313 1306 3383 captivitatis
1333 3328 1444 3370 suze
1473 3313 1826 3384 compedibus
1852 3314 1945 3366 ab-

2028 2119 2220 2174 ‘nitate
2267 2117 2446 2172 vultus
2477 2118 2730 2172 alacriter
2774 2117 3081 2171 assultare:
3113 2130 3237 2169 mox
3277 2121 3332 2168 et
3377 2112 3432 2166 in
3471 2111 3642 2166 verba

2049 2226 2430 2280 prorumpens,
2465 2225 2588 2265 cum
2636 2225 2833 2280 magno
2873 2205 3360 2262 animadversionis
3403 2201 3642 2272 impulsu

2050 2301 2511 2356 circumsedentes
2555 2300 2890 2370 alloquitur:
2925 2298 3146 2366 Levate,
3191 2298 3388 2368 inquit,
3441 2295 3641 2359 levate,

2050 2407 2116 2447 ac
2140 2392 2371 2448 dominre
2411 2406 2546 2446 mea:
2575 2399 2890 2445 reverenter
2921 2389 3222 2459 assurgite;
3255 2386 3449 2443 deinde
3482 2384 3647 2438 alior-

2049 2498 2170 2538 sum
2213 2489 2435 2537 mutatae
2489 2479 2639 2535 vocis
2681 2479 2952 2549 eloquium
3003 2479 3264 2549 dirigens,
3317 2477 3498 2532 aiebat
3530 2491 3543 2526 :
3575 2471 3646 2527 Et

2049 2573 2178 2644 quid
2221 2582 2334 2639 est,
2375 2573 2595 2627 domina
2643 2586 2786 2636 mea,
2829 2571 3013 2641 regina
3049 2570 3171 2626 caeli
3209 2579 3263 2624 et
3304 2577 3483 2632 terrae,
3513 2565 3644 2634 quia

2049 2667 2270 2720 visitare
2323 2666 2544 2737 dignata
2594 2681 2652 2720 es
2710 2664 3098 2735 pauperculam
3163 2679 3380 2719 servum
3444 2657 3639 2713 tuum?

2045 2758 2283 2813 Benedic
2313 2775 2418 2825 me,
2451 2759 2666 2814 domina
2704 2772 2845 2823 mea,
2874 2765 2927 2812 et
2956 2773 3022 2812 ne
3051 2757 3277 2827 patiaris
3310 2757 3361 2809 in
3391 2751 3643 2809 tenebras

2048 2847 2253 2916 ire,cui
2279 2850 2453 2904 lucem
2479 2858 2639 2902 tantae
2666 2849 2972 2919 praesentire
3002 2847 3304 2901 contulisti.
3321 2845 3455 2899 Cum
3475 2843 3640 2913 igitur

2051 2940 2358 3010 hujusmodi
2389 2955 2669 2995 sermones
2697 2938 3003 3008 implesset;
3035 2953 3162 2992 ecce
3201 2937 3515 3000 Damianus,
3545 2932 3643 3003 qui

2051 3031 2257 3085 scilicet
2288 3030 2384 3096 illi,
2431 3030 2572 3084 sicut
2600 3039 2654 3084 et
2683 3029 2813 3083 mihi
2850 3038 2966 3083 erat
3012 3028 3371 3100 germanitate
3416 3023 3642 3092 conjun-

2051 3135 2189 3191 ctus,
2213 3124 2501 3195 persolutis
2548 3125 2657 3178 Deo
2715 3123 2996 3177 nocturnis
3037 3121 3245 3184 olliciis,
3285 3121 3352 3173 ab
3396 3115 3640 3172 Ecclesia

2049 3221 2208 3274 redit.
2242 3219 2382 3285 Quid
2419 3219 2565 3272 circa
2621 3217 2846 3270 fratrem
2898 3215 3208 3285 languidum
3251 3219 3523 3280 ageretur,
3553 3209 3639 3263 in-

2049 3312 2239 3382 quirit.
2282 3310 2373 3365 Ille
2403 3325 2533 3364 vero
2572 3318 2779 3364 certum
2813 3323 2872 3362 se
2913 3307 3133 3376 quidem
3163 3306 3229 3360 de
3260 3304 3436 3357 vicina
3467 3309 3644 3354 morte

352 3403 525 3458 soluta
557 3405 837 3475 tripudiat.
888 3407 1056 3461 Aiunt
1096 3408 1281 3473 etiam,
1313 3409 1440 3477 quia
1481 3424 1602 3463 cum
1638 3409 1692 3462 in
1720 3409 1805 3463 die
1832 3417 1944 3465 tre-
1971 3402 2018 3468 C
2051 3415 2308 3472 testatur,
2340 3403 2434 3459 sed
2466 3404 2726 3458 adversus
2755 3402 3061 3456 assidentes
3087 3399 3347 3468 probrosa
3379 3396 3638 3464 redargu-

353 3497 563 3552 mendis
585 3498 855 3554 examinis
877 3499 1082 3554 arbiter
1109 3509 1346 3554 aeternus
1387 3499 1653 3564 illuxerit,
1683 3498 1912 3571 angelici

355 3591 599 3661 undique
655 3593 993 3664 constipatus
1045 3594 1342 3664 obsequiis,
1370 3595 1582 3650 cunctis
1627 3597 1790 3649 etiam
1831 3594 1942 3649 ele-

353 3685 558 3740 mentis
605 3693 768 3741 tantae
815 3684 1117 3754 majestatis
1161 3688 1391 3742 horrore
1426 3687 1707 3756 permotis,
1742 3695 1942 3757 przesto

353 3775 512 3832 beata
569 3793 700 3833 crux
752 3778 895 3833 ulnis
960 3778 1256 3834 advehetur
1313 3779 1661 3851 angelorum,
1714 3787 1769 3834 et
1818 3787 1946 3834 ante

355 3875 672 3922 cunctorum
715 3877 984 3924 statuetur
1023 3885 1118 3925 ora
1145 3871 1488 3936 mortalium,
1514 3886 1619 3926 non
1644 3869 1754 3938 jam
1785 3886 1942 3936 auro,

355 3957 442 4014 vel
468 3959 778 4028 margaritis
805 3969 1016 4024 ornata,
1035 3963 1125 4016 sed
1144 3961 1454 4017 rutilantior
1477 3961 1610 4027 sole,
1628 3965 1946 4032 cunctisque

360 4047 628 4105 sideribus
643 4066 710 4106 ex
731 4052 930 4106 virtute
955 4053 1153 4106 divina.
1181 4051 1337 4107 Tunc
1357 4052 1542 4122 itaque
1558 4069 1716 4121 quam
1732 4053 1946 4108 sincero

360 4145 544 4210 corde,
583 4157 638 4200 et
688 4146 857 4202 libera
915 4147 1249 4204 conscientia
1303 4155 1428 4203 ante
1475 4146 1704 4202 sublime
1753 4148 1948 4203 solium

358 4235 706 4293 ﬂammivomi
751 4239 1037 4295 tribunalis
1090 4239 1324 4307 assistit,
1376 4236 1469 4310 qui
1516 4237 1793 4293 servitutis
1838 4252 1950 4292 sua

358 4343 584 4402 pensum
626 4333 952 4403 persolvisse
983 4349 1042 4389 se
1070 4333 1298 4389 vivificae
1344 4333 1516 4398 cruci,
1543 4346 1640 4401 per
1673 4346 1833 4401 quam
1885 4329 1952 4386 de

361 4406 520 4478 servo
550 4423 747 4478 diaboli
789 4423 929 4478 liber
963 4423 1186 4480 effectus
1217 4433 1319 4492 est,
1351 4421 1715 4494 recognoscit.
1751 4420 1870 4488 His,
1897 4427 1953 4476 et

362 4513 483 4572 aliis
537 4517 1099 4586 argumentationibus
1153 4517 1328 4573 sancti
1380 4516 1581 4574 fratres
1626 4525 1780 4572 sexta
1816 4513 1953 4571 feria

357 4605 710 4678 jejunandum
738 4624 858 4665 esse
887 4609 1155 4664 deﬁniunt
1180 4627 1193 4664 :
1229 4618 1283 4664 et
1311 4609 1390 4664 sic
1419 4607 1681 4664 cruciﬂxo
1711 4607 1952 4664 Domino

361 4711 424 4754 se
465 4713 681 4771 quoque
735 4699 1026 4756 crucifixos
1068 4697 1380 4754 ostendunt.
1410 4698 1479 4754 Et
1514 4698 1642 4770 quid
1674 4714 1838 4768 grave
1864 4739 1878 4764 ,
1907 4696 1953 4753 si

2044 3501 2192 3555 tione
2234 3498 2607 3569 conqueritur.
2658 3496 2794 3563 Heu,
2837 3497 2974 3551 heu!
3008 3493 3198 3557 frater,
3244 3492 3437 3561 inquit,
3469 3501 3642 3559 quam

2044 3595 2286 3666 ignaros,
2315 3607 2477 3664 quam
2523 3591 2825 3662 imperitos,
2854 3598 3016 3660 atque
3075 3589 3437 3642 irrcverentes
3471 3581 3640 3637 babe-

2045 3703 2186 3751 mus,
2220 3696 2276 3741 et
2301 3685 2418 3740 sine
2441 3683 2727 3753 disciplina
2753 3681 3108 3745 domesticos;
3140 3686 3194 3733 et
3223 3686 3278 3732 tu
3301 3677 3386 3730 vir
3416 3683 3641 3730 strenue

2047 3780 2251 3834 Bonizo
2302 3780 2443 3850 (erat
2470 3777 2615 3832 enim
2645 3775 2755 3831 illic
2778 3777 2920 3830 inter
2945 3787 3038 3828 eos
3067 3772 3219 3828 dives
3240 3769 3460 3841 quidam
3481 3765 3646 3836 hujus

2047 3871 2319 3936 vocabuli,
2345 3871 2432 3925 ille
2451 3868 2800 3942 negotiator),
2820 3866 3089 3939 quomodo
3109 3866 3296 3921 sedere
3317 3860 3540 3935 potuisti
3570 3858 3644 3915 ad

2048 3965 2249 4035 reginae
2277 3964 2512 4020 caelestis
2560 3962 2886 4016 adventum?
2911 3960 3068 4015 Venit
3111 3960 3300 4029 regina
3343 3954 3550 4020 mundi,
3585 3957 3647 4008 et

2050 4074 2149 4113 vos
2184 4072 2472 4128 assurgere
2498 4049 2849 4127 neglexistis?
2875 4053 3034 4110 Venit
3080 4062 3255 4108 mater
3291 4047 3642 4122 imperatoris

2052 4150 2331 4216 aeterni,et
2356 4164 2448 4204 vos
2479 4146 2594 4215 ejus
2624 4146 2970 4216 praesentiam
2997 4144 3288 4214 ignobilem
3307 4136 3646 4210 deputastis?

2053 4241 2136 4295 Ad
2162 4241 2304 4311 quod
2345 4240 2547 4294 Bonizo
2573 4257 2584 4292 :
2617 4238 2850 4304 Deliras,
2893 4235 3085 4305 inquit,
3116 4234 3312 4299 adhuc,
3339 4242 3393 4287 et
3419 4231 3642 4301 aegritu—

2055 4332 2179 4386 dine
2206 4332 2545 4386 dementatus
2576 4330 2689 4384 hmo
2706 4345 2845 4385 vana
2874 4326 3190 4398 profundis;
3221 4335 3314 4381 aut
3340 4339 3530 4379 verum
3561 4328 3646 4377 est

2056 4424 2196 4481 forte
2235 4426 2378 4496 quod
2407 4424 2682 4495 loqueris?
2720 4422 2885 4479 Nobis
2913 4431 3062 4479 certe
3083 4437 3219 4476 vana
3241 4422 3359 4476 hazc
3380 4419 3635 4473 videntur

2057 4525 2113 4573 et
2161 4516 2372 4571 frivola.
2421 4515 2506 4572 Ad
2551 4516 2656 4571 hoc
2702 4515 2834 4570 ille:
2872 4512 3010 4570 Num
3061 4512 3343 4586 ignoratis,
3382 4510 3477 4575 ait,
3513 4507 3642 4578 quia

2059 4607 2290 4678 languor
2312 4609 2432 4674 iste,
2459 4621 2617 4677 quem
2641 4606 2840 4676 patior,
2865 4621 3143 4676 nunquam
3175 4603 3414 4658 alienare
3433 4607 3646 4655 mentes

2059 4698 2440 4769 mgrotantium
2485 4696 2799 4753 consuevit?
2845 4695 3104 4752 Firmiter
3145 4694 3312 4765 igitur
3350 4701 3404 4749 et
3437 4692 3645 4758 absque

361 4788 703 4848 Christianus
763 4793 991 4863 quilibet
1041 4807 1208 4848 unum
1258 4793 1453 4848 animae
1501 4807 1613 4848 suae
1667 4792 1812 4847 diem
1849 4806 1948 4862 per
1970 4775 2026 4836 Ῑ)
2051 4791 2160 4846 ulla
2184 4805 2410 4862 prorsus
2438 4791 2797 4862 ambiguitate
2823 4789 3157 4860 cognoscite,
3190 4785 3445 4857 quoniam
3479 4796 3645 4854 ange-

363 4882 760 4940 hebdomadam
789 4885 998 4951 tribuit,
1025 4884 1093 4940 ad
1115 4885 1257 4956 quod
1284 4885 1549 4956 agendum
1579 4897 1680 4955 pro
1701 4883 1948 4954 corporis

359 4973 738 5032 incolumitate
761 4977 1026 5034 servanda
1055 4977 1196 5033 dieta
1224 4993 1440 5049 quoque
1469 4975 1806 5032 medicinalis
1845 4976 1948 5032 im-

362 5065 564 5137 pellat?
591 5067 726 5122 Nam
757 5068 938 5124 Caesar
964 5068 1235 5140 Augustus
1259 5110 1276 5135 ,
1305 5069 1404 5125 sub
1433 5083 1541 5140 quo
1587 5067 1838 5124 Salvator
1880 5082 1948 5123 ex

363 5156 588 5231 Virgine
629 5161 882 5234 dignatus
937 5171 1020 5218 est
1073 5163 1266 5230 nasci,
1310 5164 1452 5219 sicut
1496 5162 1742 5234 quaedam
1785 5161 1951 5216 tradit

365 5247 625 5318 historia,
680 5268 810 5308 usus
864 5252 1092 5309 consilio
1139 5254 1503 5320 medicorum,
1570 5267 1677 5308 uno
1741 5255 1956 5322 semper

367 5340 677 5398 abstinebat
709 5359 807 5414 per
851 5345 1248 5401 hebdomadam
1300 5346 1418 5414 die;
1454 5355 1513 5400 ut
1541 5344 1793 5400 alleviato
1830 5359 1955 5401 cor-‘-

365 5447 500 5503 pore
525 5435 788 5503 potuisset
816 5446 1058 5509 vegetus,
1084 5445 1144 5494 et
1187 5437 1480 5510 incolumis
1504 5451 1842 5508 permanere.
1874 5436 1957 5492 Ad

367 5530 631 5588 honorem
665 5549 879 5605 quoque
925 5545 1128 5592 sanctae
1175 5535 1354 5592 crucis
1401 5534 1590 5591 eodem
1633 5533 1720 5588 die
1763 5533 1958 5590 missas

368 5623 669 5692 celebrant,
690 5636 754 5682 ut
789 5628 888 5712 sibi
914 5630 1277 5699 patrocinium
1307 5629 1484 5685 crucis
1510 5627 1566 5684 In
1602 5625 1688 5683 die
1719 5624 1958 5682 necessi-

369 5716 499 5773 tatis
523 5719 822 5790 acquirant.

887 5809 1050 5882 579
1085 5811 1310 5868 CAPUT
1347 5811 1434 5867 ιγ.

613 5901 900 5958 Sabbatum
930 5921 1022 5958 cur
1046 5904 1108 5958 Β.
1146 5904 1345 5984 Virgini
1371 5907 1437 5961 sit
1463 5907 1714 5960 dicatum.

413 6003 415 6005 ’
443 5986 745 6055 sabbatum
769 5998 1070 6067 enimvero,
1100 5998 1245 6070 quod
1284 5999 1503 6070 requies
1541 5997 1950 6068 interpretatur,

2053 4885 2176 4940 lieis
2199 4885 2454 4940 comitata
2476 4883 2721 4955 vestigiis
2758 4883 2916 4938 beata
2941 4877 3320 4951 Redemptoris
3352 4876 3524 4932 uestri
3554 4889 3646 4931 me

2055 4985 2230 5033 mater
2259 4976 2465 5042 invisit,
2498 4975 2830 5030 hilaritatem
2869 4973 3002 5028 mihi
3035 4971 3213 5028 sereni
3241 4969 3420 5024 vultus
3462 4977 3644 5024 osten-

2057 5071 2136 5128 dit
2169 5087 2182 5125 :
2215 5068 2495 5126 benedixit
2520 5083 2630 5137 me,
2655 5076 2710 5124 et
2737 5066 2986 5138 protinus
3016 5065 3170 5121 abiit.
3200 5062 3443 5132 Curaque
3478 5060 3643 5132 paulo

2055 5174 2182 5237 post
2219 5164 2311 5221 ille
2353 5162 2637 5220 defunctus
2661 5171 2843 5229 esset,
2871 5175 3036 5216 senex
3066 5156 3283 5230 quidam
3328 5155 3638 5226 presbyter,

2058 5259 2292 5313 Severus
2316 5256 2566 5322 nomine,
2597 5256 2691 5326 qui
2726 5254 2984 5309 nimirum
3015 5251 3310 5322 spiritualis
3336 5249 3456 5319 ejus
3481 5255 3642 5319 pater

2058 5352 2341 5408 exstiterat
2376 5350 2584 5416 retulit;
2632 5349 2889 5419 quoniam
2923 5347 3083 5417 longe
3112 5349 3235 5401 ante
3260 5346 3387 5402 dtun
3418 5351 3644 5413 vegetus

2060 5443 2237 5497 adhuc
2266 5450 2320 5497 et
2341 5441 2574 5497 sanitate
2603 5439 2822 5495 ﬂoreret
2848 5438 3154 5505 incolumis,
3183 5435 3444 5506 depositis
3473 5433 3644 5488 nuda-

2058 5544 2148 5591 tus
2169 5534 2549 5602 exuviis,collo
2573 5533 2863 5604 corrigiam
2886 5548 2990 5603 qua
3014 5532 3329 5603 cingebatur
3348 5529 3596 5585 innexuit
3620 5541 3637 5581 :

2057 5627 2213 5683 altari
2244 5643 2300 5683 se
2328 5628 2497 5683 beatae
2538 5627 2633 5682 Dei
2673 5625 2993 5693 Genetricis,
3039 5624 3187 5680 velut
3230 5621 3424 5679 servile
3477 5617 3641 5690 580

2060 5719 2411 5790 mancipium,
2444 5718 2669 5773 tradidit
2705 5737 2718 5771 :
2757 5733 2881 5773 mox
2909 5731 2967 5771 se
3004 5714 3155 5784 quasi
3186 5729 3402 5769 servum
3432 5710 3638 5765 malum

2059 5828 2244 5867 coram
2293 5811 2509 5867 domina
2555 5826 2649 5866 sua
2697 5810 2824 5865 fecit
2860 5809 3176 5865 verberibus
3212 5805 3370 5870 afﬁci,
3398 5803 3580 5857 dicens
3616 5817 3635 5854 :

2057 5902 2282 5956 Domina
2314 5916 2430 5955 mea
2463 5900 3008 5972 gloriosa,virginalis
3033 5897 3309 5954 munditiae
3339 5893 3634 5964 speculum,

2059 6003 2114 6050 et
2143 5993 2384 6050 omnium
2415 6007 2605 6049 norma
2646 5993 2929 6059 virtutum,
2958 6006 3119 6062 quam
3148 6004 3248 6060 ego
3282 5996 3333 6042 te
3362 5985 3549 6052 miser,
3573 5986 3640 6039 et
3733 6037 3736 6050 ,
