4142 5396
477 508 586 567 567

906 507 964 565 S.
1008 506 1213 563 PETRI
1248 504 1533 564 DAMIANI
1574 507 1725 565 OPP.
1764 505 2001 564 TOMUS
2040 504 2175 565 SEU
2230 504 2413 563 PARS
2468 503 2555 561 Ill.
2587 496 2659 547 -ὲ
2695 502 3061 562 OPUSCULA
3102 500 3332 561 VARIA.

3638 499 3748 563 568

477 625 664 681 infelix
679 622 875 680 offendi
901 638 997 692 per
1020 602 1315 678 obscenam
1342 623 1525 678 carnis
1554 638 1686 678 meze
1702 622 2065 693 putredinem,
2094 625 2145 687 Α
2172 630 2311 688 rant,
2337 630 2604 691 quatenus
2624 636 2691 677 ex
2717 622 2836 693 ejus
2856 622 3090 688 ossibus,
3119 621 3201 676 vel
3227 628 3475 675 extrema
3497 620 3746 691 quaedam

477 726 532 772 et
558 731 699 783 eam,
727 714 879 784 cujus
927 724 983 769 tu
1028 722 1222 781 mater,
1246 723 1302 768 et
1354 725 1546 769 auctor
1595 730 1676 776 es,
1706 712 1901 767 violavi
1952 713 2062 768 mei

476 808 720 880 corporis
767 808 1106 876 castitatem;
1160 825 1304 864 nunc
1354 810 1559 879 itaque,
1589 809 1732 879 quod
1772 808 1943 864 solum
1982 822 2065 863 re-

382 953 398 976 ,ι
474 901 642 957 medii
676 907 945 970 superest,
977 898 1183 956 me'tibi
1212 900 1475 956 famulum
1505 901 1680 968 trado,
1707 910 1813 956 tute
1847 900 2065 956 ditionis

472 992 703 1062 imperio
757 992 1014 1048 Substrati
1066 993 1309 1063 corporis
1359 992 1497 1048 colla
1553 992 1833 1048 submitte.
1884 991 2065 1047 Flecte

472 1083 730 1140 rebellem
760 1124 804 1149 ,,
835 1068 1045 1153 suscipe
1108 1091 1523 1150 contumacem;
1584 1097 1685 1139 nec
1738 1092 1829 1137 tua
1892 1083 2067 1152 pietas

474 1184 699 1247 respuat
747 1176 1151 1246 delinquentem
1207 1178 1365 1248 cujus
1415 1174 1740 1232 intemerata
1783 1176 2066 1248 virginitas

472 1266 686 1339 peperit
714 1281 857 1321 vera:
879 1267 1096 1336 pietatis
1124 1277 1423 1323 auctorem.
1472 1266 1575 1321 Per
1618 1266 1763 1322 istud
1790 1282 1920 1337 ergo
1950 1281 2069 1320 mu-

475 1362 761 1420 nusculum
790 1367 1068 1421 servitutis
1101 1383 1236 1422 meae
1266 1368 1361 1423 tibi
1390 1375 1517 1422 tunc
1543 1367 1711 1423 offero
1739 1383 1982 1433 censmn,
2014 1374 2070 1422 et

476 1458 696 1523 amodo,
721 1474 784 1513 ac
824 1458 1079 1529 deinceps
1103 1460 1281 1529 quoad
1311 1460 1522 1525 vixero,
1553 1461 1685 1515 certi
1730 1460 1954 1515 canonis
1982 1476 2069 1530 ap-

474 1552 705 1622 pendam
728 1552 1015 1607 annualem
1048 1552 1330 1607 tributum.
1354 1553 1652 1620 Quamdam
1675 1568 1805 1625 ergo
1826 1553 2070 1624 pecuniae

475 1658 743 1697 summam
768 1643 820 1697 in
842 1644 1031 1699 altaris
1054 1644 1332 1713 crepidine
1354 1646 1553 1716 posuit,
1585 1655 1639 1699 et
1664 1646 1741 1699 sic
1769 1646 1834 1698 de
1854 1646 2068 1701 miseri-

476 1736 683 1801 cordia,
729 1752 890 1807 quam
945 1738 1234 1807 quccsicrat
1289 1739 1547 1803 conlisus,
1609 1740 1891 1795 abscessit.
1952 1739 2069 1795 Non

476 1826 642 1897 igitur
675 1827 926 1883 fortassis
972 1829 1133 1893 hanc,
1162 1831 1257 1885 sed
1288 1828 1595 1898 lmjusmodi
1627 1830 1797 1885 frater
1825 1847 1974 1886 meus
2003 1831 2072 1887 de

478 1918 646 1972 fratre
684 1920 929 1974 narravit
959 1920 1264 1987 historiam,
1307 1920 1462 1990 cujus
1514 1923 1616 1976 etsi
1654 1938 1765 1991 prae
1796 1923 2072 1979 oblivione

2164 714 2380 770 valeant
2411 714 2651 784 reperire
2676 715 2926 785 vestigia.
2961 713 3093 769 Cum
3127 713 3356 769 diversis
3387 713 3568 783 itaque
3588 727 3750 770 mon-

2164 817 2270 863 tem
2303 808 2543 864 fossbriis
2567 809 2786 874 adeunt,
2810 810 2937 863 hinc
2964 808 3089 863 inde
3110 817 3445 872 scrutantur,
3485 815 3541 863 et
3568 810 3754 865 curio-

2163 902 2275 957 sius
2302 902 2561 979 obeuntes
2600 903 2750 957 rimae
2771 902 2990 957 latentis
3011 902 3214 957 aditum
3240 910 3507 972 quaerunt.
3542 901 3753 974 Egestis

2163 994 2346 1062 itaque
2378 1009 2483 1049 non
2518 994 2635 1049 sine
2666 994 2815 1066 gravi
2844 993 3030 1048 labore
3060 992 3377 1059 ruderibus,
3433 993 3609 1048 adhuc
3658 992 3747 1050 fo—

2166 1083 2375 1139 dientes
2423 1082 2711 1149 anhelant,
2748 1092 2802 1140 et
2829 1083 3072 1139 excavati
3114 1083 3313 1138 montis
3342 1084 3519 1139 adlmc
3543 1084 3751 1139 viscera

2165 1184 2469 1246 penetrant.
2506 1175 2642 1231 Cum
2673 1192 2800 1232 ecce
2828 1176 3133 1241 hominem,
3171 1191 3329 1248 quem
3357 1178 3449 1231 vix
3479 1186 3752 1233 mortuum

2169 1268 2409 1337 reperire
2444 1283 2501 1324 se
2532 1284 2690 1339 posse
2712 1271 3034 1340 sperabant,
3075 1279 3299 1339 repente
3324 1285 3546 1338 sanum,
3584 1280 3639 1328 et
3671 1272 3756 1326 in-

2169 1358 2434 1414 columem
2479 1370 2752 1425 cernunt,
2802 1354 3035 1430 cumque
3083 1362 3228 1417 velut
3271 1378 3302 1417 e
3346 1363 3594 1433 sepulcro
3627 1378 3755 1419 cum

2171 1448 2387 1520 hymnis
2424 1458 2479 1505 et
2520 1450 2770 1507 laudibus
2803 1451 3183 1508 exsultationis
3222 1452 3478 1508 educunt.
3511 1451 3760 1524 Cumque

2170 1542 2538 1613 requireretur
2600 1558 2707 1613 quo
2748 1544 2906 1599 modo
2957 1544 3074 1599 sine
3120 1545 3393 1602 alimentis
3448 1555 3555 1601 tam
3593 1544 3759 1616 longo

2174 1642 2415 1704 tempore
2441 1636 2624 1690 vivere
2651 1638 2943 1706 potuisset,
2976 1638 3309 1709 respondens
3336 1656 3351 1694 :
3375 1639 3454 1694 Ex
3482 1654 3589 1709 quo
3610 1679 3626 1704 ,
3665 1638 3751 1694 in-

2173 1728 2310 1796 quit,
2341 1727 2393 1781 in
2424 1727 2512 1782 illa
2545 1729 2755 1784 scrobis
2793 1740 3020 1800 angusta
3044 1746 3162 1786 sum
3184 1747 3417 1786 caverna
3444 1730 3754 1799 conclusus,

2173 1818 2413 1889 quotidie
2442 1820 2572 1875 mihi
2615 1821 2793 1876 brevis
2827 1821 3034 1877 avicula
3067 1822 3331 1878 columba:
3362 1823 3554 1878 similis
3588 1823 3757 1879 advo-

2176 1913 2310 1967 lavit
2335 1954 2349 1976 ,
2390 1921 2445 1969 et
2474 1914 2527 1968 in
2557 1928 2651 1968 ore
2674 1929 2774 1969 suo
2802 1914 2944 1969 nivei
2973 1914 3103 1969 mihi
3136 1915 3295 1985 panis
3333 1913 3757 1970 oblatiuneulam

475 2011 645 2065 verba
685 2027 791 2066 non
826 2022 1005 2076 teneo,
1031 2012 1222 2067 saltem
1265 2013 1318 2067 in
1351 2023 1615 2082 quantum
1649 2014 1778 2068 mihi
1816 2015 2072 2085 possibile
2103 2023 2147 2082 Β
2175 2004 2388 2059 detulit.
2418 2005 2534 2073 Quo
2563 2006 2812 2062 videlicet
2839 2008 2961 2062 cibo
2986 2008 3059 2062 ita
3089 2008 3217 2063 totis
3242 2007 3543 2062 visceribus
3566 2007 3760 2062 obdul-

477 2103 589 2167 est,
613 2118 642 2156 a
669 2101 851 2157 relatis
884 2104 1118 2174 quadam
1147 2104 1500 2159 similitudine
1534 2121 1638 2160 non
1686 2106 1901 2161 recedo.
1930 2105 2096 2161 Con-’

476 2192 733 2249 fessionis
783 2195 949 2265 igitur
977 2196 1078 2250 iste
1122 2195 1427 2251 versiculus
1457 2197 1523 2250 ad
1578 2196 1771 2263 relata,
1799 2198 1882 2252 vel
1929 2198 2071 2254 refe-

476 2285 647 2340 renda
683 2284 815 2340 mihi
844 2293 1039 2340 cuncta
1066 2285 1346 2355 proficiat;
1391 2302 1584 2357 meque
1618 2287 1670 2341 in
1702 2288 1899 2356 quibus
1922 2289 2075 2359 igno-

477 2385 667 2432 ranter
704 2378 922 2447 oberro,
952 2393 1139 2434 coram
1187 2380 1437 2450 supernis
1477 2379 1757 2436 obtutibus
1792 2380 2075 2437 excusabi-

478 2470 582 2526 lem
604 2472 814 2527 reddat.
871 2504 881 2515 ι
1210 2492 1213 2493 ⁷

1117 2565 1345 2623 CAPUT
1386 2567 1451 2623 ν.

477 2653 632 2720 Quod
681 2656 943 2710 orationes
994 2665 1042 2710 et
1091 2650 1349 2727 su/frrigia
1399 2657 1501 2711 sint
1560 2657 1810 2713 alimenta
1871 2658 2063 2729 defun-

1161 2739 1382 2781 ciorum.

554 2824 624 2881 Ut
669 2825 836 2896 igitur
885 2825 1259 2897 superioribus
1309 2833 1365 2879 et
1413 2824 1669 2880 inferiora
1720 2826 2073 2897 conjungam,

474 2915 606 2981 noli,
636 2916 774 2982 noli,
814 2918 900 2988 pie
948 2927 1125 2988 pater,
1181 2917 1235 2973 in
1280 2918 1552 2973 minarum
1590 2934 1729 2989 quas
1773 2917 2072 2983 intcntasti,

475 3024 830 3078 perseverare
882 3010 1192 3075 sententia;
1252 3010 1358 3065 noli
1423 3011 1702 3083 aegrotanti
1760 3010 1905 3077 lilio,
1961 3011 2076 3066 sive

475 3100 701 3167 viventi,
730 3101 846 3156 sive
882 3111 1007 3171 post
1037 3102 1268 3168 obitum,
1309 3103 1575 3158 orationis
1622 3111 1724 3157 tua:
1753 3104 2076 3158 subtrahere

476 3192 827 3248 medicinam.
880 3193 1049 3250 Porro
1107 3204 1310 3261 autem,
1349 3196 1477 3265 quia
1536 3195 1723 3250 infelix
1786 3210 1886 3267 ego
1946 3196 2074 3251 dum

478 3284 625 3351 vivo,
654 3300 766 3355 prae
803 3286 1022 3342 desidiae
1055 3296 1271 3357 torpore
1307 3303 1414 3342 non
1457 3289 1686 3355 semine,
1717 3298 1841 3358 post
1865 3288 2070 3343 obitum

476 3393 682 3443 meum,
711 3378 757 3433 si
793 3380 1183 3449 supervixeris,
1216 3382 1282 3435 de
1326 3381 1575 3435 manibus
1619 3382 1726 3436 tuis
1757 3381 2068 3436 alimoniam
2097 3394 2144 3458 ρ

478 3485 670 3541 spero;
695 3480 964 3541 quatenus
991 3472 1282 3528 oblationis
1313 3482 1417 3529 tum
1449 3482 1852 3530 sacramentum
1877 3474 2073 3529 animae

478 3578 614 3618 mete
636 3572 882 3618 vertatur
908 3565 961 3618 in
990 3564 1230 3634 epulum,
1254 3574 1305 3621 et
1333 3566 1595 3621 orationis
1618 3573 1720 3619 tuae
1742 3564 2073 3621 sacrificium

477 3655 613 3711 mihi
642 3656 808 3709 vitale
830 3657 902 3710 sit
930 3657 1270 3712 alimentum.
1306 3658 1372 3711 Et
1414 3658 1544 3726 quid
1577 3659 1797 3724 mirum,
1828 3658 1871 3712 si
1901 3674 2074 3713 sacra:

481 3745 772 3801 oblationis
819 3746 997 3801 hostia
1046 3746 1276 3802 refectio
1332 3749 1569 3803 creditur
1622 3761 1745 3803 esse
1780 3748 2070 3817 defunctis,

480 3851 606 3893 cum
632 3837 687 3891 in
712 3835 970 3892 alimenta
1000 3845 1243 3892 vertatur
1269 3838 1559 3908 aliquando
1582 3839 1889 3894 viventibus
1908 3841 2073 3895 etiam

479 3929 535 3984 in
563 3929 821 3999 periculis
856 3930 1207 3985 constitutis?
1246 3929 1382 3985 Nam
1426 3931 1752 3987 venerabilis
1779 3947 1945 3987 senex
1976 3933 2076 3988 Pe-

482 4030 601 4076 trus
646 4025 924 4088 sacerdos,
974 4033 1029 4079 et
1059 4024 1382 4087 monachus.
1429 4025 1518 4093 qui
1570 4023 1679 4094 jam
1729 4026 2075 4097 septuaginta

479 4111 656 4170 ferme
701 4131 875 4172 annos
922 4114 1171 4185 subjure
1194 4115 1561 4172 Nonantulani
1605 4118 1920 4173 monasterii
1949 4117 2077 4172 reli-

481 4204 631 4276 giose
662 4206 817 4272 vixit,
852 4223 999 4263 nunc
1048 4207 1214 4262 etiam
1265 4209 1321 4262 in
1369 4208 1473 4263 hac
1516 4223 1701 4264 eremo
1729 4210 1900 4265 vitam
1928 4209 2077 4265 ducit

482 4298 809 4370 angelicam,
827 4300 961 4354 mihi
980 4314 1121 4370 saepe
1145 4300 1411 4367 narravit,
1425 4302 1571 4371 quod
1589 4301 1705 4370 ipse
1729 4316 1945 4372 quoque
1971 4301 2079 4357 fra-

480 4400 629 4446 trum
661 4408 690 4446 a
720 4393 945 4448 Comani
978 4393 1128 4449 lacus
1162 4394 1400 4449 confinio
1441 4394 1776 4452 venientium
1813 4393 2078 4451 relatione

483 4484 761 4552 cognovit.
792 4484 883 4537 Ait
926 4485 1093 4547 enim,
1127 4486 1252 4554 quia
1298 4486 1487 4541 latomi
1537 4487 1758 4556 quidam
1788 4487 1930 4558 apud
1956 4486 2079 4542 Cla-

481 4589 717 4629 veunam
770 4584 1008 4630 montem
1055 4575 1123 4631 de
1175 4592 1338 4632 saxea
1388 4587 1550 4634 terrae
1580 4594 1733 4647 .vena
1759 4578 1962 4635 lebetes
1990 4594 2082 4635 ex-

482 4663 845 4736 sculpserant,
880 4674 936 4720 et
966 4665 1181 4736 expleto
1228 4668 1430 4735 labore,
1486 4669 1600 4739 jam
1656 4672 1864 4744 egressi
1900 4672 2080 4729 redire

2175 2104 2329 2151 catus
2364 2112 2482 2151 smn
2514 2107 2569 2153 et
2596 2099 2854 2163 refectus,
2885 2108 2945 2153 ut
2976 2098 3270 2169 regalibus,
3304 2099 3413 2154 imo
3441 2098 3756 2156 coelestibus

2176 2203 2263 2243 me
2285 2188 2492 2244 deliciis
2515 2190 2818 2244 arbitrarer
2841 2188 3295 2260 impletum.Solo
3318 2199 3498 2246 autem
3518 2206 3627 2245 uno
3648 2192 3756 2257 die,

2176 2281 2430 2349 quoniam
2477 2281 2544 2335 ad
2575 2296 2660 2336 me
2689 2280 2931 2351 dapifera
2972 2296 3092 2336 mea
3137 2290 3395 2337 consueta
3432 2296 3540 2337 non
3578 2282 3756 2349 venit,

2177 2369 2535 2425 intolerabilis
2563 2386 2649 2425 me
2681 2371 2839 2426 [atriis
2874 2370 3052 2444 in0pia
3097 2371 3382 2427 cruciavit.
3428 2372 3579 2429 Uxor
3611 2374 3759 2428 enim

2172 2462 2295 2532 ejus
2332 2462 2575 2531 quotidie
2606 2461 2809 2517 fecerat
2853 2478 2951 2533 pro
2979 2462 3096 2531 ejus
3133 2464 3316 2518 anima
3358 2476 3760 2520 sacramentum

2176 2552 2366 2608 hostire
2394 2553 2647 2608 salutaris
2677 2553 2882 2621 oﬂ‘erri,
2907 2570 3015 2611 uno
3035 2564 3215 2611 autem
3238 2556 3324 2612 die
3348 2556 3760 2613 inhorrescente

2176 2643 2439 2699 brumalis
2469 2643 2814 2699 inclementia
2838 2646 3130 2719 temporis,
3162 2646 3427 2718 attingere
3454 2648 3616 2702 limen
3658 2648 3759 2703 Ec-

2177 2736 2352 2792 clesiae
2396 2737 2719 2807 supersedit.
2750 2738 3089 2808 Quapropter
3116 2738 3223 2793 illis
3262 2748 3452 2794 mutuo
3476 2738 3761 2795 conferen—
3832 2740 3835 2743 ’

2176 2831 2321 2887 tibus
2364 2830 2565 2902 liquido
2596 2830 2811 2901 patuit,
2863 2846 2984 2885 eum
3012 2829 3101 2885 illo
3149 2831 3236 2887 die
3265 2831 3547 2902 signanter
3578 2830 3761 2887 inedia

2178 2920 2540 2988 tabefaetum,
2585 2922 2728 2991 quod
2783 2937 2880 2992 pro
2920 2922 3036 2993 ipso
3079 2936 3184 2977 non
3214 2921 3397 2979 fuerat
3433 2921 3759 2981 sacrificium

2176 3012 2349 3068 laudis
2378 3010 2636 3068 oblatum.

2791 3134 3017 3193 CAPUT
3059 3135 3144 3192 Vl.

2176 3265 2491 3337 Exemplum
2523 3264 2788 3335 mulieris,
2814 3287 2932 3340 qum
2959 3270 3191 3339 defuncti
3223 3270 3324 3324 viri
3358 3270 3592 3326 animum
3624 3269 3761 3327 elec-

2550 3355 2767 3409 mosyna
2799 3341 3052 3394 redimere
3072 3340 3379 3394 conabatur.

2244 3476 2350 3532 Sed
2400 3491 2500 3531 nec
2538 3474 2667 3529 illud
2709 3474 2927 3529 silentio
2977 3474 3198 3544 dignum
3236 3474 3408 3538 duco,
3448 3475 3593 3542 quod
3630 3432 3775 3532 Atto-

2172 3567 2273 3637 pia:
2300 3565 2576 3620 memoria:
2614 3564 2951 3619 Auximanus
2996 3564 3161 3631 civis,
3202 3563 3440 3633 prudens
3473 3564 3759 3634 videlicet,

2174 3665 2227 3712 et
2256 3656 2513 3711 honestus
2533 3653 2636 3720 vir,
2659 3669 2744 3708 me
2762 3661 3045 3723 praesente,
3062 3653 3318 3707 narravit.
3334 3652 3543 3717 Mulier,
3563 3654 3762 3725 inquit,

2174 3746 2416 3816 quaedam
2448 3746 2677 3800 obeuute
2713 3743 2854 3809 viro,
2877 3743 3032 3799 vidua
3073 3758 3381 3811 remanens,
3411 3745 3466 3800 in
3489 3746 3760 3817 quodam,

2172 3836 2494 3907 presbytero
2526 3850 2777 3906 magnam
2814 3850 2965 3906 spem
2997 3836 3063 3890 de
3088 3835 3296 3905 praefati
3333 3836 3434 3891 viri
3470 3837 3555 3892 sui
3582 3837 3758 3895 salute

2174 3937 2455 3999 posuerat,
2513 3928 2672 3997 eique
2719 3942 2816 3997 per
2854 3926 3207 3982 domesticam
3249 3925 3504 3982 famulam
3553 3929 3763 3985 crebra:

2175 4019 2309 4076 satis
2353 4017 2647 4073 oblationis
2689 4017 2849 4071 xenia
2907 4016 3191 4089 dirigebat.
3232 4016 3337 4072 Per
3380 4033 3502 4072 eatn
3548 4032 3764 4089 semper

2176 4113 2498 4176 obsecrans,
2535 4116 2598 4163 ut
2616 4106 2860 4163 defuncti
2891 4107 2973 4162 sui
2995 4107 3310 4179 dignaretur
3327 4107 3530 4163 habere
3554 4122 3762 4164 memo-

2177 4203 2315 4258 riam
2340 4218 2353 4256 :
2380 4199 2524 4272 quod
2545 4199 2637 4255 ille
2664 4214 2773 4254 non
2801 4196 3021 4254 difﬁcile
3045 4197 3400 4268 promittebat
3424 4215 3439 4267 ;
3481 4208 3759 4257 verumta-

2178 4310 2302 4350 men
2324 4307 2520 4347 avarus
2576 4300 2631 4346 et
2686 4303 2848 4346 tenax
2873 4306 3152 4361 nunquam
3182 4292 3616 4349 benedictionem
3637 4309 3762 4351 mu-

2178 4385 2432 4450 lierculae,
2466 4384 2552 4439 vel
2597 4398 2664 4439 ex
2693 4383 2779 4439 bis
2802 4398 2922 4454 quae
2955 4382 3068 4453 ipsa
3100 4382 3390 4449 detulerat,
3420 4384 3755 4457 porrigeb'at.

2182 4480 2335 4536 Unde
2375 4477 2578 4533 factum
2604 4486 2717 4542 est,
2764 4484 2825 4530 ut
2862 4490 2985 4531 eam
3034 4484 3143 4530 tam
3180 4474 3357 4531 crebri
3387 4474 3501 4544 jam
3541 4477 3762 4533 taederet

2181 4572 2392 4628 itineris
2409 4610 2425 4636 ,
2453 4579 2509 4625 et
2533 4576 2816 4625 accusaret
2840 4569 2983 4624 intra
3011 4582 3072 4624 se
3099 4568 3370 4624 tenaciam
3399 4569 3721 4627 sacerdotis.

2188 4688 2189 4691 η
2250 4661 2381 4718 Post
2418 4660 2588 4716 multa
2618 4660 2851 4730 quadam
2879 4660 2966 4715 die
2990 4674 3089 4730 per
3108 4659 3355 4716 eamdem
3382 4659 3592 4731 piorum
3635 4676 3758 4716 mu-

480 4757 769 4827 parabant.
795 4757 1035 4826 Quorum
1065 4774 1204 4813 unus
1236 4760 1365 4814 dum
1393 4760 1784 4818 ferramentum
1805 4764 2077 4835 quoddam
2104 4764 2159 4826 D
2183 4769 2374 4811 nel‘llm
2416 4752 2652 4825 baiulat“
2704 4753 2855 4809 misit
2901 4752 3091 4808 eadem
3141 4760 3390 4835 matrona
3437 4752 3761 4826 presbytero

486 4864 545 4904 se
576 4865 672 4920 per
702 4850 1034 4906 oblivionem
1068 4850 1355 4921 reliquisse
1384 4854 1658 4923 cognovit,
1698 4854 1753 4909 in
1775 4870 2074 4911 concavam

483 4943 685 4999 montis
719 4944 967 4999 scrobem
1014 4941 1284 5011 jacturam
1335 4959 1489 4999 suam
1540 4945 1923 5001 recollecturus
1974 4947 2076 5001 im-

485 5034 698 5089 mersit.
766 5032 873 5086 Sed
923 5048 1052 5087 ecce
1101 5042 1226 5103 post
1275 5047 1333 5089 se
1376 5048 1501 5103 pars
1545 5049 1739 5104 specus
1766 5036 1819 5090 in
1851 5036 2074 5091 minima

490 5124 726 5154 annn:4l:l
778 5140 1006 5154 Allmniln
1320 5127 1571 5154 ..ιιι-ιΑκοιυνι
1620 5128 1788 5154 υνιΑῘΛΑ
1830 5138 2049 5154 ηειδελ-ιαση

2180 4846 2435 4919 gallinam
2466 4855 2703 4908 coctam,
2736 4841 3157 4923 subcinericium
3181 4834 3375 4911 panem
3397 4850 3451 4897 et
3477 4842 3758 4899 vasculum
3823 4852 3831 4923 έ

2180 4937 2310 4991 viui.
2343 4935 2511 5006 Igitur
2538 4935 2666 4989 dum
2704 4920 2798 4987 illa’
2818 4929 2947 4987 casﬁ
2977 4940 3103 4987 tunc
3126 4931 3287 4987 solito
3310 4947 3613 5003 propensus
3638 4948 3759 5005 esu-

2177 5030 2331 5094 riret,
2367 5036 2422 5083 et
2461 5025 2736 5098 querelam
2758 5024 2965 5099 cordis,
2989 5024 3443 5095 cogitationisque
3484 5026 3749 5082 tumultus
3820 5020 3829 5099 ξ

2180 5120 2263 5152 "In
2295 5118 2553 5152 aﬂuente-Ia
2584 5116 2955 5150 nnochuln-nm
2988 5115 3276 5148 οιιοίῖηηιηιι
3340 5116 3444 5146 "eun
3480 5116 3605 5146 ἕΙΙ--Α
3637 5132 3722 5144 Α...

3819 5068 3829 5144 ἐ
