4142 5396
544 381 645 445 871

1015 389 1072 447 S.
1113 393 1319 455 PETRI
1354 398 1641 462 DAMIANI
1675 405 1827 464 OPP.
1862 408 2097 469 TOMUS
2135 408 2268 469 SEU
2307 410 2487 470 PARS
2517 412 2604 470 lll.
2630 441 2697 455 —
2722 413 3088 495 OPUSCULA
3128 413 3356 474 VARIA.

3686 420 3800 479 572

540 520 686 605 verae
714 506 1259 605 virtusnbedientiae,
1297 528 1353 574 et
1395 526 1726 583 monachica:
1765 529 2110 586 mortiﬁcatio
2136 531 2186 594 Α
2212 546 2407 602 ganum
2443 532 2581 589 forte
2622 548 2728 589 non
2767 543 2950 604 posset
2987 535 3176 592 audire
3206 538 3524 605 clamorem,
3565 539 3634 597 de
3677 549 3795 599 toto

543 597 860 694 disciplinae.
892 600 1029 659 Vere
1060 609 1112 661 in
1142 623 1208 663 eo
1227 613 1470 683 cernitur
1494 624 1551 671 et
1578 618 1873 690 imperialis
1904 625 2112 694 patien-

536 684 630 784 tia
658 688 926 784 dignitas,
953 703 1010 751 et
1043 700 1351 767 apostolica:
1385 684 1702 767 humilitatis
1744 684 1971 784 regna-re
1997 732 2112 772 ma-

532 777 726 849 jestas.
761 781 952 841 Jussus
981 789 1124 844 enim
1154 793 1428 862 prioratus
1459 797 1690 855 ofﬁcium
1713 777 1977 873 abjieere,
2006 823 2112 863 non

538 875 890 944 contempsit,
915 875 1099 946 jussus
1143 886 1385 955 recipere
1405 929 1420 954 ,
1450 893 1718 959 patienter
1746 904 1802 951 et
1838 897 2114 956 humiliter

538 960 780 1020 obedivit
810 983 824 1020 :
859 970 1144 1042 utrobique
1181 974 1399 1032 sibimet
1442 988 1690 1039 mortuus
1711 1024 1727 1052 ,
1785 994 1839 1041 et
1863 1000 2112 1044 consum-

537 1062 699 1108 matae
726 1056 1042 1115 obedientiae
1082 1062 1199 1121 loro
1227 1070 1585 1141 constrictus,
1614 1074 1740 1130 dum
1775 1076 1965 1135 alienis
1990 1095 2110 1136 om-

543 1146 683 1239 nino
709 1162 769 1203 se
805 1151 1101 1211 substravit
1125 1158 1395 1230 imperiis,
1429 1165 1573 1221 nulla
1612 1170 1814 1239 proprii
1841 1186 2031 1228 sensus
2057 1174 2112 1228 in

537 1250 596 1291 se
635 1237 819 1296 vivere
850 1251 974 1299 vota
1015 1249 1285 1316 permisit.
1333 1252 1439 1310 Sed
1467 1237 1727 1326 quoniam
1768 1269 1918 1317 tanta
1964 1264 2110 1319 beati

536 1326 639 1423 viri
668 1330 944 1423 humilitas
969 1338 1170 1396 sterilis
1191 1355 1310 1399 esse
1338 1360 1446 1400 non
1471 1349 1668 1417 potuit,
1698 1352 1841 1420 quod
1870 1354 2020 1423 prius
2045 1355 2112 1411 de

538 1418 772 1491 Spiritus
805 1429 978 1483 sancti
1028 1447 1150 1487 rore
1189 1436 1338 1492 radix
1376 1439 1490 1515 ipsa
1543 1418 1817 1514 concepit,
1864 1418 2115 1516 prorum-

533 1515 775 1583 pentium
805 1534 1076 1578 ramorum
1107 1539 1326 1595 germen
1359 1516 1669 1601 pullulando
1696 1515 1927 1593 diﬂ'udit.

604 1604 700 1661 Vir
743 1608 923 1680 itaque
967 1612 1179 1672 Domini
1218 1629 1478 1679 venturus
1503 1625 1794 1696 aliquando
1842 1628 2105 1698 Romam,

531 1698 776 1768 przeeipit
821 1702 1036 1759 cuidam
1071 1706 1265 1777 fratri,
1315 1720 1375 1767 ut
1414 1728 1596 1770 secum
1640 1729 1928 1789 pergeret,
1982 1722 2108 1793 quia

530 1790 674 1844 sicut
708 1802 925 1863 rogatus
957 1794 1134 1855 fuerat
1166 1817 1319 1866 eum,
1370 1805 1424 1860 in
1472 1813 1798 1867 monasterio
1847 1813 1904 1868 S.
1952 1790 2104 1870 Pauli

2217 639 2443 694 corpore
2494 626 2730 696 linguam
2777 627 2922 683 fecit.
2965 628 3118 697 Quod
3155 629 3283 685 dum
3323 632 3532 688 eminus
3566 631 3795 691 Maiolus

2214 721 2445 791 aSpexit,
2462 723 2587 791 quid
2614 724 2714 779 hoc
2729 732 2890 789 esset,
2914 724 3286 781 incunctanter
3302 728 3539 797 agnovit,
3555 744 3793 802 moxque

2213 811 2380 867 misso
2432 814 2658 885 remigio
2711 815 2991 871 transferri
3038 818 3104 872 ad
3154 831 3214 873 se
3263 815 3587 876 monachum
3634 820 3790 878 fecit.

2211 905 2383 971 Quem
2409 915 2604 975 praesto
2627 906 2711 961 vir
2746 908 2838 963 Dei
2868 908 2936 962 ad
2972 909 3102 979 quid
3136 910 3391 977 venisset,
3430 911 3656 982 inquirit
3687 927 3707 970 :
3734 921 3794 970 at

2212 997 2303 1054 ille
2348 999 2505 1054 simul
2540 1009 2595 1055 et
2640 1000 2706 1055 de
2748 1002 3041 1071 prasteritis
3089 1003 3300 1058 veniam
3348 1006 3689 1076 deprecatur,
3735 1014 3794 1063 et

2214 1092 2558 1162 impleturum
2591 1108 2648 1149 se
2675 1098 2740 1148 de
2779 1095 2989 1151 caeteris
3022 1096 3282 1167 quidquid
3314 1096 3637 1169 iniungeret,
3672 1084 3794 1171 pol-

2211 1184 2426 1240 licetur.
2471 1184 2623 1239 Tunc
2656 1185 2743 1240 ille
2773 1204 2786 1240 :
2819 1186 2935 1252 Vis,
2968 1187 3161 1258 inquit,
3196 1188 3404 1259 absque
3430 1189 3593 1247 dubio
3614 1189 3791 1261 paeni-

2213 1273 2470 1333 tentiam?
2493 1272 2610 1340 Quo
2632 1276 2992 1346 respondente
3024 1293 3036 1329 :
3070 1275 3231 1342 Volo;
3262 1278 3511 1347 protinus
3530 1277 3741 1334 addidit
3767 1295 3784 1332 :

2212 1361 2347 1417 Huic
2376 1363 2538 1434 igitur
2561 1364 2801 1419 osculum
2823 1365 3021 1436 praebe.
3047 1364 3181 1420 Nam
3209 1381 3336 1422 casu
3361 1367 3626 1424 tuberosaa
3647 1368 3791 1424 cutis

2210 1454 2321 1510 illic
2346 1454 2593 1525 leprosus
2623 1457 2853 1511 astabat.
2882 1456 2973 1512 llle
3001 1456 3287 1513 confestim
3313 1458 3367 1513 in
3396 1458 3515 1529 ejus
3539 1457 3787 1514 osculum

2211 1545 2337 1611 ruit,
2368 1560 2599 1615 moxque
2628 1546 2777 1616 lepra
2823 1547 3064 1603 mundali
3102 1548 3347 1618 corporis
3390 1564 3613 1619 prorsus
3653 1564 3790 1605 eva-

2211 1638 2348 1692 nuit.
2379 1637 2472 1692 Sic
2500 1649 2687 1693 sancta
2718 1639 3025 1696 obedientia
3054 1639 3289 1697 fructum
3317 1655 3430 1696 suae
3460 1641 3789 1698 humilitatis

2211 1726 2437 1794 ihvenit,
2481 1728 2605 1783 dum
2637 1746 2744 1785 non
2781 1730 2937 1787 modo
2967 1732 3180 1787 veniam
3220 1746 3279 1787 se
3307 1732 3627 1803 corrigendo
3655 1748 3791 1805 pro-

2211 1821 2431 1887 meruit,
2457 1822 2551 1876 sed
2576 1830 2630 1875 et
2655 1823 2866 1892 signum
2889 1823 3109 1895 insuper
3123 1832 3230 1879 tam
3254 1824 3553 1895 perspicua:
3572 1824 3791 1881 virtutis

528 1882 764 1987 priorem
792 1890 1123 1987 constituere
1144 1895 1530 1987 ‘decrevisset,
1560 1902 1648 1958 ille
1678 1906 1933 1962 nonnulla
1961 1908 2100 1963 dilii-
2131 1910 2178 1975 Β
2204 1882 2456 1969 ostendit.
2484 1914 2551 1969 Et
2568 1914 2653 1970 cui
2676 1882 2928 1985 superbia
2956 1882 3092 1986 pe‘ne
3122 1882 3293 1987 potuit
3322 1882 3676 1985 apostaticam
3701 1917 3789 1971 in.

527 1970 1049 2065 cultatis‘obStacula
1080 1982 1377 2043 reluctatus
1402 1992 1670 2059 opposuit,
1704 2002 1759 2052 et
1789 1997 1949 2052 modo
1976 1998 2099 2065 hoc,

719 2061 874 2131 illud,
926 2070 1139 2127 tandem
1176 2075 1479 2135 obstinatus
1507 2081 1727 2139 obedire
1756 2060 2100 2158 contempsit.

526 2148 753 2208 Maiolus
793 2169 972 2215 autem
1018 2163 1436 2225 inobedientiam
1495 2171 1679 2229 fratris
1730 2148 2105 2246 mquanimiter

529 2245 677 2315 tulit,
714 2268 887 2324 eoque
918 2255 1107 2311 relicto
1133 2257 1329 2315 itinere
1351 2301 1366 2326 ,
1412 2278 1521 2332 quo
1567 2245 1919 2334 decreverat,
1955 2284 2105 2326 com-

526 2344 746 2400 meavit.
793 2345 1037 2417 Cumque
1090 2348 1260 2406 frater
1311 2352 1364 2408 in
1415 2357 1747 2412 monasterio
1787 2374 1884 2429 per
1919 2360 2104 2418 inube-

525 2433 787 2492 dieutiam
817 2441 1197 2509 remansisset,
1228 2454 1283 2500 et
1315 2445 1507 2517 reliqui
1534 2447 1734 2507 fratres
1761 2453 1814 2507 in
1843 2469 1967 2509 eum
2011 2470 2104 2511 ve-

518 2524 803 2586 hementer
825 2531 1174 2601 inveherent,
1205 2552 1269 2593 ac
1294 2546 1400 2593 tam
1429 2540 1716 2599 obstinatae
1742 2544 1955 2602 duritiae
1980 2561 2102 2617 per-

521 2618 785 2676 vicaciam
828 2624 1158 2681 unanimiter
1195 2627 1571 2700 increparent,
1633 2637 1846 2691 tandem
1884 2638 1953 2691 in
2005 2652 2101 2694 cor

518 2725 800 2781 reversus,
840 2718 1104 2775 adversus
1152 2722 1425 2791 propriam
1462 2725 1797 2783 voluntatem
1853 2728 1905 2783 in
1945 2744 2098 2786 arma

518 2807 893 2880 congreditur,
925 2811 1177 2868 salutaris
1198 2816 1518 2873 obedientiaa
1543 2819 1664 2875 telis
1693 2822 2013 2892 accingitur,
2045 2832 2099 2880 et

521 2908 647 2951 mox
677 2912 924 2968 supernae
960 2904 1151 2973 gratia:
1184 2902 1399 2962 fervore
1433 2924 1751 2976 succensus,
1808 2913 1953 2968 beati
1996 2915 2097 2972 viri

519 2990 742 3061 vestigia
767 2994 1057 3063 perniciter
1079 2999 1392 3055 comitatur.
1426 3001 1532 3057 Sed
1562 3005 1689 3059 dum
1726 3003 1816 3061 ille
1846 3009 2096 3065 nesciens

517 3100 693 3162 empto
717 3094 909 3150 itinere
934 3098 1203 3167 graditur;
1232 3100 1319 3155 hic
1342 3116 1467 3155 vero
1488 3112 1607 3171 post
1629 3120 1749 3158 eum
1779 3103 2098 3161 festinanter

514 3185 782 3241 accelerat
805 3227 820 3253 ,
848 3196 905 3243 et
933 3190 1129 3246 anxius
1173 3207 1237 3247 ac
1267 3194 1579 3262 repentinus
1613 3195 1849 3249 anhelat.
1884 3195 2007 3253 Mox
2028 3198 2095 3252 ad

2204 2003 2348 2060 ferre
2380 2006 2702 2076 perniciem,
2744 2006 3023 2063 humilitas
3057 2009 3207 2065 dedit
3246 2006 3599 2079 apostolicam
3633 2009 3791 2066 exhi-

2205 2096 2336 2153 bere
2370 2098 2647 2154 virtutem.

2279 2191 2443 2263 585
2490 2191 2616 2247 Haec
2663 2192 2866 2257 omnia,
2916 2194 3239 2251 venerabilis
3272 2194 3452 2264 Pater,
3510 2211 3616 2251 non
3666 2195 3789 2252 sine

2205 2299 2402 2356 magno
2447 2286 2643 2341 timore
2686 2286 3076 2355 describimus,
3117 2302 3195 2354 ne
3212 2288 3296 2343 vel
3331 2303 3429 2360 per
3457 2288 3785 2345 oblivionem

2202 2376 2498 2447 propriam,
2529 2377 2615 2432 vel
2647 2393 2745 2447 per
2778 2377 2955 2433 infida:
2999 2378 3278 2434 relationis
3320 2378 3601 2435 audaciam
3631 2396 3661 2435 a
3692 2396 3786 2435 ve-

2204 2468 2382 2524 ritatis
2421 2468 2559 2523 linea
2599 2469 2995 2539 quantumlibet
3025 2470 3379 2526 declinemus.
3417 2471 3781 2539 Quamobrem

2202 2574 2318 2615 meo
2351 2575 2451 2616 nos
2481 2576 2587 2616 non
2619 2569 2933 2617 constanter
2978 2563 3305 2629 astruimus;
3354 2562 3449 2618 sed
3478 2562 3605 2633 quia
3634 2561 3784 2618 velut

2181 2649 2301 2707 sub
2328 2653 2430 2707 hoc
2456 2653 2735 2709 relationis
2761 2654 2950 2710 ordine
2979 2654 3046 2710 ad
3072 2663 3314 2711 nostram
3344 2652 3548 2710 fuerint
3572 2654 3781 2727 perlata

2201 2746 2468 2812 notitiam,
2499 2747 2807 2816 opinamur.

2270 2837 2470 2893 Verum
2500 2839 2747 2911 quisquis
2797 2840 3161 2896 obedientiam
3211 2840 3486 2911 praedicat,
3523 2839 3597 2896 illi
3625 2854 3779 2896 sum-

2200 2945 2418 3001 mopere
2456 2932 2886 2996 cavendumest,
2920 2940 2979 2987 ut
3011 2946 3132 2988 eum
3179 2941 3299 2987 nota
3340 2930 3559 2987 rebellis
3593 2931 3783 2987 inobe-

2199 3026 2414 3081 dieutiae
2445 3041 2551 3081 non
2584 3027 2785 3081 inurat.
2817 3026 2950 3081 Nam
2981 3027 3071 3081 ubi
3105 3024 3272 3081 distat
3294 3024 3458 3096 586
3480 3039 3613 3095 opus
3640 3038 3671 3077 a
3700 3022 3782 3079 la—

2198 3116 2319 3182 biis,
2355 3116 2587 3172 foedatur
2616 3133 2812 3187 nomen
2843 3118 3097 3173 auctoris.
3129 3115 3391 3184 Quoniam
3422 3115 3513 3184 qui
3545 3114 3776 3185 idipsum

2198 3210 2338 3277 quod
2370 3224 2465 3262 ore
2489 3210 2676 3263 statuit
2704 3207 2862 3263 factis
2885 3217 3175 3279 oppugnat,
3206 3208 3376 3278 legem
3402 3205 3590 3276 procul
3614 3204 3779 3261 dubio

514 3277 802 3346 quemdam
829 3281 1050 3336 tluvium
1080 3284 1368 3351 pervenit,
1415 3283 1569 3354 cujus
1612 3286 1696 3338 vir
1725 3278 1939 3339 Domini
1979 3287 2094 3356 jam
2121 3286 2165 3348 C
2197 3301 2430 3354 ἀρειιιυῖι
2464 3316 2630 3369 quam
2680 3277 3003 3371 promulgat.
3035 3277 3386 3371 Quapropter
3429 3302 3603 3370 ipsum
3650 3301 3783 3357 ohe.

511 3367 649 3421 vada
681 3369 989 3437 transierat,
1019 3378 1074 3427 et
1097 3386 1259 3443 super
1285 3372 1458 3442 ripam
1489 3372 1665 3428 adhuc
1689 3372 1914 3428 alteram
1961 3388 2093 3429 con-

512 3457 758 3515 sistebat.

582 3554 717 3609 Cum
746 3556 926 3626 itaque
951 3559 1250 3614 monachus
1275 3559 1329 3613 in
1358 3559 1595 3614 eiteriori
1624 3573 1681 3615 se
1707 3559 1945 3615 ﬂuminis
1965 3575 2089 3616 cre-

508 3646 694 3719 pidine
731 3648 937 3719 figeret,
980 3650 1236 3719 quoniam
1272 3651 1496 3707 absente
1542 3653 1756 3723 navigio
1797 3652 2086 3708 transitum

509 3751 618 3792 non
645 3738 888 3803 haberet,
917 3740 1104 3795 videns
1130 3741 1319 3809 procul
1347 3749 1526 3798 astare
1567 3744 1908 3812 magistrum,
1944 3742 2088 3815 quod

509 3827 685 3882 solum
716 3829 910 3900 potuit,
942 3840 1140 3901 praesto
1163 3847 1424 3887 corruens
1452 3832 1504 3888 in
1538 3843 1735 3889 terram
1766 3850 1824 3890 se
1871 3834 2088 3891 humili-

510 3922 596 3974 ter
621 3920 846 3988 stravit;
877 3929 934 3976 et
975 3922 1101 3993 quia
1130 3921 1342 3978 veniam
1370 3923 1685 3994 deprecans,
1725 3941 1823 3995 per
1842 3925 1962 3981 .oris
1996 3940 2088 3980 or-

2150 3422 2167 3447 u-
2197 3394 2412 3448 dientire
2437 3395 2697 3462 deprecor
2720 3403 2775 3448 et
2803 3395 3120 3449 humilitatis
3146 3402 3452 3455 auctorem,
3486 3399 3545 3445 ut
3568 3391 3626 3447 in
3649 3405 3779 3464 pro-

2195 3485 2342 3540 xitno
2367 3486 2618 3556 dignetur
2644 3502 2674 3539 a
2701 3501 2787 3545 me
2813 3487 2973 3555 hujus
3002 3485 3238 3540 infamiae
3265 3484 3460 3554 probra
3493 3482 3779 3553 repellere,

2196 3592 2387 3647 meque
2413 3578 2692 3648 permittat
2720 3578 2865 3633 hunc
2895 3578 3179 3649 Propheta:
3221 3576 3551 3632 versiculum
3586 3575 3642 3630 in
3671 3576 3778 3634 Ca-

2196 3670 2429 3727 sinensis
2471 3668 2707 3726 coenObii
2756 3670 2962 3726 foribus
3010 3673 3342 3726 decantare:
3371 3689 3390 3722 ι
3416 3668 3648 3738 Propter
3668 3666 3777 3726 hoc

2195 3761 2331 3820 sciet
2383 3763 2611 3835 populus
2662 3779 2813 3819 meus
2855 3779 3050 3820 nomen
3080 3778 3259 3818 meum
3304 3762 3359 3816 in
3389 3761 3477 3816 die
3507 3760 3618 3827 illa,
3645 3760 3774 3834 quia

2193 3869 2293 3927 ego
2320 3854 2434 3925 ipse
2461 3854 2551 3924 qui
2578 3853 2840 3924 loquebar
2869 3871 2995 3910 ecce
3024 3857 3214 3908 adsum
3248 3852 3382 3925 (lsa.
3414 3867 3510 3919 Lit,
3538 3849 3616 3924 6).
3655 3867 3680 3906 ι

2528 3945 2613 4002 Sit
2643 3963 2827 4003 nomen
2851 3947 3060 4003 Domini
3086 3946 3425 4002 benedictum.

513 4128 3763 4159 “mw—ﬁ“

588 4277 947 4353 58””
1028 4228 1876 4418 OPUSCULUM
1965 4299 2853 4429 TRICESEMUM
2944 4295 3674 4434 QUARTUM.

511 4515 614 4577 DE
650 4517 916 4580 VARIIS
978 4518 1514 4583 MIRACULOSIS
1566 4516 2259 4592 NARRATIONIBUS,
2312 4518 2621 4580 ADDITA
2680 4519 2929 4580 SIMILI
2991 4515 3579 4581 DISPUTATIONE
3651 4513 3767 4578 DE

1316 4624 1590 4687 VARUS
1640 4624 2306 4688 APPARITIONIBUS
2342 4625 2446 4685 ET
2490 4624 2947 4688 MIRACULIS.

1930 4795 2349 4813 σ--υ---

3260 4968 3343 4988 1..-
3371 4965 3570 4988 Ι...Ι-ι...-

500 4871 996 4988 “carrum-4
1016 4890 2963 4988 manusuam),transferes-aerisaeris,reterenxee.z,aee
2997 4892 3763 4988 ‘IP.‘1-P.9'PE{'E’1'I‘.“?EP'“3B'

887 4978 1001 4988 κακίαι
1037 4962 1279 4988 -“-Α“ΑῘ-ο
1311 4965 1415 4988 --Ξ-ιι.
1451 4965 1514 4988 ιιι,
1548 4962 1851 4988 3...“..MM-..
