4132 6324
258 470 368 527 573

1006 472 1251 530 OPUSC.
1294 473 1531 533 XXXIV.
1567 508 1639 521 —
1675 478 1765 538 DE
1805 476 2035 538 VARIIS
2086 438 2788 553 ΜΙΒΑΟῸΙΑΙΝΑΒΒᾹΤ(

3412 486 3524 554 ’5⁸η

259 585 461 643 mirum
490 597 766 655 perversa,
798 590 854 638 et
877 582 1159 643 ultricibus
1186 588 1417 645 ﬂammis
1436 592 1712 649 evidenter
1750 595 1846 650 ob-
1872 602 1921 661 Α
1949 604 2004 653 et
2030 599 2234 668 piceos,
2265 600 2693 675 sulphureosque
2721 605 2920 661 fetores
2947 621 3053 663 non
3093 608 3211 665 sine
3238 609 3364 665 tetri
3390 610 3526 669 fumi

259 676 445 742 noxia,
472 676 575 731 hoc
598 691 718 731 eam
749 677 1092 749 sacrilegium
1120 692 1383 737 venenata
1411 687 1676 756 serpentis
1704 687 1846 743 anti-

260 773 357 843 qui
376 774 598 830 suadela
620 776 940 844 perdocuit,
979 786 1037 832 ut
1073 794 1272 850 corpus
1313 781 1649 838 Dominicum
1689 785 1844 854 quasi

258 868 727 924 communicatum
768 870 1091 940 perciperet,
1134 874 1277 942 quod
1321 884 1479 930 caute
1524 891 1840 943 reservans,

260 955 381 1012 viro
414 973 512 1013 suo
540 959 880 1028 postmodum
912 976 1019 1019 non
1054 962 1172 1017 sine
1213 962 1532 1032 quibusdam
1562 965 1843 1022 maleﬁciis

254 1051 589 1123 propinaret.
636 1051 788 1120 Quod
836 1054 1085 1114 videlicet
1122 1071 1152 1109 a
1189 1056 1469 1112 sacerdote
1498 1069 1839 1132 perceptum,

256 1150 315 1197 et
348 1158 520 1212 usque
562 1143 690 1198 dum
730 1144 947 1201 occasio
995 1144 1324 1216 preberet'ur
1353 1148 1568 1217 palliolo
1599 1164 1843 1205 reserva-

257 1238 396 1300 tum,
422 1249 526 1289 non
554 1234 671 1290 sine
696 1252 889 1308 magno
916 1236 1063 1292 dedit
1090 1246 1310 1309 stupore
1340 1240 1677 1295 miraculum.
1716 1241 1843 1297 Haec

255 1327 406 1382 enim
439 1327 703 1397 particula
732 1328 998 1385 Dominici
1035 1332 1282 1401 corporis
1310 1332 1529 1387 inventa
1565 1341 1648 1388 est
1670 1348 1842 1404 usque

254 1420 324 1473 ad
349 1420 700 1476 medietatem
750 1422 805 1477 in
856 1438 1076 1478 carnem
1128 1439 1248 1481 esse
1306 1428 1841 1493 conversam,altera

252 1524 389 1566 vero
417 1511 680 1567 medietas
709 1513 864 1582 panis
893 1514 1127 1584 speciem
1158 1531 1265 1571 non
1300 1518 1546 1571 mutavit.
1578 1517 1762 1587 Itaque
1794 1518 1840 1573 si

252 1600 361 1658 rite
393 1604 735 1668 reminiscor,
768 1606 871 1661 hoc
908 1609 1256 1677 proposuisti,
1302 1610 1495 1684 deinde
1542 1612 1670 1681 quid
1718 1626 1842 1681 por-

253 1696 559 1762 tenderent,
584 1697 874 1767 inquisisti.
901 1700 1077 1771 Super
1096 1716 1200 1772 qua
1230 1705 1547 1773 quaestione,
1580 1706 1704 1773 quia
1732 1720 1840 1760 non

253 1800 478 1841 necesse
496 1796 580 1842 est
610 1787 813 1844 diutius
857 1789 1158 1859 immorari,
1187 1793 1335 1848 brevi
1361 1795 1678 1864 compendio
1709 1794 1839 1865 quid

251 1877 388 1932 mihi
413 1878 659 1933 videatur
687 1882 990 1951 expediam.
1016 1882 1151 1938 Nam
1182 1885 1388 1941 idcirco
1421 1886 1560 1942 Deus
1593 1887 1838 1956 omnipo-

1946 693 2313 750 voluminibus
2339 696 2706 752 exhalantem.
2747 698 2902 754 Circa
2932 716 3092 771 quem
3138 701 3313 757 lacum
3353 710 3524 761 teter-

1946 789 2068 843 rimi
2100 790 2317 859 quidam
2346 792 2492 847 velut
2512 792 2815 865 Ethiopes,
2853 795 3023 867 nigris
3061 797 3315 853 similiter
3343 798 3521 870 equis,

1944 884 2043 935 sed
2068 881 2299 938 excelsis
2320 884 2504 939 instar
2536 884 2787 953 turriu‘m,
2817 887 3140 944 insidebant.
3165 889 3312 945 Intus
3335 899 3519 947 autem

1944 973 2359 1031 innumerabilia
2381 977 2677 1032 crudelium
2702 986 2965 1034 tortorum
2996 989 3270 1046 monstra;
3300 981 3524 1036 damna-

1916 1072 2119 1129 _torum
2160 1084 2291 1124 vero
2333 1070 2651 1125 videbantur
2687 1071 2993 1139 horribilia,
3031 1088 3095 1127 ac
3137 1072 3351 1128 diversa
3395 1088 3524 1144 sup-

1942 1160 2121 1231 plicia.
2168 1162 2313 1219 Inter
2342 1179 2477 1233 quos
2516 1164 2696 1219 subito
2743 1164 2995 1237 contigit,
3041 1172 3101 1219 ut
3130 1166 3293 1220 etiam
3325 1163 3523 1220 Amal-

1944 1252 2067 1306 dum
2112 1253 2320 1309 videret
2346 1255 2678 1326 episcopum,
2712 1272 2876 1327 quem
2911 1257 3163 1313 videlicet
3199 1256 3254 1312 in
3285 1255 3390 1312 illis
3415 1272 3525 1327 prae

1940 1345 2224 1403 nimietate
2257 1347 2453 1405 caloris
2496 1351 2895 1407 exundantibus
2943 1351 3101 1421 aquis
3146 1350 3525 1407 eervicetenus

1942 1435 2280 1503 immersum,
2306 1439 2575 1495 terribiles
2604 1440 2710 1495 duo
2739 1440 3028 1513 Aithiopes
3057 1441 3520 1512 constringebant,

1942 1540 2168 1595 quorum
2226 1527 2362 1583 alter
2406 1531 2735 1600 sartagiuem
2792 1530 3048 1596 ferream,
3102 1531 3243 1588 alter
3298 1531 3525 1587 calicem

1942 1620 2247 1674 aurcum‘in
2277 1622 2527 1677 manibus
2564 1623 2766 1678 habere
2788 1623 3097 1691 videbatur;
3132 1624 3225 1679 sed
3263 1624 3366 1678 iste
3394 1638 3518 1678 cum

1942 1711 2217 1780 sartagine
2259 1711 2481 1766 calicem
2529 1712 2773 1782 replebat
2803 1729 2963 1783 aqua,
3000 1722 3056 1770 et
3093 1713 3182 1768 ille
3220 1713 3380 1768 labiis
3409 1712 3524 1781 epi-

1941 1802 2091 1870 scopi
2120 1801 2369 1871 protinus
2399 1803 2648 1859 eumdem
2685 1804 2905 1860 calicem
2936 1805 3263 1876 apponebat,
3288 1817 3521 1873 eumque

1940 1890 2184 1947 funditus
2218 1893 2437 1949 ebibere
2464 1894 2840 1966 compellebat.
2886 1894 2977 1951 Sic
3013 1897 3197 1967 itaque
3239 1910 3516 1966 nunquam

251 1976 377 2024 tens
401 1981 806 2027 sacrosanctum
832 1972 961 2028 illud
982 1977 1298 2047 mysterium
1324 1978 1375 2032 in
1396 1979 1577 2034 carnis
1602 1978 1834 2051 speciem
1863 1977 1911 2038 B
1938 1985 2247 2051 cessabant,
2275 1996 2329 2041 et
2360 1986 2449 2042 ille
2474 1988 2724 2058 poculum
2753 1988 2911 2044 labiis
2935 1987 3139 2044 hiantis
3170 1989 3514 2061 immergere,

247 2057 432 2122 vertit,
467 2068 525 2112 ut
553 2061 834 2129 perfidiam
858 2065 1099 2134 reprobae
1132 2067 1375 2124 mulieris
1402 2078 1673 2139 argueret,
1703 2070 1832 2125 dum

246 2145 519 2205 visibilem
560 2150 825 2208 Dominici
875 2157 1119 2224 corporis
1155 2158 1467 2213 ostenderet
1498 2160 1785 2214 veritatem
1816 2174 1832 2213 :

246 2248 518 2307 quatenus
566 2257 686 2311 qua:
735 2260 929 2314 purum
994 2262 1207 2317 panem,
1265 2261 1326 2304 ut
1368 2250 1671 2318 videbatur,
1709 2260 1835 2307 ante

246 2331 525 2399 credebat,
570 2349 713 2390 vera:
742 2338 920 2393 carnis
951 2341 1185 2410 speciem
1213 2353 1478 2403 cerneret.
1523 2345 1709 2414 sicque
1745 2360 1834 2401 sa-

244 2424 505 2494 crilegam
544 2429 707 2499 empti
756 2431 979 2488 sceleris
1025 2434 1308 2490 audaciam
1338 2452 1436 2492 suo
1469 2438 1582 2508 ipsa
1624 2437 1832 2507 judicio

246 2519 656 2577 condemnaret.
695 2523 845 2589 Quod
883 2535 1062 2582 autem
1120 2530 1384 2585 medietas
1426 2532 1506 2587 sic
1546 2533 1829 2600 remansit,

243 2609 314 2665 ad
337 2610 691 2668 evidentioris
710 2616 896 2686 judieii
924 2619 1290 2674 testimonium
1345 2622 1579 2690 prolicit,
1604 2632 1662 2678 ut
1702 2623 1830 2678 dum

240 2697 303 2755 in
328 2715 434 2757 una
461 2703 758 2775 eademque
794 2707 1099 2764 substantia
1130 2711 1255 2766 hinc
1283 2714 1461 2782 panis,
1484 2714 1629 2770 illinc
1650 2717 1830 2772 carnis

240 2790 436 2847 adesse
462 2795 778 2852 consideras
803 2801 1061 2868 speciem,
1116 2801 1170 2857 in
1221 2812 1454 2874 utroque
1483 2822 1624 2861 vera:
1647 2808 1828 2864 carnis

238 2885 466 2956 verique
493 2889 649 2958 panis
680 2890 1054 2948 indifferenter
1081 2894 1351 2967 intelligas
1373 2898 1680 2965 veritatem,
1702 2901 1828 2969 quia

238 2984 297 3035 et
339 2977 459 3049 ipse
499 2988 584 3037 est
623 2982 778 3051 panis
823 2985 914 3054 qui
951 2985 1016 3039 de
1057 2986 1182 3041 caelo
1213 2988 1476 3043 descendit
1508 2989 1690 3060 (Joan.
1723 2991 1824 3063 vr),

239 3075 296 3125 et
321 3068 438 3139 ipsa
462 3069 813 3129 nihilominus
830 3089 959 3130 caro
985 3092 1107 3147 quae
1136 3076 1203 3133 de
1232 3078 1512 3149 virginalis
1547 3080 1686 3135 uteri
1711 3094 1826 3135 ma-

238 3157 375 3215 tt-ria
399 3160 613 3228 prodiit.

307 3248 446 3305 Nam
489 3261 545 3306 et
592 3262 771 3309 vester
828 3254 921 3311 ille
964 3255 1232 3315 finitimus
1277 3261 1380 3331 pias
1428 3263 1821 3320 recordationis

1937 2084 1993 2129 et
2040 2076 2139 2131 iste
2169 2085 2389 2131 coactus
2433 2064 2806 2133 indesinenter
2852 2076 3095 2133 haurire.
3148 2076 3285 2145 Quid
3336 2076 3520 2132 multis

1936 2169 2229 2224 immoror?
2268 2168 2421 2225 Hanc
2445 2170 2710 2225 visionem
2740 2170 2949 2225 audivit
2980 2168 3267 2243 episcopus
3303 2175 3364 2224 ut
3399 2182 3517 2221 mo-

1936 2264 2174 2320 nasterio
2206 2265 2457 2319 restituat
2487 2265 2734 2329 calicem,
2758 2265 2825 2319 ab
2856 2264 3047 2319 amicis
3073 2262 3295 2339 omnino
3324 2276 3519 2333 sugge-

1934 2359 2093 2413 ritur.
2125 2357 2220 2413 Ille
2248 2357 2348 2412 sub
2376 2358 2625 2414 fortassis
2653 2357 2906 2429 ambiguo
2941 2357 3167 2412 reddere
3205 2354 3513 2427 pollicetur.

1937 2447 2043 2503 Sed
2071 2450 2198 2503 dum
2222 2465 2314 2505 res
2335 2449 2390 2504 in
2417 2448 2767 2505 crastinando
2791 2447 3057 2515 differtur,
3083 2448 3191 2502 imo
3214 2448 3338 2503 dum
3369 2446 3517 2502 circa

1933 2540 2167 2596 salutem
2208 2557 2360 2596 suam
2406 2541 2497 2597 ille
2528 2558 2637 2598 non
2667 2541 2875 2612 vigilat,
2910 2539 3149 2596 caelestis
3190 2555 3354 2610 super
3390 2553 3516 2601 eum

1932 2634 2203 2689 sententia
2236 2649 2345 2690 non
2386 2632 2665 2689 dormitat.
2708 2632 2845 2687 Nam
2884 2640 2938 2689 et
2974 2631 3038 2688 Β.
3085 2631 3281 2687 Petrus
3309 2629 3513 2695 dehis,

1932 2738 2053 2796 quae
2083 2726 2223 2781 fictis
2251 2726 2430 2783 verbis
2455 2729 2507 2781 in
2530 2726 2759 2782 avaritia
2784 2725 3152 2797 negotiantur,
3178 2724 3252 2778 ait
3281 2741 3295 2777 :
3329 2742 3347 2775 ι
3379 2721 3512 2790 Qui-

1930 2816 2031 2872 bus
2054 2816 2315 2887 judicium
2355 2818 2468 2888 jam
2508 2818 2635 2873 olim
2671 2832 2777 2872 non
2814 2824 3010 2881 cessat,
3056 2812 3288 2885 perditio
3314 2826 3503 2867 eorum

1931 2925 2036 2965 non
2060 2911 2317 2966 dormitat
2341 2910 2392 2983 (Ι
2416 2909 2561 2965 Petr.
2587 2910 2669 2981 ιι).
2702 2929 2721 2963 ι
2750 2908 2990 2977 Quadam
3015 2906 3197 2977 itaque
3218 2905 3325 2972 die,
3351 2904 3510 2960 tertia

1928 3005 2324 3076 propinquante
2342 3004 2453 3073 jam
2476 3005 2629 3070 hora,
2656 3003 2708 3057 in
2739 3000 2966 3067 castelli,
2994 2999 3083 3055 ubi
3107 3009 3243 3062 erat,
3271 2996 3506 3068 crepidi-

1927 3110 2073 3165 nem,
2114 3096 2300 3152 sellam
2329 3094 2587 3166 prtecepit
2624 3092 2830 3159 afferri,
2860 3102 2918 3147 ut
2965 3089 3237 3163 surgentis
3266 3089 3503 3145 calorem

1926 3184 2056 3242 solis
2101 3186 2398 3257 exciperet,
2435 3200 2499 3241 ac
2531 3183 2812 3239 matutinis
2849 3182 3065 3253 frigoris
3094 3180 3350 3251 reliquias
3380 3195 3507 3251 pro—

1924 3280 2186 3350 pulsaret.
2238 3280 2482 3349 Cumque
2534 3277 2794 3334 residenti
2844 3275 3128 3332 domestici
3177 3274 3280 3338 sui,
3339 3273 3505 3339 servi,

235 3340 649 3412 Amalphitanus
689 3348 996 3418 episcopus)
1039 3367 1233 3408 nomen
1295 3356 1497 3419 IIeSCiD.
1547 3356 1824 3428 Stephano
1849 3371 1894 3437 ο
1927 3340 2088 3440 atque
2112 3340 2529 3426 contubernales
2559 3367 2911 3435 assisterent‘;
2947 3376 3000 3421 et
3038 3366 3128 3421 ille
3150 3379 3393 3430 securus,
3425 3364 3511 3419 bi-

237 3431 482 3492 Romano
503 3436 775 3518 Ppntifici,
796 3457 883 3496 me
906 3454 1193 3512 praesente,
1219 3448 1319 3502 sub
1342 3448 1694 3519 jurejurando
1724 3467 1824 3507 ste-

234 3541 305 3597 pe
335 3535 565 3585 testatus
582 3540 664 3588 est
684 3534 811 3604 quia
835 3550 957 3589 cum
982 3536 1273 3606 aliquando
1322 3540 1389 3594 ad
1430 3556 1672 3596 mensam
1718 3541 1822 3598 Do.

234 3619 369 3674 mini
396 3622 800 3681 sacrificaturus
822 3629 1126 3695 accederet,
1155 3632 1251 3685 sed
1279 3646 1442 3701 super
1480 3640 1821 3689 sacramento

232 3714 499 3774 Dominici
529 3722 774 3798 corporis
812 3723 1121 3780 incredulus
1150 3726 1443 3791 haesitaret,
1474 3728 1526 3783 in
1558 3729 1668 3798 ipsa
1691 3743 1822 3783 eon-

232 3802 499 3863 fractione
522 3810 775 3867 salutaris
797 3813 1008 3881 hostiae,
1043 3817 1205 3871 rubra
1246 3833 1467 3888 prorsus
1490 3834 1551 3873 ac
1580 3817 1817 3888 perfecta

233 3911 365 3952 caro
393 3899 534 3956 inter
559 3902 678 3972 ejus
708 3920 907 3962 manus
934 3909 1206 3979 apparuit,
1234 3910 1309 3963 ita
1338 3919 1398 3964 ut
1427 3913 1591 3965 etiam
1619 3912 1817 3981 digitos

231 3988 377 4048 illius
405 4004 737 4064 cruentaret,
760 3999 946 4070 sicque
970 4002 1238 4056 sacerdoti
1257 4017 1471 4058 onmem
1503 4004 1814 4073 scrupulum

230 4077 523 4139 dubietatis
550 4085 810 4143 auferret.
848 4089 1268 4146 Ubi'notandum
1292 4108 1453 4161 quam
1487 4094 1557 4147 sit
1580 4094 1817 4150 immane

228 4174 527 4245 periculum
552 4178 786 4251 indignis
812 4184 1065 4240 manibus
1104 4193 1400 4240 attrectare
1435 4195 1542 4241 tam
1577 4187 1816 4242 terribile

228 4278 654 4328 sacramentum.
686 4273 794 4329 Sed
819 4277 949 4345 quid
975 4276 1043 4333 de
1067 4280 1423 4335 sacramentis
1452 4280 1582 4350 ipsis
1602 4280 1813 4350 eloqui-

226 4370 371 4418 mur,
401 4373 526 4415 eum
562 4362 729 4417 etiam
758 4380 922 4436 super
965 4383 1060 4423 eos
1083 4369 1392 4439 aliquando,
1416 4371 1506 4441 qui
1536 4386 1601 4426 ex
1625 4386 1810 4427 eorum

225 4449 374 4505 vasis
423 4450 741 4523 offendunt,
803 4459 1072 4516 terribiles
1116 4462 1233 4516 fieri
1286 4463 1581 4519 sententias
1623 4463 1809 4521 videa-

226 4539 388 4596 mus?

739 4637 967 4695 CAPUT
1002 4639 1292 4698 PRIMUM.
1340 4654 1349 4659 ‘

1922 3462 2054 3518 laris
2100 3478 2161 3517 ac
2199 3461 2489 3532 jucundus,
2520 3461 2698 3518 faceta
2730 3477 2853 3517 cum
2881 3461 2983 3527 eis,
3015 3470 3072 3516 et
3100 3460 3306 3515 urbana
3336 3455 3504 3515 verba

1922 3555 2207 3621 misceret;
2249 3554 2429 3609 subito
2459 3554 2776 3625 repentinus
2806 3553 2958 3609 dolor
2986 3552 3041 3607 in
3083 3551 3199 3621 ejus
3239 3552 3500 3608 verticem

1925 3650 2179 3716 tanquam
2229 3645 2437 3715 gladius
2490 3644 2675 3711 irruit;
2726 3659 2962 3714 eumque
3016 3642 3250 3709 morior,
3297 3642 3502 3697 morior

1921 3741 2226 3795 exclamare
2251 3740 2444 3811 coegit.
2489 3738 2611 3794 Mox
2646 3737 3014 3806 bajulantibus
3044 3735 3369 3792 necessariis
3410 3735 3503 3790 de-

1920 3830 2092 3886 fertur
2117 3831 2182 3886 ad
2209 3830 2460 3887 lectulum
2488 3848 2500 3885 :
2526 3830 2844 3901 mysterium
2875 3839 3234 3883 sacrosanctzc
3252 3842 3497 3882 cominu-

1919 3923 2097 3979 nionis
2120 3924 2329 3994 accepit
2349 3939 2414 3978 ac
2434 3922 2684 3993 spiritum
2707 3922 2954 3992 protinus
2976 3916 3498 3975 exhalavit.Timeat

1917 4033 2045 4088 ergo
2068 4018 2313 4088 quisquis
2336 4016 2422 4072 vel
2446 4015 2802 4071 ecclesiastici
2834 4014 3077 4086 mysterii
3103 4012 3354 4067 utensilia
3381 4011 3494 4066 dis-

1920 4112 2122 4176 trahit,
2173 4110 2258 4165 vel
2308 4109 2575 4164 tremendi
2620 4107 2988 4162 anathematis
3030 4104 3266 4175 elogium
3313 4104 3495 4175 parvi-

1915 4202 2137 4271 pendit;
2163 4217 2229 4256 ne
2251 4201 2376 4256 dum
2405 4184 2560 4270 quasi
2588 4215 2813 4255 securus
2835 4197 3096 4262 ambulat,
3122 4195 3343 4252 latentis
3364 4212 3490 4252 eum

1909 4293 2096 4364 jndicii
2126 4293 2348 4363 laqueus
2371 4291 2816 4362 comprehendat.
2843 4290 2955 4344 Heu
2974 4288 3297 4345 miserabilis
3318 4287 3495 4355 valde,

1914 4394 1967 4440 et
2013 4384 2199 4441 infelix
2230 4384 2464 4440 humana
2492 4383 2759 4441 conditio!
2794 4381 2954 4438 Certe
2987 4381 3247 4453 prtefatus
3284 4381 3496 4451 episco-

1914 4493 2014 4548 pus
2040 4476 2167 4534 licet
2193 4478 2245 4532 in
2276 4477 2380 4533 hoc
2418 4476 2517 4532 sibi
2559 4474 2901 4547 negligentiae
2939 4481 3124 4545 torpor
3161 4472 3490 4544 obrepserit,

1914 4569 2048 4623 alias
2074 4577 2252 4623 tamen
2283 4576 2473 4623 acutus
2512 4576 2649 4635 erat,
2683 4567 2993 4640 ingeniosus
3024 4575 3078 4621 et
3106 4574 3319 4631 cautus,
3378 4574 3494 4621 tan-

1915 4669 2089 4729 neque
2117 4660 2399 4725 facundiaa,
2434 4667 2492 4713 ut
2520 4658 2645 4713 dum
2672 4657 3077 4729 expeditissime
3105 4657 3161 4711 in
3189 4654 3371 4711 verbis
3399 4654 3494 4710 de-

224 4743 480 4829 Terribilf
542 4752 857 4829 attemptare,
884 4754 1109 4829 Arualdi
1148 4758 1374 4829 episcopi
1420 4759 1626 4813 Aretini
1676 4761 1806 4815 cali-
1839 4751 1891 4813 D
1914 4758 2179 4816 curreret,
2214 4749 2568 4806 circumcisus
2608 4748 2763 4804 labiis
2800 4748 2906 4804 dici
2950 4763 3057 4802 non
3088 4745 3364 4802 immerito
3400 4759 3492 4813 po-

291 4818 760 4943 zzrz‘gominicum
787 4826 1089 4897 Mimantis,
1134 4818 1187 4885 ei
1225 4830 1291 4884 ab
1320 4818 1563 4886 Ecclesia
1598 4832 1809 4888 subtra-

326 4906 480 4946 enm.

288 5000 588 5062 Arnaldutn
659 5019 809 5067 certe
875 5011 1116 5069 Aretinaa
1171 5014 1319 5071 sedis
1377 5016 1684 5086 episcopum
1745 5024 1805 5073 tu

217 5108 436 5164 quoque
503 5097 843 5157 familiariter
897 5105 1181 5175 agnovisti.
1220 5106 1297 5161 De
1348 5106 1447 5162 hoc
1486 5109 1616 5163 mihi
1666 5107 1806 5164 Mar-

219 5186 364 5243 tinus
415 5193 665 5258 eremita,
700 5198 907 5267 magnae
950 5197 1157 5253 scilicet
1198 5198 1468 5268 opinionis
1508 5202 1590 5254 vir
1615 5216 1679 5256 ac
1706 5217 1799 5257 ce-

215 5273 384 5334 lebris
411 5278 572 5338 fama
602 5286 851 5341 narravit
896 5286 1080 5359 589.
1132 5289 1269 5357 Quia
1314 5304 1381 5346 ex
1430 5292 1662 5362 quodam
1717 5293 1801 5349 sui

208 5365 352 5437 juris
408 5377 739 5433 monasterio
787 5378 1012 5435 calicem
1041 5395 1263 5436 aureum
1294 5384 1536 5450 abstulit,
1588 5392 1643 5439 et
1685 5386 1805 5455 qui-

214 5460 444 5518 busdam
489 5467 898 5528 imminentibus
951 5475 1278 5531 necessariis
1325 5476 1581 5531 alienavit
1640 5493 1653 5530 :
1711 5477 1800 5532 cui

212 5552 475 5611 nimirum
516 5560 671 5616 calici
718 5563 913 5620 nobilis
942 5563 1006 5621 ac
1028 5567 1222 5624 devota
1250 5567 1488 5635 .mulier,
1530 5583 1648 5638 quas
1676 5583 1800 5623 eum

209 5650 445 5705 Sanctis
475 5651 782 5724 obtulerat,
839 5660 1203 5718 anathematis
1281 5662 1535 5728 titulum,
1600 5677 1667 5716 ne
1731 5663 1799 5718 ab

210 5737 398 5809 aliquo
444 5743 767 5815 tolleretur,
812 5751 1035 5819 provide
1093 5751 1221 5809 fecit
1278 5753 1526 5825 insculpi.
1587 5753 1799 5810 Interea

210 5832 435 5890 cuidam
486 5836 643 5894 fratri
701 5856 898 5913 sopore
942 5844 1216 5915 depresso
1246 5889 1259 5913 ,
1324 5850 1509 5904 videre
1572 5836 1833 5919 contigit.

207 5926 506 5997 (Iucundum
556 5928 736 5990 lacum
778 5933 933 5991 nimii
982 5935 1183 5995 caloris
1229 5940 1425 5998 ardore
1466 5938 1792 6016 ferventem,

1913 4842 2124 4898 tuisset.
2177 4840 2284 4895 Sed
2334 4856 2456 4896 cum
2510 4840 2800 4911 Apostolus
2849 4839 2995 4894 dicat
3050 4856 3062 4892 :
3121 4855 3140 4889 α
3196 4835 3490 4891 Prudentia

1906 4934 2093 4988 ‘earnis
2138 4947 2286 4988 mors
2332 4941 2456 5000 est;
2512 4931 2799 5003 prudentia
2847 4930 3073 5000 spiritus
3121 4927 3232 4982 vita
3281 4935 3337 4982 et
3383 4942 3489 4997 pax

1909 5024 2083 5096 (Rom.
2125 5023 2243 5094 vm)
2298 5039 2313 5078 :
2364 5043 2383 5077 ι
2434 5023 2563 5094 quid
2614 5022 2854 5093 prodest,
2901 5021 2945 5076 si
2984 5018 3257 5091 quispiam
3306 5015 3491 5074 saeculi

1904 5118 2065 5189 hujus
2099 5117 2385 5188 prudentia
2423 5112 2643 5181 calleat,
2691 5116 2738 5171 si
2791 5114 2989 5186 ingenii
3029 5113 3236 5169 vivacis
3276 5112 3480 5189 obtuti-

1906 5206 2008 5263 bus
2036 5207 2216 5263 abdita
2245 5207 2688 5279 comprehendat,
2712 5206 2758 5262 si
2781 5214 2999 5261 versuta
3027 5204 3342 5273 calliditate,
3367 5215 3486 5261 tan-

1908 5313 2072 5368 quam
2105 5298 2351 5366 Proteus,
2384 5299 2439 5355 in
2466 5300 2617 5355 varia
2646 5314 2706 5356 se
2753 5297 3048 5355 formarum
3076 5307 3320 5357 monstra
3349 5316 3483 5357 con-

1904 5399 2101 5446 vertat.

2436 5482 2599 5555 590
2622 5483 2851 5541 CAPUT
2886 5484 2952 5541 η.

2048 5574 2209 5629 Aliud
2242 5574 2471 5630 terribile
2500 5576 2789 5647 exemplum
2824 5575 3043 5632 Tedaldi
3084 5578 3337 5649 episcopi.

1971 5664 2182 5721 Interea
2225 5666 2327 5720 sub
2372 5666 2530 5738 hujus
2574 5668 2864 5723 occasione
2906 5668 3195 5739 sermonis,
3245 5668 3374 5723 illud
3421 5669 3477 5724 in

1900 5760 2220 5813 memoriam
2244 5759 2401 5825 redit,
2431 5761 2573 5831 quod
2596 5762 2722 5816 olim
2748 5760 3004 5817 Tetaldus
3034 5763 3318 5834 episcopus
3341 5775 3478 5831 prae-

1900 5851 2157 5906 decessor
2188 5852 2363 5919 istius,
2400 5854 2451 5908 in
2497 5852 2792 5910 festivitate
2820 5856 2962 5911 beati
2990 5856 3184 5910 Donati
3212 5854 3477 5909 constitu-

1901 5950 1987 6001 tus
2018 5943 2075 5999 in
2123 5942 2352 6017 pulpito,
2382 5946 2641 6020 sermoni,
2689 5962 2797 6020 quo
2841 5946 3289 6021 concionabatur,
3329 5942 3475 6028 adje:
