4142 5396
606 402 711 465 ’475

1068 410 1124 466 S.
1166 411 1373 469 PETRI
1398 414 1680 495 DAMIANl
1703 416 1852 474 OPP.
1892 417 2127 476 TOMUS
2170 416 2305 478 SEU
2343 419 2520 479 PARS
2554 423 2639 480 Ill.
2678 454 2745 465 —-
2784 422 3147 486 OPUSCULA
3187 429 3415 488 VARIA.

3747 427 3871 494 576

600 508 693 578 cit.
722 520 780 577 In
806 520 1218 591 Longobardiaa,
1254 525 1451 596 inquit,
1491 527 1686 586 finibus
1723 531 1867 587 unde
1906 531 2173 602 originem
2199 537 2249 598 Α
2279 534 2590 606 nullumque
2624 552 2746 593 cum
2781 554 2846 596 co
2875 550 3130 613 tanquam
3158 526 3535 616 ‘energumeno
3563 546 3870 621 dignantur

599 615 756 681 duco,
807 614 893 669 vir
948 624 1068 671 erat
1115 619 1418 690 versipeliis
1467 622 1688 693 ingenii,
1741 634 1796 678 et
1842 624 2174 682 acutissima:

569 705 931 772 subtilitatis,
965 709 1156 779 duplex
1190 711 1392 781 animo,
1424 729 1674 771 sermone
1695 715 1925 787 lepidus,
1957 719 2178 775 concin-

598 798 795 853 nandis
837 798 1276 873 fabricandisque
1305 810 1628 863 commentis
1664 810 1906 878 edoctus,
1942 812 1995 868 in
2022 828 2176 885 repe-

598 887 801 944 riendis
839 906 903 947 ac
953 894 1226 951 variandis
1260 897 1504 954 consiliis
1541 901 1895 958 vehementer
1939 912 2171 962 astutus.

598 974 882 1049 Nunquam
922 982 1165 1053 erigebat
1210 986 1435 1042 brachia
1483 996 1675 1045 contra
1720 1001 2040 1063 torrentem,
2078 998 2174 1053 sed

598 1087 665 1129 ex
721 1091 1046 1148 quocunque
1097 1079 1264 1137 latere
1313 1083 1570 1139 mundani
1620 1087 1851 1145 turbinis
1881 1104 2003 1146 eum
2039 1108 2172 1148 aura

598 1167 882 1238 proflaret;
912 1171 1000 1227 ille
1029 1174 1274 1243 protinus
1302 1186 1487 1247 aptum
1513 1179 1846 1248 calliditatis,
1869 1193 2034 1254 atque
2063 1201 2179 1242 ver-

599 1261 754 1315 sutia;
789 1260 1009 1332 pallium
1048 1267 1374 1335 opponebat.
1417 1268 1632 1327 Accidit
1677 1283 1881 1339 autem,
1930 1284 1994 1331 ut
2036 1278 2179 1335 hunc

598 1362 722 1423 post
746 1353 951 1409 obitum
976 1355 1192 1426 quidam
1224 1357 1393 1414 frater
1419 1370 1682 1418 nocturna
1712 1364 1925 1423 visione
1954 1370 2173 1440 conspi-

600 1452 770 1497 ceret.
796 1442 970 1499 Lacus
998 1455 1115 1500 erat
1144 1446 1361 1516 igneus;
1402 1451 1496 1521 qui
1534 1449 1911 1513 ﬂammivomis
1953 1475 2180 1530 vapora-

601 1530 693 1584 bat
719 1530 1001 1599 incendiis,
1026 1543 1077 1589 et
1110 1538 1504 1608 crepitantibus
1533 1541 1737 1611 ignium
1766 1546 1939 1617 globis
1963 1550 2181 1606 terribi-

602 1619 704 1675 lem
745 1624 1093 1680 cernentibus
1135 1625 1431 1684 incutiebat
1461 1632 1773 1702 horrorem;
1810 1654 1971 1708 quem
2005 1641 2178 1698 lacum

603 1717 826 1772 trabalis
862 1720 1205 1778 enormitatis
1248 1723 1568 1784 videbantur
1606 1732 1856 1788 obsidere
1892 1736 2178 1805 dracones,

601 1808 860 1878 variaque
888 1812 1222 1881 serpentium
1250 1831 1470 1886 genera,
1512 1821 1639 1877 hinc
1683 1824 1805 1878 inde
1851 1842 1946 1897 per
1984 1828 2182 1885 circui-

2278 625 2479 683 habere
2514 631 2866 687 consortium.
2911 633 3081 692 Porro
3109 652 3235 692 cum
3276 638 3428 694 dives
3454 640 3544 707 sit,
3574 649 3629 697 et
3656 643 3873 700 exubec

2250 782 2251 785 η
2286 732 2413 773 rans
2448 718 2643 776 domus
2698 723 2838 794 ejus,
2874 723 3043 780 ﬂuunt
3078 743 3332 798 pannosae
3365 740 3419 786 et
3461 732 3625 788 illata:
3654 744 3869 804 vestes,

2278 810 2465 864 horret
2487 811 2692 868 inculta
2721 815 2989 882 caesaries,
3028 827 3191 889 caput
3223 820 3339 890 ejus
3367 822 3610 878 diuturni
3642 824 3874 882 sudoris

2277 899 2413 956 fetet
2436 901 2653 972 injuria,
2683 920 2879 977 corpus
2910 916 3085 965 totum
3118 925 3216 980 per
3245 910 3456 983 longam
3485 914 3669 970 sordet
3700 916 3870 972 incn-

2278 992 2438 1046 riam.
2486 991 2585 1048 llic
2623 993 2802 1065 plane,
2844 1012 2965 1052 cum
3005 1014 3091 1054 me
3129 1000 3322 1057 adesse
3349 1014 3728 1074 cognosceret,
3772 1019 3872 1062 me

2253 1086 2525 1142 concitus
2553 1087 2711 1152 adiit,
2746 1088 2887 1144 mala
2924 1105 3047 1162 quae
3089 1092 3398 1161 patiebatur
3421 1094 3692 1165 exposuit,
3723 1109 3871 1165 que-

2278 1176 2447 1231 relam
2473 1178 2537 1234 de
2562 1178 2676 1235 suis
2707 1178 2891 1236 sobrio
2924 1196 3174 1238 sermone
3214 1182 3462 1255 digessit,
3489 1193 3545 1241 et
3569 1185 3871 1257 (quantum

2279 1281 2346 1322 ex
2375 1276 2559 1324 tenore
2590 1272 2879 1326 verborum
2921 1271 3039 1342 ejus
3065 1273 3322 1347 colligere
3352 1276 3524 1346 potui)
3572 1276 3872 1332 rationabi-

2262 1356 2405 1431 liter
2430 1358 2770 1415 declamavit.
2808 1361 2995 1432 Itaque
3039 1365 3271 1419 conveni
3310 1364 3504 1431 tilium,
3544 1367 3870 1438 episcopum

2281 1464 2497 1520 quoque
2542 1466 2605 1507 ac
2645 1452 2712 1506 de
2750 1453 2972 1509 civitate
3001 1455 3453 1526 quamplurimos,
3491 1469 3549 1514 et
3591 1459 3875 1516 subtiliter

2280 1542 2558 1612 inquisivi,
2609 1546 2753 1616 quod
2807 1547 3197 1616 inordinatum,
3246 1549 3374 1621 quid
3422 1550 3673 1618 delirum,
3731 1550 3872 1621 quid

2281 1633 2523 1705 ineptum
2550 1635 2605 1691 in
2648 1636 2739 1692 illo
2773 1640 3172 1709 conspicerent,
3208 1656 3308 1712 pro
3337 1656 3445 1711 quo
3471 1640 3548 1696 illi
3578 1642 3867 1697 vesaniam

2266 1726 2634 1795 imputarent.
2659 1727 2705 1781 A
2730 1729 2926 1798 quibus
2955 1731 3142 1801 utique
3164 1730 3299 1785 nihil
3321 1730 3484 1799 aliud,
3517 1740 3573 1789 et
3593 1747 3662 1786 ne
3687 1747 3866 1790 unum

2283 1816 2501 1885 quidem
2528 1816 2661 1870 certi
2695 1817 2835 1888 signi
2865 1820 3090 1874 verbum
3123 1818 3403 1875 addiscere
3430 1821 3599 1889 potui,
3626 1821 3733 1876 nisi
3759 1821 3872 1877 hoc

604 1907 715 1953 tum
743 1901 988 1971 spatiari.
1017 1902 1112 1958 Vir
1142 1914 1322 1989 autem
1346 1908 1441 1984 "ille
1472 1927 1632 1982 quem
1672 1906 1939 1983 diximus,
1975 1920 2026 1974 in
2066 1920 2180 1991 ipsa

2290 1918 2515 1976 tantum,
2540 1911 2669 1979 quia
2693 1913 2916 1967 demens
2946 1920 3029 1968 est
3055 1930 3068 1966 :
3107 1913 3252 1983 quod
3278 1928 3468 1968 omnes
3496 1928 3594 1969 ore
3626 1927 3873 1968 consono

603 1987 940 2047 ﬂammarum
971 1982 1314 2053 stridentium
1350 1982 1618 2075 voragine
1650 2018 1975 2077 coarctatus,
2008 2022 2180 2070 tenta-

576 2082 697 2137 'bat
726 2084 943 2153 quidem
991 2085 1247 2160 effugere,
1285 2094 1380 2149 sed
1417 2097 1759 2158 obstantibus
1788 2104 1996 2172 bestiis,
2030 2107 2179 2164 dole-

2279 2000 2611 2056 unanimiter
2645 2000 2964 2057 aﬂ‘erebant.
2992 2003 3238 2073 Cumque
3270 2016 3370 2074 ego
3401 2002 3642 2058 dicerem
3669 2016 3685 2056 :
3709 2002 3861 2070 Quo-

2282 2091 2444 2146 modo
2482 2091 2536 2147 id
2569 2091 2743 2158 scitis,
2772 2093 3036 2162 quibusve
3066 2091 3280 2148 iudiciis
3307 2107 3429 2148 eum
3464 2092 3700 2148 insanire
3728 2106 3868 2149 eon-

601 2172 699 2229 bat
745 2177 947 2232 aditum
980 2195 1085 2235 non
1121 2192 1331 2253 patere.
1380 2186 1535 2245 Modo
1563 2193 1771 2277 scilicet
1798 2211 1866 2251 ex
1901 2198 2003 2253 hac
2028 2210 2182 2271 parte
2277 2181 2447 2277 Ῐίοίῇδ
2468 2181 2499 2277 ?_
2553 2180 2727 2277 Nihil_
2758 2182 2905 2235 arma
2961 2181 3299 2277 ίηνεηξθηῑεῖδ
3322 2221 3336 2246 ν
3365 2180 3632 2277 ’Δίᾳίρὲιξιη
3691 2181 3876 2237 denuo

605 2265 785 2337 fugam
840 2271 1096 2339 parabat;
1149 2275 1244 2330 sed
1300 2292 1426 2333 ecce
1471 2267 1705 2354 serpens
1736 2287 1926 2342 obvius
1972 2265 2180 2347 aderat.

606 2358 711 2415 Per
758 2361 919 2417 aliam
964 2375 1173 2435 partem
1223 2383 1509 2441 erumpere
1562 2378 1861 2445 satagebat,
1915 2380 2009 2435 sed
2054 2398 2186 2440 ecce

610 2469 800 2511 rursus
825 2454 927 2511 alia
959 2458 1134 2515 bestia
1165 2460 1287 2518 laxo
1311 2474 1528 2535 gutture
1554 2470 1793 2526 stridens
1825 2473 1931 2527 iter
1954 2477 2189 2533 occluse-

607 2552 712 2598 rat.
757 2542 850 2601 Ille
879 2563 1067 2604 rursus
1097 2559 1152 2605 et
1182 2552 1284 2607 alia
1313 2555 1379 2611 ad
1410 2556 1746 2615 evadendum
1774 2562 1888 2619 loca
1921 2568 2189 2636 tentabat,

608 2635 703 2691 sed
753 2637 1156 2711 insurgentibus
1200 2646 1413 2715 bestiis,
1459 2652 1680 2709 omnino
1726 2666 1934 2714 meatus
1984 2660 2189 2733 aufugii

609 2742 716 2783 non
751 2731 990 2799 patebat.
1025 2732 1197 2792 Porro
1227 2747 1406 2794 autem
1437 2756 1558 2797 cum
1583 2744 1798 2802 Veritas
1823 2749 2001 2806 dicat:
2034 2772 2052 2804 ε
2090 2731 2192 2809 Ea-

611 2819 734 2875 dem
771 2837 1024 2880 mensura
1072 2844 1177 2899 qua
1207 2832 1377 2887 mensi
1402 2832 1638 2904 fueritis
1695 2842 2010 2897 remetietur
2042 2845 2194 2901 vobis

611 2911 826 2984 (Matth.
861 2931 971 2981 vn;
1001 2917 1172 2976 Marc.
1209 2920 1317 2989 tv);
1367 2942 1385 2976 ι
1424 2925 1526 2981 hoc
1562 2926 1636 2982 illi
1669 2928 1816 2999 justo
1850 2933 1943 2987 Dci
1986 2934 2193 3003 judicio

611 3005 976 3078 contingebat.
1035 3009 1189 3067 Sicut
1235 3013 1377 3068 enim
1430 3015 1519 3071 ille
1566 3034 1664 3089 per
1699 3022 1933 3078 carnalis
1980 3028 2193 3084 astutia:

610 3095 927 3165 vanitatem,
967 3114 1034 3155 ex
1078 3102 1408 3172 quibuslibet
1451 3104 1610 3175 hujus
1655 3111 1834 3167 saeculi
1876 3128 1934 3168 se
1966 3125 2193 3172 noverat

612 3183 823 3256 laqueis
863 3192 1160 3260 expedire;
1202 3195 1275 3249 ita
1320 3199 1663 3267 postmodum
1705 3218 1865 3260 versa
1897 3206 2015 3261 vice
2045 3210 2192 3265 nullo

2286 2273 2658 2342 replicabam:
2695 2272 2927 2327 Demens
2962 2283 3067 2328 est.
3116 2271 3269 2339 Quod
3306 2272 3440 2326 mihi
3481 2273 3696 2327 videtur
3736 2285 3875 2343 pro-

2285 2364 2511 2421 fundum
2561 2374 2723 2435 atque
2776 2364 3094 2425 admirabile
3155 2364 3248 2420 Dei
3302 2364 3693 2435 omnipotentis
3745 2376 3873 2418 esse

2282 2456 2569 2527 judicium,
2591 2459 2763 2527 utqui
2793 2457 3047 2527 prudens,
3070 2466 3126 2512 et
3149 2455 3327 2512 sciens
3354 2464 3547 2527 sponte
3567 2453 3874 2527 desipuisse

2293 2548 2655 2619 cognoscitur,
2683 2549 2920 2619 prudens
2946 2558 3001 2603 et
3029 2548 3206 2604 sciens
3237 2547 3489 2618 opinione
3511 2546 3748 2603 vesania:
3767 2561 3873 2617 pu-

2293 2641 2472 2694 niatur
2498 2659 2509 2694 :
2543 2648 2597 2696 et
2622 2642 2715 2711 qui
2740 2649 2930 2711 sponte
2955 2638 3131 2696 factus
3150 2649 3234 2695 est
3261 2638 3520 2705 furiosus,
3552 2639 3775 2694 demens
3797 2638 3873 2694 ab

2293 2737 2440 2790 omni
2472 2735 2666 2806 populo
2689 2734 2962 2805 judicetur
2987 2735 3205 2790 invitus.
3235 2734 3428 2790 Merito
3453 2742 3644 2790 contra
3679 2745 3874 2788 votum

2295 2826 2635 2895 adjudieatur
2674 2826 2919 2893 insaniae,
2952 2826 3046 2896 qui
3073 2824 3352 2881 voluntate
3382 2825 3615 2895 propria.
3636 2831 3872 2878 conatus

2294 2933 2379 2976 est
2403 2922 2660 2977 insanire.
2689 2920 2978 2976 Enimvero
2999 2919 3045 2975 si
3065 2917 3576 2984 veraeiterfureret,
3602 2931 3664 2971 eo
3688 2915 3889 2979 minus

2293 3016 2462 3071 miser
2487 3024 2652 3079 esset,
2683 3030 2790 3084 quo
2824 3014 3114 3084 despectus
3151 3012 3235 3067 sui
3277 3011 3442 3075 mala,
3482 3007 3610 3082 quae
3641 3010 3871 3079 patitur,

2296 3108 2589 3178 ignoraret.
2618 3106 2733 3161 Non
2756 3115 2838 3163 est
2858 3106 3039 3176 itaque
3059 3105 3198 3161 sicut
3218 3112 3465 3160 mortuus
3483 3102 3667 3159 steculi
3696 3101 3872 3173 (Psal.

2295 3202 2485 3273 CXLII),
2517 3201 2609 3271 qui
2643 3218 2743 3255 non
2776 3200 2968 3266 sentit;
2994 3199 3089 3254 sed
3110 3200 3251 3255 sicut
3278 3198 3523 3254 mortuus
3550 3195 3869 3263 cStinferni,

613 3276 828 3333 valebat
872 3279 1088 3350 ingenio
1129 3285 1472 3356 supplicium,
1515 3306 1624 3360 quo
1667 3295 2031 3365 cruciabatur,
2071 3316 2188 3356 eva-

2300 3293 2391 3361 qui
2413 3292 2613 3362 jugiter
2648 3290 2896 3352 moritur,
2934 3300 2989 3345 et
3036 3297 3267 3344 mortem
3306 3289 3481 3358 ipsam
3526 3287 3729 3343 sentire
3764 3299 3873 3341 non

617 3366 762 3423 dere.
797 3368 899 3436 Qui
928 3372 1185 3430 nimirum
1216 3378 1262 3432 si
1306 3380 1663 3449 prudentiam,
1704 3401 1810 3454 qua
1847 3389 2100 3456 callebat,
2140 3393 2193 3449 in

616 3459 814 3519 divinis
845 3466 1140 3524 studuisset
1168 3484 1429 3529 exercere
1459 3478 1749 3545 mandatis,
1782 3495 1887 3536 non
1916 3496 2193 3542 cremare-

620 3564 707 3610 tur
734 3558 875 3612 intcr
898 3560 1083 3617 rabida
1107 3579 1202 3620 ora
1230 3570 1583 3640 serpentium,
1616 3574 1711 3629 sed
1739 3562 1997 3643 gauderet
2018 3582 2198 3649 potius

619 3644 760 3701 inter
785 3650 997 3719 agmina
1027 3653 1329 3717 beatorum.

1241 3770 1469 3829 CAPUT
1497 3776 1584 3832 lli.

622 3852 784 3911 Aliud
812 3854 1103 3928 exemplum
1130 3860 1407 3931 cujusdam
1446 3884 1551 3924 non
1581 3870 1757 3928 dantis
1790 3876 2040 3933 honorem
2080 3880 2196 3936 loco

1323 3952 1473 3992 sacro

698 4018 872 4075 Unum
900 4020 1059 4092 plane
1078 4025 1303 4097 contigit
1317 4029 1369 4083 in
1385 4033 1585 4088 nostris
1608 4037 1852 4105 partibus
1877 4040 1944 4095 de
1962 4044 2195 4113 quodam

624 4110 915 4168 carnaliter
957 4116 1221 4187 sapiente,
1257 4124 1400 4191 quod
1440 4125 1658 4197 dignum
1703 4146 1809 4186 non
1861 4143 1945 4189 est
1979 4110 2200 4194 silentio

622 4206 922 4277 praeterire.
974 4209 1235 4269 Fanensis
1285 4216 1504 4286 quidam
1563 4221 1855 4289 primarius
1915 4228 2198 4298 civitatis,

626 4297 779 4369 Hugo
812 4300 1049 4367 nomine,
1090 4302 1207 4373 ipsa
1259 4317 1439 4371 nocte.
1485 4325 1603 4379 quae
1632 4323 1849 4382 peracta
1880 4317 2199 4389 Parasceve,

625 4400 1030 4447 sacrosanctum
1075 4392 1372 4452 Sabbatum
1407 4400 1699 4458 Dominicac
1737 4408 2023 4476 sepulturte
2065 4428 2204 4482 prte-

627 4482 793 4549 cedit,
819 4498 939 4537 cum
972 4486 1140 4539 armis
1174 4495 1227 4541 et
1257 4491 1483 4569 armatis
1510 4492 1785 4563 ingressus
1809 4500 2117 4567 ecclesiam,
2148 4504 2204 4558 in

628 4589 731 4645 qua
764 4575 960 4637 divinis
993 4576 1289 4634 vacabatur
1335 4580 1541 4648 ofﬁciis,
1579 4600 1833 4654 perosum
1864 4591 1965 4646 sibi
1997 4594 2204 4650 violen-

2298 3384 2513 3439 desiait.
2551 3382 2709 3437 Salvo
2739 3398 2932 3451 nempe
2961 3380 3051 3435 illo
3088 3379 3315 3435 terribili
3350 3380 3405 3433 in
3436 3379 3622 3434 mundi
3653 3380 3761 3435 line
3780 3376 3874 3448 ju-

2298 3477 2456 3541 dicio,
2489 3489 2632 3530 nunc
2663 3474 2827 3529 etiam
2853 3474 3195 3542 omnipotens
3227 3470 3368 3525 Deus
3410 3485 3519 3523 non
3557 3471 3717 3524 modo
3751 3483 3873 3525 cru-

2298 3569 2440 3626 delia
2467 3567 2721 3639 quazlibet
2748 3565 2916 3631 facta,
2951 3563 3047 3619 sed
3078 3571 3134 3617 et
3159 3561 3416 3633 superba,
3442 3559 3557 3615 sive
3583 3559 3874 3631 sacrilega,

2297 3670 2457 3731 prout
2479 3660 2699 3730 dignum
2726 3664 2830 3721 est,
2854 3655 3135 3711 ulciscitur
3159 3653 3344 3710 verba.
3372 3650 3679 3706 Vindicavit
3707 3650 3877 3723 siqui-

2300 3754 2440 3817 dem,
2466 3748 2607 3821 quod
2636 3750 2951 3804 Battbassar
2980 3763 3137 3804 sacra
3156 3762 3285 3803 vasa
3308 3744 3637 3802 temulentus
3660 3745 3877 3817 indigne

2301 3842 2553 3897 tractavit
2581 3840 2740 3913 (Dan.
2767 3838 2859 3912 v);
2891 3854 2995 3896 nec
3017 3839 3226 3895 dimisit
3248 3837 3504 3902 inultum,
3527 3836 3673 3906 quod
3697 3834 3872 3891 Nabu-

2300 3932 2639 3988 chodonosor
2687 3938 3009 4000 arroganter
3062 3929 3203 3984 elata
3248 3928 3418 3984 verba
3476 3925 3811 3997 deprompsit
3853 3942 3870 3981 :

2307 4041 2327 4075 ι
2364 4022 2576 4089 Nonne,
2604 4022 2799 4093 inquit,
2830 4021 2945 4076 haec
2972 4029 3058 4076 est
3081 4018 3318 4091 Babylon
3342 4033 3560 4088 magna,
3590 4032 3750 4089 quam
3773 4031 3873 4089 ego

2301 4116 2564 4173 aedificavi
2612 4116 2667 4171 in
2712 4115 2931 4170 domum
2976 4114 3148 4186 regni,
3196 4114 3250 4168 in
3296 4114 3493 4169 robore
3539 4112 3876 4169 fortitudinis

2302 4185 2467 4275 mete,
2503 4216 2557 4264 et
2585 4209 2640 4263 in
2669 4207 2839 4276 gloria
2867 4206 3079 4262 decoris
3106 4205 3247 4260 mei?
3275 4224 3293 4257 ι
3331 4204 3494 4275 (Dan.
3527 4203 3627 4275 tv.)
3654 4203 3722 4259 Et
3749 4217 3877 4259 ecce

2304 4303 2442 4357 sicut
2468 4301 2730 4372 propheta
2769 4307 3019 4365 testatur,
3058 4312 3181 4352 cum
3223 4297 3401 4353 adhuc
3431 4310 3611 4352 sermo
3650 4301 3794 4352 esset
3824 4295 3878 4350 in

2303 4407 2400 4448 ore
2429 4394 2594 4464 regis,
2622 4406 2728 4446 vox
2766 4391 2833 4445 de
2862 4388 3002 4445 coelo
3031 4389 3178 4444 ruit:
3217 4406 3236 4439 ι
3283 4388 3403 4444 Tibi
3437 4387 3655 4456 dicitur,
3694 4385 3877 4441 Nabu-

2304 4484 2645 4540 chodouosor
2697 4498 2794 4537 rex
2813 4523 2828 4548 ,
2881 4498 3104 4554 regnum
3138 4481 3334 4537 transit
3364 4496 3394 4534 a
3423 4489 3495 4545 te,
3523 4490 3576 4534 et
3610 4477 3678 4533 ab
3707 4478 3880 4533 homi-

2307 4577 2464 4632 nibus
2513 4584 2566 4631 te
2617 4575 2856 4647 ejicient,
2912 4582 2984 4642 et,
3011 4589 3136 4630 cum
3180 4572 3391 4639 bestiis,
3416 4580 3580 4641 atque
3604 4569 3736 4625 feris
3776 4569 3880 4624 erit

628 4676 713 4723 ter
741 4668 1013 4724 hominem
1044 4670 1208 4742 cepit,
1247 4687 1311 4728 ac
1341 4674 1568 4730 vinculis
1593 4679 1887 4737 crudeliter
1931 4688 2188 4756 mancipa-

2309 4670 2569 4726 habitatio
2598 4678 2688 4726 tua
2732 4667 2944 4740 (Ibid.).
2980 4687 3000 4720 ›
3037 4666 3258 4723 Punivit
3314 4675 3578 4756 prazterea
3622 4661 3880 4756 Dominus

627 4760 723 4813 vit.
758 4757 928 4827 Quem
964 4760 1091 4830 quia
1119 4776 1254 4817 nova
1300 4768 1662 4838 praesumpsit.
1697 4786 1838 4826 novo
1867 4772 2006 4831 Deus
2038 4777 2207 4832 omni-

627 4859 819 4921 potens
867 4848 1131 4921 supplicio
1182 4854 1579 4913 condemnavit.
1636 4859 1771 4917 Nam
1816 4879 1942 4919 cum
1988 4882 2205 4924 sensum

630 4944 849 5010 utentis,
878 4945 931 5000 in
963 4955 1226 5015 quantum
1258 4948 1390 5004 mihi
1422 4951 1657 5019 videtur,
1692 4955 1959 5027 integrum
2002 4968 2204 5026 teneat,

632 5050 820 5090 omnes
852 5051 975 5092 eum
1005 5045 1261 5108 tanquam
1311 5055 1593 5108 vesanum,
1641 5045 1999 5114 exinanitum,
2044 5058 2207 5120 atque

636 5121 1252 5168 tlﬂmnnlemnnncmmnl
1295 5123 1554 5168 nhiininht
1599 5141 1648 5168 ΔΙ
1673 5138 1997 5168 ηνησιλιικηηι
2049 5139 2192 5168 2n-

2308 4761 2630 4819 Sedechiam
2669 4776 2853 4832 regem
2878 4758 3032 4825 Juda,
3064 4759 3155 4828 qui
3183 4772 3280 4828 per
3304 4755 3570 4839 reprobos
3599 4762 3752 4809 actus
3786 4751 3879 4806 Dei

2308 4854 2623 4909 mandatum
2670 4851 2993 4922 contempsit
3040 4849 3127 4921 (ΙΙ
3171 4847 3303 4903 Par.
3341 4846 3550 4920 xxxvi).
3596 4844 3752 4902 Ultus
3799 4850 3880 4898 est

2309 4946 2470 5001 etiam
2511 4944 2777 4999 Ananiam
2807 4944 3145 5012 prophetam,
3191 4955 3299 4996 non
3331 4940 3459 5010 quia
3488 4937 3692 4993 malum
3729 4933 3876 5001 fecit,

2309 5037 2403 5093 sed
2430 5036 2555 5106 quia
2577 5035 2918 5091 mendacium
2945 5032 3189 5105 protulit.
3220 5032 3319 5089 Cui
3346 5031 3613 5088 Jeremias
3641 5044 3655 5083 :
3694 5047 3714 5081 ι
3742 5025 3875 5092 Non,

2314 5128 2484 5168 innuit
2539 5126 2683 5168 micit
2718 5135 2771 5168 ta
2795 5126 3071 5168 Dnmimlc,
3105 5132 3161 5168 et
3190 5132 3244 5168 tu
3271 5122 3546 5168 onnﬁtlere
3581 5118 3758 5168 fecisti
3784 5132 3878 5168 no-
