4132 6324
232 393 336 452 577

984 378 1228 438 OPUSC.
1271 377 1512 435 XXXIV.
1551 407 1618 419 —
1660 377 1746 433 DE
1789 376 2017 432 VARHS
2058 374 2387 433 MIRACUL.
2432 375 2738 432 NARRAT.

3396 367 3503 428 578

230 499 424 553 iariter
450 495 685 560 deditus,
718 495 811 550 sed
835 501 888 548 et
922 499 1110 567 contra
1142 507 1297 544 suum
1331 490 1577 544 ordinem
1604 488 1820 542 lerribi-
1849 497 1897 554 Α
1927 491 2065 546 facie
2097 490 2334 544 inimici?
2373 511 2388 539 ›
2418 491 2590 562 (ρδαι.
2645 489 2757 556 1.x.)
2816 489 2953 544 Huic
2985 487 3130 544 enim
3178 485 3508 557 expositioni

230 592 359 646 liter
385 589 692 644 bellicosus.
734 588 834 642 Hic
864 589 1046 656 itaque
1084 602 1207 640 eum
1238 585 1525 639 ecclesiam
1564 583 1623 636 B.
1672 581 1817 636 Mau-

230 688 344 741 ritii
381 685 566 739 multis
596 683 853 755 inclytam
885 682 1123 752 przediis,
1171 680 1283 734 suis
1323 678 1620 732 ditionibus
1658 691 1813 730 usur-

227 785 419 850 paret;
446 786 638 848 potens
665 784 845 830 autem
869 775 1088 844 quidam
1111 789 1142 828 e
1169 774 1383 826 diverso
1404 771 1486 824 sui
1511 769 1649 839 juris
1674 784 1816 835 esse,

228 886 338 925 non
367 870 484 924 sine
513 882 706 936 magna
734 866 922 920 livoris
947 876 1110 934 atque
1133 862 1450 918 certaminis
1469 862 1818 916 animositate

229 958 610 1023 contenderet,
645 957 864 1012 tandem
906 955 1033 1011 belli
1078 957 1192 1010 dies
1237 967 1466 1025 utroque
1507 954 1817 1025 paciscente

230 1052 514 1118 statuitur,
546 1063 601 1105 et
639 1066 668 1105 a
712 1048 897 1105 multis
928 1049 1058 1104 hinc
1103 1049 1227 1103 imle
1261 1048 1608 1103 frementium
1641 1063 1810 1101 arma-

231 1153 414 1200 torum
469 1142 773 1214 agminibus
822 1143 1168 1197 convenitur.
1226 1139 1425 1194 Potens
1476 1147 1656 1192 autem
1709 1137 1820 1202 ille,

231 1254 396 1310 quem
431 1239 684 1304 diximus,
729 1237 978 1292 nuntium
1006 1236 1072 1290 ad
1105 1235 1320 1290 hostilia
1363 1243 1542 1288 castra
1592 1233 1821 1299 direxit,

231 1331 326 1401 qui
362 1337 417 1383 et
445 1337 765 1400 apparatum
809 1326 933 1382 belli
974 1327 1162 1381 solerti
1194 1324 1564 1396 speculatione
1595 1338 1826 1393 perpen-

232 1421 412 1486 deret,
445 1437 507 1475 ac
537 1419 639 1474 sibi
682 1418 937 1474 celeriter
975 1418 1272 1473 nuntiaret.
1306 1415 1470 1471 Forte
1505 1424 1635 1469 tunc
1665 1414 1823 1469 cleri-

231 1530 332 1570 cus
385 1513 609 1568 missam
655 1527 776 1567 cum
830 1512 938 1575 his,
991 1511 1084 1580 qui
1136 1508 1444 1563 dimicaturi
1484 1517 1660 1572 erant,
1714 1507 1826 1561 suis

233 1604 543 1659 fautoribus
571 1601 849 1655 audiebat.
899 1601 1144 1668 Cumque
1187 1601 1254 1654 ad
1296 1599 1648 1667 Evangelium
1683 1597 1829 1650 veni-

231 1703 409 1759 retur,
441 1693 496 1747 in
527 1691 634 1744 fine
674 1690 872 1746 lectum
903 1697 986 1744 est
1025 1707 1038 1743 ε
1085 1709 1102 1740 ‹
1137 1688 1328 1744 Omnis
1357 1689 1448 1758 qui
1497 1702 1556 1742 se
1599 1687 1826 1750 cxaltal,

234 1785 648 1850 humiliabitur;
675 1792 730 1837 et
751 1783 842 1852 qui
868 1798 926 1838 se
950 1781 1221 1846 humiliat,
1249 1781 1576 1835 exaltabitur
1600 1777 1818 1846 (Matth.

230 1893 408 1944 xxm;
439 1875 571 1931 Luc.
613 1892 726 1942 XIV,
765 1875 943 1946 xviii).
990 1894 1007 1924 ›
1041 1873 1192 1928 lllico
1213 1873 1448 1927 clericus
1482 1872 1537 1925 in
1570 1871 1713 1924 hanc
1737 1886 1822 1923 sa-
1851 1867 1900 1926 B
1963 1873 1965 1876 ’

232 1967 494 2039 crilegam
532 1980 720 2020 vocem
760 1973 1046 2034 protervus
1079 1964 1260 2033 erupit
1307 1982 1318 2015 :
1353 1962 1499 2027 Hmc,
1546 1961 1816 2031 inquiens,

233 2058 510 2112 sententia
538 2071 664 2112 vera
698 2072 804 2110 non
831 2065 943 2120 est;
977 2071 1102 2108 nam
1132 2055 1175 2107 si
1211 2070 1309 2124 ego
1341 2069 1425 2108 me
1455 2053 1592 2107 meis
1623 2055 1824 2106 adver-

233 2148 400 2204 sariis
447 2147 731 2202 humiliter
774 2146 1142 2212 inclinassem,
1193 2145 1353 2198 hodie
1403 2153 1479 2198 tot
1525 2143 1826 2213 possessio-

233 2256 365 2295 num
389 2250 553 2311 atque
576 2239 853 2294 clientium
905 2238 1092 2307 copias
1116 2252 1222 2290 non
1248 2238 1525 2291 haberem.
1551 2236 1825 2290 Reversus

234 2342 420 2389 autem
448 2333 671 2388 nuntius
687 2333 909 2388 domino
935 2346 1031 2385 suo
1054 2329 1287 2384 fideliter
1309 2329 1518 2392 retulit,
1537 2343 1643 2382 non
1667 2327 1827 2381 modo

234 2426 384 2496 quod
431 2427 485 2480 in
523 2425 1049 2494 bellici-procinctus
1089 2432 1349 2494 apparatu
1385 2423 1690 2492 conspexit,
1735 2421 1828 2475 sed

233 2521 342 2577 hoc
374 2521 539 2575 etiam
567 2521 709 2590 quod
737 2520 791 2574 in
817 2535 912 2574 ore
941 2518 1128 2574 clerici
1165 2516 1369 2571 tumide
1425 2515 1696 2585 loquentis
1734 2530 1830 2567 au-

234 2617 393 2672 divit.
428 2616 577 2671 Tunc
607 2615 694 2670 ille
723 2613 985 2686 plaudens
1014 2613 1068 2666 in
1115 2611 1341 2666 Domino
1383 2610 1536 2664 laetus
1574 2608 1826 2673 efficitur,

238 2719 407 2781 atque
438 2710 504 2765 ad
532 2725 681 2780 spem
713 2708 900 2779 procul
927 2707 1090 2761 dubio
1114 2705 1420 2761 obtinenda:
1452 2702 1695 2757 victoria:
1728 2700 1826 2753 mi-

238 2801 370 2858 lites
425 2803 767 2858 cohortatur.
826 2798 1179 2870 Conglobatis
1235 2797 1420 2865 itaque
1490 2795 1831 2849 diversorum

239 2894 430 2949 cuneis
457 2901 814 2958 armatorum,
850 2905 916 2944 ex
944 2897 1173 2958 utraque
1201 2896 1356 2958 Parte
1378 2901 1556 2956 pugna
1584 2883 1834 2940 commit-

242 2985 403 3050 titur,
434 2985 580 3040 vires
615 2985 822 3039 viribus
871 2990 1235 3052 opponuntur,
1287 2979 1541 3047 depressa
1603 2977 1832 3030 telorum

241 3077 380 3133 silva
409 3077 719 3145 deponitur,
751 3085 805 3130 et
831 3073 1084 3128 humanis
1107 3069 1307 3126 inﬂicta
1334 3069 1652 3138 corporibus
1675 3082 1824 3120 arma

244 3178 581 3242 grassantur.
625 3167 871 3222 Habebat
914 3173 1092 3220 autem
1136 3162 1365 3218 clericus
1404 3177 1620 3230 equam,
1671 3175 1832 3229 quam

1922 585 2094 654 ipsum
2145 600 2358 656 quoque
2409 585 2554 640 Siloe
2602 599 2794 639 nomen
2838 584 3122 653 adgaudet.
3157 581 3303 637 Siloe
3337 579 3509 652 siqui-

1922 678 2043 732 dem
2091 678 2500 747 interpretatur,
2546 677 2757 731 missus.
2799 675 2953 730 Haud
2998 675 3214 729 dubium
3262 674 3390 743 quin
3438 671 3510 728 sit

1923 771 2032 838 ille,
2065 771 2156 842 qui
2188 771 2360 826 dicit:
2410 789 2427 822 ι
2470 769 2572 837 Qui
2616 784 2703 824 me
2731 768 2903 832 misit,
2949 781 3158 821 mecmn
3190 774 3272 819 est
3317 764 3504 834 (Joan.

1922 864 2067 936 vin).
2104 883 2121 915 ι
2157 863 2223 918 Ει
2252 863 2326 917 ibi
2350 878 2528 917 caecus
2555 878 2582 915 a
2615 860 2895 914 nativitate
2923 859 3101 913 lumen
3132 857 3327 926 accipit
3350 857 3418 911 ab
3439 870 3506 911 eo

1924 957 2014 1027 qui
2045 956 2120 1010 ait
2162 972 2175 1009 :
2222 973 2240 1005 ‹
2285 955 2397 1026 Ego
2429 970 2547 1010 sum
2586 953 2676 1008 lux
2715 952 2900 1007 mundi
2936 950 3151 1022 (Matth.
3196 952 3332 1017 xxx).
3376 967 3393 999 ι
3427 947 3508 1002 De

1924 1065 2052 1105 casu
2105 1048 2260 1104 istius
2291 1047 2458 1102 turris
2498 1046 2623 1100 alibi
2662 1046 2760 1099 sub
2800 1043 2967 1113 figura
3007 1042 3206 1096 dicitur
3246 1039 3441 1109 lapidis
3488 1056 3504 1093 :

1932 1160 1951 1194 ι
2011 1141 2201 1196 Omnis
2251 1140 2340 1209 qui
2395 1137 2652 1194 ceciderit
2707 1151 2872 1205 super
2908 1133 3056 1188 illum
3107 1129 3510 1201 confringetur,

1926 1249 2087 1304 supra
2121 1247 2282 1302 quem
2323 1246 2451 1285 vero
2479 1228 2758 1292 ceciderit,
2793 1233 3037 1282 conteret
3067 1238 3212 1277 cum.
3267 1241 3284 1274 ι
3335 1221 3514 1290 Super

1927 1326 2069 1381 hanc
2095 1322 2315 1392 turrim,
2347 1321 2460 1376 sive
2495 1320 2750 1391 lapidem,
2788 1316 2932 1372 cadit
2965 1317 3149 1379 homo,
3184 1322 3345 1383 atque
3384 1328 3512 1367 con-

1926 1417 2206 1487 fringitur,
2241 1431 2362 1470 cmn
2394 1429 2491 1485 per
2531 1411 2882 1482 fragilitatem
2914 1408 3150 1478 aliquam
3179 1413 3393 1475 peccat,
3419 1403 3517 1460 sed

1928 1510 2045 1579 ejus
2079 1523 2242 1577 super
2282 1523 2338 1562 se
2383 1507 2534 1560 ruina
2577 1502 2894 1564 conteritur,
2945 1515 3067 1555 cum
3123 1498 3356 1568 superbe
3404 1495 3520 1552 bla-

1929 1603 2198 1672 sphemat.
2246 1600 2437 1653 Turris
2481 1614 2610 1666 ergo
2659 1595 2806 1651 Siloe
2859 1608 3020 1664 super
3070 1593 3215 1646 hunc
3255 1590 3513 1645 clericum

1932 1691 2157 1752 cecidit;
2202 1698 2255 1744 et
2301 1689 2442 1743 sicut
2488 1684 2914 1757 blasphemando
2963 1692 3260 1748 meruerat,
3293 1679 3516 1735 omnino

1936 1783 2209 1839 contrivit.

2558 1868 2784 1926 CAPUT
2811 1867 2873 1923 γ.

1929 1966 2082 2033 Quod
2133 1965 2275 2019 Deus
2327 1963 2527 2017 nullum
2578 1971 2847 2033 peccat-um
2889 1960 3200 2029 impunitum
3249 1957 3519 2028 relinquit.

2001 2058 2064 2111 Et
2086 2057 2216 2127 quid
2255 2056 2474 2118 mirum,
2504 2055 2547 2108 si
2587 2053 2775 2124 gravia
2802 2067 2899 2105 nos
2951 2059 3172 2121 peccata
3231 2046 3523 2104 tormentis

1929 2149 2203 2213 addicant,
2230 2163 2353 2203 cum
2393 2146 2589 2201 subtile
2617 2145 2709 2199 Dei
2739 2144 3005 2214 judicium
3049 2141 3312 2211 impunita
3355 2140 3525 2195 etiam

1929 2243 2152 2298 minima
2180 2258 2286 2295 non
2318 2240 2626 2310 relinquat?
2658 2241 2770 2294 lmo
2802 2237 2934 2308 quid
2967 2251 3188 2300 novum,
3210 2235 3254 2289 si
3279 2233 3524 2303 reprobat

1929 2333 2221 2388 locutionis
2271 2330 2614 2402 sacrilegium
2671 2331 2917 2392 damnat,
2973 2343 3094 2382 cum
3151 2328 3264 2398 ipsa
3311 2339 3526 2396 quoque

1887 2424 2108 2478 .laudis
2149 2439 2258 2477 sure
2313 2423 2604 2493 przeconia,
2664 2422 2767 2476 nisi
2817 2419 2976 2491 digne
3025 2419 3136 2473 sint
3186 2419 3524 2487 deprompta,

1932 2515 2287 2571 contemnat?
2343 2514 2564 2569 Adraldi
2609 2526 2800 2584 nempe
2859 2512 3142 2582 prudentis
3191 2519 3243 2566 et
3288 2509 3527 2580 religiosi

1931 2607 2055 2667 viri,
2091 2608 2181 2676 qui
2219 2605 2556 2661 Bremetensi
2587 2605 2872 2676 prteminet
2920 2603 3254 2658 monasterio
3283 2642 3299 2668 ,
3364 2601 3526 2656 didici

1934 2699 2200 2752 relatione
2227 2697 2371 2767 quod
2403 2697 2604 2760 scribo,
2655 2697 2797 2765 quod
2841 2695 3005 2749 etiam
3052 2694 3279 2748 inditum
3327 2691 3532 2748 litteris

1934 2806 2055 2845 esse
2076 2791 2310 2846 dicebat.
2357 2789 2620 2852 Clericus,
2671 2788 2868 2858 inquit,
2905 2785 3244 2842 Coloniensis
3278 2783 3534 2840 Ecclesiae

1932 2883 2128 2936 vadum
2161 2883 2400 2936 ﬂuminis
2425 2879 2714 2944 transibat,
2741 2888 2794 2933 et
2817 2893 2943 2932 ecce
2987 2877 3178 2931 beatus
3228 2874 3527 2930 Severinus

1935 2973 2171 3042 ejusdem
2201 2973 2456 3027 Ecclesia:
2485 2987 2658 3040 nuper
2684 2971 2992 3040 episcopus,
3022 2969 3145 3038 equi
3188 2966 3304 3035 ejus
3355 2967 3524 3021 habe-

1936 3082 2033 3120 nas
2067 3065 2448 3135 apprehendit,
2478 3079 2709 3132 eumquc
2749 3063 3010 3124 retinens,
3067 3059 3230 3114 sistit.
3287 3058 3530 3127 Cumque

1937 3160 2026 3214 ille
2066 3161 2117 3214 in
2146 3169 2422 3228 stuporem
2448 3173 2659 3223 versus,
2689 3165 2743 3211 et
2790 3155 3031 3227 graviter
3061 3153 3381 3216 admiratus,
3432 3165 3530 3205 cur

245 3220 579 3242 0"“'—“""‘
860 3220 866 3221 κ
1453 3220 1468 3230 .
1609 3220 1616 3225 .
1689 3220 1703 3229 .
2236 3220 2252 3228 -
2648 3220 2654 3223 .
2793 3220 2817 3227 ν

240 3261 496 3317 videlicet
540 3258 883 3331 prteliaturus
923 3256 1265 3320 ascenderat,
1320 3261 1481 3308 tanta:
1527 3251 1831 3307 velocitatis
1862 3220 1906 3284 Ο
1940 3251 2048 3305 illic
2079 3259 2187 3305 tam
2212 3248 2390 3303 clarus
2415 3257 2469 3302 et
2499 3257 2605 3301 tam
2645 3245 2874 3300 celebris
2917 3242 3074 3298 fama:
3109 3242 3195 3295 vir
3224 3247 3530 3295 moraretur

245 3375 312 3414 ac
336 3357 568 3423 roboris,
595 3364 656 3410 ut
684 3354 862 3409 nullus
885 3352 987 3408 sibi
1011 3351 1286 3406 videretur
1312 3362 1504 3417 equus,
1534 3355 1628 3399 aut
1652 3345 1830 3400 mulus

244 3452 316 3509 ad
347 3447 713 3505 dimicandum
745 3461 904 3516 posse
943 3442 1214 3515 praeferri.
1265 3439 1428 3506 Casu,
1466 3438 1576 3492 imo
1604 3438 1715 3492 Deo
1756 3437 1834 3492 di-

246 3555 530 3619 sponente,
561 3545 884 3616 contigerat,
917 3541 1058 3612 quod
1089 3539 1412 3610 praecedenti
1444 3546 1603 3592 nocte
1622 3535 1835 3606 jumen-

244 3650 364 3698 tum
393 3640 521 3695 illud
553 3637 769 3695 stabulo
809 3636 1042 3690 solutum
1074 3631 1417 3695 abscederet,
1464 3642 1831 3696 acervumque

245 3733 380 3790 salis
407 3731 709 3795 inveniens,
731 3743 800 3784 ex
822 3742 886 3782 eo
911 3725 1202 3797 plurimum
1230 3721 1562 3777 comederet.
1593 3718 1836 3773 Clericus

248 3825 434 3894 itaque
463 3825 588 3878 dum
620 3823 673 3876 in
705 3821 820 3874 acie
849 3817 1177 3884 constitutus
1214 3829 1377 3882 super
1409 3827 1563 3882 aqua:
1599 3810 1834 3864 rivulum

249 3915 554 3977 deveniret,
583 3913 765 3982 ibique
792 3909 1040 3965 cominus
1061 3903 1462 3960 adversantium
1490 3901 1656 3954 armis
1681 3914 1834 3952 arma

248 4004 546 4069 conferret,
571 4001 896 4072 iumentum,
936 4008 997 4053 ut
1045 4005 1164 4052 erat
1204 3992 1464 4062 assumpti
1509 3991 1639 4044 salis
1683 3991 1837 4058 copia

251 4095 608 4159 sitibundum,
637 4091 850 4147 frenum
879 4092 959 4148 de,
988 4103 1152 4143 manu
1183 4083 1414 4139 rectoris
1439 4080 1704 4136 violenter
1739 4095 1835 4134 cx-

250 4191 434 4256 lorsit,
471 4189 690 4258 suisque
735 4195 905 4240 totmn
937 4184 1144 4237 viribus
1182 4177 1496 4240 vindicavit,
1541 4192 1605 4229 ac
1639 4184 1838 4244 praesto

251 4289 419 4351 caput
459 4280 513 4333 in
558 4293 754 4349 aquam
796 4277 863 4330 ad
903 4274 1195 4330 bibendum
1242 4269 1514 4324 inhianter
1547 4266 1834 4320 immersit.

249 4371 349 4427 Ille
377 4386 528 4436 vero,
562 4370 687 4423 dum
719 4385 780 4424 ea
816 4382 1004 4430 manu,
1050 4379 1157 4434 qua
1198 4369 1410 4415 scutum
1448 4357 1686 4420 tenebat,
1716 4368 1841 4408 cum

245 4461 498 4532 jmnento
528 4459 788 4530 conﬂigit,
827 4456 1113 4512 hostilibus
1142 4452 1340 4521 jaculis
1377 4449 1569 4504 faciem
1619 4456 1843 4500 coactus

252 4553 478 4621 exponit
519 4569 532 4605 :
581 4560 636 4606 et
663 4564 791 4605 ecce
828 4555 1046 4618 repente
1086 4545 1296 4616 gladius
1336 4556 1398 4596 os
1433 4538 1552 4607 ejus
1599 4534 1842 4591 fulminis

252 4658 406 4699 more
454 4641 750 4705 transfixit,
793 4639 998 4708 talique
1040 4635 1124 4688 vir
1170 4633 1434 4703 reprobus
1477 4630 1640 4682 vitam
1686 4641 1840 4681 suam

254 4737 363 4792 fine
395 4736 680 4792 conclusit.
722 4733 767 4790 Ο
795 4747 958 4802 quam
993 4744 1231 4800 congrue
1271 4727 1324 4780 in
1357 4725 1444 4779 illa
1475 4721 1695 4792 pertulit
1725 4735 1844 4773 cor-

253 4830 406 4902 poris
437 4838 593 4899 parte
629 4827 945 4890 vindictam,
988 4837 1093 4892 qua
1122 4818 1258 4890 nigri
1289 4815 1429 4871 fellis
1459 4815 1515 4868 in
1554 4812 1844 4867 Dominum

253 4931 542 4978 vomuerat
561 4917 982 4989 blasphemiam!
1010 4915 1078 4969 Et
1107 4928 1229 4968 cum
1252 4909 1522 4978 Propheta
1547 4906 1613 4960 de
1645 4902 1846 4957 talibus

256 5015 405 5071 dicat
436 5032 451 5068 :
491 5033 510 5065 ι
544 5011 667 5066 Filii
701 5009 980 5066 hominum
1012 5007 1202 5061 dentes
1236 5017 1423 5058 eorum
1453 5013 1623 5061 arma,
1663 5005 1717 5050 et
1761 5010 1847 5049 sa-

257 5108 431 5180 gitta},
459 5115 514 5160 et
549 5105 731 5175 lingua
758 5115 944 5158 eorum
978 5097 1188 5170 gladius
1221 5103 1414 5150 acutus
1446 5089 1616 5162 (Psat.
1650 5087 1790 5155 LVI);
1823 5103 1842 5137 ι

255 5179 354 5272 qui
389 5199 625 5269 linguam
656 5210 808 5249 suam
839 5202 895 5248 et
935 5191 1124 5246 dentes
1171 5189 1432 5242 adversus
1474 5185 1642 5237 Deum
1688 5179 1850 5251 gladii

257 5271 416 5348 more
440 5289 695 5352 vibravit,
734 5287 894 5356 digne
926 5299 1024 5354 per
1057 5281 1246 5337 eadem
1280 5276 1522 5331 membra
1555 5271 1852 5327 matcrialis

261 5384 426 5458 gladii
456 5397 647 5453 pateas
677 5379 927 5434 exsolvit.
966 5375 1126 5446 593
1148 5372 1240 5426 lsti
1271 5370 1434 5439 plane
1458 5366 1682 5434 contigit
1705 5363 1849 5434 quod

259 5478 527 5533 Dominus
552 5458 926 5539 inEvangelio
955 5468 1086 5524 dicit
1117 5485 1128 5519 ε
1167 5484 1184 5516 ι
1217 5463 1351 5531 Quia
1385 5475 1548 5530 super
1580 5459 1763 5512 decem
1796 5463 1853 5511 et

261 5583 390 5627 octo
439 5570 686 5624 homines
743 5564 906 5619 turris
956 5561 1102 5617 Siloe
1152 5557 1368 5620 cecidit,
1415 5562 1470 5607 et
1514 5551 1714 5607 occidit
1758 5564 1851 5604 eos

263 5663 421 5737 (Luc.
459 5663 601 5730 xm).
639 5679 655 5712 ι
705 5659 874 5726 Quem
908 5669 1039 5710 vero
1066 5653 1292 5724 mystice
1320 5647 1488 5702 turris
1529 5644 1618 5698 illa
1647 5642 1852 5713 signifi-

266 5733 378 5818 cat,
417 5753 517 5808 nisi
549 5752 696 5806 illum
732 5750 820 5804 cui
849 5746 1135 5802 Psalmista
1169 5744 1421 5798 decantat
1463 5757 1474 5792 :
1515 5756 1531 5788 ι
1574 5733 1852 5791 Deduxisti

271 5865 382 5917 me,
429 5848 555 5920 quia
605 5832 875 5904 factus'es
905 5856 1030 5913 spes
1076 5855 1211 5906 mea,
1263 5835 1428 5892 turris
1460 5831 1793 5895 fortitudinis
1826 5845 1854 5883 a

1938 3343 2240 3414 inquireret
2269 3360 2280 3395 :
2312 3342 2384 3394 Da
2415 3326 2570 3404 mihi,
2595 3341 2693 3405 ait,
2717 3352 2933 3392 manum
2961 3343 3129 3400 tuam,
3161 3342 3217 3388 et
3238 3347 3359 3402 quae
3375 3332 3522 3387 circa

1937 3449 2024 3488 me
2051 3441 2194 3497 sunt,
2239 3447 2345 3486 non
2371 3431 2558 3485 auditu
2593 3430 2762 3494 disce,
2793 3427 2888 3483 sed
2933 3435 3102 3479 laetu.
3145 3423 3389 3493 Cumque
3436 3420 3533 3477 da-

1937 3533 2049 3578 tam
2082 3538 2301 3578 manum
2330 3520 2581 3575 ﬂuctibus
2603 3519 2892 3588 cpiscopus
2914 3513 3297 3585 impressisset,
3347 3517 3533 3566 tantus

1937 3631 2057 3670 eam
2087 3614 2249 3668 ardor
2277 3611 2582 3674 absorbuit,
2612 3619 2672 3664 ut
2703 3610 2939 3679 undique
2967 3620 3164 3662 carnes
3214 3602 3330 3671 ejus
3381 3615 3536 3658 reso-

1937 3709 2063 3764 lutae
2092 3705 2416 3771 diffluerent,
2445 3714 2500 3760 et
2527 3720 2649 3760 ossa
2684 3704 2829 3758 nuda
2855 3705 2943 3757 vix
2965 3699 3296 3756 haerentibus
3323 3696 3528 3752 articu-

1939 3802 2008 3856 lis
2034 3806 2397 3855 remanerent.
2428 3798 2505 3851 Ad
2533 3812 2696 3866 quem
2721 3795 2974 3858 clericus,
3023 3792 3170 3864 [cum
3216 3788 3374 3862 adde]
3431 3802 3532 3844 no-

1940 3907 2084 3954 men,
2118 3890 2312 3958 inquit,
2340 3897 2490 3942 tumu
2531 3888 2584 3940 in
2637 3895 2783 3939 tanta
2848 3881 3223 3939 benedictione
3279 3880 3349 3934 sit
3395 3877 3533 3948 apud

1940 3998 2058 4044 nos,
2087 3989 2141 4034 et
2170 3980 2312 4033 fama
2342 3987 2428 4032 tua
2463 3977 2721 4032 consonis
2747 3974 2913 4028 totius
2937 3971 3192 4026 Ecclesiae
3242 3965 3535 4038 praeconiis

1941 4076 2266 4138 celebretur,
2298 4089 2396 4126 cur
2423 4082 2473 4125 te
2507 4070 2764 4140 pestilens
2793 4069 2910 4121 hzec
2958 4078 3159 4132 vorago
3187 4058 3537 4131 constringit,

1943 4173 2217 4233 tantoque,
2242 4163 2378 4232 proh
2410 4160 2593 4214 dolor!
2631 4156 2885 4212 incendio
2917 4152 3219 4208 cruciaris?
3257 4152 3339 4205 Ad
3372 4163 3532 4219 quem

1943 4266 2162 4312 sanctus
2202 4255 2486 4322 episcopus
2521 4269 2532 4304 :
2565 4247 2727 4310 Nihil,
2755 4246 2854 4309 ait,
2879 4243 3025 4297 aliud
3067 4242 3121 4295 in
3153 4255 3239 4295 me
3272 4239 3538 4296 remansit

1943 4351 2148 4405 ultione
2179 4347 2542 4417 plectendum,
2571 4350 2773 4412 praeter
2793 4340 2897 4394 hoc
2931 4345 3164 4398 tantum,
3222 4335 3345 4404 quia
3380 4335 3532 4400 dum,

1945 4444 1998 4498 in
2026 4443 2147 4498 aula
2179 4440 2326 4510 regia
2353 4437 2706 4498 constitutus,
2737 4429 3105 4501 imperialibus
3153 4442 3236 4482 me
3294 4425 3535 4481 consiliis

1944 4535 2298 4591 vehementer
2323 4527 2586 4600 implicui,
2637 4525 2914 4593 canonicze
2963 4518 3185 4592 synaxis
3231 4517 3404 4574 officia
3440 4532 3540 4588 per

1948 4629 2199 4685 distincta
2237 4626 2494 4679 horarum
2527 4619 2698 4690 spatia
2724 4634 2830 4674 non
2856 4616 3113 4688 persolvi.
3157 4613 3309 4668 Mane
3339 4612 3537 4682 quippe

1949 4723 2108 4779 simul
2134 4720 2314 4777 omnia
2347 4729 2696 4780 coacervans,
2728 4721 2841 4768 tota
2869 4711 2956 4767 die
2985 4709 3212 4780 negotiis
3239 4704 3538 4774 ingruenti-

1951 4816 2055 4870 bus
2082 4826 2273 4867 secura
2305 4809 2560 4863 libertate
2581 4805 2866 4860 vacabam.
2915 4802 2996 4856 Ob
3040 4800 3180 4854 hanc
3223 4798 3405 4866 itaque
3445 4807 3538 4848 ne-

1951 4903 2262 4976 gligentiam
2287 4901 2570 4962 horarum,
2603 4895 2814 4950 ardoris
2845 4890 3004 4959 lmjus
3032 4890 3148 4944 fero
3191 4885 3536 4956 supplicium.

1951 4975 2030 5050 Tu
2070 5007 2198 5048 vero
2219 4979 2718 5060 omnipotentisDei
2743 4981 3084 5038 clementiam
3109 4975 3385 5033 humiliter
3438 4975 3541 5028 im-

1950 5087 2123 5158 plora,
2157 5095 2215 5140 ut
2238 5099 2458 5139 manum
2489 5090 2632 5135 tuam
2660 5079 2713 5132 in
2753 5075 2942 5131 salutis
3001 5072 3246 5143 pristina:
3288 5068 3544 5123 restituat

1954 5157 2174 5236 statum.
2208 5177 2361 5244 Quod
2385 5189 2506 5230 cum
2541 5173 2740 5226 factum
2769 5167 2995 5221 fuisset:
3032 5161 3196 5229 Vade,
3222 5159 3413 5229 inquit,
3444 5157 3541 5226 fili,

1953 5274 2178 5328 obsecra
2210 5268 2408 5323 fratres
2453 5273 2671 5319 nostros
2699 5258 2958 5314 Ecclesia:
3011 5255 3264 5318 clericos,
3305 5261 3361 5307 et
3409 5249 3546 5306 alios

1957 5359 2264 5432 spirituales
2304 5355 2467 5428 594
2504 5355 2672 5415 viros,
2700 5360 2756 5426 ut
2779 5364 2878 5420 pro
2917 5362 3006 5426 me
3050 5359 3244 5414 preces
3295 5342 3544 5405 fundant,

1957 5431 2324 5523 indigentibus
2353 5445 2592 5502 subsidia
2629 5439 2930 5502 conferant,
2984 5435 3377 5493 sacrificiorum
3404 5431 3547 5486 votis

1911 5563 1918 5571 ‘
1957 5545 2230 5600 insistant.
2265 5537 2360 5592 His
2407 5536 2551 5592 enim
2583 5531 2842 5605 peractis,
2890 5545 2989 5601 ego
3040 5541 3161 5582 mox
3216 5524 3282 5578 de
3333 5523 3546 5578 vinculo

1958 5651 2133 5708 poenae
2153 5632 2311 5701 hujus
2351 5625 2719 5682 indubitanter
2767 5620 3050 5690 expediar,
3095 5624 3151 5671 et
3190 5609 3550 5684 exspectanti-

1959 5701 2062 5783 bus
2089 5740 2176 5779 me
2216 5723 2504 5777 beatorum
2560 5715 2759 5770 civium
2815 5709 2998 5766 choris
3050 5707 3204 5761 laetus
3264 5701 3545 5771 adjungar.

1963 5821 2114 5891 Quod
2136 5824 2285 5874 certe
2309 5825 2555 5883 magnam
2579 5807 2734 5864 nobis
2765 5805 2925 5861 debet
2950 5800 3155 5867 inferre
3182 5794 3548 5857 formidinem,
