4132 6324
591 401 697 460 579

1027 398 1109 455 :S.
1146 396 1352 454 PETRI
1389 392 1674 452 DAMIANI
1710 391 1862 449 OPP.
1885 388 2120 448 TOMUS
2152 352 2282 445 SEU
2321 386 2500 443 PARS
2537 385 2629 443 ιιι,
2663 415 2735 426 ——
2769 382 3135 441 OPUSCULA
3172 380 3407 439 VARIA.

3766 379 3895 440 580

593 515 719 587 quia
757 527 879 570 cum
907 519 1157 567 sanctum
1192 512 1393 576 virum,
1418 510 1511 564 uni
1561 509 1732 580 culpa:
1773 507 2042 561 duntaxat
2089 505 2187 559 ob-
2216 510 2262 569 Α
2290 505 2454 557 homo
2479 543 2493 565 ,
2553 499 2649 554 Dei
2701 500 2948 555 ducimus
3012 498 3425 570 relinquendum
3473 512 3595 554 esse
3645 496 3890 569 judicio.

593 606 837 672 noxium,
874 614 981 658 tam
1012 603 1365 658 intolerabilis
1388 601 1683 674 purgatorii
1712 615 1870 670 pmna
1905 599 2180 653 constrin-

595 696 756 760 xerit,
788 710 887 761 vae,
912 710 1014 761 vae,
1044 709 1167 764 qua:
1195 694 1349 758 mihi,
1374 692 1618 760 meisque
1645 690 1918 744 similibus
1964 696 2047 742 est
2103 688 2185 741 in-

594 787 818 844 ferenda
835 786 1127 853 sententia,
1144 800 1282 856 quos
1300 795 1380 838 tot
1395 791 1642 837 reatuum
1660 781 1946 854 prolixitas
1961 778 2186 852 gravat?

1191 894 1417 951 CAPUT
1458 894 1546 950 Vl.

598 992 752 1065 Quod
778 992 879 1048 Dei
900 991 1083 1047 laudes
1105 991 1257 1063 [mdis
1281 988 1682 1114 cogitdationibus
1714 1003 1818 1041 non
1852 987 1956 1040 sint
2012 985 2187 1056 inqui-

1294 1078 1397 1114 nan
1439 1077 1504 1114 te.

1294 1077 1504 1115 nanaw.

669 1153 1056 1225 Distinguenda
1085 1160 1211 1208 sunt
1256 1167 1357 1224 ego
1406 1167 1505 1223 per
1559 1156 1832 1206 momenta
1884 1157 2187 1220 temporum

522 1236 527 1243 ’
597 1245 1364 1304 ecclesiasticaeinstitutionis
1397 1244 1595 1311 ofﬁcia,
1620 1252 1675 1299 et
1705 1243 1806 1299 sub
1849 1257 2044 1313 magna
2100 1241 2188 1296 di-

600 1339 711 1398 vini
738 1338 969 1405 timoris,
1010 1354 1074 1393 ac
1097 1339 1415 1393 reverentiae
1441 1337 1667 1392 dicenda
1714 1341 1842 1391 sunt
1882 1334 2185 1404 disciplina,

567 1493 570 1496 ,
599 1446 671 1487 ne
706 1430 834 1485 dum
854 1429 1157 1501 psallimus,
1181 1429 1417 1487 fructum
1445 1429 1667 1500 spiritus
1709 1443 1831 1484 cum
1872 1426 2052 1481 carnis
2098 1428 2189 1481 de-

603 1523 746 1582 sidia
777 1524 1127 1579 misceamus.
1152 1521 1291 1591 Quid
1328 1522 1474 1577 enim
1520 1521 1762 1591 prodest,
1805 1518 2039 1573 hostiam
2079 1517 2190 1573 Deo

602 1618 781 1676 laudis
805 1615 1019 1681 oll‘erre,
1064 1625 1121 1671 et
1165 1631 1264 1686 per
1307 1625 1581 1686 torporem
1636 1612 2009 1702 negligentia.
2031 1609 2191 1666 foedis

770 1706 1193 1778 cogitationibus
1245 1706 1569 1776 inquinare?
1620 1705 1773 1759 lianc
1825 1718 1989 1775 porro
2040 1702 2188 1770 boni,

611 1796 848 1867 malique
875 1796 1158 1851 misturam
1185 1795 1334 1851 locus
1361 1796 1452 1851 ille
1505 1795 1777 1865 signiﬁcat
1824 1792 2188 1863 evangelicns,

2360 593 2415 647 ln
2448 593 2551 647 hac
2577 592 2738 646 etiam
2769 606 2953 645 eremo
2982 590 3146 645 fontis
3174 590 3439 655 Avellani,
3473 591 3564 647 ubi
3605 610 3751 647 nunc
3784 594 3893 649 ha-

2285 687 2398 741 bito
2425 726 2437 749 ,
2483 685 2633 756 prior
2668 684 2887 755 quidam
2943 683 3123 738 fuerat
3152 725 3166 751 ,
3209 685 3428 739 nomine
3480 684 3740 755 Joannes,
3792 691 3895 759 qui

2285 777 2445 833 lentis
2467 778 2788 848 quibusdam
2815 776 3221 831 inﬁrmitatibus
3247 778 3570 832 macilentus
3596 779 3897 835 videbatur

2286 882 2500 940 semper
2525 877 2580 923 ct
2608 867 2846 939 gracilis.
2871 867 2982 922 Hac
3018 868 3203 937 itaque
3231 868 3313 922 sui
3344 870 3894 939 corporisimbecilla

2289 962 2550 1015 tenuitate
2571 958 2828 1026 conﬁsus,
2861 973 3004 1028 saepe
3046 959 3239 1027 jacens
3295 960 3351 1015 in
3391 961 3535 1018 lecto
3583 963 3897 1034 completo-

2288 1055 2431 1107 rium
2485 1053 2827 1107 decurrebat.
2876 1052 3090 1107 Accidit
3142 1062 3321 1107 autem
3391 1063 3454 1109 ut
3513 1055 3898 1114 dzemoniacus

2287 1142 2504 1213 quidam
2527 1158 2634 1197 non
2658 1141 2847 1213 procul
2869 1142 3105 1208 abesset,
3128 1144 3220 1213 qui
3244 1144 3415 1198 multa
3455 1144 3743 1203 hominum
3797 1163 3895 1205 se-

2289 1247 2459 1304 creta,
2483 1247 2539 1293 et
2564 1238 2830 1295 obscenos
2858 1247 3013 1296 actus
3043 1240 3330 1310 impudens
3357 1241 3690 1312 propalaret.
3721 1240 3896 1299 (nm-

2289 1343 2395 1398 que
2420 1329 2678 1398 praefatus
2703 1328 2941 1387 Joannes
2986 1330 3287 1387 daemonem
3339 1335 3491 1389 exire
3544 1334 3897 1406 pmciperet,

2289 1430 2345 1475 et
2390 1421 2717 1490 quibusdam
2768 1421 3058 1477 exorcismi
3108 1424 3496 1493 quaestionibus
3542 1423 3894 1495 ﬁagellaret:

2292 1509 2465 1578 Tunc,
2496 1512 2595 1578 ait,
2626 1511 2717 1567 ille
2747 1528 2823 1577 es,
2858 1513 2949 1583 qui
2983 1514 3085 1569 sub
3110 1522 3259 1570 cotto
3288 1516 3533 1586 quotidie
3588 1517 3899 1587 completo-

2290 1604 2432 1658 riunt
2464 1604 2796 1670 insusurras,
2824 1613 2878 1659 et
2909 1606 3071 1663 modo
3093 1622 3180 1662 me
3202 1607 3362 1679 quasi
3393 1617 3614 1664 sanctus
3659 1607 3894 1679 ejicere,

2293 1704 2348 1751 et
2365 1696 2506 1768 juris
2533 1698 2637 1753 mei
2669 1699 2949 1754 vasculum
2975 1699 3042 1755 de
3069 1714 3193 1755 meo
3231 1699 3315 1755 vis
3343 1700 3587 1757 dominio
3613 1701 3897 1758 liberare?

2294 1787 2409 1846 Hoc
2428 1790 2635 1857 audito,
2657 1790 2827 1846 frater
2848 1790 3084 1857 erubuit,
3113 1791 3240 1861 quia
3266 1792 3347 1846 rei
3382 1792 3667 1849 veritatem
3717 1794 3896 1851 etiam

600 1889 695 1949 ubi
722 1890 921 1946 dicitur
945 1906 959 1943 :
983 1888 1121 1956 Quia
1151 1888 1380 1943 docente
1410 1886 1660 1951 Domino,
1698 1885 1929 1941 aderant
1964 1884 2183 1954 quidam
2212 1882 2261 1942 B
2287 1902 2386 1957 per
2415 1882 2683 1939 mendacii
2711 1883 3027 1953 recognovit
3052 1891 3354 1938 auctorem.

602 1985 726 2056 ipso
752 1983 808 2039 in
842 1991 1087 2052 tempore
1136 1981 1452 2035 nuntiantes
1502 1979 1579 2034 illi
1630 1978 1696 2035 de
1747 1977 1985 2034 Galilaeis
2034 1975 2187 2049 (Luc.

603 2074 752 2146 xm),
775 2088 1007 2145 quorum
1051 2071 1370 2144 sanguinem
1418 2070 1626 2125 Pilatus
1658 2070 1877 2126 miscuit
1927 2084 2050 2124 cum
2104 2083 2193 2123 sa-

605 2165 828 2223 criﬁciis
858 2181 1067 2222 eorum.
1120 2164 1257 2220 Nam
1304 2165 1428 2235 quia
1476 2164 1703 2232 Pilatus,
1755 2180 1818 2220 os
1861 2162 2192 2218 malleatoris

604 2257 1018 2331 interpretatur,
1042 2258 1169 2329 quid
1192 2273 1289 2329 per
1311 2259 1475 2325 hunc,
1500 2258 1605 2313 nisi
1632 2256 1907 2312 diabolum
1932 2256 2193 2311 debemus

606 2352 931 2424 intelligere,
971 2352 1061 2423 qui
1087 2359 1313 2423 paratus
1340 2360 1426 2407 est
1470 2366 1683 2421 semper
1734 2350 1983 2405 homines
2024 2347 2195 2404 oﬁ‘en-

606 2446 822 2506 sionum
849 2444 1049 2502 ictibus
1094 2444 1437 2500 verberare?
1472 2443 1625 2500 Unde
1673 2451 1729 2497 et
1771 2443 1979 2513 virgam
2032 2455 2195 2512 super

605 2538 868 2597 humeros
904 2538 1186 2595 hominum
1225 2546 1410 2592 tenere
1441 2537 1643 2593 dicitur
1682 2552 1778 2605 per
1820 2536 2191 2607 PrOphetam:

611 2647 635 2685 ι
668 2629 913 2702 Yirgam,
944 2630 1140 2701 inquit,
1170 2629 1382 2685 humeri
1406 2629 1524 2700 ejus
1549 2628 1844 2699 superasti,
1867 2627 2010 2683 sicut
2032 2626 2084 2681 in
2107 2626 2195 2682 die

532 2718 535 2721 ’
607 2716 823 2777 Madian
868 2719 1004 2793 (Isa.
1043 2720 1145 2792 ιχ).
1184 2739 1204 2774 ›
1229 2720 1370 2789 Quid
1389 2735 1521 2776 vero
1544 2721 1788 2792 sanguis,
1811 2721 1914 2775 nisi
1944 2717 2194 2790 peccata?

606 2811 750 2882 Quid
784 2811 1075 2879 sacriﬁcia,
1101 2811 1208 2867 nisi
1231 2821 1427 2876 rectas,
1463 2819 1518 2866 et
1545 2811 1908 2883 acceptabiles
1957 2810 2069 2867 Dco
2121 2810 2197 2865 si-

607 2904 865 2977 gniﬁcant
893 2904 1172 2961 actiones?
1206 2903 1414 2961 Pilatus
1442 2919 1573 2976 ergo
1602 2903 1947 2961 Galilaeorum
1977 2905 2197 2973 sangui-

614 3009 743 3051 nem
769 3010 895 3051 cum
924 2994 1207 3051 sacriﬁciis
1232 2994 1470 3063 miscuit,
1506 2996 1634 3066 quia
1668 2994 1941 3068 malignus
1971 2994 2197 3066 spiritus

606 3087 695 3147 vel
718 3088 998 3145 orationes
1018 3095 1235 3145 nostras
1284 3088 1467 3160 pravis
1519 3087 1939 3161 cogitationibus
1981 3087 2195 3158 polluit,

615 3177 703 3236 vel
731 3193 897 3251 Opera
926 3178 1069 3234 bona
1088 3175 1299 3250 peccati
1336 3175 1625 3247 cujuslibet
1643 3177 2056 3232 attaminatione
2076 3191 2196 3231 cor—

611 3256 834 3342 rumpit,
857 3279 917 3326 ut
961 3270 1182 3342 sanguis
1204 3268 1537 3326 sacriﬁcium
1563 3268 1798 3340 polluat;
1832 3270 1959 3323 dum
2014 3276 2198 3323 reatus
2223 3251 2271 3316 C

610 3362 837 3421 oﬁ‘ensio
861 3362 1099 3419 oblatam
1124 3362 1236 3418 Deo
1278 3362 1414 3419 recti
1455 3362 1637 3433 operis
1684 3361 1959 3417 victimam
2007 3358 2194 3416 foedat.

612 3452 771 3514 Unde
819 3454 1082 3526 scriptum
1113 3462 1200 3510 est
1228 3472 1242 3509 :
1278 3471 1298 3506 ι
1330 3451 1469 3521 Quia
1498 3468 1622 3509 cum
1649 3451 1927 3507 Abraham
1958 3450 2070 3507 Deo
2111 3466 2199 3506 sa-

609 3545 878 3604 criﬁcium
907 3547 974 3602 de
1001 3545 1311 3617 pecoribus,
1340 3560 1404 3601 ac
1427 3543 1739 3600 volucribus
1778 3546 2005 3600 devotus
2045 3539 2200 3598 oﬁ‘er—

611 3646 716 3706 ret,
740 3639 1140 3696 descenderunt
1173 3638 1425 3695 volucres
1455 3654 1620 3710 super
1664 3639 1952 3705 cadavera,
1993 3646 2050 3694 et
2085 3639 2201 3694 abi-

613 3729 778 3801 gebat
805 3744 899 3785 eas
936 3729 1215 3783 Abraham
1268 3726 1419 3800 (Gen.
1464 3726 1581 3802 xv).
1615 3746 1635 3780 ι
1680 3728 1820 3797 Quid
1848 3730 1993 3785 enim
2024 3729 2202 3799 expri-

616 3832 773 3880 munt
796 3823 1076 3890 volucres,
1103 3823 1209 3878 nisi
1233 3822 1494 3894 reprobus
1534 3823 1758 3894 spiritus
1780 3838 1879 3894 per
1905 3839 2032 3879 aera
2060 3822 2197 3878 voli-

615 3910 830 3973 tantes?
849 3915 1097 3972 volucres
1118 3931 1248 3988 ergo
1270 3933 1302 3971 a
1329 3914 1601 3972 sacriﬁcio
1631 3926 1822 3972 nostro
1866 3916 2198 3987 repellimus,

614 4022 739 4065 cum
755 4021 979 4080 operum
999 4016 1310 4065 nostrorum
1327 4008 1578 4064 victimas
1594 4023 1625 4063 a
1642 4008 1896 4080 malignis
1920 4007 2199 4080 spiritibus

616 4116 713 4159 eas
739 4102 945 4166 fmdare
976 4102 1331 4171 tentantibus,
1359 4104 1583 4174 provide
1607 4104 1966 4159 custodimus.

683 4192 828 4248 ldem
854 4208 1007 4259 sane,
1038 4209 1197 4264 quem
1231 4195 1602 4265 praediximus,
1629 4196 1926 4262 Adraldus,
1986 4196 2113 4252 dum
2142 4197 2201 4253 in

614 4282 941 4356 Burgundiae
963 4300 1130 4356 regno
1154 4285 1288 4341 mihi
1329 4287 1611 4342 conviator
1648 4287 1962 4343 incederet:
1994 4288 2052 4342 In
2076 4289 2201 4357 hoc,

615 4380 814 4450 inquit,
848 4379 968 4434 loco
992 4394 1088 4450 per
1114 4394 1273 4450 quem
1300 4396 1444 4436 nunc
1464 4380 1752 4436 transitum
1782 4383 2071 4447 habemus,
2100 4382 2203 4437 ali-

618 4470 750 4541 quid
776 4470 1023 4539 contigit,
1051 4471 1194 4540 quod
1218 4472 1264 4526 si
1285 4471 1538 4538 dicimus,
1569 4486 1676 4526 non
1699 4472 1913 4528 videtur
1942 4474 2197 4529 otiosum.

618 4559 811 4616 Frater
830 4560 1048 4628 quidam
1080 4561 1252 4614 nostri
1301 4560 1534 4615 coenobii
1579 4559 1747 4631 (haud
1794 4560 2015 4616 dubium
2070 4566 2202 4633 quin

621 4652 1136 4724 Cluuiacensis)pi:e
1189 4654 1408 4720 mentis,
1456 4661 1513 4708 ct
1564 4663 1726 4709 rectm
1772 4658 2203 4716 conversationis

619 4747 722 4815 vir,
751 4746 877 4802 hinc
897 4745 1188 4816 aliquando
1207 4746 1514 4823 transibat;
1539 4756 1594 4803 et
1638 4762 1766 4804 ecce
1795 4750 2025 4807 crinitus
2071 4753 2206 4824 qui-

620 4840 767 4907 dam,
797 4839 952 4911 quasi
979 4853 1048 4894 ex
1075 4838 1566 4911 Hierosolymitana
1612 4841 2056 4911 peregrinatione
2106 4845 2201 4902 de-

618 4935 864 5002 veniens,
891 4933 1125 5005 palmam
1156 4930 1365 4987 ferebat
1390 4932 1445 4987 in
1469 4946 1653 4987 manu.
1680 4931 1924 5006 Cumque
1954 4935 2201 5007 peregri-

625 5045 750 5099 nus,
781 5039 839 5087 et
881 5028 1178 5084 monachus
1230 5020 1465 5082 invicem
1519 5025 1667 5081 obvii
1719 5041 1839 5083 sese
1880 5027 2203 5085 altrinsecus

622 5120 1068 5194 pertransiissent
1087 5120 1164 5174 ait
1191 5118 1283 5174 ille
1318 5136 1332 5172 :
1367 5116 1790 5189 Completorium
1816 5119 1870 5174 in
1900 5120 2059 5186 lecto,
2104 5136 2206 5177 nec

624 5208 773 5267 salus
792 5219 893 5275 est,
926 5226 1025 5266 nec
1044 5210 1338 5281 profectus.
1372 5208 1527 5277 Quod
1553 5210 1725 5264 frater
1753 5211 2002 5276 audiens,
2033 5212 2204 5267 admi-

626 5308 779 5356 ratus
832 5301 1085 5370 expavit,
1133 5316 1199 5357 ac
1249 5310 1471 5372 repente
1499 5309 1624 5372 post
1668 5310 1815 5374 terga
1866 5299 2205 5373 respiciens,

624 5407 753 5451 eum
778 5393 960 5449 videre
986 5408 1091 5449 non
1118 5394 1315 5467 potuit.
1338 5393 1500 5466 595
1528 5393 1649 5450 Mox
1681 5394 1827 5449 enim
1876 5403 1935 5449 ut
1983 5395 2205 5451 verbum

625 5486 870 5561 protulit,
902 5486 1124 5543 omnino
1144 5487 1426 5558 disparuit.
1456 5487 1549 5542 llle
1578 5500 1706 5542 vero
1731 5485 1797 5541 ad
1818 5486 2207 5543 conscientiam

627 5595 756 5635 mox
788 5593 1038 5635 reversus
1065 5579 1292 5644 invenit,
1318 5578 1446 5648 quia
1492 5579 1745 5649 pridiano
1770 5593 1996 5648 vespere
2032 5577 2211 5635 lassus

629 5671 696 5727 de
724 5670 813 5726 via
839 5669 1096 5736 redierat,
1148 5678 1204 5725 et
1238 5668 1379 5724 fessa
1424 5670 1477 5724 in
1510 5669 1764 5725 lectulum
1802 5670 2042 5725 membra
2089 5685 2212 5739 pro-

620 5763 864 5835 jiciens,
927 5762 1169 5833 jacendo‘
1230 5763 1520 5819 canonicas
1588 5763 1751 5817 horas
1822 5762 2207 5833 compleverat.

632 5858 827 5916 Utrum
848 5858 937 5916 ille
959 5858 1180 5930 angelus
1199 5856 1387 5925 fuerit,
1410 5872 1479 5911 an
1498 5872 1707 5925 revera,
1735 5856 1875 5914 sicut
1902 5856 2206 5926 videbatur,

2227 4622 2281 4683 D

2364 1976 2518 2030 Alter
2541 1976 2705 2030 etiam
2748 1975 3000 2041 eremita,
3053 1974 3147 2044 qui
3194 1975 3490 2031 vocabatur
3535 1973 3776 2032 Joannes
3827 1976 3898 2033 de

2292 2070 2458 2137 Auso,
2500 2087 2625 2125 cum
2656 2071 2729 2139 ei,
2751 2078 2809 2124 ut
2834 2069 3186 2140 egrederetur
3204 2070 3555 2127 vehementer
3581 2073 3894 2141 insisteret,

2295 2175 2361 2215 ac
2419 2159 2589 2214 divini
2636 2159 2876 2214 nominis
2934 2158 3206 2228 adjurium
3256 2161 3502 2216 crebrius
3549 2161 3894 2220 intentaret:

2293 2252 2546 2322 Nunquid
2591 2251 2791 2307 oblitus
2815 2266 2897 2319 es,
2920 2252 3016 2315 ait,
3066 2253 3170 2308 hac
3202 2253 3298 2308 tibi
3351 2262 3512 2310 nocte
3564 2254 3695 2326 quid
3742 2252 3899 2313 fece-

2294 2345 2434 2400 rim?
2466 2344 2619 2410 Nam,
2650 2345 2695 2400 si
2721 2360 2829 2400 non
2860 2344 3085 2410 excidit,
3136 2354 3320 2402 certus
3352 2362 3413 2403 es
3449 2347 3577 2418 quia
3608 2350 3735 2404 dum
3793 2364 3897 2421 ego

2295 2452 2384 2492 me
2416 2439 2471 2492 in
2498 2438 2613 2508 apri
2642 2436 2908 2493 silvestris
2957 2436 3187 2508 efﬁgiem
3215 2439 3375 2505 verti,
3409 2448 3463 2494 tu
3496 2454 3583 2495 me
3610 2441 3765 2510 quasi
3803 2456 3899 2499 ve-

2294 2540 2453 2588 nator
2478 2530 2857 2586 insectabaris.
2890 2528 2995 2585 Sed
3026 2530 3118 2599 qui
3145 2530 3366 2586 videbar
3385 2546 3536 2602 aper,
3560 2532 3741 2589 subito
3764 2549 3895 2605 spe-

2295 2627 2433 2683 ciem
2464 2632 2705 2680 venustae
2731 2622 2976 2678 mulieris
3003 2623 3299 2694 assumpsi,
3324 2634 3488 2694 atque
3526 2625 3584 2687 in
3641 2626 3896 2683 osculum

2297 2730 2446 2775 tuum
2479 2732 2662 2785 ruens,
2695 2726 2755 2771 ut
2775 2732 2958 2772 semen
2990 2715 3316 2786 ell‘underes,
3343 2733 3467 2773 cum
3497 2718 3669 2789 gloria
3699 2720 3900 2776 trium-

2293 2797 2476 2883 phavi.
2501 2809 2635 2866 Cum
2667 2810 2853 2880 itaque
2880 2808 3145 2879 reprobus
3172 2810 3396 2881 spiritus
3418 2813 3484 2867 de
3510 2811 3681 2867 fratre
3706 2812 3891 2869 delin-

2297 2912 2497 2974 quente
2523 2917 2620 2973 per
2650 2902 2865 2975 soporis
2893 2901 3174 2973 energiam
3221 2918 3284 2959 se
3334 2904 3597 2977 glorietur
3635 2906 3899 2965 habuisse

2303 2999 2674 3070 triumphum;
2708 3005 2916 3069 quanto
2954 3008 3208 3070 putamus
3226 3013 3348 3055 eum
3380 3000 3620 3073 gaudere
3658 3001 3899 3073 tripudio

2297 3107 2462 3162 super
2491 3092 2599 3157 his,
2631 3090 2723 3162 qui
2756 3090 3013 3146 labuntur
3038 3092 3091 3146 in
3123 3090 3472 3158 adulterium,
3496 3091 3580 3146 vel
3601 3092 3896 3149 incestum?

2314 3183 2467 3239 Unde
2493 3198 2633 3254 sarpe
2659 3183 2800 3239 Deus
2828 3182 3173 3253 omnipotens
3204 3182 3446 3239 terribile
3474 3184 3694 3240 exhibet
3722 3186 3896 3242 etiam

2301 3274 2356 3329 in
2385 3273 2486 3329 hac
2509 3274 2617 3328 vita
2633 3271 2922 3342 judicium,
2952 3289 3055 3329 nec
3087 3282 3267 3330 tamen
3308 3275 3493 3332 miseri
3517 3275 3769 3334 homines
3802 3277 3897 3336 de-

2301 3365 2487 3421 sinunt
2516 3364 2719 3420 iterare
2743 3363 3110 3435 plectendum.

2369 3455 2503 3510 Nam
2529 3454 2797 3511 Robertus
2828 3454 3106 3512 Gallorum
3136 3471 3253 3521 rex,
3281 3471 3415 3512 avus
3448 3456 3612 3513 istius
3633 3456 3893 3531 Philippi,

2299 3550 2389 3621 qui
2420 3550 2471 3604 in
2499 3549 2712 3621 paterni
2764 3547 2905 3617 juris
2933 3557 3146 3620 sceptra
3184 3549 3466 3616 successit,
3534 3551 3897 3623 propinquam

2299 3640 2401 3695 sibi
2430 3639 2969 3711 copulavituxorem,
3002 3654 3067 3693 ex
3102 3656 3208 3710 qua
3257 3641 3496 3710 suscepit
3547 3640 3744 3707 ﬁlium,
3798 3657 3897 3697 an-

2301 3730 2536 3785 serinum
2576 3746 2673 3800 per
2702 3730 2883 3785 omnia
2908 3729 3125 3795 collum,
3150 3740 3205 3786 et
3225 3741 3388 3802 caput
3410 3732 3723 3787 habentem.
3750 3731 3898 3801 Quos

2301 3823 2487 3889 etiam,
2521 3823 2696 3877 virum
2724 3822 2933 3877 scilicet
2955 3831 3008 3877 et
3030 3838 3280 3878 uxorem.
3311 3839 3503 3880 omnes
3544 3824 3656 3879 fere
3699 3824 3897 3881 Gallia-

2299 3928 2421 3969 rum
2471 3913 2749 3984 episcopi,
2810 3915 3079 3968 connnuni
3138 3913 3299 3969 simul
3353 3918 3896 3973 excommunicavere

2302 4003 2786 4075 sententia.Cujus
2828 4005 3184 4075 sacerdotalis
3228 4006 3394 4062 edicti
3444 4017 3624 4069 tantus
3678 4024 3894 4064 omnem

2300 4097 2540 4167 undique
2574 4097 2832 4168 populum
2858 4106 3033 4152 terror
3055 4098 3272 4165 invasit,
3314 4109 3373 4153 ut
3398 4100 3465 4155 ab
3492 4100 3611 4171 ejus
3652 4099 3894 4156 universi

2301 4188 2562 4243 societate
2590 4188 2928 4254 recederent,
2962 4203 3062 4244 nec
3094 4199 3294 4257 praeter
3334 4191 3467 4245 duos
3491 4190 3594 4246 sibi
3647 4191 3895 4248 servulos

2303 4278 2371 4333 ad
2400 4279 2693 4333 necessarii
2720 4279 2899 4333 victus
2921 4279 3237 4350 obsequium
3278 4292 3663 4337 remanerent:
3694 4284 3786 4354 qui
3819 4292 3897 4337 ta-

2302 4387 2426 4427 men
2459 4381 2515 4427 et
2545 4372 2644 4442 ipsi
2668 4373 2848 4426 omnia
2879 4388 3031 4438 vasa,
3080 4373 3133 4427 in
3163 4374 3360 4444 quibus
3409 4388 3505 4428 rex
3538 4375 3754 4442 edebat,
3812 4374 3898 4430 vel

2301 4463 2559 4530 bibebat,
2608 4452 2865 4534 percepto
2920 4466 3082 4531 cibo,
3131 4466 3521 4522 abominabilia
3562 4468 3893 4541 iudicantes,

2305 4562 2559 4633 pabulum
2587 4561 2804 4633 ignibus
2828 4562 3177 4617 exhibebant.
3231 4562 3327 4618 His
3354 4564 3573 4619 tandem
3625 4578 3722 4620 rex
3767 4578 3897 4618 eoa-

2307 4666 2428 4712 ctus
2451 4656 2736 4727 angustiis,
2759 4656 2825 4711 ad
2860 4672 3049 4711 sanum
3075 4656 3364 4711 consilium
3392 4658 3633 4727 rediens,
3678 4656 3897 4713 divertit

2305 4749 2595 4816 incestum,
2624 4750 2851 4821 iniitque
2873 4749 3049 4820 legale
3072 4750 3423 4806 connubinm.

2906 4840 3134 4897 CAPUT
3171 4841 3282 4898 Vll.

2449 4932 2603 4998 Quod
2639 4949 2742 4986 non
2778 4943 2900 4988 sunt
2930 4942 3240 4989 commatres
3269 4933 3522 4990 ducendi:
3542 4950 3753 4989 uxores.

2379 5023 2485 5080 Sed
2521 5033 2576 5079 et
2597 5024 2724 5081 Otto
2774 5040 2865 5079 rex
2926 5024 3366 5095 Teutonicorum,
3416 5028 3508 5101 qui
3554 5027 3898 5101 postmodum

2312 5117 2607 5188 imperator
2632 5130 2852 5175 creatus
2879 5128 2963 5174 est
2991 5118 3379 5185 Romanorum,
3416 5120 3733 5177 Adalaidem
3782 5121 3890 5177 Ita-

2310 5210 2395 5266 lia:
2420 5212 2686 5283 reginam,
2724 5228 2846 5282 quae
2898 5213 2999 5268 sibi
3041 5222 3341 5268 commater
3382 5213 3547 5286 596
3588 5214 3895 5282 exstiterat,

2312 5304 2623 5372 suscepitin
2653 5303 2955 5376 conjugem.
2999 5303 3169 5372 Quem
3223 5304 3367 5361 ﬁlius
3417 5305 3531 5375 ejus
3576 5306 3896 5373 Almiﬁcus.

2312 5395 2402 5465 qui
2427 5393 2749 5467 Maguntinae
2794 5395 3118 5466 praesidebat
3172 5406 3359 5468 pastor
3409 5398 3687 5466 Ecclesia},
3730 5397 3898 5469 etrapit

2313 5497 2627 5543 constanter
2657 5502 2907 5561 arguere,
2939 5496 2993 5544 et
3016 5488 3303 5544 scelestum
3330 5490 3674 5562 luridumque
3702 5488 3895 5561 conju-

2308 5580 2453 5650 gium
2482 5580 2693 5650 publice
2726 5581 3106 5636 condemnare.
3140 5581 3303 5638 Pater
3339 5594 3521 5638 autem
3546 5584 3898 5638 vehementer

2310 5673 2503 5739 iratus,
2534 5689 2655 5729 eum
2684 5675 3066 5743 comprehendi
3094 5677 3372 5746 prtccepit,
3405 5685 3461 5731 et
3489 5677 3748 5732 carcerali
3773 5689 3897 5751 mox

2311 5768 2568 5823 custodia:
2594 5767 2951 5836 mancipavit;
2991 5784 3151 5837 quem
3180 5785 3275 5839 per
3298 5769 3491 5825 annale
3519 5770 3737 5824 circiter
3777 5781 3897 5838 spa-

2312 5858 2447 5915 tium
2468 5872 2658 5914 carcer
2697 5857 2932 5926 inclusit,
2959 5859 3052 5915 sed
3078 5876 3106 5914 a
3132 5862 3475 5918 correctione
3506 5860 3744 5931 linguam
3793 5867 3899 5913 ter-
