4132 6324
294 401 397 460 581

1033 400 1277 460 OPUSC.
1319 403 1564 462 XXXIV.
1606 436 1677 447 —
1716 395 1815 460 DE'
1843 402 2073 460 VARIIS
2114 402 2444 462 MIRACUL.
2488 408 2795 469 NARRAT.
2863 492 2865 495 Ι

3477 425 3585 484 58%

293 515 440 573 roris
480 513 759 572 vinculum
813 530 922 572 non
976 515 1182 588 ligavit.
1225 519 1361 574 Cum
1414 535 1544 575 vero
1579 529 1733 590 pater
1774 535 1896 574 eum
1925 524 1975 581 Α
2003 519 2199 589 prime,
2233 521 2474 588 domine,
2507 527 2792 585 manifeste
2830 531 2958 601 quid
2987 532 3092 590 hoc
3122 536 3211 602 sit,
3262 546 3324 594 ut
3371 543 3588 605 confes-

293 609 750 680 quadragesimali
777 611 1101 667 decurrente
1117 611 1347 683 jejunio,
1388 614 1454 668 de
1507 615 1752 670 custodia
1802 614 1894 671 (Ie-

294 704 556 760 crevissct
594 705 849 771 educere,
902 714 1193 776 antequam
1247 708 1562 777 psalterium
1610 710 1892 780 expleret,

292 797 437 868 quod
467 796 650 850 aureis
685 797 948 852 exarabat
979 797 1245 868 apicibus,
1289 803 1560 855 recusavit
1588 803 1757 856 exire.
1790 801 1894 858 Ve-

293 897 603 943 rumtamen
667 889 795 941 dum
843 888 1034 954 exivit,
1090 888 1206 943 zelo
1227 890 1586 946 sacerdotalis
1632 909 1894 950 accensus

292 978 658 1044 auctoritatis,
683 993 790 1032 non
816 979 1043 1048 quievit,
1073 981 1167 1035 sed
1194 996 1320 1036 mox
1341 982 1394 1038 in
1420 992 1630 1052 patrem
1650 985 1893 1054 jaculum

291 1071 523 1142 publicae
551 1071 1137 1128 excommunicationis
1167 1073 1404 1129 intorsit.
1445 1074 1488 1131 Ο
1511 1092 1641 1132 vere
1671 1078 1894 1149 dignum
1967 1077 1969 1080 ’

294 1165 444 1235 regio
473 1179 672 1236 genere
697 1165 1060 1231 sacerdotem,
1094 1165 1184 1234 qui
1217 1166 1272 1220 in
1295 1182 1459 1223 causa
1504 1168 1598 1223 Dei
1642 1187 1750 1226 non
1800 1171 1894 1225 im-

294 1257 501 1329 periale
527 1256 831 1328 fastigium,
889 1272 998 1312 non
1048 1267 1331 1327 paternum
1395 1264 1714 1332 recognovit
1765 1263 1893 1319 affe-

293 1348 608 1416 ctum;sed
646 1349 774 1404 dum
799 1359 1083 1420 paternam
1143 1364 1208 1406 ac
1256 1353 1462 1421 regiam
1510 1355 1893 1410 auctoritatem

293 1442 347 1497 in
385 1441 502 1496 solo
530 1441 639 1496 Deo
670 1441 974 1508 constituit,
1006 1440 1151 1497 hunc
1198 1442 1471 1499 hominem
1533 1444 1649 1513 cjus
1688 1445 1894 1516 legibus

293 1533 682 1600 resistentem,
748 1548 779 1589 a
831 1547 890 1588 se
945 1547 1168 1604 prorsus
1213 1543 1533 1590 extraneum
1595 1537 1890 1606 deputavit.

294 1624 444 1678 Dixit
492 1632 677 1678 autem
732 1623 873 1694 patri
905 1640 918 1676 :
956 1623 1036 1677 Tu
1083 1625 1371 1680 arbitraris
1409 1641 1493 1680 me
1515 1627 1802 1683 adversum
1841 1639 1895 1687 te

293 1714 596 1771 insolenter
625 1730 810 1787 agere,
859 1724 911 1771 te
965 1731 1097 1772 vero
1141 1717 1517 1788 prtejudicium
1573 1721 1844 1777 sustinere
1874 1738 1892 1774 :

292 1809 401 1865 cito
428 1823 754 1879 praenosces,
784 1809 910 1878 quia
933 1807 1020 1864 die
1048 1819 1240 1865 sancto
1264 1810 1614 1868 Pentecostes
1662 1824 1894 1885 uterque

2001 627 2092 666 sus
2118 613 2388 684 corrigam
2411 618 2552 686 quod
2582 622 2780 676 erravi.
2812 622 2982 682 Porro
3007 643 3106 684 vox
3158 633 3346 690 eadem
3395 653 3587 707 pecca-

2000 712 2111 758 tum
2143 707 2410 775 quoddam
2436 708 2601 782 [sicut
2632 715 2932 790 qumrebat]
2967 719 3246 792 signanter
3293 731 3585 799 expressit,

1997 800 2140 890 quod
2166 800 2253 855 ille
2279 817 2310 857 a
2340 819 2400 860 se
2423 808 2775 865 commissum
2798 811 2942 868 illico
2971 821 3302 890 recognovit,
3329 833 3382 877 et
3402 825 3587 884 abbati

1996 888 2318 948 festinanter
2348 897 2540 964 ascito,
2572 898 2716 956 facta
2742 888 3400 982 confessione—purgavit,
3452 933 3588 989 pau-

1997 983 2183 1055 cisque
2210 998 2332 1056 post
2352 989 2541 1047 diebus
2571 992 2625 1047 in
2653 1005 2840 1051 sancta
2870 1013 3004 1068 pace
3025 1000 3312 1061 defunctus
3337 1017 3438 1063 est.

2585 1103 2813 1164 CAPUT
2863 1107 2993 1166 VIII.

2069 1187 2321 1248 Terribile
2349 1195 2642 1278 exemplum
2659 1200 2948 1280 fajusdam
2971 1204 3198 1280 (taminia
3223 1206 3507 1280 desperati,
3593 1253 3598 1260 ι

2404 1283 2466 1320 ac
2509 1269 2872 1344 interﬁcientis
2917 1275 3166 1345 seipsum.

2067 1352 2186 1409 Non
2214 1355 2375 1411 talem
2404 1358 2633 1415 sortitus
2662 1370 2746 1416 est
2789 1361 2952 1420 finem
2984 1365 3216 1424 clericus
3247 1371 3356 1440 ille,
3385 1374 3452 1430 de
3476 1391 3584 1446 quo

1996 1443 2130 1498 mihi
2185 1445 2329 1502 idem
2385 1447 2539 1521 llugo
2601 1450 2976 1513 Cluniacensis
3035 1465 3351 1520 monasterii
3406 1443 3586 1526 rector

1996 1536 2102 1591 fida
2137 1539 2399 1596 relatione
2429 1547 2715 1601 narravit:
2766 1548 3102 1622 Religiosus,
3140 1557 3336 1627 inquit,
3360 1562 3588 1631 quidam

1996 1628 2283 1700 episcopus
2315 1632 2366 1686 in
2395 1636 2737 1703 expeditione
2786 1641 3018 1710 positus,
3068 1661 3192 1700 cum
3224 1628 3464 1709 venisset
3514 1655 3587 1711 ad

1997 1719 2171 1790 ripam
2222 1722 2506 1792 cujusdam
2557 1725 2816 1798 fluminis,
2857 1734 3120 1804 substitit,
3175 1739 3361 1811 ibique
3408 1743 3584 1803 lassus

2001 1825 2253 1868 recreare
2304 1816 2557 1886 spiritum
2607 1823 2791 1892 cmpit.
2832 1823 3076 1898 Cumque
3129 1830 3238 1887 illic
3295 1838 3582 1908 tranquille

291 1903 453 1959 simul
480 1904 779 1960 astahimus
815 1913 940 1959 ante
961 1904 1154 1972 Deum,
1212 1905 1392 1977 ibique
1420 1907 1769 1963 ventilabitur
1807 1910 1890 1964 in-
1921 1909 1970 1969 B
1998 1905 2341 1977 Quiescerct,
2394 1913 2600 1969 audivit
2644 1931 2832 1974 vocem
2876 1920 2942 1975 de
2989 1919 3231 1982 fluminis
3275 1903 3580 2003 alveovpro-

290 2005 497 2062 ternos,
521 1995 713 2052 librata
733 1995 959 2068 justitia:
985 1996 1159 2062 lance,
1188 1997 1440 2069 litigium.
1489 1997 1567 2054 Ibi
1617 1999 1736 2056 luce
1780 2001 1889 2056 cla-

289 2089 407 2144 rius
432 2087 715 2160 apparebit
738 2087 861 2159 quis
888 2098 1134 2144 nostrum
1162 2091 1436 2161 aequitatis
1459 2090 1658 2148 lineam
1686 2101 1891 2162 teneat,

290 2180 414 2252 quis
435 2180 532 2235 Dei
561 2180 768 2251 legibus
796 2181 1158 2237 contradicat.
1222 2181 1562 2254 Factumque
1603 2194 1708 2251 est,
1749 2187 1887 2256 ipso,

289 2275 382 2346 qui
405 2275 579 2331 dictus
609 2283 710 2340 est,
745 2285 1109 2331 sacrosanctae
1136 2276 1498 2334 solemnitatis
1521 2278 1628 2346 die,
1668 2287 1728 2334 ut
1754 2281 1884 2340 dum

289 2363 550 2438 praefatus
599 2365 880 2436 Augustus
931 2366 1302 2438 imperialibus
1349 2368 1534 2424 infulis
1580 2371 1884 2437 redimitus,

289 2443 697 2530 multorumque
727 2459 1044 2530 pontificum
1074 2459 1278 2527 choris,
1303 2461 1418 2518 sive
1454 2479 1743 2534 procerum
1770 2466 1887 2521 val-

290 2548 440 2605 latus
490 2549 820 2622 agminibus,
874 2551 1165 2607 missarum
1222 2552 1501 2609 solemniis
1553 2555 1889 2627 interesset,

289 2645 575 2718 repentino
612 2661 781 2717 super
815 2661 938 2702 eum
963 2646 1217 2702 veniente
1257 2646 1487 2716 judicio,
1534 2660 1781 2720 repertus
1819 2653 1890 2708 sit

287 2744 557 2790 mortuus.
589 2735 890 2806 Episcopus
920 2745 1104 2792 autem
1140 2736 1194 2791 in
1223 2737 1452 2792 Domino
1502 2739 1615 2809 jam
1665 2741 1890 2811 quieve-

287 2837 391 2882 rat.
424 2826 515 2882 Sic
538 2828 618 2883 sic
641 2829 732 2899 qui
763 2829 830 2884 de
857 2829 1065 2884 incesto
1088 2827 1337 2900 coniugio
1370 2833 1701 2902 contempsit
1746 2834 1888 2890 inter

288 2920 537 2976 homines
559 2921 814 2991 judicari,
849 2923 918 2977 ad
945 2921 1178 2976 tribunal
1207 2923 1397 2978 aeterni
1421 2923 1624 2993 judicis
1667 2935 1888 2982 coactus

286 3023 374 3070 est
409 3014 684 3084 pertrahi;
720 3023 776 3072 et
822 3015 914 3086 qui
947 3015 1250 3086 subjectum
1281 3015 1382 3070 sibi
1440 3015 1759 3087 dedignatus
1806 3027 1890 3074 est

287 3106 477 3162 audire
511 3107 848 3176 pontificem,
909 3105 1204 3162 terribilem
1253 3121 1416 3177 super
1461 3122 1519 3163 se
1563 3124 1670 3164 non
1715 3111 1889 3180 potuit

284 3199 517 3256 evadere
541 3197 904 3269 maiestatem.

1995 1999 2292 2069 deuntem,
2353 2013 2406 2060 ct
2470 2006 2587 2064 hate
2641 2011 2805 2066 verba
2882 2013 3084 2072 clarius
3140 1999 3580 2090 exprimentem:

1994 2092 2139 2149 liora
2179 2097 2361 2161 venit,
2407 2099 2569 2156 homo
2617 2118 2724 2158 non
2775 2107 2943 2162 venit.
2990 2107 3086 2164 His
3124 2113 3324 2171 auditis
3369 2118 3582 2188 episeo-

1992 2204 2094 2258 pus
2159 2190 2426 2247 sollicitus
2485 2194 2731 2250 redditur
2779 2216 2793 2252 :
2845 2208 2902 2254 et
2954 2205 3262 2274 recogitans
3311 2209 3414 2266 hoc
3463 2215 3588 2272 sine

1992 2283 2254 2354 mysterio
2282 2299 2403 2340 esse
2435 2301 2541 2340 non
2570 2301 2750 2358 posse,
2795 2291 3087 2349 adventum
3129 2298 3208 2352 rei
3252 2300 3439 2358 solerti
3489 2322 3585 2363 cu-

1996 2375 2175 2430 stodia
2224 2378 2590 2446 praestolatur.
2647 2380 2754 2437 Sed
2810 2385 2934 2440 dum
2983 2395 3220 2447 attentus
3273 2395 3586 2465 explorator

1995 2477 2300 2538 exspectat,
2349 2469 2588 2542 dumque
2619 2472 2734 2530 haec
2764 2484 2818 2531 et
2854 2476 2946 2532 illa
2981 2483 3266 2554 recogitat,
3298 2500 3425 2544 ecce
3458 2492 3583 2560 qui-

1991 2557 2115 2614 dam
2169 2559 2403 2617 clericus
2448 2563 2687 2632 agillime
2723 2570 3077 2640 properabat,
3115 2589 3424 2651 equumque
3467 2557 3585 2638 cal-

1989 2654 2207 2710 carihus
2236 2665 2500 2724 atterens,
2530 2674 2746 2716 amnem
2789 2665 3025 2722 transire
3052 2673 3380 2738 quantocius
3427 2675 3584 2732 festi-

1990 2745 2172 2802 nabat.
2207 2746 2503 2804 Admonuit
2535 2758 2717 2806 autem
2768 2767 2896 2809 suos
2926 2757 3235 2830 episcopus,
3284 2772 3343 2820 ut
3391 2765 3583 2825 obvios

1990 2854 2048 2896 se
2090 2840 2332 2896 venienti
2383 2842 2708 2900 festinanter
2755 2846 3092 2919 objicerent,
3140 2869 3374 2927 eumque
3417 2873 3449 2914 a
3496 2861 3580 2917 sui

1992 2945 2188 2988 cursus
2227 2933 2432 3003 impetu
2478 2937 2801 2994 retinerent.
2851 2940 3096 3012 Cumque
3152 2945 3243 3002 ille
3289 2951 3583 3019 perniciter

1988 3041 2322 3097 properans,
2369 3028 2566 3087 flumen
2616 3034 3006 3104 aggrederetur
3042 3041 3448 3111 praecipitanter
3497 3047 3582 3102 in-

1989 3118 2210 3184 vadere,
2257 3135 2321 3175 ac
2365 3120 2486 3176 sine
2513 3136 2665 3177 mora
2706 3125 2979 3192 transire;
3014 3126 3201 3199 illique
3244 3141 3433 3187 contra
3465 3133 3581 3190 vio-

1989 3207 2168 3264 lenter
2197 3210 2550 3279 obsisterent,
2599 3222 2654 3270 et
2697 3217 2924 3286 gradum
2956 3217 3123 3291 figere
3166 3224 3580 3296 compulissent,

358 3290 483 3348 Haec
508 3307 631 3364 ego,
662 3290 990 3346 venerabilis
1015 3299 1193 3361 pater,
1225 3298 1282 3346 et
1311 3291 1415 3346 alia
1441 3293 1870 3381 quamplurima,
1910 3283 1955 3346 C
1987 3299 2063 3354 ait
2094 3317 2108 3354 :
2139 3299 2432 3368 Quiescite,
2463 3319 2672 3374 quaeso,
2703 3283 2962 3366 dimittite
2997 3283 3110 3379 me,
3153 3283 3424 3385 recedite;
3448 3283 3576 3390 quia

285 3397 392 3439 non
420 3383 538 3439 sine
574 3396 782 3454 magnae
832 3380 1142 3438 formidinis
1190 3386 1395 3454 angore
1446 3378 1765 3452 conscribo;
1815 3402 1885 3444 ne

282 3472 558 3539 videlicet,
593 3471 678 3528 vel
709 3472 970 3529 relatores
1003 3474 1110 3530 mei
1144 3489 1309 3530 merae
1337 3476 1584 3532 veritatis
1628 3479 1883 3535 semitam

284 3579 395 3622 non
430 3565 728 3632 tenuerint,
758 3564 842 3620 vel
873 3565 986 3635 ipse
1033 3580 1252 3637 quoque
1304 3567 1627 3623 relationum
1660 3569 1714 3626 in
1751 3586 1886 3642 quo-

284 3658 420 3715 libet
443 3659 728 3714 immemor
779 3658 1054 3714 oblivione
1101 3658 1450 3730 deliquerim.
1501 3660 1884 3720 Verumtamen

285 3759 427 3809 teste
447 3752 800 3818 conscientia,
824 3767 930 3807 non
971 3753 1086 3808 haec
1111 3753 1409 3809 mentiendi
1440 3761 1588 3823 voto,
1623 3758 1719 3812 sed
1749 3759 1883 3814 aedi-

283 3844 554 3902 ficationis
583 3843 800 3914 affectu,
830 3855 995 3914 prout
1017 3844 1210 3900 melius
1235 3860 1484 3916 possum,
1516 3857 1742 3904 narrata
1797 3864 1886 3906 re-

282 3937 489 4005 colere,
517 3945 707 4010 satago
737 3937 1010 3994 schedulis
1042 3939 1326 3993 adnotare.
1367 3937 1426 3993 Si
1456 3939 1586 4011 quid
1618 3941 1750 3996 mihi
1801 3950 1880 3997 ta-

283 4046 410 4088 men
440 4033 493 4087 in
521 4033 608 4089 his
622 4031 910 4088 oblivionis
923 4033 1187 4115 obrepsit,
1207 4033 1314 4087 imo
1332 4033 1600 4103 quidquid
1623 4035 1884 4092 humana:

282 4125 611 4184 conditionis
679 4125 998 4183 infirmitate
1060 4125 1262 4196 deliqui
1312 4135 1604 4198 antequam
1653 4131 1883 4187 nexibus

281 4220 446 4290 hujus
467 4219 649 4276 carnis
677 4218 946 4286 absolvar,
973 4219 1154 4274 divina
1186 4219 1319 4274 mihi
1343 4220 1517 4291 pietas
1546 4221 1653 4277 tuis
1675 4222 1884 4279 oratio-

281 4314 448 4370 nibus
475 4314 528 4368 in
557 4313 877 4369 memoriam
910 4322 1145 4377 revocet,
1181 4328 1244 4368 ac
1265 4313 1425 4383 digne
1453 4313 1638 4384 lugere
1660 4316 1884 4384 permit-

282 4415 396 4474 tat;
428 4423 496 4464 ne
515 4408 721 4463 viventi
742 4407 876 4463 mihi
901 4407 1273 4478 paenitendum
1302 4406 1434 4476 quid
1483 4423 1709 4464 manere
1758 4423 1881 4480 pos-

281 4499 357 4556 sit
377 4498 671 4566 occultum,
701 4500 848 4569 quod
878 4501 1165 4556 morientis
1192 4501 1261 4556 sit
1297 4501 1473 4556 oculis
1497 4501 1875 4572 ingerendum.

353 4592 540 4650 Homo
575 4593 743 4649 abbas
764 4592 1157 4659 Cluniacensis,
1185 4608 1307 4649 cum
1335 4594 1403 4648 ad
1428 4610 1586 4650 suum
1636 4612 1724 4652 me
1764 4612 1880 4652 mo-

278 4685 583 4744 nasterium
613 4684 980 4754 perduxisset,
1009 4684 1180 4740 frater
1207 4685 1426 4753 quidam
1449 4701 1616 4742 senex
1645 4687 1700 4742 in
1728 4689 1879 4744 infir-

279 4790 494 4832 morum
525 4776 704 4841 domo,
740 4771 1150 4846 ingravescente
1184 4775 1347 4831 totius
1366 4778 1612 4847 corporis
1643 4786 1875 4847 tumore,

277 4865 589 4938 languebat.
609 4865 708 4922 Hic
722 4881 907 4937 porro,
935 4881 1059 4922 cum
1082 4865 1292 4922 abbatis
1312 4869 1877 4937 comperissetadesse

275 4960 647 5031 praesentiam,
675 4958 830 5015 laetus
849 4957 1098 5025 effectus,
1127 4959 1369 5014 divinam
1399 4961 1876 5033 caspitimplorare

277 5050 946 5116 clementiam:D0mine,
1004 5050 1205 5121 inquit,
1261 5065 1425 5123 quem
1480 5053 1688 5108 nullum
1744 5055 1878 5112 latet

275 5144 572 5212 occultum,
608 5161 811 5216 quaeso,
843 5147 886 5201 si
909 5145 1035 5215 quid
1058 5155 1242 5202 reatus
1268 5146 1325 5201 in
1348 5162 1437 5203 me
1465 5157 1568 5213 est,
1598 5151 1742 5218 quod
1763 5165 1871 5206 non

277 5239 381 5295 sim
405 5241 687 5310 hucusque
733 5240 1039 5303 confessus,
1085 5248 1141 5294 tu
1191 5239 1321 5295 mihi
1357 5241 1782 5299 misericorditer
1815 5245 1870 5299 in

275 5338 541 5394 memoria
579 5353 796 5401 revoca,
830 5346 1096 5408 quatenus
1127 5337 1308 5392 abbati
1340 5352 1462 5392 meo
1482 5338 1607 5392 dum
1633 5354 1871 5408 praesens

276 5429 441 5501 597
472 5438 575 5497 est,
604 5411 1056 5500 pure'confitear;
1087 5437 1252 5499 atque
1288 5429 1357 5484 ab
1389 5443 1474 5495 eo,
1503 5429 1597 5499 qui
1638 5429 1729 5500 jus
1765 5431 1869 5486 hoc

275 5523 334 5578 in
355 5537 443 5578 me
486 5537 600 5592 prae
629 5522 842 5577 caeteris
889 5521 1069 5587 habet,
1113 5519 1387 5589 judicatus
1439 5520 1704 5575 absolvat.
1757 5519 1870 5576 Hoc

275 5616 448 5680 dicto,
473 5614 781 5685 huiusmodi
818 5631 918 5670 vox
950 5613 1175 5670 auribus
1206 5614 1325 5686 ejus
1375 5613 1618 5668 insonuit
1655 5630 1666 5666 :
1714 5612 1874 5668 Certe

275 5719 380 5775 est,
407 5721 558 5766 certe
589 5721 674 5766 est
703 5711 904 5780 aliquid
931 5711 984 5765 in
1037 5719 1110 5775 te,
1163 5711 1310 5780 quod
1358 5709 1640 5764 confessus
1695 5710 1874 5767 adhuc

274 5821 388 5862 non
417 5820 498 5862 es.
552 5805 795 5876 Cumque
824 5806 918 5861 ille
962 5820 1150 5860 vocem
1210 5805 1378 5860 solam
1430 5804 1663 5868 audiret,
1707 5803 1801 5860 sed
1841 5819 1870 5858 a

273 5915 386 5974 quo
403 5899 747 5972 procederet,
771 5915 879 5958 non
912 5900 1138 5967 videret,
1165 5899 1373 5956 orando
1417 5898 1695 5969 subiunxit
1723 5914 1738 5953 :
1765 5897 1873 5953 Ex-

1904 4658 1958 4720 D

1983 3392 2156 3464 jussio
2183 3395 2328 3465 regis
2364 3405 2536 3469 urget.
2570 3397 2689 3454 Non
2719 3408 2804 3455 est
2853 3415 2943 3458 res
2965 3444 2981 3471 ,
3027 3419 3148 3474 qua:
3178 3406 3377 3464 deferri
3405 3411 3578 3482 possit

1987 3488 2044 3544 in
2088 3497 2388 3560 posterum.
2438 3491 2757 3563 Mysterium
2803 3496 2949 3568 regis
2994 3499 3199 3566 instat,
3247 3502 3577 3563 inevitabilis

1987 3585 2286 3640 necessitas
2311 3586 2563 3656 imperat.
2595 3588 2735 3655 Quid
2778 3590 2968 3659 plura?
3013 3593 3249 3653 Sanctus
3290 3599 3576 3672 episcopus

1987 3689 2109 3730 eum
2146 3675 2536 3732 violentissime
2587 3688 2900 3748 retentum,
2953 3687 3355 3756 supervenienti
3411 3700 3574 3749 nocte

1986 3780 2170 3823 secum
2205 3769 2406 3824 habere
2433 3772 2611 3842 coegit
2657 3773 2974 3844 hospitium.
3023 3777 3148 3844 Sed,
3179 3795 3212 3835 ο
3238 3782 3438 3838 misera
3476 3785 3577 3841 ho-

1986 3858 2153 3913 minis
2185 3874 2249 3915 ac
2288 3859 2517 3932 lugenda
2550 3864 2822 3932 conditio,
2875 3881 2996 3936 quae
3045 3868 3258 3926 facilius
3301 3873 3440 3929 valet
3471 3876 3573 3933 sibi

1986 3953 2328 4010 consciscere
2379 3957 2518 4010 mala
2565 3974 2687 4012 cum
2742 3961 2974 4027 desunt,
3025 3977 3189 4032 quam
3234 3967 3404 4022 vitare
3442 3984 3568 4025 cum

1986 4041 2303 4098 imminent!
2340 4045 2606 4116 Episcopo
2655 4048 2864 4105 scilicet
2893 4066 3014 4106 cum
3046 4053 3160 4108 suis
3183 4056 3333 4125 gravi
3374 4073 3570 4127 sopore

1985 4134 2262 4204 depresso,
2296 4133 2384 4192 ille
2409 4154 2504 4193 vas
2530 4155 2684 4211 aqua:
2716 4143 2768 4195 in
2802 4144 3038 4213 lmSpitio
3064 4149 3288 4215 reperit,
3338 4151 3391 4205 in
3424 4155 3566 4223 quod

1986 4236 2151 4294 caput
2179 4225 2528 4298 immergens,
2558 4246 2686 4284 suus
2716 4232 2830 4301 ipse
2856 4241 3030 4288 tortor
3062 4235 3303 4298 effectus,
3335 4254 3394 4295 se
3421 4240 3567 4297 fera-

1983 4314 2112 4371 liter
2140 4319 2407 4373 enecavit.
2444 4318 2549 4375 Sed
2575 4321 2715 4376 sicut
2752 4322 2878 4387 iste,
2911 4324 3035 4380 licet
3063 4327 3296 4394 occulto,
3321 4330 3568 4390 districto

1983 4417 2167 4466 tamen
2193 4409 2291 4466 Dei
2314 4411 2539 4481 judicio,
2572 4414 2753 4470 carnis
2785 4415 3062 4473 interitum
3085 4421 3338 4490 pertulit;
3369 4423 3441 4479 ita
3471 4440 3569 4496 per

1985 4499 2102 4571 ejus
2130 4503 2274 4573 piam
2309 4504 2653 4561 clementiam
2687 4518 2920 4566 mortem
2951 4512 3146 4569 animae
3184 4516 3345 4572 simul
3374 4526 3428 4575 et
3449 4534 3568 4576 cor-

1983 4597 2134 4666 poris
2159 4598 2304 4654 alter
2337 4601 2530 4658 evasit.

2587 4697 2815 4756 CAPUT
2862 4701 2952 4756 IX.

2080 4785 2388 4858 Votifragtts
2416 4789 2724 4857 inﬁrmitate
2751 4794 3056 4863 corripitur,
3083 4805 3141 4848 ut
3172 4797 3462 4864 resipiscat.

2052 4877 2187 4933 Nam
2231 4881 2374 4950 quod
2428 4898 2570 4936 nunc
2618 4884 2864 4938 dicturus
2912 4901 3055 4952 sum,
3105 4895 3159 4942 et
3195 4902 3264 4942 ex
3304 4887 3565 4947 relatione

1973 4971 2089 5044 jam
2143 4972 2273 5026 dicti
2327 4971 2700 5030 Cluniacensis
2749 4977 2998 5043 abbatis,
3055 4977 3220 5050 598
3261 4989 3317 5034 et
3361 4997 3425 5036 ex
3471 4999 3566 5041 ore

1979 5065 2146 5130 illius,
2178 5064 2267 5119 cui
2314 5080 2401 5120 res
2441 5066 2554 5136 ipsa
2600 5069 2923 5139 contigerat,
2971 5067 3309 5139 frequentius
3361 5074 3561 5130 audivi.

1977 5156 2310 5212 Adolescens
2347 5157 2564 5227 quidam
2594 5169 2713 5212 erat
2750 5158 2801 5212 in
2855 5158 3051 5214 finibus
3100 5160 3423 5231 Aquitaniae,
3470 5166 3564 5234 qui

1979 5263 2102 5304 cum
2133 5249 2330 5303 coaevis
2379 5249 2492 5302 suis
2530 5250 2833 5318 juvenculis
2885 5251 2951 5304 de
2989 5251 3292 5307 animarum
3342 5269 3561 5311 suarum

1980 5341 2141 5410 cmpit
2172 5340 2345 5395 salute
2375 5347 2629 5394 tractare.
2661 5340 3063 5398 Deliberatione
3097 5345 3377 5414 praemissa
3397 5388 3412 5412 ,
3441 5355 3564 5402 tan-

1978 5432 2099 5488 dem
2129 5441 2396 5498 statuunt,
2441 5447 2505 5487 ac
2540 5433 2781 5486 unanimi
2828 5433 3057 5488 invicem
3107 5437 3564 5494 conftnderatione

1975 5537 2306 5599 proponunt,
2353 5536 2407 5581 ct
2451 5525 2705 5580 mundani
2754 5525 2929 5580 cultus
2961 5541 3186 5597 pompas
3221 5527 3472 5597 abjicere,
3507 5539 3564 5585 et

1979 5621 2047 5675 ad
2078 5619 2392 5674 monasticm
2421 5619 2848 5672 conversationis
2895 5619 3141 5694 ordinem
3174 5623 3554 5694 commigrare.

1979 5714 2084 5768 Sed
2115 5715 2240 5769 dum
2271 5727 2359 5766 res
2391 5712 2567 5765 adhuc
2604 5725 2864 5784 suspensa
2893 5713 3163 5778 differtur,
3205 5715 3330 5768 dum
3374 5731 3556 5770 rerum

1975 5807 2110 5862 ordo
2151 5804 2432 5875 multiplici
2474 5806 2737 5862 varietate
2787 5809 3130 5872 concutitur;
3185 5807 3302 5876 ipse
3346 5821 3562 5876 quoque

1979 5910 2132 5958 tener
2176 5898 2536 5957 adolescentis
2571 5901 2784 5957 animus
2833 5900 2973 5956 ﬁxus
3023 5901 3079 5956 in
3130 5913 3228 5955 suo
3284 5897 3563 5970 proposito
