4142 5396
558 313 663 377 585

982 314 1043 372 S.
1082 313 1286 371 PETRI
1326 310 1607 369 DAMIAN!
1647 311 1798 368 OPP.
1846 306 2085 367 TOMUS
2122 306 2252 366 SEU
2290 307 2470 368 PARS
2507 308 2594 367 Ill.
2625 337 2694 350 —
2730 306 3098 366 OPUSCULA
3131 307 3362 363 VARIA.

3712 309 3823 368 εει

558 449 666 491 non
710 437 939 487 tenetur.
990 428 1129 498 Quid
1175 427 1380 483 multa?
1426 426 1631 481 Mutata
1686 425 1903 497 penitus
1951 430 2134 479 mente
2161 422 2346 487 ASed
2380 423 2505 494 jam
2560 441 2619 482 se
2649 426 2949 495 reprimens
2995 425 3235 482 calamus
3284 424 3534 482 cohibeat
3583 427 3821 499 stylum,

559 524 906 597 desponsavit
939 537 1184 577 uxorem.
1229 520 1473 592 Cumque
1511 535 1607 590 per
1655 533 1970 589 processum
2003 525 2135 570 tem-

553 618 705 689 poris
736 630 889 672 mens
922 614 1039 685 ejus
1066 622 1119 668 et
1144 613 1462 668 memoriam
1506 611 1677 666 sancti
1708 609 1969 681 propositi
2003 622 2133 678 pau-

557 711 707 767 latim
736 710 801 765 de
820 723 881 764 se
902 723 1127 779 prorsus
1152 706 1424 773 eraderet,
1466 714 1521 761 et
1571 704 1671 759 sub
1714 710 1978 774 praetextu
2004 714 2136 755 con-

551 800 688 872 jugii
731 801 799 856 ad
841 798 1161 870 explendam
1211 796 1447 853 carnalis
1493 794 1758 850 illecebras
1804 791 2135 862 voluptatem

557 891 926 965 impatientius
967 889 1236 956 ebulliret,
1288 888 1470 944 divina
1519 901 1681 958 super
1723 901 1847 942 eum
1877 884 2137 953 vigilante

557 985 864 1051 clementia,
898 984 1077 1039 subito
1120 983 1378 1052 languore
1420 995 1713 1054 percussus
1739 988 1842 1045 est,
1886 993 1950 1034 ac
1976 977 2137 1049 paulo

555 1085 679 1147 post
726 1074 794 1129 ad
841 1082 1081 1130 extrema
1120 1071 1386 1142 pervenit.
1435 1069 1771 1127 Necessariis
1815 1068 2020 1140 igitur,
2072 1081 2136 1122 ac

556 1162 876 1238 propinquis
926 1164 993 1219 de
1050 1160 1162 1232 jam
1220 1160 1375 1232 quasi
1443 1159 1678 1217 defuncti
1740 1158 2138 1230 disputantibus

558 1257 856 1343 sepultura,
902 1255 1029 1309 dum
1056 1255 1109 1309 in
1140 1253 1318 1310 medio
1359 1254 1569 1325 positus
1604 1251 1881 1307 videretur
1906 1250 2140 1307 cadaver

557 1349 837 1413 exanime,
883 1350 1082 1418 vixque
1128 1347 1306 1403 tenuis
1351 1346 1570 1417 quidam
1617 1354 1793 1401 motus
1820 1345 1875 1400 in
1903 1343 2020 1414 ejus
2047 1358 2140 1415 pe«

555 1450 708 1498 ctore
736 1438 1062 1511 palpitaret;
1113 1452 1241 1494 ecce
1277 1437 1382 1493 duo
1428 1436 1692 1492 teterrimi
1726 1451 1790 1491 ac
1820 1435 1989 1489 trucis
2019 1433 2139 1489 vul-

558 1543 648 1591 tus
696 1531 983 1603 Ethiopes
1041 1546 1166 1586 eum
1220 1529 1305 1599 (ut
1361 1529 1462 1584 sibi
1511 1527 1818 1599 videbatur)
1884 1512 2138 1598 tanquam

558 1624 745 1680 leones
781 1622 1056 1694 rugientes
1106 1621 1403 1686 invadunt,
1459 1619 1642 1691 rapaci
1693 1618 1978 1675 ferocitate
2020 1634 2144 1674 cor-

556 1718 783 1789 ripiunt,
812 1718 880 1773 de
905 1731 1131 1788 corpore
1176 1715 1439 1771 violenter
1487 1713 1755 1780 evellunt,
1805 1729 1929 1770 mox
1977 1714 2142 1786 pedes

555 1810 695 1880 ejus,
728 1819 783 1866 et
830 1810 1052 1866 brachia
1085 1810 1239 1866 duris
1269 1809 1494 1881 alligant
1525 1809 1777 1874 nexibus,
1811 1810 2000 1882 sicque
2026 1809 2138 1865 vel-
2166 1790 2215 1851 Β

554 1912 618 1959 ut
643 1902 856 1959 haedum
884 1902 937 1957 in
967 1900 1234 1972 phalanga
1280 1899 1573 1971 pendulum
1599 1899 1736 1957 alter
1760 1910 1882 1971 post
1909 1899 2137 1956 alterum

556 1993 798 2067 bajulare
824 2000 1130 2064 coeperunt.
1156 1991 1303 2062 Quos
1324 2001 1505 2050 autem
1537 1993 1770 2060 dolores,
1796 1999 1850 2047 et
1873 1991 2139 2046 torsiones

558 2086 674 2163 ipse
715 2084 1033 2161 pertulerit,
1091 2097 1389 2158 quantum,
1442 2094 1499 2140 et
1553 2083 1731 2153 qualia
1777 2081 2008 2147 viderit,
2053 2080 2137 2136 vel

558 2183 811 2249 audierit,
860 2195 959 2252 per
1000 2180 1399 2250 quamplurima
1446 2194 1568 2235 eum
1616 2178 1734 2234 loca
1779 2173 2138 2240 vectaverint,

559 2274 877 2346 perlongum
902 2279 985 2328 est
1012 2286 1117 2326 non
1149 2277 1355 2324 tantum
1408 2267 1548 2340 stylo
1580 2266 1836 2337 dirigere,
1870 2265 1964 2320 sed
2004 2263 2136 2319 sim-

557 2365 792 2435 plieibus
815 2377 1031 2435 quoque
1060 2361 1243 2417 verbis
1278 2377 1342 2417 ex
1372 2375 1467 2417 ore
1492 2374 1590 2432 per
1614 2357 1862 2414 ordinem
1896 2354 2137 2411 referen-

560 2457 631 2513 tis
665 2456 874 2512 audire.
929 2454 1043 2511 Hoc
1074 2463 1281 2509 tantum
1318 2453 1413 2509 hic
1463 2453 1665 2509 inferre
1713 2449 1966 2517 sulllciat,
2013 2450 2139 2520 quia

561 2547 687 2604 dum
746 2561 846 2617 per
897 2546 1145 2603 obscurae
1194 2544 1442 2616 caliginis
1481 2560 1605 2599 eum
1654 2542 1772 2598 loca
1818 2547 2139 2611 portarent;

558 2653 687 2695 ecce
728 2637 792 2692 Β.
820 2637 1017 2693 Petrus
1064 2634 1337 2707 apostolus
1387 2635 1702 2707 splendidus
1738 2642 1794 2688 et
1845 2644 2143 2689 coruscans

560 2730 823 2797 occurrit,
863 2744 1094 2800 eumque
1145 2730 1210 2786 de
1256 2729 1590 2799 portantium
1635 2726 1878 2782 humeris
1902 2733 2141 2795 raptum,

560 2820 812 2886 nexibus,
840 2821 1040 2892 quibus
1066 2820 1384 2892 angebatur,
1416 2817 1666 2875 absolvit.
1693 2817 1774 2873 llli
1800 2831 1928 2872 mox
1953 2813 2143 2870 relicta

560 2911 744 2985 prteda
774 2910 1070 2967 stridentes
1097 2909 1371 2975 dentibus,
1414 2917 1469 2964 et
1511 2907 1777 2979 eiulantes
1823 2905 2138 2969 abscedunt,

560 3000 877 3070 factumque
919 2999 1023 3055 sibi
1067 2999 1440 3070 praeiudicium
1476 2997 1685 3055 ﬂebiles
1711 2989 2141 3070 conquerantur.

560 3094 761 3151 Beatus
802 3102 984 3149 autem
1030 3092 1307 3164 apostolus
1357 3091 1756 3148 adolescentem
1800 3091 1868 3147 ad
1897 3089 2144 3145 Cluniaci

2235 529 2306 571 ne
2345 516 2583 588 regulam
2629 517 2912 574 brevitatis
2950 517 3176 574 excedat
3217 517 3506 589 cpistolare
3560 535 3823 590 compca.

2240 609 2408 666 dium.

2310 699 2567 765 Scribite,
2610 701 2654 757 si
2700 701 2874 771 placet
2918 701 3187 758 distichon
3227 701 3370 757 istud
3410 702 3463 757 in
3506 701 3821 773 refectorio,

2237 791 2337 850 sub
2357 794 2581 864 pedibus
2611 797 3001 866 apostolorum.

2391 887 2522 953 lgnit
2541 889 2855 953 apostolicum
2878 889 3155 953 linguarum
3181 891 3372 941 ﬂamma
3396 897 3640 952 senatum.

2394 947 2645 1003 Germiuat
2666 958 2720 1003 et
2742 955 2899 1004 varias
2918 947 3058 1017 quasi
3087 966 3179 1005 vox
3205 953 3412 1005 fecunda
3437 947 3678 1020 loquelas.

2776 1162 3282 1257 DISPUTATIO.

2275 1312 2362 1367 DE
2392 1310 2619 1369 VARIIS
2653 1312 3225 1373 APPARITIONIBUS
3262 1316 3351 1373 ET
3391 1315 3790 1374 MIRACULIS.

2239 1427 3208 1501 Ancuusnruu.e‘Archiepiscopo,
3258 1436 3454 1501 utpote
3496 1430 3588 1501 qui
3628 1430 3832 1487 talibus

2310 1498 2473 1553 rebus
2492 1498 2782 1570 audiendis
2813 1498 3142 1570 magquere
3187 1498 3582 1568 delectabatur,
3614 1501 3836 1556 nuntiat

2229 1613 2235 1621 .
2311 1569 2602 1643 canonicos
2631 1569 2951 1643 Velitrensis
2980 1569 3270 1638 Ecclesiae,
3296 1573 3384 1627 cui
3433 1572 3549 1643 ipse
3596 1580 3855 1642 praeerat.

2310 1640 2847 1711 emersisseitandem
2886 1641 3207 1711 aliquando,
3246 1650 3302 1697 et
3333 1658 3388 1697 se
3424 1640 3492 1698 ad
3521 1640 3741 1705 bonam,
3771 1650 3838 1698 ut

2312 1710 2553 1783 dicitur,
2603 1710 2813 1783 frugem
2874 1710 3183 1783 recepisse,
3227 1727 3428 1782 eosque
3482 1713 3636 1778 juxta
3689 1726 3837 1782 pra:-

2312 1782 2572 1853 scriptam
2602 1781 2703 1837 sibi
2737 1781 3099 1851 disciplinam,
3151 1798 3258 1838 non
3307 1781 3367 1837 ut
3411 1792 3538 1838 ante
3585 1781 3836 1853 coaetos,

2313 1851 2654 1922 sed'sponte
2697 1862 2752 1907 et
2800 1854 3028 1909 libenter
3080 1854 3249 1909 vitam
3296 1853 3602 1909 instituere.
3656 1851 3840 1909 All‘ert

2312 1922 2507 1979 deinde
2537 1922 2794 1978 nonnulla
2842 1924 3088 1994 exetnpla
3118 1964 3133 1990 ,
3178 1932 3234 1978 et
3276 1924 3436 1989 mira,
3476 1938 3610 1994 quae
3642 1924 3837 1978 multis

2312 1994 2674 2064 contigerunt,
2722 2009 2790 2049 ex
2821 1993 3018 2067 quibus
3044 2010 3150 2051 non
3180 2009 3347 2067 parva
3390 1993 3596 2051 utilitas
3619 1994 3837 2065 percipi

2312 2073 2512 2135 potest.

2312 2171 2524 2229 Domno
2549 2173 2617 2229 Α.
2650 2173 2944 2230 venerabili
2993 2175 3434 2246 archiepiscopo,
3465 2174 3683 2230 Psrnus
3710 2189 3841 2246 pee-

2242 2274 2396 2323 cator
2425 2268 2726 2323 monachus
2754 2267 3085 2338 plenissimae
3113 2268 3416 2324 devotionis
3437 2265 3710 2324 affectum.

2313 2360 2449 2431 Quia
2502 2363 2624 2417 novi
2677 2371 2921 2417 sanetam
2970 2370 3205 2418 mentem
3260 2371 3447 2428 luam,
3504 2359 3838 2417 venerabilis

2240 2450 2425 2521 Pater,
2456 2452 2727 2524 praecipue
2753 2453 2819 2509 de
2862 2453 3141 2508 hominum
3186 2452 3361 2508 salute
3406 2451 3667 2523 gaudere,
3697 2450 3839 2506 adeo

2240 2555 2303 2603 ut
2346 2562 2470 2601 cum
2513 2546 2818 2601 animarum
2867 2555 2919 2602 te
2964 2546 3191 2618 contigit
3244 2545 3434 2629 audire
3485 2543 3785 2615 profectum
3816 2579 3835 2611 ,

2241 2639 2384 2696 velut
2418 2639 2485 2695 ad
2518 2639 2754 2695 dulcium
2796 2639 3079 2712 epularum
3130 2639 3421 2714 aggliseas,
3450 2653 3517 2695 ac
3545 2635 3837 2695 delecteris

2244 2730 2503 2787 edulium.

2315 2820 2515 2876 Refero
2542 2821 2637 2877 tibi
2661 2822 2726 2877 de
2757 2821 3033 2882 canonicis
3059 2810 3301 2890 nostris,
3346 2830 3547 2879 sanctae
3580 2820 3838 2877 videlicet

2244 2910 2567 2968 Velitrensis
2593 2910 2870 2977 Ecclesiae,
2900 2912 3029 2982 quia
3057 2913 3150 2983 qui
3182 2914 3281 2969 sub
3325 2912 3511 2969 multis
3555 2911 3835 2968 laboribus

2244 3003 2445 3058 nostris
2487 3013 2649 3074 atque
2698 3003 2983 3059 sudoribus
3032 3004 3430 3075 incorrigibiles
3476 3004 3834 3069 videbantur,

2243 3092 2357 3162 jam
2386 3108 2483 3164 per
2513 3093 2749 3149 divinam
2794 3093 3026 3165 gratiam
3075 3094 3437 3164 resipiscnnt,
3465 3102 3520 3150 et
3548 3108 3646 3165 per
3672 3107 3839 3168 cano-

562 3186 950 3244 monasterium
982 3199 1169 3242 secum
1202 3186 1375 3252 duxit,
1415 3186 1576 3257 eique
1606 3184 1909 3240 forinsecus
1945 3182 2144 3252 posito,
2170 3174 2220 3239 Ο
2249 3186 2387 3241 nicze
2420 3186 2619 3256 regula:
2649 3186 2919 3247 tramitem
2956 3201 3064 3242 non
3107 3185 3218 3257 jam
3246 3188 3443 3255 coacti,
3474 3187 3568 3243 sed
3599 3186 3857 3259 gauden-’

560 3294 709 3345 sese,
730 3280 901 3336 donec
926 3287 1312 3346 reverteretur,
1336 3288 1653 3350 exspectare
1682 3278 1959 3350 praecepit.
2011 3277 2144 3346 Ego,

562 3368 762 3441 inquit,
791 3384 971 3425 meum
997 3372 1386 3428 monasterium
1414 3370 1721 3443 ingrediens
1747 3369 1927 3434 visito,
1954 3383 2019 3423 ac
2052 3382 2149 3438 per

567 3462 854 3519 circuitum
881 3472 1077 3519 cuncta
1102 3462 1459 3533 perlustrans,
1489 3463 1620 3532 quid
1649 3470 1858 3534 agatur,
1885 3459 2145 3515 attendo:

568 3554 765 3609 deinde
790 3554 857 3609 ad
894 3563 966 3617 te,
1001 3554 1361 3610 consideratis
1387 3554 1655 3619 omnibus,
1684 3553 1869 3608 redeo.
1892 3552 1997 3607 Sed
2021 3567 2148 3607 mox

565 3650 627 3696 ut
655 3642 759 3697 iste
793 3639 1012 3697 relictus
1039 3652 1121 3697 est
1146 3643 1314 3707 solus,
1361 3657 1491 3697 ecce
1518 3639 1851 3697 crudeliores
1880 3649 1937 3695 et
1967 3641 2147 3696 aerio-

566 3745 658 3786 res
687 3730 848 3785 iidem
877 3737 1228 3786 revertuntur
1271 3729 1578 3800 Aithiopes,
1631 3739 1686 3785 et
1737 3744 1844 3783 non
1889 3729 2002 3800 jam
2050 3744 2148 3799 per

569 3835 764 3876 manus
803 3829 860 3875 et
903 3818 1087 3891 pedes,
1115 3820 1209 3875 sed
1235 3835 1333 3890 per
1379 3818 1629 3891 genitalia
1670 3820 1784 3889 ipsa
1828 3816 2146 3887 corripiunt,

570 3926 804 3982 eumque
833 3911 912 3968 sic
936 3926 1044 3967 non
1068 3912 1185 3968 sine
1207 3912 1525 3983 gravissimo
1546 3910 1688 3966 illius
1711 3910 1895 3966 dolore
1926 3923 2151 3979 suspen-

569 4004 723 4059 dunt.
771 4003 906 4060 Nam
952 4005 1100 4061 velut
1149 4005 1196 4061 si
1248 4013 1425 4060 rostro
1475 4019 1662 4075 passer
1722 4003 2035 4075 accipitris,
2066 3999 2153 4058 vel

573 4096 828 4168 aquilinis
861 4099 1131 4171 unguibus
1169 4097 1419 4153 columba
1447 4096 2027 4168 rapiaturimplumis;
2072 4095 2153 4152 sic

571 4204 605 4243 a
660 4188 907 4260 reprobis
952 4187 1060 4244 illis
1099 4187 1381 4258 spiritibus
1443 4188 1609 4243 miser
1663 4188 1765 4243 iste
1817 4186 2151 4256 corripitur,

576 4283 816 4340 trahitur
841 4282 1092 4348 libratus,
1133 4297 1232 4353 per
1259 4282 1492 4337 verenda
1523 4280 1889 4352 suspenditur,
1917 4289 1971 4335 et
2000 4277 2156 4350 quasi

570 4384 891 4448 recuperata
940 4376 1160 4447 przeda,
1219 4391 1341 4445 qua:
1404 4374 1581 4430 fuerat
1634 4374 1883 4445 perdita,
1944 4373 2156 4445 longius

569 4475 917 4538 asportatur;
947 4481 1069 4521 eum
1105 4481 1233 4522 ecce
1258 4465 1451 4521 beatus
1483 4465 1675 4520 Petrus
1705 4464 1939 4519 radianti
1971 4465 2153 4528 nimis,

2250 3283 2333 3331 tes
2359 3275 2637 3330 incedunt.
2673 3274 3057 3345 Unusquisque
3095 3286 3358 3347 pmterea
3388 3291 3578 3331 eorum
3605 3275 3841 3345 quadra-

2249 3366 2494 3438 gesimali
2528 3373 2768 3437 tempore
2794 3367 3037 3437 quotidie
3072 3367 3389 3438 psalterium
3435 3367 3709 3439 complet;
3740 3368 3840 3422 tri—

2247 3457 2353 3514 bus
2373 3471 2472 3527 per
2491 3457 2886 3513 hebdomadam
2910 3458 3100 3514 diebus
3120 3472 3309 3513 omnes
3333 3458 3460 3512 vino
3480 3467 3537 3512 et
3560 3458 3842 3527 pulmento

2250 3549 2613 3606 communiter
2642 3549 2948 3614 abstinent;
2980 3555 3299 3617 tantumque
3323 3546 3584 3603 districta
3609 3563 3842 3605 conver-

2249 3639 2479 3695 sationis
2505 3636 2759 3693 videntur
2792 3638 2993 3693 habere
3045 3636 3356 3706 fervorem,
3414 3646 3475 3693 ut
3523 3653 3621 3709 per
3672 3648 3840 3695 totam

2251 3732 2763 3804 Quadragesimam,
2802 3746 2924 3802 qua:
2964 3739 3049 3788 est
3090 3740 3217 3788 ante
3266 3731 3514 3789 Pascha:
3569 3740 3626 3788 et
3669 3732 3839 3799 illam,

2252 3839 2372 3895 quae
2399 3821 2744 3878 Nativitatem
2773 3820 2985 3878 Domini
3014 3822 3185 3878 nostri
3211 3821 3339 3879 Jesu
3371 3822 3575 3879 Christi
3612 3837 3843 3879 consue-

2253 3915 2572 3972 tudinaliter
2600 3914 2908 3981 antecedit,
2944 3915 3120 3971 tribus
3164 3914 3220 3969 in
3269 3915 3606 3970 hebdomada
3652 3916 3842 3971 diebus

2253 4008 2628 4079 unusquisque
2653 4022 2711 4063 se
2753 4008 2807 4062 in
2834 4006 3074 4078 capitulo
3114 4021 3298 4064 coram
3346 4008 3608 4067 fratribus
3652 4015 3851 4073 exuat,

2252 4107 2310 4156 et
2366 4097 2585 4169 propria
2647 4106 2870 4169 peccata
2926 4098 3250 4164 confessus,
3297 4098 3431 4152 dura
3480 4096 3841 4167 corrigiarum

2255 4191 2463 4247 scutica
2507 4187 2747 4260 perferat
2776 4188 3137 4260 disciplinam.
3174 4188 3232 4243 ln
3279 4203 3387 4259 quo
3420 4187 3669 4243 videlicet
3712 4201 3841 4242 san~

2257 4293 2359 4339 ctre
2389 4279 2823 4338 conversationis
2851 4279 3050 4335 indicio
3076 4288 3233 4351 potes
3254 4278 3539 4334 manifeste
3564 4276 3839 4348 colligere,

2257 4372 2389 4443 quid
2438 4374 2505 4427 de
2561 4371 2774 4427 caeteris
2819 4371 2946 4426 vita:
2998 4373 3212 4437 modis,
3260 4379 3317 4427 et
3372 4369 3844 4427 observationibus

2257 4464 2459 4519 debeas
2483 4463 2774 4518 mstimare.
2805 4462 2893 4528 Et,
2927 4477 2961 4517 ο
3004 4462 3287 4533 disciplina
3339 4460 3645 4526 salutifera,
3682 4457 3845 4514 nimi-

571 4533 892 4614 ae—terribili
936 4556 1223 4627 splendore
1252 4557 1594 4627 conspicuus,
1646 4570 1705 4610 se
1746 4564 2005 4626 tanquam
2056 4533 2234 4610 ful-D
2258 4571 2377 4612 rum
2404 4556 2588 4611 carnis
2618 4553 2869 4610 afllictio!
2917 4554 2971 4610 in
3011 4570 3117 4626 qua
3160 4555 3286 4610 dum
3332 4568 3528 4625 corpus
3558 4554 3625 4615 ad
3651 4548 3846 4607 huma-

571 4664 696 4704 men
757 4648 977 4720 injecit,
1034 4648 1282 4719 rapinam
1331 4663 1484 4703 suam
1532 4647 1687 4717 quasi
1740 4662 1838 4718 per
1891 4647 2154 4717 impetum

569 4738 792 4796 viclenti
847 4739 1070 4812 spiritus
1118 4738 1511 4811 apprehendit,
1577 4747 1633 4795 et
1704 4739 1947 4795 clavibus
2016 4754 2155 4811 quas

571 4847 735 4888 manu
765 4832 1037 4904 gestabat,
1078 4840 1327 4902 raptores
1354 4831 1718 4902 nequissimos
1746 4832 2011 4888 acerrime
2034 4846 2157 4887 ver-

571 4922 801 4978 beravit.
854 4920 977 4978 Mox
1034 4922 1184 4976 illum
1246 4922 1314 4977 ad
1379 4920 1600 4978 domum
1649 4922 1923 4994 propriam
1985 4935 2155 4992 usque

572 5012 845 5083 perduxit,
886 5012 1223 5082 reddensque
1273 5003 1523 5083 spiritum
1582 5013 1817 5085 corpori,
1868 5022 2154 5082 utramque

581 5102 744 5157 saluti
791 5103 1147 5158 substantiam
1205 5104 1542 5161 reformavit.
1586 5104 1719 5160 Nam
1771 5105 1861 5160 ille
1907 5106 2155 5175 protinus

580 5188 1007 5257 convalesceus,
1056 5192 1220 5264 599
1247 5195 1429 5250 domui
1481 5211 1593 5250 sua:
1642 5195 1761 5251 sine
1812 5196 2157 5251 cunctatione

582 5276 865 5345 disposuit,
913 5287 1076 5347 atque
1102 5284 1170 5337 ad
1214 5283 1569 5341 Cluniacense
1612 5286 1999 5348 monasterium
2031 5301 2157 5356 pro-

582 5382 779 5396 unusan
827 5379 1026 5396 nnnnlm
1054 5377 1475 5396 n-.----_-._-!___!-
1519 5378 1533 5396 ι
1563 5377 1756 5396 ,1.3ι-----
1790 5374 1835 5396 Ρ-
1858 5377 1922 5396 ---Ξ
1946 5378 1959 5396 Ι
1979 5394 1985 5396 .

2259 4661 2387 4701 num
2443 4645 2607 4717 600
2665 4645 2901 4701 nudatur
2958 4654 3274 4717 aspectum.
3329 4652 3456 4701 ante
3511 4641 3608 4697 Dei
3656 4640 3845 4697 oculos

2258 4736 2675 4793 eoruscantibus
2718 4736 3050 4792 indumentis
3096 4743 3322 4808 apparet
3364 4728 3636 4790 ornatum.
3672 4731 3847 4787 Porro

2255 4827 2347 4883 vix
2378 4827 2506 4882 dum
2536 4827 2740 4883 mensis
2763 4840 3018 4883 emensus
3058 4836 3139 4883 εει
3171 4842 3278 4897 quo
3333 4841 3423 4881 res
3464 4823 3693 4897 contigit
3738 4822 3844 4879 ista

2257 4933 2423 4990 quam
2454 4917 2652 4973 refero.

2438 5005 2568 5063 CAP.
2598 5022 2822 5063 pararunt.
2851 5007 3105 5066 Baruncii
3125 5009 3352 5065 eremitue
3371 5007 3643 5065 sanctitas.

2332 5100 2631 5157 Baruncius
2690 5100 2849 5171 plane
2900 5103 3034 5159 mihi
3094 5102 3263 5159 frater
3318 5100 3633 5167 unanimis,
3682 5106 3740 5155 et
3788 5097 3844 5154 in

2263 5194 2464 5250 amoris
2491 5194 2747 5264 praecipui
2777 5194 3059 5250 dulcedine
3086 5193 3395 5269 singularis,
3421 5206 3530 5248 non
3552 5191 3606 5247 in
3632 5204 3845 5255 eremo,

2264 5287 2356 5342 sed
2410 5286 2461 5341 in
2500 5286 2624 5341 villa
2672 5286 2902 5358 quadam
2953 5298 3135 5340 eremo
3186 5283 3491 5354 subjecta,_
3520 5282 3649 5341 dum
3708 5293 3847 5351 opus

3352 5380 3489 5396 --....ῘΔ
3523 5380 3817 5396 Α-...Α-..ι-ιρ
