4132 6324
285 361 394 422 585

1029 354 1273 426 Druse.
1313 365 1558 429 XXXIV.
1593 399 1669 416 -
1704 372 1792 429 DE
1832 372 2065 429 vanus
2099 373 2432 434 MIBACUL.
2486 377 2797 440 manu.

3441 390 3552 455 585

283 476 562 534 innocenti
594 459 730 554 viro,
762 470 1007 534 suﬂicere
1048 476 1394 550 iudicarent;
1433 481 1520 538 ille
1565 483 1718 556 petiit
1741 527 1755 548 ,
1805 491 1864 539 ut
1889 484 1944 548 Α
2035 481 2163 540 Cn.
2203 484 2266 540 ll.
2296 486 2688 567 —-Parisiensis
2715 493 2942 567 episcopi
2970 494 3371 567 intemperantia
3403 500 3548 556 divi.

281 568 472 625 decem
497 567 602 624 sibi
630 584 895 624 annorum
921 571 1302 641 paenitentiam
1333 576 1651 643 traderent,
1694 593 1861 647 quam

281 652 435 714 illiCo
483 657 848 729 peragendam
905 658 1206 728 fratribus,
1256 664 1348 734 qui
1405 667 1758 721 morabantur
1811 669 1864 724 in

279 762 490 813 eremo,
540 749 866 818 quantocius
913 748 1246 822 delegarent.
1302 751 1469 809 Nocte
1521 755 1686 825 igitur
1722 755 1865 813 inse-

278 848 408 893 cuta
436 879 452 902 ,
502 837 627 893 dum
675 839 878 908 quique
930 855 1026 909 per
1078 841 1246 899 cellas
1288 845 1566 900 constituti
1598 856 1721 916 post
1755 847 1866 919 gal-

278 929 526 984 licinium
553 929 765 991 nudati,
790 931 1166 999 corporalibus
1199 934 1499 1005 disciplinis
1529 936 1862 1004 insisterent,

279 1017 713 1088 l'estinarentque
739 1017 938 1074 fratres
988 1022 1389 1091 pmnitentiam,
1440 1033 1727 1094 antequam
1780 1025 1867 1083 ille

277 1120 627 1175 moreretur,
689 1112 964 1182 implere;
1018 1113 1310 1170 Lamberto
1361 1116 1557 1185 fratri,
1615 1120 1703 1190 qui
1763 1119 1865 1174 sibi

277 1202 502 1260 sedulus
543 1203 851 1269 assistebat,
901 1205 1202 1262 llaruncius
1238 1210 1353 1263 ait:
1409 1209 1538 1275 Cur,
1586 1212 1780 1281 inquit,
1813 1222 1866 1268 te.

279 1310 388 1350 non
425 1310 718 1366 prteparas,
771 1304 827 1350 ct
871 1296 1010 1350 sicut
1057 1300 1242 1353 caeteri
1293 1299 1492 1356 fratres
1539 1302 1868 1357 indumentis

277 1385 666 1442 ecclesiasticis
715 1401 820 1440 non
864 1390 1137 1444 adornas?
1184 1389 1384 1446 Omnes
1414 1393 1558 1448 enim
1591 1394 1654 1449 de
1683 1409 1867 1449 eremo

274 1477 484 1533 fratres
549 1493 720 1548 usque
784 1479 946 1536 modo
1010 1481 1488 1540 mihi-visibiliter
1533 1487 1865 1553 astiterunt,

277 1568 424 1625 albis
457 1569 712 1625 nimirum
758 1585 821 1626 ac
873 1572 1342 1642 resplendentibus
1370 1575 1526 1633 stolis
1567 1578 1766 1643 induti,
1809 1588 1870 1636 et

276 1662 430 1718 velut
465 1663 515 1718 in
545 1663 714 1720 choro
762 1664 1054 1734 psallentes
1102 1669 1419 1725 micantium
1466 1673 1696 1728 vestium
1734 1689 1870 1728 ean-

279 1753 415 1810 dorc
440 1754 740 1826 conspicui.
770 1755 1044 1826 Compulit
1086 1774 1218 1830 ergo
1265 1759 1452 1828 illum,
1500 1772 1559 1816 ut
1585 1765 1651 1818 ad
1677 1779 1867 1822 eorum

2557 561 2697 614 nitus
2723 561 2959 630 punitur.

2037 647 2123 711 Et,
2155 663 2187 705 o
2213 649 2417 704 utinam
2451 650 2532 706 sic
2559 651 2796 709 Albuino
2825 653 3100 726 [Alberico
3128 659 3198 732 [2]
3227 661 3555 723 Parisiensis

1971 735 2223 795 Ecclesia:
2271 741 2587 812 contigisset
2635 743 2914 826 episcopo.
2965 747 3062 802 Cui
3119 750 3373 806 nimirum
3417 755 3551 819 dum

1966 830 2199 900 septimi.
2229 831 2274 884 si
2317 833 2417 887 rite
2447 842 2626 899 teneo,
2659 837 2862 891 mensis
2898 836 3164 907 jejunium
3211 843 3554 910 celebraret;

1966 929 2023 974 et
2051 919 2334 992 profligato
2352 921 2468 994 jam
2508 924 2698 994 jejunii
2736 927 2921 993 biduo,
2981 931 3048 986 ad
3095 931 3390 990 Sabbatum
3427 953 3555 1008 per-
3628 994 3630 996 ,

1968 1011 2226 1076 venisset,
2263 1013 2554 1084 singularis
2584 1015 2733 1070 ferus
2757 1020 3049 1075 venatione
3075 1025 3550 1092 captus,oll‘crtur.

1967 1097 2088 1153 Mox
2121 1099 2208 1154 ille
2237 1101 2289 1154 in
2321 1105 2822 1172 concupiscentiam
2860 1107 3078 1162 lethalis
3103 1111 3266 1164 edulii
3295 1113 3553 1181 pestilen-

1970 1195 2052 1240 ter
2078 1187 2287 1244 illectus
2337 1194 2563 1256 exarsit,
2609 1193 2877 1264 jejunium
2912 1198 2966 1251 in
3006 1199 3231 1254 alteram
3260 1203 3554 1260 hebdoma-

1968 1277 2092 1333 dam
2129 1283 2568 1340 transferendum
2596 1301 2716 1341 esse
2753 1288 2994 1344 decrevit
3025 1309 3037 1344 :
3063 1302 3117 1346 et
3145 1295 3427 1350 confestim
3457 1312 3554 1353 co-

1968 1370 2111 1438 quis,
2165 1380 2223 1426 ut
2266 1389 2489 1441 porcum
2520 1377 2825 1431 accuratius
2874 1392 3190 1448 coquereut,
3243 1384 3554 1456 imperavit.

1968 1461 2270 1536 llloitaque
2297 1468 2383 1522 die
2433 1468 2569 1539 gulae
2617 1486 2726 1525 suae
2775 1470 2996 1542 perfecit
3041 1475 3202 1531 homo
3231 1477 3557 1556 miserabilis

1969 1557 2288 1626 appetitum,
2312 1567 2505 1614 octavo
2529 1569 2733 1625 autent,
2771 1564 3017 1631 proximo
3033 1565 3280 1622 videlicet
3296 1567 3555 1636 Sabbato,

1985 1646 2129 1700 diem
2163 1647 2354 1702 clausit
2386 1659 2711 1706 extremum.
2737 1653 2805 1708 Et
2826 1654 2927 1712 hoc
2965 1666 3112 1712 certe
3135 1659 3295 1730 digne
3318 1677 3557 1734 eamme:

1969 1735 2098 1802 ruit,
2123 1739 2213 1806 qui
2246 1740 2313 1793 de
2342 1739 2596 1796 Ecclesiae
2647 1744 2888 1800 sacrario
2927 1748 3084 1816 quasi
3139 1750 3386 1818 sepulcra
3412 1767 3549 1808 con-

277 1845 600 1900 inducretur
635 1844 962 1914 exemplum.
1022 1847 1120 1904 Ubi
1163 1829 1506 1914 notandum,
1560 1853 1687 1922 quia
1739 1853 1864 1909 dum
1897 1829 3146 1944 Βξξξξῖξῗθιθηξῖδῗ,,ἷῗθίξξῗ,(Ῐῗῗεῗίθ(ἶνωηῖ³¹);
3183 1840 3321 1906 Qum
3371 1851 3552 1944 “Em-“-

274 1933 484 1992 fratres
515 1936 586 1991 illi
620 1937 806 1992 nudati
847 1940 1221 2008 corporalibus
1249 1942 1549 2013 disciplinis
1577 1920 1760 2000 essent
1797 1947 1866 2002 ab
1893 1995 1908 2012 ,
1973 1920 2190 2013 ¹¹¹Ῑ¹Ἷ¹¹¹¹⁹
2230 1921 2275 1974 Si
2299 1920 2429 1987 “lic'
2460 1922 2550 1978 ubi
2579 1932 2687 1978 lam
2728 1937 2909 1996 aper”
2947 1941 3025 1983 ⁸⁵³
3053 1929 3234 1999 culpa’
3268 1931 3553 1995 “mnium”-

278 2027 398 2097 ipso
425 2029 613 2099 procul
647 2030 864 2096 intenti,
893 2031 944 2085 ei
964 2072 979 2092 ,
1022 2041 1079 2086 ut
1115 2033 1186 2089 ita
1224 2033 1437 2103 loquar,
1468 2051 1574 2090 non
1601 2037 1713 2107 jam
1742 2052 1864 2096 car-

277 2119 522 2183 nalibus,
555 2119 649 2174 sed
681 2120 1057 2190 spiritualibus
1098 2123 1270 2178 oculis
1316 2125 1514 2181 decoro
1535 2125 1683 2181 cultu
1721 2127 1869 2184 video

277 2209 482 2266 bantur
532 2211 726 2266 induti.
769 2212 820 2264 is
847 2213 1031 2282 plane
1054 2254 1070 2279 ,
1121 2217 1212 2284 qui
1245 2217 1375 2272 mibi
1407 2218 1510 2274 hoc
1541 2218 1744 2283 retulit,
1775 2235 1867 2275 ve-

274 2299 541 2356 nerabilis
571 2294 740 2372 pater
784 2301 1153 2373 Liutprandus
1187 2306 1331 2360 aliud
1385 2308 1548 2362 etiam
1577 2309 1709 2364 mibi
1738 2323 1868 2365 con-

271 2402 573 2462 sequenter
598 2394 851 2463 innotuit,
877 2397 1023 2466 quod
1051 2396 1120 2454 ab
1153 2399 1485 2456 audientium
1509 2401 1872 2462 :cdilicatione

278 2496 388 2535 non
416 2493 595 2537 vacat.
1307 2491 1311 2498 ’

294 2552 298 2557 ’
352 2567 532 2632 Initio,
574 2571 788 2640 inquit,
831 2573 976 2630 illius
1023 2576 1484 2650 Quadragesimat,
1511 2597 1632 2653 quae
1657 2582 1864 2639 Nativi-

273 2665 446 2714 tatem
484 2660 819 2718 Dominicam
855 2678 922 2720 ex
951 2667 1321 2724 ecclesiastica
1351 2669 1693 2728 institutione
1723 2691 1864 2746 prcc-

274 2748 451 2818 cedit,
482 2760 630 2807 tanta
673 2753 807 2808 mihi
841 2757 1024 2814 subito
1055 2759 1299 2840 molestia
1335 2765 1600 2834 repentini
1644 2765 1866 2837 languo-

277 2841 357 2897 ris
381 2843 668 2911 incubuit;
702 2854 760 2905 ut
806 2848 893 2902 vix
941 2851 1167 2919 pedibus
1191 2863 1504 2911 constanter
1534 2858 1862 2926 insisterem,

277 2933 477 3012 nedum
528 2951 739 3006 possem
788 2940 1024 3006 regulam
1075 2945 1402 3012 quotidianae
1429 2953 1866 3008 conversationis

277 3009 523 3093 implere.
549 3026 793 3098 Cumque
824 3031 1124 3089 tenebrosis
1175 3044 1338 3104 atque
1376 3038 1617 3095 confusis
1664 3043 1861 3112 cogita-

276 3103 518 3171 tionibus
539 3113 826 3186 fluctnans,
871 3119 1136 3190 jejunium
1171 3103 1426 3180 funditus
1471 3103 1858 3200 desperarem.

1970 2018 2054 2064 est
2081 2009 2314 2082 irrogata
2348 2013 2600 2079 vindicta,
2629 2030 2753 2070 cum
2801 2033 2943 2088 saepe
2972 2019 3338 2076 miserabilem
3365 2023 3443 2078 rei
3475 2025 3556 2078 vi-

1971 2102 2200 2159 deamus
2227 2119 2500 2171 eventum,
2530 2118 2584 2164 et
2613 2102 2792 2166 tamen
2823 2112 3134 2186 ignoremus
3167 2131 3417 2187 supernae
3443 2122 3554 2192 dis;

1965 2193 2260 2264 positionis
2283 2214 2445 2253 causa
2475 2199 2676 2256 latente
2704 2204 3062 2272 mysterium?
3542 2267 3548 2276 ,

2042 2283 2152 2338 Leo
2199 2286 2359 2356 plane
2411 2289 2614 2344 dudum
2668 2292 2998 2349 Pnteolanus
3053 2296 3371 2369 cpiscopus,
3411 2317 3554 2372 nunc

1964 2383 2148 2429 autem
2182 2377 2379 2432 nobilis
2430 2380 2677 2446 eremita,
2712 2397 2885 2452 nuper
2913 2386 3045 2439 milii
3082 2397 3134 2441 et
3179 2388 3437 2446 fratribus
3469 2408 3555 2446 re-

1966 2464 2112 2527 tulit,
2139 2467 2264 2535 qnia
2297 2483 2420 2522 cum
2451 2469 2818 2528 daemoniacus
2863 2474 3081 2542 quidam
3113 2488 3253 2531 esset
3282 2479 3335 2532 in
3363 2495 3518 2534 moua
3539 2511 3552 2522 -

1967 2555 2158 2620 sterio,
2193 2558 2336 2626 quod
2381 2558 2521 2626 apud
2568 2558 2923 2632 Parlienopen
2951 2575 3034 2619 est
3072 2566 3123 2619 in
3153 2565 3300 2623 beati
3342 2568 3554 2640 Agnclli

1969 2648 2302 2706 confessoris
2320 2651 2582 2708 honorem
2599 2666 2988 2723 constructum,
3019 2659 3070 2712 iu
3099 2661 3368 2716 hominem
3387 2678 3554 2734 prope

1967 2747 2237 2795 astantem
2269 2743 2587 2812 repentinus
2610 2745 2838 2810 insiluit,
2881 2762 3115 2817 eumque
3145 2750 3339 2806 rabido
3367 2750 3555 2820 furore

1964 2830 2307 2898 percutiens,
2381 2834 2630 2906 protinus
2689 2836 2978 2892 interfecit.
3040 2838 3134 2904 Et,
3185 2842 3361 2912 oquis
3421 2857 3544 2913 pro-

1967 2918 2133 2975 funda
2165 2921 2481 2991 Deijudicia
2520 2935 2808 2996 penetrare
2837 2927 3096 2984 sulliciat!
3133 2931 3250 2986 Mox
3292 2933 3456 2996 enim,
3491 2948 3552 2998 ut

1963 3009 2311 3068 innocentem
2350 3013 2623 3072 hominem
2669 3017 2995 3073 furibundus
3038 3021 3322 3088 exstinxit,
3364 3024 3551 3080 confes

1969 3102 2099 3156 stim
2131 3119 2161 3157 a
2186 3105 2454 3161 dmmonio
2499 3107 2781 3176 liberatus,
2813 3119 2871 3168 et
2899 3115 3064 3168 menti
3109 3129 3220 3170 sua:
3243 3131 3306 3170 ac
3353 3118 3550 3174 rationi

274 3219 347 3261 ac
403 3207 468 3261 de
520 3209 834 3277 quotidiana
898 3212 1155 3284 deinceps
1223 3217 1468 3274 ciborum
1541 3193 1936 3294 remissionec
1968 3193 2864 3294 Efzisunmfcﬁumms'manu?”
2907 3205 2982 3294 _d¢
3034 3212 3232 3260 amem
3273 3207 3546 3276 9³⁵⁵⁵0³³⁵⁵

280 3295 668 3363 decernerem,
717 3301 898 3355 subito
947 3301 1084 3359 lenis
1133 3305 1264 3361 mihi
1314 3323 1476 3378 sopor
1519 3309 1754 3378 obresit,
1805 3320 1862 3368 et

279 3403 446 3456 super
480 3390 742 3455 codicem,
793 3393 878 3446 cui
927 3394 1180 3450 videlicet
1221 3397 1460 3456 intentus
1489 3416 1670 3467 eram,
1699 3411 1864 3474 caput

275 3477 556 3552 paululum
591 3481 868 3537 rcciinavi.
902 3485 1056 3541 Tune
1090 3487 1222 3543 mihi
1247 3490 1420 3546 visum
1448 3501 1552 3558 est,
1578 3494 1721 3562 quod
1751 3502 1861 3551 tota

276 3568 416 3623 cella
443 3571 598 3640 plena
627 3583 775 3630 esset
803 3575 952 3630 fumo
971 3617 986 3641 ,
1033 3588 1090 3632 et
1131 3579 1351 3652 insuper
1380 3585 1726 3655 quamplures
1755 3587 1864 3644 illic

273 3668 466 3714 essent
512 3660 796 3727 homines,
847 3665 938 3734 qui
986 3666 1240 3726 clamosis
1289 3687 1353 3727 ac
1405 3675 1606 3730 mutuis
1635 3677 1776 3742 inter
1802 3693 1864 3734 se

279 3747 712 3814 vociferarentur
745 3755 1066 3828 colloquiis:
1099 3775 1222 3815 cum
1275 3778 1406 3820 cccc,
1443 3775 1663 3822 sanctus
1692 3766 1864 3823 frater

275 3832 584 3908 Juventius,
631 3843 721 3912 qui
777 3844 830 3899 iu
882 3847 1068 3902 eadem
1119 3865 1302 3906 eremo
1345 3852 1686 3910 laudabiliter
1731 3873 1862 3913 cono

280 3939 554 3996 versatur,
588 3943 808 4004 repente
852 3937 1057 3993 cellulae
1092 3939 1236 3996 fores
1269 3943 1492 4014 irrupit,
1533 3957 1589 4001 et
1628 3948 1745 4005 zelo
1777 3966 1863 4006 se.

273 4007 582 4100 verissimae
632 4026 1119 4086 animadversionis
1151 4031 1398 4090 homines
1443 4039 1770 4108 exturbavit,
1797 4058 1860 4098 ac

277 4097 400 4164 Sine
417 4126 568 4167 mora
584 4114 853 4171 violenter
879 4121 1185 4191 prepellens
1209 4125 1460 4181 exclusit.
1478 4127 1634 4193 Num,
1667 4131 1860 4200 inquit,

281 4195 444 4266 ltujus
473 4203 641 4257 eremi
689 4201 794 4260 non
823 4217 908 4264 est
949 4209 1276 4282 inviolabilis
1326 4216 1546 4284 regula,
1599 4227 1656 4272 ut
1699 4195 1862 4276 cotto-

279 4294 469 4361 quium
507 4295 621 4348 fieri
662 4297 714 4350 in
750 4299 884 4354 cella
915 4305 1145 4372 quisque
1175 4321 1282 4362 non
1311 4309 1526 4375 audeat,
1555 4311 1649 4366 scd
1677 4311 1860 4382 ingrc-

278 4382 544 4438 dientium
573 4385 708 4440 labia
741 4389 938 4445 silentii
989 4395 1234 4462 protinus
1261 4412 1491 4453 censura
1521 4404 1863 4470 compescat?

285 4470 516 4544 Moxque
550 4479 944 4547 manutergium
977 4495 1200 4553 repente
1223 4489 1506 4559 corripuit,
1534 4507 1863 4563 omnemque

1967 3281 2110 3336 illius
2141 3284 2441 3340 molestiam
2488 3289 2731 3358 pertulit.
2767 3290 3061 3361 lnquisitus
3112 3303 3292 3348 autem
3317 3311 3417 3352 cur
3445 3297 3552 3354 hoc

1966 3370 2177 3428 facinus
2205 3377 2643 3446 perpetraverit;
2671 3376 2980 3446 llomiuem,
3030 3383 3222 3452 inquit,
3272 3399 3378 3440 non
3419 3387 3548 3450 vidi,

1963 3467 2057 3522 sed
2090 3467 2303 3539 nigrum
2327 3485 2540 3536 canem,
2572 3472 2661 3541 qui
2709 3487 2796 3528 me
2827 3475 3102 3531 mordicus
3138 3467 3551 3548 apprehendere

1963 3559 2261 3628 satagebat.
2291 3559 2433 3614 sicut
2460 3561 2593 3617 mihi
2624 3563 2926 3631 videbatur,
2959 3567 3153 3622 occidi.
3190 3569 3243 3622 In
3267 3569 3367 3624 hoc
3391 3570 3552 3641 igitur

1960 3632 2170 3704 occulte
2196 3651 2564 3720 dispositionis
2592 3652 2784 3710 effectu
2809 3671 2974 3712 causa
3007 3674 3114 3714 non
3133 3659 3343 3723 claruit,
3361 3662 3550 3716 cur-vi-

1961 3737 2162 3794 delicet
2188 3739 2273 3794 vel
2303 3741 2396 3796 ille
2425 3744 2709 3814 repentino
2739 3745 2935 3817 dignus
2971 3747 3134 3804 fuerit
3161 3750 3383 3806 vulnere
3421 3767 3548 3821 per:

1963 3830 2086 3896 imi;
2121 3831 2203 3886 vel
2229 3833 2333 3887 iste
2357 3836 2671 3892 meruerita
2701 3837 2970 3894 daemonio
3016 3840 3258 3898 liberari.
3303 3844 3437 3900 Cum
3494 3856 3551 3908 et

1963 3919 2074 3986 ille,
2099 3932 2362 3991 quantum
2393 3925 2460 3981 ad
2492 3927 2788 3984 humanum
2819 3941 3030 4001 spectat
3058 3935 3365 4002 arbitrium,
3399 3936 3551 3992 iuno.

1962 4021 2149 4066 center
2174 4014 2418 4082 occisus;
2448 4026 2504 4071 et
2528 4019 2647 4083 iste,
2683 4031 2948 4090 quantum
2967 4023 3034 4078 ad
3057 4026 3345 4082 exterioris
3365 4037 3549 4084 reatus

1962 4104 2218 4170 speciem,
2247 4106 2496 4162 videatur
2520 4108 2722 4166 ultione
2742 4111 3080 4180 plectendus.
3097 4115 3303 4184 thuid
3326 4118 3547 4182 mirum.

1964 4193 2008 4247 si
2059 4196 2249 4250 merita
2281 4199 2436 4254 nobis
2500 4200 2677 4256 aliena
2739 4218 2846 4258 non
2910 4213 3159 4274 pateant;
3189 4223 3311 4263 cum
3352 4221 3410 4264 et
3444 4211 3546 4281 ipsi

1962 4299 2124 4353 smpe,
2174 4289 2318 4356 quod
2376 4288 2628 4358 fecimus,
2663 4308 2774 4362 .per
2821 4294 3116 4352 oblivionis
3164 4299 3546 4360 hebetudineut

1963 4375 2314 4447 ignoremus?

1961 4489 2123 4561 602
2153 4489 2281 4572 Car.
2314 4492 2398 4572 ll_l.
2420 4525 2488 4535 --
2505 4495 2568 4549 Β.
2595 4496 2737 4572 virgo
2755 4496 2806 4552 Μ
2809 4499 2924 4553 aria
2946 4500 2999 4554 in
3012 4518 3124 4555 sua:
3134 4502 3430 4572 festivitatis
3443 4505 3542 4564 Ata-

278 4558 414 4614 fumi
453 4561 641 4628 chaos,
678 4575 980 4638 [Quumque
1004 4573 1338 4644 congeriem,
1360 4558 1465 4646 qua
1507 4579 1642 4635 cena
1690 4558 1866 4652 rep'lc-
1891 4583 1943 4643 υ
1981 4558 2006 4561 “
2035 4558 2645 4652 ξῆιῳιὶοηεὶηηιιηιενοε
2673 4558 2856 4622 liberat
2890 4587 2922 4624 η
2951 4572 3497 4646 penisPurgatort'i-

278 4650 470 4720 batur,
509 4647 743 4725 'abjecit.
801 4661 918 4726 Quo
974 4661 1152 4727 facto,
1208 4666 1455 4734 protinus
1511 4647 1865 4740 exsoporintus

277 4743 439 4815 θοι
470 4747 664 4816 cvigilo
685 4790 699 4814 ,
732 4760 1074 4822 mentemque
1105 4771 1280 4811 meam
1321 4758 1390 4812 ab
1420 4761 1564 4814 omni
1596 4763 1864 4835 fumigan-

282 4836 416 4892 tium
445 4841 834 4910 cogitationum
881 4845 1111 4916 caligine
1141 4846 1363 4906 liberam
1388 4891 1406 4916 ,
1458 4868 1566 4908 non
1599 4855 1713 4911 sine
1744 4873 1861 4912 nia-

281 4933 398 4996 sua,
435 4931 616 4986 cordis
667 4933 852 4988 laetitia
907 4950 1256 5007 recognosco.
1308 4941 1460 4998 Tunc
1499 4945 1684 5020 itaque
1712 4951 1859 5005 omni

285 5020 441 5074 ιιιάῑο
489 5025 806 5081 tentationis
853 5035 1016 5097 atque
1067 5029 1342 5101 languoris
1384 5036 1644 5106 expulso,
1698 5048 1863 5098 tanta:

276 5108 496 5166 virtutis
545 5113 598 5168 in
648 5129 733 5170 me
785 5116 951 5172 robur
995 5133 1058 5174 ac
1109 5119 1480 5181 fortitudinem
1554 5131 1752 5198 reperi,
1806 5142 1864 5187 ut

279 5211 380 5266 per
428 5207 594 5258 totam
645 5203 788 5259 illam
841 5205 1324 5280 Quadragesimam
1373 5229 1545 5284 usque
1583 5218 1651 5273 ad
1685 5220 1867 5276 Domi-

279 5288 460 5345 nicam
511 5291 859 5353 Nativitatem
909 5300 995 5356 vix
1045 5302 1337 5374 aliquando
1381 5307 1467 5362 vel
1509 5307 1702 5368 leviter
1745 5327 1866 5369 esu-

279 5379 450 5438 rirem
498 5403 513 5437 :
554 5395 608 5440 et
653 5404 722 5444 ne
770 5407 880 5447 uno
928 5394 1149 5464 quidem
1195 5394 1284 5452 die
1329 5408 1529 5470 praeter
1569 5417 1764 5472 panem
1808 5413 1865 5462 et

281 5483 480 5538 aquam
506 5514 522 5538 ,
569 5474 670 5530 nisi
717 5475 892 5545 fallor,
931 5480 1036 5537 alia
1081 5484 1334 5554 quaelibet
1375 5487 1634 5548 alimenta
1680 5495 1871 5564 requie.»

281 5574 462 5615 rerem
473 5602 484 5615 .

607 5887 912 5977 PA‘rnOL._'
975 5882 1226 5980 CXLV;

2041 4649 2355 4721 Religiosus.
2380 4655 2538 4725 plane
2570 4659 2853 4730 presbyter
2878 4660 3117 4718 Joannes
3146 4679 3258 4718 rem
3292 4666 3421 4724 mihi
3453 4681 3545 4722 reo

1969 4739 2088 4793 tulit
2134 4750 2260 4796 ante
2312 4757 2511 4812 paucos
2556 4761 2736 4802 annos
2771 4747 2956 4804 Roma:
3023 4752 3332 4822 contigisse,
3381 4770 3543 4824 quam

1968 4847 2151 4888 narro.
2185 4834 2238 4888 ln
2258 4837 2644 4908 Assumptione
2683 4839 2889 4896 scilicet
2945 4843 3114 4900 beata:
3145 4845 3238 4902 Dei
3269 4846 3546 4913 genitricis

1967 4921 2171 4988 Mariae,
2224 4939 2346 4980 cum
2379 4938 2646 4985 nocturno
2703 4941 2944 5000 tempore
2994 4933 3270 4990 Romanus
3317 4938 3546 5008 populus

1962 5011 2116 5083 juxta
2149 5031 2354 5071 morem
2413 5021 2754 5076 orationibus
2789 5031 2846 5076 et
2887 5021 3091 5076 litauiis
3138 5023 3452 5093 insisteret,
3488 5038 3545 5086 et

1966 5107 2212 5160 accensis
2247 5106 2541 5164 luminibus
2568 5110 2898 5165 diversarum
2956 5112 3234 5182 regionum
3287 5117 3544 5173 ecclesias

1965 5195 2355 5266 perlustraret;
2388 5199 2583 5256 mulier
2636 5201 2878 5269 quaedam
2925 5201 2979 5255 in
3037 5203 3285 5269 basilica,
3310 5221 3436 5277 qua:
3461 5217 3546 5264 cst

1967 5285 2034 5339 ad
2060 5288 2320 5344 honorem
2340 5290 2576 5359 ejusdem
2598 5291 2770 5346 beatae
2797 5290 3052 5361 Virginis,
3076 5293 3128 5348 in
3150 5293 3395 5365 Capitula
3421 5297 3546 5371 [σιτ

1964 5373 2153 5444 pitolio
2192 5377 2279 5432 vel
2328 5376 2648 5449 Campitello
2701 5379 2768 5452 f.]
2819 5382 3138 5447 constituta,
3185 5396 3544 5444 commatrem

1966 5479 2121 5522 suam
2151 5467 2308 5534 vidit,
2336 5483 2456 5541 quae
2484 5469 2694 5526 scilicet
2719 5472 2786 5526 ab
2815 5485 2959 5526 anno
2993 5471 3105 5528 fere
3129 5472 3304 5528 fuerat
3317 5477 3432 5546 jam
3451 5478 3548 5532 de-

1963 5554 2173 5637 functa.
2206 5556 2447 5628 Cumque
2472 5573 2571 5630 per
2609 5559 3010 5616 multitudinem
3060 5562 3443 5621 conﬂuentium
3475 5567 3545 5644 ad

1965 5634 2085 5718 ejus
2104 5648 2370 5718 attingere
2393 5665 2498 5704 non
2547 5651 2809 5720 potuisset
2832 5651 3150 5724 alloquium,
3187 5658 3394 5712 studuit
3418 5641 3540 5715 eam

1965 5735 2020 5792 in
2052 5735 2142 5789 tali
2170 5734 2446 5814 cujusdam
2497 5741 2812 5810 angiportus
2863 5742 3094 5798 articulo
3118 5748 3453 5814 prmstolari;
3484 5757 3543 5802 ut

1965 5824 2184 5895 dubium
2207 5842 2306 5864 ηδ’·
2339 5811 2503 5898 esset,
2535 5832 2675 5902 quod
2704 5847 2917 5904 egressa
2941 5833 3240 5899 basilicam,
3265 5840 3330 5891 ab
3357 5853 3418 5891 ca
3451 5871 3457 5877 -
3485 5853 3542 5895 ai

3202 5927 3275 5995 19
