4132 6324
606 354 710 419 581

1052 365 1110 416 δ.
1148 359 1348 416 manu
1387 359 1669 415 ustum
1703 358 1855 417 ore.
1891 338 2193 418 τοξευεέ

2325 359 2501 418 PARS
2539 360 2627 417 Ill.
2665 390 2740 402 —-
2777 356 3140 416 Ol’USCL’L.\
3171 357 3397 415 VABIA.

3760 358 3879 419 538

606 479 807 532 cliuare
833 491 939 532 non
972 483 1174 545 posset.
1214 472 1369 530 lianc
1400 474 1585 545 itaque
1618 482 1985 528 transeuntem
2009 473 2179 544 proti-
2287 472 2396 537 illa,
2420 488 2538 544 qua:
2566 473 2620 527 in
2653 472 2795 527 atrio
2822 473 3063 528 Lasrticae
3093 480 3198 527 tum
3229 468 3449 540 majoris
3478 470 3619 528 nuda
3651 482 3708 527 et
3755 485 3878 530 tre-

606 583 708 623 nus
741 566 1016 637 inquisivit
1048 581 1062 617 :
1095 563 1256 628 Num,
1288 563 1485 633 inquit,
1530 569 1586 617 tu
1634 572 1931 618 commater
1951 577 2070 617 mea
2098 578 2179 627 es,

604 646 835 711 illarozia
867 639 1139 720 videlicet,
1166 668 1286 723 qua:
1324 653 1524 707 dudum
1559 651 1807 707 defuncta
1856 650 1949 708 es?
1971 650 2182 709 lioc‘illi

604 750 919 805 vocabulum
946 746 1144 811 fuerat,
1166 748 1291 802 dum
1319 745 1612 801 adviveret.
1643 743 1757 813 Qua
1785 745 2178 816 respondente:

603 844 721 912 Ipsa
753 859 891 898 sunt.
922 841 986 895 Et
1020 838 1311 910 quomodo,
1341 837 1536 908 inquit,
1562 838 1656 894 tibi
1706 854 1851 894 nunc
1897 838 2013 892 est?
2043 837 2129 892 Ait
2165 854 2177 889 :

606 934 788 1004 Usque
808 931 967 987 hodie
992 946 1094 986 non
1119 930 1251 985 levis
1286 943 1373 983 me
1395 944 1552 999 poena
1580 929 1919 994 constrinxit,
1948 929 2073 999 quia
2101 928 2185 983 vi-

604 1022 797 1078 delicet
822 1035 919 1092 per
949 1019 1182 1074 lasciviae
1228 1018 1518 1089 petulatttis
1541 1017 1820 1073 illecebras
1854 1034 1976 1073 cum
1998 1027 2184 1074 cocta-

604 1114 723 1167 ncis
745 1126 832 1168 me
852 1111 1042 1183 puellis
1073 1110 1126 1164 in
1151 1117 1333 1165 tenera
1364 1108 1539 1163 adhuc
1565 1116 1724 1163 aetate
1747 1107 1974 1174 fmdavi;
2006 1117 2061 1163 et
2083 1108 2184 1163 hoc

606 1205 800 1275 ipsum,
832 1201 967 1271 prob
999 1200 1175 1255 dolor!
1232 1198 1486 1254 oblivioni
1519 1196 1916 1268 quedammodo
1946 1199 2183 1261 tradens,

575 1318 579 1322 ν
605 1290 872 1347 sacerdoti
901 1292 1115 1361 quidem
1146 1286 1392 1344 confessa
1427 1285 1528 1354 fui,
1551 1287 1647 1341 sed
1669 1286 1929 1357 judicium
1959 1301 2063 1339 non
2091 1301 2182 1340 ac-

608 1384 746 1455 cepi.
773 1383 974 1440 Verum
1005 1382 1166 1437 bozlie
1193 1382 1376 1452 regina
1434 1381 1619 1435 mundi
1659 1394 1755 1450 pro
1810 1381 1965 1435 nobis
1993 1394 2185 1450 preces

606 1474 765 1549 fudit,
814 1489 1008 1545 meque
1050 1489 1174 1531 cum
1223 1472 1409 1529 multis
1444 1472 1565 1529 aliis
1610 1474 1675 1529 de
1720 1472 1855 1528 locis
1883 1472 2185 1543 poenalibus

608 1552 880 1632 liberavit,
938 1573 1197 1637 tantaque
1241 1562 1531 1620 multitudo
1580 1579 1680 1634 per
1728 1562 2181 1617 interventionem

605 1658 721 1726 ejus
750 1657 908 1711 hodie
931 1667 1012 1709 est
1036 1657 1101 1711 de
1125 1653 1409 1710 tormentis
1442 1662 1648 1724 erepta,
1675 1659 1732 1706 ut
1783 1667 2065 1706 numerum
2106 1659 2185 1704 tu-

609 1749 711 1800 tius
732 1745 991 1800 Romanae
1019 1745 1189 1814 plebis
1215 1743 1467 1808 excedat;
1496 1742 1637 1797 unde
1677 1757 1833 1797 sacra
1882 1741 2056 1795 eidem
2088 1740 2183 1794 do-

2288 562 2433 618 mula
2466 561 2637 631 jacet:
2676 576 3084 619 consueverant.
3113 562 3207 619 Ille
3229 578 3359 620 vero
3387 579 3510 619 mox
3544 574 3601 619 ttt
3632 569 3878 638 aspexit,

2287 657 2374 725 pia
2413 656 2543 710 mihi
2589 657 2937 713 miseratione
2967 656 3267 723 condoluit,
3296 665 3352 713 et
3391 656 3582 729 pellem
3612 658 3754 714 banc
3783 676 3881 714 su-

2286 763 2383 818 per
2420 764 2525 812 me,
2560 764 2664 819 qua
2720 749 2970 803 videlicet
3018 758 3137 804 erat
3180 750 3419 813 indutus.
3473 748 3675 818 injecit.
3717 751 3879 809 Tunc

2285 838 2442 893 beata
2472 839 2563 893 Dei
2594 839 2842 895 Geuilrix
2868 858 2882 894 :
2913 838 3106 906 Homo,
3134 841 3326 912 inquit,
3352 841 3461 908 ille,
3486 843 3674 912 dequo
3691 857 3881 913 rogas,

2286 930 2454 985 multa
2504 929 2833 1002 flagitiorum
2882 932 3022 987 mole
3053 935 3340 1002 depressus
3369 946 3481 1000 est;
3528 934 3633 989 duo
3690 946 3879 993 tamen

2286 1020 2404 1075 bzcc
2461 1021 2673 1084 habuit,
2733 1029 2794 1075 ut
2854 1029 2908 1076 et
2958 1022 3326 1093 indigentibus
3370 1024 3511 1093 pius,
3550 1033 3605 1077 ct
3672 1041 3880 1096 magna

2285 1111 2454 1166 sacris
2474 1111 2604 1165 locis
2624 1110 2923 1166 exstitisset
2948 1111 3248 1166 humilitate
3273 1113 3518 1167 devotus.
3536 1113 3882 1183 Frequenter

2287 1201 2432 1254 enim
2460 1200 2636 1255 oleum
2666 1201 2897 1271 propriis
2915 1202 3219 1257 cervicibus
3241 1202 3535 1269 deferebat,
3558 1212 3611 1257 et
3633 1203 3880 1259 lucernis

2287 1290 2540 1346 Ecclesiae
2566 1307 2696 1345 meae
2727 1291 2970 1346 fomitem
3004 1292 3368 1347 ministrabat.
3424 1293 3668 1364 Cumque
3707 1310 3880 1365 super

2286 1381 2390 1436 hoc
2415 1382 2587 1436 eidem
2619 1383 2847 1452 patricio
2904 1390 2957 1437 et
3022 1382 3202 1436 exteri
3261 1384 3436 1438 sancti
3504 1364 3878 1440 testimonium

2286 1473 2653 1542 perbiberent,
2681 1488 2914 1543 eumque
2942 1472 3174 1543 idipsum
3207 1483 3260 1528 et
3291 1473 3404 1529 suis
3421 1474 3665 1531 ecclesiis
3692 1475 3881 1546 egisse

2285 1561 2448 1616 simul
2478 1570 2821 1625 assererem;
2858 1562 3004 1616 illico
3049 1561 3236 1632 regina
3268 1564 3451 1618 mundi
3501 1564 3784 1633 praecepit,
3817 1571 3877 1619 ut

2284 1653 2548 1722 patricius
2575 1651 2661 1706 ille
2683 1653 2973 1706 duceretur
2992 1652 3055 1705 ad
3081 1652 3342 1716 medium;
3368 1663 3417 1706 et
3442 1668 3569 1708 ecce
3583 1653 3881 1711 multitudo

2286 1740 2587 1795 dtemouum
2636 1740 2931 1811 praefatum
2967 1739 3231 1796 Joannem
3277 1742 3528 1805 trahunt,
3566 1741 3879 1813 poenalibus

605 1839 765 1893 minae
799 1847 997 1891 nostra)
1020 1835 1266 1905 gloriosa;
1293 1836 1470 1890 dicata
1505 1834 1706 1906 passim
1729 1833 1847 1888 loca
1879 1833 2180 1897 visitamus,
2217 1833 2259 1891 Β
2289 1834 2527 1904 undique
2551 1834 2681 1889 loris
2706 1835 3012 1900 astrictum,
3061 1842 3116 1888 et
3154 1833 3505 1888 ambientium
3553 1844 3876 1889 catenarum

606 1930 952 1998 actionesque
981 1928 1080 1981 sibi
1124 1927 1418 1999 gratiarum
1450 1940 1549 1996 pro
1595 1926 1758 1981 tantis
1801 1924 2185 1980 misericordiae

605 2018 888 2074 beneficiis
922 2018 1130 2072 alacres
1177 2018 1515 2072 exhibemus.
1568 2016 1812 2088 Cumque
1862 2032 2023 2087 super
2082 2017 2185 2071 hoc

606 2119 908 2164 eommatcr
936 2108 1076 2163 illius
1100 2109 1420 2178 ambigeret,
1451 2123 1550 2163 nec
1579 2108 1735 2162 tidem
1782 2105 1938 2162 facile
1982 2121 2186 2173 sermo-

607 2201 769 2254 nibus
799 2199 1101 2263 adhiberet,
1152 2198 1465 2265 subjuuxit:
1498 2197 1568 2253 Ut
1617 2197 1938 2267 experiaris,
1986 2198 2183 2267 inquit,

606 2306 706 2360 pro
732 2298 1089 2344 certoverum
1112 2303 1236 2343 esse
1259 2289 1401 2358 quod
1434 2288 1647 2358 loquor,
1671 2289 1811 2342 scias
1835 2296 1886 2341 te
1913 2296 2186 2342 transacto

600 2381 711 2435 hoc
741 2394 904 2441 anno,
938 2381 990 2432 in
1038 2379 1143 2433 hac
1194 2378 1381 2433 eadem
1437 2377 1732 2434 festivitate
1782 2377 1971 2449 procul
2024 2376 2187 2433 dubio

597 2470 949 2524 moriturum.
981 2467 1131 2534 Quod
1163 2468 1229 2529 si,
1259 2468 1400 2536 quod
1428 2467 1544 2522 fieri
1572 2483 1680 2521 non
1729 2475 1930 2537 potest,
1961 2465 2188 2521 ulterius

607 2562 830 2628 vixeris,
861 2576 946 2616 me
969 2560 1258 2630 protulisse
1299 2560 1637 2615 mendacium
1697 2559 2186 2630 liquido.compro-

600 2652 783 2708 babis.
814 2652 876 2706 Et
901 2652 987 2721 bis
1013 2653 1191 2709 dictis.
1225 2654 1292 2706 ab
1322 2650 1493 2705 oculis
1524 2651 1641 2720 ejus
1675 2651 1911 2705 evanuit.
1956 2649 2187 2705 Maxilla

597 2740 846 2797 -ciiieium
894 2740 1082 2805 induit,
1115 2750 1171 2795 et
1199 2742 1262 2795 de
1309 2740 1455 2794 obitu
1496 2755 1594 2795 suo
1641 2739 1892 2804 sollicita,
1924 2755 2044 2810 qua:
2089 2756 2189 2794 au-

610 2834 807 2899 dierat,
827 2832 1012 2888 vivere
1036 2832 1247 2886 cautius
1272 2830 1459 2902 coepit.
1486 2829 1625 2896 Quid
1652 2829 1839 2901 plura?
1860 2830 2087 2885 Peracto
2113 2829 2194 2884 fe-

596 2939 673 2979 ~re
699 2938 841 2978 anno
899 2922 1163 2992 pridianis
1216 2921 1383 2991 ccepit
1433 2928 1698 2990 :egrotare
1736 2919 1961 2992 vigiliis?
1992 2920 2044 2975 in
2074 2920 2191 2989 ipso

610 3030 742 3069 vero
765 3013 1077 3069 festivitatis
1123 3013 1210 3067 die
1239 3014 1423 3077 vitam,
1474 3012 1613 3066 sicut
1662 3013 1712 3066 ei
1762 3013 2188 3066 demonstratum

600 3109 810 3173 fuerat,
865 3105 1197 3160 terminavit.
1232 3102 1333 3159 Ubi
1388 3103 1706 3169 notandum,
1754 3112 1810 3178 e‘t
1844 3117 1950 3157 non
2000 3102 2190 3157 leviter

2288 1923 2629 1994 squaloribus
2654 1924 3004 1978 vehementer
3034 1923 3301 1976 attritum.
3334 1921 3485 1976 Tunc
3502 1937 3623 1977 eum
3650 1922 3879 1979 domina

2287 2023 2470 2068 nostra
2491 2013 2655 2082 jussit
2700 2012 2927 2077 absolvi,
2971 2021 3026 2067 et
3068 2021 3379 2067 sanctorum
3410 2011 3644 2067 canibus
3674 2025 3873 2082 aggre-

2287 2106 2431 2177 gari;
2464 2105 2676 2159 vincula
2723 2120 2873 2167 vero,
2932 2106 3131 2176 quibus
3182 2106 3270 2161 ille
3330 2105 3505 2159 fuerat
3564 2105 3880 2176 absolutus,

2287 2196 2445 2251 alteri
2491 2196 2717 2257 homini,
2748 2197 2836 2265 qui
2870 2196 2920 2249 in
2953 2196 3053 2250 hac
3077 2196 3253 2249 adhuc
3278 2196 3392 2249 vita
3428 2197 3701 2259 manebat,
3731 2213 3877 2267 prte-

2289 2288 2429 2358 cepit
2483 2287 2801 2342 innectenda
2835 2286 3046 2357 reponi.
3104 2285 3256 2342 Tunc
3306 2295 3603 2365 conventus
3629 2286 3719 2341 ille
3747 2302 3882 2342 san-

2287 2387 2499 2434 ctorum
2524 2378 2733 2433 solutus
2757 2386 2858 2457 est,
2911 2385 2966 2433 et.
3005 2378 3379 2448 unusquisque
3424 2378 3477 2432 in
3505 2378 3719 2433 diversa
3742 2392 3880 2433 con-

2290 2471 2539 2534 tendens,
2566 2470 2633 2525 ab
2660 2477 2886 2539 aspectu
2938 2469 3212 2524 cernentis
3238 2469 3477 2524 evanuit.
3517 2468 3716 2524 Beatus
3745 2482 3879 2523 vero

2289 2561 2484 2617 Petrus
2507 2560 2782 2629 apostolus
2800 2561 2865 2614 ad
2898 2559 3181 2615 ecclesiam
3208 2575 3360 2614 suam
3408 2560 3583 2622 venit,
3627 2560 3713 2615 cui
3751 2574 3881 2629 pro-

2294 2655 2439 2710 tinus
2500 2654 2742 2708 omnium
2809 2668 3186 2708 successorum
3243 2668 3494 2717 suorum,
3553 2652 3878 2724 pontificum

2292 2748 2543 2803 videlicet
2567 2746 2964 2810 Romanorum,
2997 2747 3194 2804 chorus
3247 2746 3506 2802 infulatus
3542 2761 3604 2800 ac
3648 2743 3878 2799 festivus

2293 2838 2569 2894 occurrit:
2600 2839 2714 2908 ipse
2741 2853 2954 2908 quoque
2996 2839 3187 2893 beatus
3236 2836 3430 2892 Petrus
3478 2852 3599 2892 cum
3646 2847 3879 2892 eatenus

2294 2929 2572 2983 Qideretur
2593 2928 2812 2983 indutus
2832 2925 3113 2983 Hebraicis
3136 2928 3397 2991 vestibus,
3422 2926 3561 2981 sicut
3576 2926 3630 2981 in
3647 2926 3878 2996 picturis

2295 3020 2493 3085 ubique
2513 3019 2866 3090 conspicitur,
2912 3026 3041 3073 tunc
3089 3028 3145 3073 et
3189 3018 3473 3090 phrygium
3532 3016 3775 3086 suscepit
3826 3016 3877 3070 in

2295 3110 2503 3178 capite;
2535 3117 2592 3167 et
2649 3110 2785 3163 sicut
2838 3110 3041 3170 caueri,
3097 3106 3742 3163 sacerdotalibusinfulis
3796 3115 3880 3161 est

610 3199 1097 3272 expavescendum,
1125 3199 1251 3269 quia
1293 3198 1360 3253 de
1402 3208 1621 3267 peracta
1650 3196 1827 3266 culpa,
1859 3211 2019 3265 quam
2049 3211 2188 3266 ιιι-ω·
2220 3188 2265 3251 C
2298 3210 2526 3255 ornatus
2555 3200 2610 3253 in
2641 3213 2889 3269 corpore.
2926 3197 3080 3252 Tune
3120 3200 3519 3269 responsorium
3551 3196 3706 3261 illud,
3731 3196 3880 3266 quod

613 3291 723 3346 fata
746 3290 941 3346 mulier
967 3289 1224 3345 oblivioni
1260 3288 1581 3355 tradiderat,
1611 3301 1779 3357 usque
1813 3288 1879 3340 ad
1920 3287 2195 3340 interven-

614 3392 727 3437 tum
761 3383 1095 3438 intemerata:
1124 3380 1221 3436 Dei
1243 3380 1535 3436 Genitricis
1571 3378 1833 3450 supplicia
1863 3377 2192 3449 perferebat.

607 3477 752 3533 tu.
790 3474 860 3533 IV
889 3506 962 3521 —
984 3474 1299 3531 Sanctorum
1346 3475 1607 3545 apparitio
1633 3474 1984 3544 pulcherrima
2017 3473 2195 3530 Romae

989 3548 1045 3601 in
1080 3545 1297 3600 ecclesia
1337 3544 1530 3599 sanctae
1559 3544 1806 3600 chiliaz.

676 3634 987 3691 ‘Rainaldus
1012 3649 1225 3706 quoque
1271 3633 1543 3689 Cumanus
1593 3634 1877 3703 episcopus
1917 3633 2045 3687 mihi
2075 3650 2196 3688 nar-

612 3729 790 3794 ‘ravit,
813 3728 956 3798 quod
978 3736 1032 3783 et
1061 3727 1129 3782 ab
1168 3726 1468 3781 Humberto
1492 3726 1789 3782 venerabili
1828 3737 2031 3782 sancta:
2060 3725 2197 3780 Rufo

615 3818 743 3873 tina:
767 3816 1037 3887 quondam
1067 3814 1321 3884 episeopo
1368 3830 1427 3870 se
1466 3813 1717 3869 didicisse
1746 3814 2039 3884 perhibuit.
2069 3813 2198 3869 Pre-

587 3908 916 3979 sbyterum,
944 3904 1136 3974 inquit,
1180 3912 1446 3958 nocturno
1475 3902 1879 3977 603silentio
1918 3903 2199 3974 quiescen-

618 4009 751 4062 tem,
784 4005 1062 4065 eompater
1080 4008 1234 4053 suus,
1262 3996 1355 4062 qui
1379 3992 1665 4048 defunctus
1693 3992 1894 4059 fuerat,
1913 3993 1965 4047 in
1991 3993 2199 4049 visione

616 4090 896 4156 clamavit,
929 4090 1115 4143 dicens
1142 4104 1155 4140 :
1191 4086 1344 4150 Veni,
1374 4086 1496 4141 vide
1539 4085 1930 4155 spectaculum,
1957 4087 2096 4155 quod
2115 4088 2201 4157 ju-

618 4183 805 4239 dicare
835 4198 941 4236 uon
1008 4178 1214 4251 poteris
1263 4179 1518 4234 otiosum.
1568 4178 1729 4232 Duxit
1769 4193 1899 4249 ergo
1952 4179 2103 4233 illum
2130 4178 2198 4232 ad

615 4272 896 4329 basilicam
937 4273 1109 4328 beata:
1150 4270 1411 4337 Ctecilize,
1453 4273 1506 4324 in
1566 4270 1720 4339 cujus
1764 4268 2015 4323 videlicet
2058 4270 2201 4323 atrio

614 4363 945 4419 videbantur
967 4363 1169 4432 Agnes,
1208 4361 1439 4431 Agalba,
1471 4360 1773 4429 eademque
1797 4345 2036 4422 Gmcilia,
2065 4360 2199 4413 mul-

620 4464 911 4521 torumque
956 4451 1237 4506 beatarum
1272 4448 1539 4519 virginum
1577 4448 1796 4510 chorus,
1827 4446 2060 4501 mirabili
2085 4448 2200 4502 θυι-

621 4551 710 4597 tus
756 4539 1053 4596 ethabitus
1097 4539 1275 4592 nitore
1322 4535 1670 4606 conspicuus.
1706 4535 1800 4589 Ha:
1827 4535 2082 4589 niutirum
2109 4552 2197 4605 pa—

621 4634 818 4692 rabant
846 4630 1136 4701 quamdam
1177 4628 1520 4698 magnificam
1546 4628 1763 4691 sedent,
1808 4626 2019 4681 caeteris
2078 4629 2202 4682 hinc

621 4724 751 4782 inde
799 4720 1071 4779 subselliis
1113 4720 1464 4783 emittentem,
1516 4727 1722 4772 etecee
1749 4716 1810 4770 Β.
1852 4719 2001 4789 virgo
2031 4717 2199 4774 Maria

622 4834 746 4876 cum
776 4819 956 4879 Petro,
1001 4824 1050 4870 et
1084 4812 1250 4869 Paulo
1284 4823 1446 4883 atque
1507 4812 1694 4878 David,
1756 4826 1821 4867 ac
1866 4827 1972 4867 non
2021 4812 2203 4881 parvis

625 4920 923 4981 martyrum
953 4905 1403 4973 diversorumque
1438 4911 1750 4956 sanctorum
1778 4901 1975 4955 vallata
2011 4901 2203 4956 turmis

624 4999 951 5057 micantibus
995 4997 1161 5057 venit,
1188 5008 1417 5062 seseque
1447 4994 1500 5047 itt
1536 5008 1619 5054 ea,
1667 5007 1785 5062 qua:
1834 5000 2022 5062 parata
2061 5001 2201 5054 erat,

627 5094 757 5149 sede
781 5090 1104 5160 composuit.
1134 5087 1305 5143 Porro
1334 5096 1516 5141 autem
1548 5087 1673 5140 dum
1696 5086 1748 5139 in
1767 5085 1856 5138 illo
1886 5095 1994 5140 tam
2013 5094 2205 5139 sancto

624 5191 896 5237 conventu
971 5181 1243 5235 silentium
1320 5178 1493 5240 lieret,
1541 5191 1839 5244 omnesque
1893 5186 2208 5230 reverenter

626 5281 894 5337 astarent,
949 5285 1077 5326 ecce
1135 5269 1327 5324 mulier
1379 5268 1648 5338 quasdam,
1683 5267 1808 5321 licet
1857 5267 2203 5336 paupercula,

629 5364 855 5436 pellicco
879 5374 1056 5418 tamen
1093 5363 1407 5417 indumento
1455 5364 1713 5417 decenter
1743 5371 1954 5425 ornata,
1983 5361 2047 5415 ad
2070 5360 2209 5416 inte-

630 5464 851 5510 meratae
877 5452 1112 5523 Virginis
1144 5452 1368 5521 vestigia
1397 5452 1622 5517 corruit,
1651 5465 1881 5519 eamque
1910 5458 1966 5503 ut
2009 5449 2206 5507 Joanni

627 5545 863 5619 patricio
886 5545 996 5615 jam
1029 5543 1282 5597 defuncto
1329 5542 1694 5607 misereretur,
1738 5542 1932 5596 oravit.
1965 5542 2208 5612 Cumque

628 5641 734 5695 hoc
766 5638 940 5707 ipsum
995 5633 1191 5688 mulier
1234 5644 1318 5686 ter
1366 5634 1702 5689 obsecrando
1762 5640 2054 5701 repeteret,
2108 5647 2208 5689 nec

626 5743 949 5799 respOnsum
980 5725 1194 5797 aliquod
1226 5725 1518 5794 impetrare
1540 5734 1741 5798 posset,
1765 5724 1963 5795 adjecit
1990 5739 2004 5777 :
2031 5722 2206 5789 Nosti,

540 5868 551 5875 .
623 5822 826 5891 inquit,
858 5821 1077 5879 domina
1099 5834 1239 5891 mea,
1272 5818 1457 5892 regina
1485 5819 1699 5887 mundi;
1734 5832 1832 5889 ego
1861 5831 1980 5873 sum
2010 5815 2206 5873 misera

2299 3289 2497 3344 dicitur
2524 3306 2537 3341 :
2568 3286 2647 3342 Tu
2669 3303 2729 3343 es
2752 3299 2937 3357 pastor
2969 3290 3180 3351 ovium;
3215 3286 3464 3343 melodiis
3510 3297 3674 3357 atque
3703 3284 3879 3340 melli-

2297 3378 2419 3434 ﬂuis
2448 3390 2731 3451 cmperunt
2778 3380 3027 3436 intonare
3069 3380 3427 3445 clamoribus;
3493 3380 3677 3450 sicque
3726 3377 3881 3432 illum

2297 3487 2470 3545 usque
2495 3474 2561 3528 ad
2596 3473 2947 3529 sacerdotalis
2985 3472 3135 3528 chori
3166 3472 3332 3547 605.
3378 3472 3765 3529 consistorium
3792 3469 3881 3527 de-

2306 3565 2597 3621 duxerunt.
2649 3566 2769 3632 Quo
2817 3566 3161 3634 perveniens.
3195 3568 3308 3636 ipse
3336 3564 3699 3635 apostolorum
3722 3565 3880 3635 prin-

2301 3668 2432 3725 ceps
2471 3664 2795 3713 nocturnum
2827 3665 2911 3711 est
2937 3669 3163 3712 exorsus
3215 3656 3471 3721 ollieium,
3504 3656 3690 3711 dicens
3720 3671 3736 3706 :
3780 3652 3881 3709 Do-

2301 3745 2469 3810 mine,
2521 3743 2664 3799 labia
2725 3759 2846 3799 mea
2904 3744 3381 3815 aperieszdeiude
3443 3755 3555 3801 tres
3618 3742 3880 3814 psalmos,

2306 3836 2643 3905 totidemque
2667 3835 2929 3891 lectiones
2954 3851 3019 3891 ac
3040 3834 3408 3906 responsoria,
3439 3849 3561 3906 quae
3581 3834 3633 3888 in
3659 3841 3880 3904 aposto-

2300 3925 2474 3980 iurum
2491 3926 2751 3982 natalitiis
2768 3935 3138 3990 recensentur,
3161 3926 3419 3980 canonico
3434 3938 3583 3979 more
3602 3923 3883 3997 persolvit.

2252 4030 2265 4036 ’
2303 4013 2567 4071 Omnibus
2592 4016 2772 4085 itaque
2797 4030 2894 4085 per
2913 4015 3156 4071 ordinem
3190 4015 3295 4069 rite
3318 4014 3584 4077 decursis,
3602 4013 3887 4068 matutinis

2278 4118 2518 4179 quoque
2578 4103 2827 4159 laudibus
2867 4112 3264 4173 consequenter
3325 4102 3574 4172 expletis,
3639 4102 3880 4174 ejusdem

2300 4194 2561 4249 ecclesias
2593 4194 3012 4250 tintinnabulum
3044 4196 3246 4259 sonuit,
3290 4203 3344 4249 et
3372 4195 3627 4250 continuo
3653 4192 3881 4266 presby-

2304 4296 2414 4351 ter,
2442 4286 2534 4356 qui
2583 4287 2700 4342 baec
2750 4287 3005 4355 videbat,
3036 4287 3333 4360 evigilans,
3388 4289 3662 4344 somnium
3692 4289 3880 4342 termi-

2300 4378 2472 4434 navit.
2570 4421 2572 4423 .
3410 4384 3413 4387 '
3659 4398 3662 4402 λ

2372 4468 2638 4525 Praeterea
2654 4469 2794 4526 idem
2805 4512 2818 4536 ,
2835 4472 2924 4541 qui
2938 4486 3097 4543 supra
3108 4513 3122 4538 ,
3159 4471 3292 4529 mibi
3322 4471 3562 4527 narravit
3576 4471 3884 4542 episcopus,

2229 4558 2278 4617 D
2306 4560 2432 4631 quia
2461 4563 2760 4619 monachus
2785 4564 3003 4649 quidam
3031 4565 3272 4635 quotidie
3309 4565 3436 4621 dum
3481 4571 3607 4619 ante
3632 4572 3903 4621 sanctum,

2304 4655 2483 4710 altare
2525 4657 2697 4712 beata:
2745 4655 2926 4711 Mariae
2976 4670 3191 4728 semper
3238 4657 3466 4727 virginis
3504 4656 3882 4725 pertracsiret,

2305 4746 2453 4802 illam
2507 4762 2575 4802 ex
2630 4761 2781 4802 more
2825 4749 3176 4818 percurrebat
3224 4748 3596 4818 antipbonam,
3645 4762 3768 4819 quas
3809 4747 3884 4801 sic

2307 4837 2499 4905 incipit
2538 4852 2553 4889 :
2586 4836 2792 4903 Gaude,
2864 4837 2957 4891 Dei
3013 4838 3259 4893 Ceuitriv
3307 4840 3460 4909 virgo
3508 4836 3881 4903 immaculata;

2307 4928 2505 4997 gaude,
2553 4941 2674 4995 qua:
2734 4928 2988 4996 gaudium
3020 4931 3088 4985 ab
3116 4930 3306 5000 angelo
3331 4932 3649 5000 suscepisti;
3695 4929 3883 5002 gaude,

2307 5032 2428 5087 quae
2441 5018 2673 5088 genuisti
2688 5018 2877 5073 aeterni
2892 5016 3109 5074 luminis
3121 5019 3427 5076 claritatem
3444 5036 3573 5092 ;gau
3584 5022 3670 5087 de,
3685 5030 3888 5087 mater;

2309 5108 2504 5180 gaude,
2549 5118 2736 5165 sancta
2788 5110 2882 5166 Dei
2922 5110 3168 5168 Genitrix
3225 5113 3402 5184 virgo.
3433 5113 3516 5168 Tu
3543 5110 3655 5167 sola
3715 5121 3889 5167 mater

2310 5200 2554 5272 innupta.
2618 5200 2695 5257 Te
2727 5200 2910 5259 laudat
2963 5204 3141 5260 omnis
3182 5204 3415 5260 factura.
3450 5203 3698 5260 Geuitrix
3725 5202 3882 5267 lucis,

2309 5293 2586 5350 in‘tercede
2608 5304 2713 5364 pro‘
2734 5296 2909 5351 nobis.
2935 5296 3108 5363 Quam
3122 5296 3377 5353 videlicet
3398 5307 3481 5352 :iﬂi
3494 5296 3744 5364 ipitonam
3762 5294 3885 5349 dum

2312 5384 2545 5455 quadam
2570 5390 2573 5393 ‘
2594 5385 2684 5440 die
2708 5372 3078 5455 pertransiens
3117 5387 3339 5447 diceret.
3370 5387 3577 5442 audivit
3604 5398 3793 5439 vocem
3821 5396 3887 5435 ex

2308 5473 2497 5527 eodem
2523 5473 2718 5530 altario
2743 5476 3122 5544 prooedeutem
3149 5492 3164 5531 :
3194 5474 3461 5531 Gaudium
3509 5474 3644 5529 mihi
3675 5487 3885 5528 annuu-

2309 5564 2480 5630 tiasti,
2513 5558 2770 5636 gaudium
2794 5566 2891 5620 tibi
2921 5566 3154 5621 eveniet.

2310 5654 2437 5711 Car.
2475 5653 2538 5710 V.
2568 5685 2638 5697 —-—
2666 5655 2905 5727 Ofﬁcium
2959 5666 3286 5712 mortuarum
3314 5657 3546 5727 quotidie
3594 5654 3886 5726 persolvens

2625 5728 2679 5781 in
2707 5727 2907 5782 caeleste
2954 5743 3166 5797 regnum
3197 5728 3570 5782 introducitur.

2384 5818 2492 5879 Sed
2513 5829 2569 5878 et
2599 5820 2736 5876 idem
2768 5818 2901 5877 mihi
2943 5818 3187 5879 narravit
3220 5819 3520 5905 episcopus,
3547 5816 3674 5887 quia
3714 5814 3885 5873 {raw
