4132 6324
327 377 434 432 5'33

1171 374 1413 433 OPUSC.
1454 374 1674 432 XXXV.
1715 376 1805 431 DE
1843 375 2160 433 PICTURIS
2195 376 2482 431 PRINCIP.
2524 377 2767 433 APOST.

3486 381 3593 438 eoo

326 486 552 557 quidam
585 499 690 540 non
723 467 1058 555 quotidiana,
1091 501 1197 541 non
1224 496 1373 542 certe
1417 486 1645 542 solemni
1695 499 1912 544 sancto-
1937 495 1991 552 Α
2017 504 2137 542 rum
2193 503 2386 542 manus
2432 489 2533 542 iste
2583 489 2852 556 deveniat,
2891 506 2979 561 qm
3029 491 3131 562 piis
3152 508 3278 564 erga
3310 510 3429 560 nos,
3466 495 3594 551 dum

325 595 468 644 rum,
495 579 588 633 sed
614 580 731 634 solo
763 581 1040 645 utebatur,
1092 588 1147 634 et
1196 579 1568 658 delectabatur
1598 579 1773 635 oflicio
1819 583 1912 636 de-

321 670 658 742 functorum.
719 669 962 740 Cumque
1010 671 1335 726 conditionis
1376 671 1626 726 humanae
1667 671 1908 726 debitum

322 760 537 816 solvens
580 761 838 817 tribunali
889 762 1107 832 superni
1165 761 1374 817 Judicis
1403 762 1692 828 astitisset;
1741 762 1909 830 coepit

321 855 480 910 turba
505 855 808 910 danuonum
846 857 1198 911 vehementer
1226 857 1328 911 hoc
1370 855 1444 909 illi
1474 855 1678 910 crimen
1709 856 1906 925 impin-

315 935 498 1014 gere,
567 947 708 1014 quod
777 946 1159 1001 ecclesiasticae
1241 945 1596 1000 institutionis
1668 945 1906 1014 regulam

318 1035 619 1106 negligens,
647 1052 746 1106 per
773 1047 1002 1092 assuetae
1026 1038 1244 1108 synaxis
1271 1035 1442 1090 officia
1489 1045 1613 1090 vota
1645 1037 1754 1090 Deo
1786 1038 1906 1092 red-

324 1126 456 1181 dere
483 1128 915 1196 contempsisset.
959 1129 1111 1182 Tune
1158 1127 1317 1182 beata
1343 1128 1526 1197 regina
1553 1128 1736 1182 mundi
1766 1141 1909 1182 sem-

318 1228 418 1284 per
447 1216 600 1284 virgo
623 1216 810 1281 Maria,
836 1228 890 1272 et
919 1234 1109 1273 omnes
1162 1227 1472 1272 sanctorum
1505 1217 1653 1270 chori
1692 1233 1812 1272 cum
1844 1233 1906 1270 ea

319 1301 570 1362 valenter
596 1320 910 1376 occurrunt,
939 1325 1168 1379 seseque
1212 1311 1278 1364 ad
1310 1310 1454 1364 illius
1501 1310 1758 1363 auxilium
1783 1325 1908 1365 con-

319 1395 562 1450 corditer
590 1398 959 1468 interponunt.
991 1398 1109 1465 Hic,
1143 1399 1412 1469 inquiunt,
1462 1408 1646 1454 noster
1677 1400 1908 1469 capella-

316 1483 421 1538 atus
462 1499 528 1540 ac
578 1475 825 1543 minister
891 1489 1103 1544 exstitit
1145 1507 1159 1542 :
1196 1490 1448 1558 quodque
1521 1487 1901 1542 defunctorum

322 1587 540 1644 semper
568 1579 836 1648 exsequiis
873 1579 1107 1634 libenter
1157 1579 1418 1640 interfuit,
1453 1580 1610 1634 nobis
1642 1579 1895 1632 omnibus

319 1667 515 1736 procul
550 1669 710 1724 dubio
760 1660 1107 1728 ministravit.
1151 1672 1305 1726 Absit
1333 1673 1514 1736 initur,
1547 1680 1604 1724 ut
1629 1672 1682 1724 in
1711 1670 1902 1726 imnio-

351 1850 694 1877 ’,α-...ο

2022 580 2315 644 adviveret,
2353 579 2547 634 studiis
2593 581 2897 637 insudabat.
2933 581 3026 638 Sic
3053 584 3232 654 itaque
3269 583 3438 640 beatae
3466 584 3596 642 Vir-

2020 672 2159 741 ginis
2185 672 2454 741 precibus,
2473 671 2822 741 omniumquc
2843 674 3232 744 supplicatione
3255 686 3594 744 sanctorum,

2020 763 2071 816 in
2121 777 2308 816 eorum
2371 762 2568 816 meruit
2609 763 2843 818 transire
2899 766 3254 820 consortium.
3308 767 3594 835 ignorabat

2017 865 2196 908 tamen
2224 852 2383 924 hujus
2415 855 2492 909 rei
2526 853 2726 908 relator
2750 857 3055 927 episc0pns,
3096 868 3276 911 utrntn
3309 858 3398 914 ille
3425 857 3595 916 frater

2002 946 2082 1002 'ad
2107 963 2204 1003 nos
2233 964 2505 1016 reversus,
2528 963 2597 1002 an
2626 949 2748 1003 aliis
2779 949 2834 1004 in
2860 950 2960 1004 hac
3005 950 3112 1007 vita
3141 951 3460 1021 degentibus
3493 953 3596 1009 ista

2014 1043 2285 1097 retulerit.
2567 1070 2569 1072 -
2938 1063 2941 1066 ·
3192 1105 3194 1107 >

2086 1133 2214 1189 llaec
2243 1135 2359 1200 tibi,
2407 1134 2731 1191 venerabilis
2780 1133 2969 1196 frater,
3015 1133 3354 1188 familiariter
3393 1135 3590 1200 scribo,

2019 1227 2144 1295 quia
2175 1227 2322 1281 velut
2380 1227 2639 1281 suavibus
2691 1225 2884 1296 epulis,
2930 1227 3010 1280 sic
3041 1226 3092 1280 in
3123 1234 3234 1291 tua,
3261 1220 3594 1296 qumeunquc

2003 1315 2111 1387 lsit,
2173 1316 2497 1371 allocutione
2548 1317 2914 1372 delectorzet
2976 1331 3129 1372 mens
3192 1333 3308 1371 mea
3335 1319 3595 1374 continuo

2015 1406 2249 1472 laetatur,
2290 1417 2343 1462 et
2377 1407 2576 1478 gliscit,
2622 1424 2745 1463 eum
2774 1408 3008 1478 aliquid,
3042 1407 3185 1478 quod
3230 1409 3326 1464 tibi
3359 1423 3596 1482 congrue

2013 1499 2300 1558 scribatur.
2339 1500 2598 1553 occurrit.
2658 1503 2663 1507 '
3538 1498 3547 1510 ’

2351 1587 2430 1642 Sil
2461 1605 2645 1642 nomen
2673 1588 2885 1644 Domini
2914 1589 3256 1645 benedictum.

2199 1859 3577 1884 *ψη-’Ἥ

435 2025 796 2100 θοδθοθ
849 2043 1699 2159 OPUSCULUM
1789 2040 2687 2205 TRlCESIMUM
2760 2042 3466 2175 QUINTUM.

1133 2263 1237 2321 DE
1281 2261 1640 2322 PICTUBIS
1674 2261 2106 2322 PRINCIPUM
2160 2259 2771 2320 APOSTOLORUM.

316 2577 721 2632 .Aaaznmrcn.
751 2601 818 2612 —
841 2571 1072 2626 Causam
1116 2568 1269 2623 aliert
1295 2566 1618 2640 curil’anlns
1642 2565 1916 2635 apostolus
1944 2564 2020 2640 ad
2055 2564 2364 2640 dexteram,
2390 2566 2581 2640 Petrus
2605 2581 2734 2640 vero
2761 2566 2828 2640 ad
2860 2565 3136 2640 sinistram
3168 2568 3218 2640 in
3246 2569 3471 2640 picturis
3495 2585 3558 2624 ex
3576 2600 3593 2613 .

399 2648 730 2718 priinantur,
750 2642 956 2718 idcirco
984 2640 1213 2718 scilicet.
1237 2640 1361 2708 quia
1389 2634 1852 2718 Paulusesset‘ex
1889 2637 2029 2716 tribu
2045 2634 2212 2718 genia
2225 2636 2353 2696 min,
2381 2638 2472 2704 qui
2498 2635 2719 2718 Latine,
2748 2637 3146 2718 filius-dextera:
3173 2634 3591 2718 interpretatur;

395 2705 1024 2784 probatquehujusmodi
1060 2705 1269 2784 nomen
1290 2710 1572 2784 aptissime
1604 2707 2014 2784 iubentia-cnim.
2043 2705 2232 2784 ltitdtas
2263 2721 2476 2784 quoque
2504 2705 2740 2772 ejusdem
2770 2705 3329 2784 Pauli_pr:erogativas
3354 2705 3589 2767 adducit.

398 2775 532 2840 Tum
561 2775 772 2839 demum
789 2775 1024 2850 exponit
1053 2797 1150 2836 cur
1174 2775 1659 2849 liierdsolymitana
1688 2777 1947 2841 Ecclesia,
1977 2791 2100 2829 cum
2136 2777 2189 2831 in
2211 2791 2274 2829 ea
2303 2775 2548 2830 Christus
2593 2791 2780 2846 passus
2811 2775 2993 2842 fuerit,
3031 2775 3142 2831 non
3180 2779 3249 2834 sit
3293 2793 3452 2850 caput
3475 2797 3596 2836 om-

396 2858 541 2911 nium
569 2854 954 2910 Ecelesiarum.

398 2973 600 3026 Damno
645 2971 934 3024 Desrosnto
961 2974 1162 3020 sanctae
1193 2963 1561 3020 conversionis
1589 2963 1904 3036 [conversas
1940 2966 1983 3024 Β
2018 2969 2125 3015 tam
2165 2960 2464 3032 egregium,
2493 2968 2712 3028 tamque
2745 2959 3010 3014 famosum
3067 2961 3374 3032 apostolicm
3406 2964 3590 3033 dispo-

321 3060 508 3133 tmnis]
536 3060 734 3118 abbati.
761 3059 1121 3127 religiosoque
1147 3056 1452 3120 conventui,
1482 3055 1696 3109 Psrnus
1715 3069 1908 3123 pecca-

319 3164 407 3204 tar
432 3150 727 3204 nienachus
755 3149 808 3202 in
839 3147 1069 3202 Domino
1094 3146 1430 3200 servitutem.

399 3245 465 3300 Ut
491 3244 748 3298 domuum
786 3241 1073 3296 Martinum
1107 3240 1173 3293 ad
1199 3253 1293 3293 vos
1324 3239 1428 3292 iter
1455 3237 1696 3307 arripere
1718 3235 1903 3297 didici,
1931 3304 1933 3306 _

318 3335 535 3390 notario
559 3334 827 3404 protinus,
861 3341 920 3386 ut
963 3333 1260 3400 exciperet,
1310 3328 1590 3398 imperavi.
1627 3327 1732 3382 Sed
1766 3341 1904 3395 quo-
1932 3366 1936 3370 ι

321 3427 467 3479 niam
514 3440 613 3494 per
639 3433 807 3478 totum
839 3419 1358 3492 quadragesimalem
1409 3418 1670 3474 circulum
1703 3426 1901 3482 tccmu,

319 3517 651 3573 venerabilis
684 3525 859 3586 pater,
890 3514 1227 3568 familiariter
1255 3514 1474 3582 degens,
1501 3525 1726 3580 quaeque
1777 3525 1906 3565 con-

321 3607 926 3681 ferendavidebantur,
978 3607 1100 3660 viva
1145 3619 1276 3659 voce
1310 3603 1655 3667 contulimus,
1703 3611 1906 3672 etquae

317 3698 773 3754 communicanda
812 3707 990 3765 erant,
1027 3698 1142 3752 sive
1191 3695 1495 3758 tractanda,
1533 3694 1730 3765 saepius
1781 3693 1906 3748 inti-

321 3789 618 3854 mavimus;
646 3791 759 3860 jam
797 3789 926 3859 quid
973 3789 1094 3844 novi
1144 3789 1210 3842 ad
1265 3796 1315 3840 te
1363 3785 1529 3840 scribi
1573 3785 1768 3848 valeat,
1796 3800 1902 3838 non

324 3881 561 3944 invenio,
604 3881 732 3936 dum
783 3881 1044 3951 quidquid
1098 3879 1460 3935 necessarium
1505 3893 1624 3933 esse
1670 3886 1901 3948 poterat,

321 3973 656 4043 frequentius
697 3974 948 4028 iteratum
999 3972 1260 4028 alterutra
1313 3969 1750 4025 confabulatione
1783 3984 1905 4038 per-

320 4064 519 4132 pendo.
568 4063 708 4131 Quid
768 4064 930 4134 igitur
990 4063 1237 4117 faciam?
1290 4060 1542 4130 Nunquid
1615 4059 1706 4129 qui
1758 4058 1904 4127 loqui

307 4169 641 4223 .cmperam,
690 4154 974 4210 deficiente
1038 4152 1264 4208 materia
1298 4192 1314 4217 ,
1371 4149 1568 4206 stolide
1635 4149 1904 4204 contices—

315 4259 444 4301 cam
463 4243 488 4298 2
1002 4280 1004 4282 -

841 4333 1067 4390 CAPUT
1106 4330 1396 4389 PRIMUM.

322 4441 436 4495 Cur
472 4442 663 4498 Petrus
706 4446 776 4498 ad
805 4448 1092 4510 sinistram,
1119 4457 1166 4499 et
1208 4445 1406 4499 Paulus
1449 4445 1518 4497 ad
1570 4446 1808 4496 dextram
1849 4443 1907 4496 in

321 4546 324 4548 -
821 4519 1039 4586 picturis
1069 4516 1315 4571 rollocem
1327 4532 1409 4570 ur.

396 4603 504 4662 Sed
526 4606 649 4662 dum
678 4617 938 4662 armatam
968 4623 1164 4676 penna,
1190 4614 1350 4675 atque
1375 4606 1442 4660 ad
1473 4605 1815 4660 scribendum
1840 4617 1905 4656 ex

323 4714 476 4754 more
521 4699 770 4754 libratam
827 4715 1045 4754 manum
1078 4699 1360 4769 scriptoris
1408 4698 1648 4768 aspicio,
1684 4696 1906 4752 materia

323 4789 456 4843 mihi
495 4789 668 4844 dulcis
706 4788 952 4853 offertur,
984 4790 1050 4843 de
1095 4805 1200 4858 qua
1245 4788 1310 4842 ad
1361 4787 1738 4857 disputandum
1785 4801 1905 4839 mea

325 4895 483 4936 mens
545 4879 797 4934 alacriter
857 4888 1202 4949 provocetur.
1267 4878 1370 4933 Per
1423 4879 1581 4932 istam
1641 4876 1905 4944 siquidem

324 4971 522 5025 notarii
549 4972 794 5026 dextram
850 4981 1069 5041 repente
1125 4971 1276 5039 mihi
1304 4969 1430 5024 illud
1477 4969 1736 5033 occurrit,
1767 4968 1908 5037 quod

323 5063 440 5132 ipse
471 5078 503 5116 a
531 5063 956 5133 me,qu:estione
989 5065 1286 5132 proposita,
1329 5077 1699 5133 saepenumero
1731 5061 1908 5130 requi-

323 5152 441 5208 sisti
475 5152 627 5208 :Cur
667 5155 915 5209 videlicet
952 5156 1006 5209 in
1056 5154 1379 5225 imaginibus
1427 5154 1758 5222 picturarum
1810 5166 1907 5222 per

303 5247 608 5304 universas
646 5247 956 5316 adjacentcs
990 5248 1176 5302 Romae
1209 5247 1536 5316 provincias,
1567 5246 1760 5301 Petrus
1815 5245 1903 5313 qui

317 5327 532 5404 (primus
557 5346 660 5402 est,
685 5338 750 5391 ad
787 5338 1095 5402 sinistram;
1125 5336 1528 5406 coapostolatus
1555 5345 1734 5390 autem
1789 5335 1908 5402 ejus

279 5453 283 5456 -
322 5425 535 5490 Paulus,
549 5427 903 5483 constituitur
917 5429 983 5482 ad
1009 5427 1290 5493 dextram;
1315 5441 1437 5480 cum
1454 5425 1606 5492 juxta
1630 5425 1906 5494 vulgarem

322 5529 545 5569 sensum
595 5517 698 5570 hoc
731 5531 910 5570 rerum
965 5517 1098 5570 ordo
1142 5515 1420 5584 deposcat,
1469 5523 1525 5564 ut
1570 5511 1782 5575 Petrus,
1813 5511 1905 5580 qui

324 5613 548 5658 senatus
582 5605 862 5673 apostolici
890 5605 1140 5673 princeps
1185 5612 1288 5665 est,
1321 5603 1565 5656 dexmnu
1593 5599 1800 5654 Domini
1825 5599 1907 5652 lac

2009 3053 2222 3107 sitionis
2263 3053 2503 3107 ordinem
2569 3051 2908 3116 inconsulte,
2968 3059 3129 3121 atque
3190 3052 3590 3116 inconsiderate

2007 3146 2198 3200 devota
2251 3144 2360 3198 Deo
2389 3159 2453 3198 ac
2506 3142 2754 3213 religiosa
2788 3150 3023 3197 vetustas
3076 3143 3374 3199 admiserit.
3408 3147 3592 3218 Neque

2005 3239 2150 3292 enim
2210 3236 2536 3291 credendum
2585 3242 2691 3293 est.
2729 3244 2786 3287 ut
2831 3233 3221 3290 Constantinus
3276 3237 3593 3306 imperator,

2009 3329 2118 3382 imo
2148 3343 2284 3398 papa
2317 3326 2608 3398 silvester;
2648 3333 2809 3394 atque
2835 3332 2953 3393 post
2985 3339 3079 3380 eos
3104 3325 3376 3398 principes
3412 3339 3466 3384 et
3507 3346 3594 3390 sa-

2005 3419 2254 3473 cerdotes
2281 3417 2333 3470 in
2358 3415 2742 3472 eeelesiaslicm
2785 3413 3081 3484 disciplina:
3105 3415 3280 3471 littera
3307 3420 3594 3492 pervigiles

2007 3517 2168 3577 atque
2205 3507 2452 3570 solertes,
2485 3506 2627 3559 lnmc
2677 3503 2924 3559 ordinem
2973 3512 3245 3560 tantorum
3284 3508 3588 3580 principum

2005 3596 2381 3668 negligendum
2408 3597 2687 3658 ducerent,
2715 3595 2760 3649 si
2784 3597 3117 3651 correctione
3140 3597 3356 3668 dignum
3384 3601 3589 3672 aliqua-

2008 3696 2161 3741 tenus
2193 3685 2547 3740 aestimarent.
2599 3683 2676 3739 Nc
2729 3701 2858 3756 ergo
2911 3695 3112 3742 sancta:
3160 3687 3318 3757 hujus
3351 3691 3591 3766 historiae

2005 3782 2137 3835 ordo
2172 3780 2510 3834 inordinatus
2535 3788 2814 3849 appareat,
2847 3777 2991 3850 quod
3026 3780 3180 3834 nobis
3203 3784 3433 3848 videtur,
3463 3799 3588 3842 san-

2003 3872 2178 3927 ctitati
2194 3880 2383 3926 vestrae
2409 3871 2647 3926 breviter
2668 3863 2987 3926 innotescat.

2076 3961 2300 4016 Paulum
2346 3959 2502 4029 plane
2529 3958 2595 4015 de
2649 3959 2793 4013 tribu
2823 3959 3104 4028 Benjamin
3136 3961 3413 4019 exstitisse
3465 3967 3588 4034 quis

2005 4052 2268 4119 ambigit‘.’
2314 4049 2594 4117 Benjamin
2647 4059 2826 4104 autem
2888 4051 3172 4116 llebraice,
3203 4051 3396 4109 Latine
3448 4056 3594 4124 ﬁlius

2004 4142 2233 4196 dextera:
2283 4149 2646 4208 nuncupatur.
2688 4139 2827 4205 Quid
2865 4155 2993 4209 ergo
3040 4141 3233 4194 mirum
3266 4151 3368 4208 est,
3419 4145 3464 4198 si
3520 4147 3589 4200 ad

2007 4233 2288 4285 dexteram
2341 4229 2708 4289 constituitur,
2756 4229 2843 4297 qui
2881 4229 3196 4283 vocabulum
3228 4229 3465 4285 dexterae
3520 4250 3588 4288 ex

1935 4331 1979 4391 (ζ
2013 4317 2372 4389 patcruojure
2397 4318 2658 4372 sortitur?
2689 4317 2842 4373 Enim
2871 4331 3022 4380 vero,
3048 4327 3104 4371 ut
3128 4327 3280 4372 vetus
3314 4319 3400 4373 illa
3432 4321 3590 4378 beato

2011 4414 2177 4468 Paulo
2214 4412 2420 4479 liquido
2469 4425 2771 4480 congruere
2801 4409 3046 4464 videatur
3071 4410 3314 4473 historia,
3348 4427 3450 4467 non
3476 4414 3592 4469 sine

2009 4522 2173 4563 causa
2223 4505 2506 4574 Scriptura
2555 4503 2734 4556 dicit:
2778 4521 2796 4552 ι
2857 4500 2994 4568 Quia
3049 4502 3359 4572 egrediente
3413 4507 3590 4560 anima

2010 4596 2211 4652 Rachel
2242 4611 2352 4666 prae
2373 4595 2580 4659 dolore,
2603 4602 2656 4648 et
2687 4593 3002 4647 imminente
3025 4589 3136 4660 jam
3160 4603 3354 4660 morte,
3382 4598 3592 4650 vocarit

2011 4703 2208 4743 nomen
2266 4686 2362 4740 filii
2397 4685 2496 4744 sui.
2544 4683 2782 4748 Benoni,
2825 4684 2877 4738 id
2931 4694 3014 4738 est
3058 4683 3200 4751 [ilius
3249 4685 3446 4739 doloris
3491 4691 3592 4741 ηπεὶ

2011 4777 2166 4851 (Gen.
2203 4786 2387 4846 xxxv).
2427 4795 2445 4827 ι
2480 4775 2639 4829 Pater
2668 4790 2795 4828 vero
2825 4765 3256 4844 appellavit-eum
3289 4774 3588 4844 Benjamin,

2010 4871 2062 4924 id
2087 4881 2191 4932 est,
2217 4869 2365 4936 ﬁlius
2390 4868 2634 4922 dexterae.
2669 4867 2772 4920 Per
2800 4866 2998 4921 Rachel
3031 4881 3279 4935 namque,
3306 4881 3424 4938 qtne
3449 4884 3586 4932 ovis.

2008 4960 2092 5014 vel
2115 4960 2286 5013 visum
2317 4957 2638 5026 principium
2668 4956 2884 5018 dicitur,
2907 4955 3150 5011 Ecclesia
3176 4971 3280 5008 non
3317 4956 3595 5013 immerito:

2009 5050 2337 5118 designatur.
2376 5047 2506 5114 Quae
2535 5047 2788 5100 nimirum
2815 5054 2872 5100 et
2897 5048 2960 5097 ad
2986 5045 3157 5100 instar
3183 5046 3299 5100 ovis
3326 5047 3582 5103 innocen-

2008 5150 2089 5196 ter
2113 5140 2259 5204 vivit,
2276 5146 2328 5193 ct
2348 5154 2442 5207 per
2466 5137 2701 5191 studium
2724 5134 3187 5204 contemplationis
3212 5134 3276 5188 ad
3301 5136 3590 5192 videndam

2009 5228 2386 5298 Redemptoris
2407 5228 2518 5280 suis
2550 5225 2784 5294 speciem
2809 5221 3118 5278 medullitus
3141 5223 3451 5280 inardescit.
3487 5226 3585 5293 Qui

2006 5322 2072 5374 de
2112 5336 2170 5375 se
2217 5317 2614 5387 req‘ttimutibus
2645 5315 2842 5369 .ludmis
2889 5316 3002 5368 ait:
3043 5333 3059 5364 ι
3097 5313 3206 5385 Ego
3238 5315 3584 5384 principium,

1998 5403 2099 5484 'qui
2140 5419 2194 5468 el.
2240 5411 2431 5480 loquor
2456 5410 2607 5462 vobis
2643 5408 2822 5477 (Joan.
2858 5408 2996 5478 vtu).
3035 5426 3052 5459 ι
3093 5407 3368 5476 Benjamin
3422 5410 3584 5480 igitur

2008 5511 2287 5568 nascente,
2324 5499 2523 5554 Rachel
2553 5510 2726 5555 mater
2777 5500 3069 5562 emoritur;
3118 5500 3244 5554 dum
3297 5503 3586 5570 appropin-

2007 5603 2207 5662 quante
2249 5593 2314 5646 ad
2346 5592 2518 5647 lucem
2550 5605 2700 5646 novae
2729 5592 3152 5661 regenerationis
3196 5591 3379 5656 Saulo,
3406 5608 3585 5661 perse-

325 5707 446 5760 tus;
502 5695 699 5750 Paulus
740 5711 888 5759 vero,
937 5695 1028 5764 qui
1075 5694 1258 5760 junior
1314 5701 1416 5754 est,
1453 5691 1730 5745 siniszrum
1781 5687 1905 5757 jure
1933 5676 2312 5741 D'cutionibus
2350 5683 2586 5740 Ecclesia
2619 5697 2714 5753 per
2739 5697 2860 5737 eum
2891 5683 3181 5738 crudeliter
3218 5683 3569 5753 impugnatnr,

321 5790 636 5861 possideat?
665 5789 770 5846 Sed
810 5791 1002 5846 durum
1033 5797 1116 5843 est
1142 5786 1318 5853 valde,
1349 5794 1406 5841 ut
1447 5784 1750 5856 opinemur,
1780 5783 1904 5854 quia

2012 5779 2156 5833 Sicut
2177 5777 2348 5834 Lucas
2369 5775 2420 5833 in
2443 5776 2663 5832 Actibus
2681 5776 3076 5847 apostolorum:
3103 5796 3119 5828 ι
3148 5775 3358 5842 Saulus,
3381 5777 3573 5855 inquit,
