4142 5396
518 331 616 386 591

947 327 1008 386 s.
1046 290 1251 383 PETRI
1293 310 1575 387 unum
1612 316 1772 408 ore.”
1806 330 2040 408 TOMUS
2077 280 2207 387 stu
2239 280 2550 395 nisi".
2575 283 2658 370 1—
2692 283 3054 387 arescent
3096 331 3325 402 vanu.

3672 278 3781 388 59":

517 424 828 520 devaslabat
850 444 1168 508 Ecclesiam,
1199 425 1296 518 per
1324 447 1515 523 domos
1544 449 1772 514 intrans,
1795 457 1850 505 et
1871 429 2092 526 trahens
2120 443 2168 510 Α
2189 420 2301 521 lida
2339 446 2603 502 cltaritate
2632 444 2844 517 ﬂagrat,
2872 455 2981 502 tam
3010 446 3174 503 nimia
3203 462 3270 500 ex
3293 444 3428 501 locis
3454 443 3518 500 ad
3551 445 3666 500 loca
3720 459 3781 514 se

515 540 678 601 viros,
715 546 770 593 et
799 536 1054 592 mulieres
1078 537 1327 592 tradebat
1351 539 1513 611 607
1543 540 1596 594 in
1627 540 1924 594 custodiam
1953 524 2092 614 (Act.

514 629 653 698 vui).
691 647 708 680 ι
735 627 984 698 Cougrue
1011 627 1194 699 itaque
1218 628 1423 684 Rachel
1451 631 1676 700 Benoni,
1708 633 1757 687 id
1787 641 1894 698 est,
1923 633 2093 702 filium

511 717 707 770 doloris
746 717 846 770 mei
880 724 1039 771 vocat
1067 734 1080 770 :
1112 731 1272 788 quem
1296 717 1464 776 Jacob
1485 719 1788 791 Benjamin,
1819 722 1868 776 id
1895 731 1996 785 est,
2029 706 2095 790 ﬁ-

503 805 640 882 lium
669 807 897 860 dexterae
922 816 1228 877 nuncupat;
1260 807 1385 877 quia
1417 807 1635 874 Paulus,
1663 811 1753 879 qui
1783 810 1970 864 matris
1992 799 2094 864 Ee-

510 897 688 952 clesia:
739 897 893 952 dolor
931 898 1160 963 exstitit,
1194 899 1285 968 qui
1328 914 1447 955 eam
1498 889 1913 970 quodammodo,
1967 901 2091 957 tium

511 995 847 1052 nasceretur,
891 987 1251 1057 impugnanda
1279 989 1531 1058 peremit,
1565 1005 1594 1044 a
1623 989 1733 1048 Deo
1760 981 1920 1045 Patre
1947 983 2091 1060 ﬁlius

500 1078 743 1146 dextera:
781 1085 864 1132 est
891 1087 1131 1144 vocatus,
1168 1093 1290 1132 cum
1332 1093 1428 1148 per
1466 1094 1589 1134 eum
1633 1075 1811 1135 divina
1852 1083 2092 1150 potentia

510 1167 769 1223 adversus
816 1178 1001 1236 gentes
1029 1168 1183 1238 quasi
1224 1184 1323 1239 per
1373 1167 1566 1224 fortem
1606 1185 1760 1224 suam
1810 1173 2090 1226 dexteram

501 1241 1109 1322 Idimicavit,verborum
1129 1255 1306 1326 jacula
1326 1257 1565 1313 valenter
1586 1258 1822 1326 intorsit,
1847 1257 2092 1317 salubres

507 1349 750 1403 cordium
794 1349 977 1419 plagas
1021 1348 1224 1414 intulit,
1269 1358 1322 1404 et
1351 1365 1446 1419 per
1486 1365 1609 1404 eum
1654 1350 1879 1405 devictis
1929 1360 2090 1420 atque

506 1440 796 1510 prostratis
818 1440 1085 1504 hostibus,
1111 1455 1231 1505 cum
1256 1439 1424 1509 gloria
1455 1435 1825 1510 triumphavit.
1851 1440 1988 1495 iliuc
2010 1451 2093 1496 est

506 1531 653 1599 quod
696 1531 833 1584 idem
866 1528 1063 1584 Paulus
1087 1523 1089 1525 ’
1113 1529 1178 1583 ad
1210 1527 1429 1584 Galatas
1485 1530 1560 1584 ait
1595 1547 1612 1584 :
1645 1548 1664 1581 ι
1721 1529 1856 1584 Cum
1910 1539 2089 1586 autem

503 1616 828 1686 complacuit
856 1618 929 1682 ei,
960 1618 1052 1687 qui
1106 1633 1192 1671 me
1232 1618 1530 1688 segregavit
1585 1633 1651 1672 ex
1703 1627 1855 1673 utero
1901 1620 2090 1676 matris

505 1726 658 1773 meae,
704 1719 761 1764 et
812 1709 1026 1764 vocavit
1068 1724 1166 1778 per
1197 1709 1445 1780 .gratiatu
1500 1723 1676 1774 suam,
1710 1717 1769 1764 ut
1822 1709 2093 1770 revelaret

2191 544 2493 620 lvagatione.
2522 550 2816 612 permutat.
2843 542 3009 615 608
3033 537 3287 597 Transire
3329 540 3396 594 ad
3427 537 3526 593 alia
3559 555 3624 594 ex
3655 536 3778 602 aliis

2189 635 2420 712 appetit,
2464 635 2588 704 quia
2657 635 2827 705 ipsius
2874 621 3022 701 eum,
3068 649 3227 704 quem
3273 631 3479 703 implet,
3528 631 3779 686 stimulus

2191 727 2474 792 charitatis
2512 727 2754 796 impellit.
2778 727 2958 798 Longe
2984 742 3216 796 namque
3238 742 3265 780 a
3293 725 3550 781 Romanis
3571 719 3780 795 positus

2192 818 2384 874 scribit
2409 837 2421 873 :
2457 837 2475 870 ‹
2506 817 2819 874 Memoriam
2847 820 3012 874 vestri
3044 817 3182 873 facio
3208 833 3421 885 semper
3444 817 3496 870 in
3521 805 3782 884 orationi}

2191 906 2292 962 bus
2315 908 2478 969 meis,
2507 907 2825 975 obsecrans,
2851 908 2894 962 si
2929 923 3036 978 quo
3065 908 3222 962 modo
3249 909 3465 961 tandem
3491 900 3779 976 aliquando

2186 1006 2506 1066 prosperum
2535 997 2637 1051 iter
2662 997 2888 1052 habeam
2921 999 2974 1052 in
3002 997 3272 1052 voluntate
3301 997 3395 1051 Dei
3430 998 3677 1054 veniendi
3711 991 3776 1076 ad

2191 1104 2306 1144 vos.
2356 1090 2612 1144 Desidero
2657 1091 2802 1144 enim
2830 1090 3017 1145 videre
3049 1105 3144 1146 vos
3171 1089 3340 1161 (Rom.
3372 1087 3434 1161 ι).
3465 1109 3483 1139 ι
3514 1089 3778 1158 Retentus

2196 1178 2418 1250 Ephesi,
2447 1179 2746 1236 Corinthiis
2772 1181 2958 1236 scribit
3000 1199 3011 1234 :
3049 1199 3067 1233 ι
3107 1181 3245 1236 Ecce
3273 1182 3432 1236 tertio
3461 1180 3563 1236 hoc
3614 1185 3777 1250 para-

2193 1279 2279 1325 tus
2332 1285 2451 1325 sum
2503 1271 2688 1326 venire
2740 1273 2806 1326 ad
2852 1286 2949 1326 vos
3002 1270 3088 1343 (II
3119 1271 3426 1338 Canuti).
3464 1289 3482 1323 ι
3537 1269 3777 1349 Rursum

2189 1359 2388 1435 Ephesi
2410 1375 2770 1424 commorans,
2798 1360 3004 1416 Galatis
3036 1361 3294 1432 loquitur,
3328 1361 3512 1416 dicens
3541 1379 3554 1415 :
3599 1381 3617 1414 ι
3650 1350 3775 1440 νὸῐέ-

2192 1451 2294 1506 letn
2325 1467 2410 1508 me
2433 1467 2554 1507 esse
2575 1452 2714 1521 apud
2743 1467 2839 1507 vos
2861 1451 3038 1517 modo,
3070 1461 3126 1508 et
3154 1462 3364 1508 mutare
3389 1466 3574 1506 vocem
3601 1465 3780 1529 meam

2192 1540 2336 1612 (Gal.
2362 1543 2456 1612 tv).
2491 1562 2508 1594 ι
2535 1541 2720 1596 Roma:
2749 1557 2965 1612 quoquc
2999 1543 3241 1597 custodia
3269 1543 3512 1597 careeris
3537 1541 3778 1607 clausus,

2191 1629 2319 1699 quia
2350 1629 2429 1684 ire
2457 1645 2553 1700 per
2578 1631 2929 1701 semetipsum
2982 1633 3048 1686 ad
3095 1631 3467 1702 Philippeuses
3514 1648 3619 1685 non
3655 1623 3782 1702 per-

2192 1719 2445 1782 mittitur,
2478 1721 2849 1776 transmittere
2887 1736 2945 1776 se
2975 1721 3296 1791 discipulum
3325 1721 3646 1790 pollicetur,
3695 1722 3778 1776 di-

506 1799 675 1853 ﬁlium
699 1815 852 1854 suum
871 1799 921 1852 ῖη
942 1807 1119 1864 "level
1139 1797 1566 1868 εντιιιεθιίιεινοιη
1587 1813 1707 1852 eum
1735 1798 1784 1850 ίιι
1811 1799 2078 1865 Εθιιιίῦυε»
2115 1801 2156 1860 Β
2185 1824 2314 1865 ceus
2339 1829 2355 1864 :
2389 1829 2406 1862 ι
2443 1810 2612 1880 Spero
2642 1813 2692 1866 in
2721 1812 3001 1868 Dominum
3034 1815 3240 1876 Jesum,
3266 1815 3608 1871 Timotheum
3665 1816 3779 1870 cito

503 1891 758 1946 continuo
785 1907 893 1946 non
915 1889 1160 1958 acquievi
1193 1888 1344 1944 carui
1394 1897 1450 1945 et
1493 1888 1741 1958 sanguini
1773 1885 1912 1959 (Gal.
1941 1889 2024 1960 ti).
2064 1909 2081 1941 ι

502 1977 620 2033 Non
647 1994 774 2050 ergo
804 1979 1073 2038 immerito
1099 1977 1243 2046 ﬁlius
1270 1977 1495 2031 dextera:
1516 1975 1714 2032 Paulus
1737 1987 1973 2039 vocatur,
1991 1992 2090 2047 per

503 2086 661 2141 quem
688 2071 864 2124 omnis
906 2069 1144 2138 gentium
1196 2068 1504 2133 multitudo,
1537 2084 1657 2138 quae
1711 2069 1777 2123 ad
1807 2069 2085 2123 dexteram

499 2164 594 2220 Dei
652 2165 896 2235 ponenda
951 2173 1072 2227 est,
1127 2163 1195 2216 ad
1242 2163 1364 2216 ﬁdei
1419 2171 1758 2217 sacramenta
1815 2161 2088 2232 colligitur

497 2257 789 2312 Accinctus
816 2256 1080 2325 siquidem
1107 2256 1273 2310 verbo
1302 2255 1417 2320 Dei,
1444 2256 1588 2324 quod
1614 2266 1696 2311 est
1721 2255 1931 2324 gladius
1959 2254 2088 2325 Spi-

497 2346 636 2402 ritus
663 2345 878 2418 (Ephes.
911 2347 1020 2418 vi),
1062 2347 1328 2416 hodieque
1369 2361 1537 2415 usque
1582 2346 1650 2400 ad
1700 2346 1858 2402 linem
1906 2345 2086 2402 saeculi

488 2440 756 2494 adversus
781 2438 1020 2492 omnium
1050 2438 1323 2499 vitiorum,
1354 2435 1768 2506 iniquorumque
1797 2435 2084 2506 Spirituum

492 2530 702 2586 rabiem
731 2530 973 2595 dimicat,
996 2537 1051 2584 et
1083 2538 1334 2598 tanquam
1366 2527 1623 2582 fulminea
1651 2526 1850 2582 Christi
1869 2542 2084 2595 manus,

492 2621 721 2676 vibratis
747 2621 985 2676 caelestis
1005 2620 1206 2690 eloquii
1234 2618 1444 2689 gladiis,
1479 2619 1682 2689 rigidas
1709 2619 2082 2674 resistentium

498 2709 610 2770 Deo
658 2712 896 2766 cervices
939 2711 1246 2765 obtruncat.
1283 2709 1446 2764 Recte
1487 2709 1650 2778 igitur
1680 2708 1879 2764 Paulus
1905 2694 2080 2764 dextri

489 2805 646 2874 juxta
675 2803 1091 2872 Redemptorem
1141 2801 1328 2858 lateris
1358 2800 1566 2856 obtinet
1619 2801 1955 2872 dignitatem,
1988 2803 2080 2872 qui

495 2894 689 2950 divinae
740 2894 976 2947 dextera:
1019 2908 1124 2946 non
1175 2892 1468 2963 ambigitur
1509 2905 1767 2946 exercere
1801 2893 2076 2946 virtutem.

491 2989 574 3040 An
600 3001 703 3040 nou
732 2983 1131 3054 quotiauimodo
1155 2982 1376 3037 dextera
1411 2983 1503 3037 Dei
1529 2983 1788 3037 adversus
1809 2983 2078 3037 diabolum

483 3069 834 3134 dimicantem
862 3092 918 3132 se
950 3076 1153 3131 fatetur
1180 3091 1318 3141 esse,
1348 3091 1469 3131 cum
1500 3075 1635 3130 dicit
1671 3092 1684 3127 :
1723 3095 1739 3125 ι
1770 3074 1877 3144 Ego
1897 3084 2078 3128 autem

493 3171 570 3225 sic
592 3185 774 3234 curro,
802 3185 907 3222 non
948 3169 1101 3239 quasi
1135 3170 1186 3223 in
1217 3169 1481 3223 incertum
1521 3183 1536 3220 :

491 3258 642 3328 quasi
671 3272 849 3311 aerem
875 3257 1204 3312 verberans?
1249 3276 1266 3308 ι
1307 3255 1356 3327 (1
1383 3255 1504 3310 Cor.
1539 3254 1638 3326 ix.)

1121 3351 1346 3408 CAPUT
1381 3350 1444 3405 ll.

815 3443 975 3499 Pauli
1009 3445 1370 3516 prwrogativm
1407 3449 1743 3498 enarrantur.

559 3536 759 3590 Paulus
789 3538 856 3588 ad
881 3535 1077 3589 calum
1106 3534 1326 3588 tertium
1353 3544 1538 3602 raptus
1566 3531 1809 3586 ascendit
1831 3529 1919 3601 (11
1948 3529 2071 3584 Cor.

489 3628 616 3695 xu),
645 3625 736 3678 ubi
784 3623 947 3677 etiam
1002 3639 1198 3678 arcana
1225 3622 1410 3686 verba,
1440 3637 1556 3691 quae
1598 3621 1906 3677 hominibus
1930 3620 2074 3688 loqui

484 3730 598 3771 non
626 3714 771 3778 licet,
799 3711 1026 3767 audivit.
1048 3712 1180 3779 Quis
1210 3721 1392 3767 autem
1418 3712 1648 3779 nesciat,
1673 3711 1798 3782 quia
1828 3713 1938 3765 vita
1967 3720 2074 3766 ter-

487 3819 626 3860 .rena
652 3802 780 3859 dicit
805 3801 1102 3869 sinistram,
1127 3801 1362 3856 caelestis
1382 3811 1560 3856 autem
1591 3801 1859 3872 significat
1882 3801 2070 3856 dexte—

491 3911 632 3962 ram,
654 3894 796 3951 sicut
834 3908 1028 3964 sponsa
1055 3891 1188 3948 dicit
1211 3892 1261 3946 in
1289 3889 1528 3948 Cauticis
1558 3909 1571 3945 :
1600 3910 1618 3944 ι
1649 3891 1803 3946 Laeva
1834 3891 1950 3962 ejus
1973 3891 2073 3946 sub

488 3989 665 4058 capite
722 4000 880 4048 meo,
935 3992 988 4038 et
1035 3983 1254 4038 dextera
1285 3981 1427 4038 illius
1475 3980 1867 4053 amplexabitur
1893 3981 2014 4036 me?
2045 3997 2066 4033 ι

491 4076 780 4149 tCant.u.)
834 4073 990 4129 Laeva
1021 4089 1255 4144 namque
1288 4087 1410 4128 esse
1473 4072 1573 4128 sub
1620 4073 1798 4142 capite
1851 4071 2070 4136 dicitur,

480 4175 622 4246 quia
673 4185 912 4242 praesens
959 4169 1071 4224 vita
1125 4168 1267 4238 apud
1331 4167 1564 4223 electum
1617 4165 1909 4238 quemlibet
1972 4165 2072 4221 sub

488 4273 689 4327 mente,
721 4277 841 4332 quae
885 4259 1076 4331 procul
1129 4258 1292 4314 dubio
1339 4257 1728 4329 cogitationum
1777 4262 1937 4326 caput
1968 4264 2070 4318 est,

485 4357 741 4423 despecta
761 4353 1018 4406 calcatur.
1038 4351 1268 4406 Dextera
1292 4363 1420 4403 vero
1438 4349 1529 4402 Dei
1554 4363 1750 4419 sponsa
1774 4347 2070 4418 amplexari

486 4442 850 4514 perhibetur,
902 4441 1030 4510 quia
1091 4441 1219 4494 dum
1296 4439 1466 4494 fidelis
1549 4449 1602 4495 et
1652 4450 1838 4496 sancta
1891 4439 2068 4494 anima

2190 1917 2276 1957 me
2302 1904 2518 1958 mittere
2555 1907 2620 1959 ad
2653 1920 2776 1972 vos;
2812 1916 2868 1961 ut
2898 1923 2996 1977 ego
3019 1908 3158 1964 bono
3181 1907 3364 1964 animo
3385 1908 3508 1974 situ,
3545 1908 3779 1986 cognitis

2188 2011 2308 2065 qua:
2338 1997 2480 2052 circa
2513 2013 2608 2052 vos
2643 2009 2766 2054 sunt
2791 1998 3017 2069 (Philip.
3060 1999 3144 2070 ll).
3176 2019 3193 2051 ι
3223 1998 3565 2054 Constrictus
3609 1999 3776 2055 etiam

2186 2085 2418 2142 vinculis
2465 2098 2626 2158 atque
2668 2089 2862 2160 Ephesi
2893 2101 3153 2158 retentus,
3187 2090 3597 2147 Colossensibus
3633 2092 3777 2148 scri-

2185 2175 2264 2231 bit
2296 2195 2310 2230 :
2345 2197 2363 2229 ‹
2397 2178 2532 2233 Nam
2563 2191 2617 2236 et
2666 2182 2710 2236 si
2761 2197 2989 2252 corpore
3033 2183 3228 2238 absens
3257 2199 3397 2250 sunt,
3431 2185 3522 2239 seJ
3576 2185 3774 2252 Spiritu

2185 2268 2463 2324 vobiscum
2504 2285 2623 2324 smn
2665 2271 2886 2342 (Coloss.
2925 2275 3005 2343 tt).
3044 2292 3063 2325 ι
3107 2274 3242 2328 Ecce
3277 2288 3373 2328 cor
3412 2274 3773 2344 apostolicum

2185 2351 2388 2426 quanti)
2412 2357 2635 2413 fraterni
2668 2362 2870 2415 amoris
2908 2363 3028 2433 igne
3079 2363 3418 2432 decoquitur,
3452 2373 3654 2432 quanto
3701 2365 3772 2420 ad

2185 2447 2556 2504 desudandum
2584 2466 2680 2520 pro
2705 2451 2879 2507 salute
2901 2454 3142 2524 gentium
3162 2454 3770 2519 tlesideriocuarttaturl

2185 2536 2282 2593 llic
2305 2554 2533 2610 corpore
2563 2550 2806 2607 tenetur;
2831 2544 2954 2599 illuc
2980 2546 3170 2614 spiritu
3199 2545 3414 2600 ducitur
3439 2563 3454 2600 :
3477 2555 3530 2600 et
3560 2545 3772 2615 paterni

2183 2629 2384 2684 amoris
2435 2629 2684 2684 affectum
2735 2635 3093 2702 prtesentilms
3147 2635 3771 2703 impendit,absentibus

2182 2719 2426 2790 porrigit.
2477 2721 2671 2775 Coram
2701 2725 2892 2792 positis
2942 2725 3161 2779 exhibet
3211 2739 3396 2794 opera,
3428 2715 3771 2782 audientibus

2181 2809 2436 2878 exprimit
2484 2819 2627 2864 vota.
2665 2807 3224 2882 Ellicaeiterprzeseus
3255 2814 3354 2877 eis,
3407 2829 3526 2868 cum
3573 2813 3769 2882 quibus

2181 2915 2287 2954 non
2319 2910 2436 2956 erat
2477 2919 2490 2955 :
2526 2918 2622 2958 nec
2664 2912 2840 2958 tamen
2871 2904 2972 2958 illis
3004 2906 3216 2965 absens.
3240 2921 3363 2960 cum
3395 2904 3590 2974 quibus
3623 2916 3763 2959 erat.

2181 2986 2344 3059 Cujus
2367 3007 2605 3047 amorem
2633 2993 2822 3047 melius
2855 2994 3251 3065 cognoscimus,
3285 2996 3327 3048 si
3362 2996 3478 3064 ejus
3503 2996 3675 3049 adhuc
3698 2994 3768 3049 ad

2179 3076 2492 3134 Corinthios
2519 3083 2678 3135 verba
2708 3095 3015 3150 pensamus.
3044 3083 3128 3136 Ait
3159 3085 3297 3137 enim
3333 3099 3348 3136 :
3383 3102 3400 3134 ι
3437 3083 3651 3138 Veniam
3699 3083 3771 3138 ad

1585 3167 1663 3221 sic
1711 3182 1910 3238 pugno,
1969 3182 2075 3221 non
2105 3148 2152 3211 (ἶ
2183 3182 2278 3223 vos
2292 3183 2412 3223 cum
2445 3168 2810 3224 Macedoniam
2826 3171 3223 3239 pertransicro;
3254 3188 3374 3224 nam
3400 3171 3766 3226 Macedoniam

2180 3259 2542 3327 pertransibo,
2572 3259 2711 3328 apud
2763 3275 2860 3314 vos
2893 3269 3072 3314 autem
3126 3261 3351 3315 forsitan
3380 3263 3628 3327 manebo,
3681 3260 3769 3315 vel

2177 3347 2342 3401 etiam
2380 3347 2631 3403 ltietuabo
2655 3348 2703 3418 (Ι
2732 3346 2853 3401 Cor.
2889 3350 3020 3420 xvi).
3059 3369 3078 3401 ι
3109 3349 3247 3416 Quid
3304 3359 3408 3414 est,
3451 3353 3594 3419 quod
3653 3361 3766 3405 tam

2176 3435 2338 3490 anxie
2371 3450 2469 3504 per
2500 3445 2578 3490 tot
2626 3437 2742 3491 loca
2775 3438 3028 3506 partitur,
3059 3439 3163 3492 nisi
3195 3439 3338 3506 quod
3383 3439 3526 3492 circa
3573 3442 3768 3497 onmc's

2176 3519 2280 3578 una
2310 3525 2574 3580 charitate
2600 3529 3026 3598 constringitur?
3069 3527 3319 3582 Charitas
3343 3528 3511 3592 enim,
3533 3545 3656 3599 quae
3685 3533 3767 3586 di-

2174 3615 2290 3668 visa
2345 3618 2499 3670 unit-e
2537 3617 2832 3680 consuevit,
2869 3635 3032 3674 unum
3081 3636 3178 3674 cor
3240 3620 3389 3675 Pauli
3449 3622 3613 3676 dividi
3666 3639 3767 3693 per

2175 3705 2341 3758 multa
2369 3707 2662 3777 compellit.
2693 3708 2843 3774 Quod
2876 3718 3055 3764 tamen
3085 3719 3236 3766 tanto
3261 3713 3538 3768 ardentius
3566 3713 3616 3768 iu
3645 3715 3757 3770 Deo

2171 3795 2400 3867 colligit,
2447 3807 2652 3864 quanto
2685 3797 2845 3854 latius
2893 3814 2988 3870 per
3032 3811 3216 3856 sancta
3247 3794 3512 3857 desideria
3534 3806 3758 3874 spargit.

2167 3884 2528 3942 ‘Prmdieando
2579 3887 2743 3958 igitur
2772 3890 2972 3946 Paulus
3000 3891 3112 3945 vult
3151 3893 3311 3946 simul
3339 3895 3517 3948 omnia
3547 3894 3752 3960 dicere,

2175 3979 2406 4034 amando
2437 3980 2555 4036 vult
2588 3981 2746 4036 simul
2782 3999 2971 4038 omnes
3013 3985 3232 4050 videre;
3269 3986 3392 4055 quia
3425 3994 3478 4040 et
3512 3985 3564 4040 in
3593 4001 3759 4040 carne

2172 4069 2540 4138 permaneudo
2565 4068 2678 4122 vult
2701 4071 2951 4125 omnibus
2974 4071 3176 4140 vivere,
3207 4084 3261 4127 et
3291 4073 3357 4126 de
3373 4088 3534 4127 carne
3578 4084 3756 4128 trans-

2174 4157 2353 4212 eundo
2405 4174 2501 4227 per
2526 4159 2851 4213 sacrificium
2890 4159 3010 4214 fidei
3051 4161 3164 4213 vult
3201 4162 3450 4216 omnibus
3481 4162 3756 4231 prodesse.

2175 4248 2284 4305 Nec
2308 4250 2502 4303 mirum
2534 4250 2577 4304 si
2607 4251 2930 4320 praedicator
2960 4239 3208 4321 egregius
3234 4252 3286 4305 in
3314 4251 3552 4306 fraterna
3578 4253 3756 4306 chari-

2175 4347 2286 4394 tate
2313 4337 2607 4394 ferventius
2633 4348 2844 4404 aestuat,
2877 4341 2922 4395 si
2966 4355 3076 4410 prae
3097 4342 3308 4397 cunctis
3337 4343 3652 4400 mortalibus
3698 4344 3753 4398 in

2175 4445 2242 4485 eo
2288 4432 2441 4500 copia
2481 4445 2624 4485 verte
2669 4431 2973 4488 dilectionis
3012 4433 3288 4497 abundat;
3321 4448 3442 4488 cum
3474 4432 3591 4488 fons
3629 4433 3755 4488 vita!

486 4499 739 4588 aestuanti
771 4533 852 4584 sui
879 4499 1154 4584 creatoris
1178 4529 1301 4598 igne
1326 4528 1690 4592 succenditur,
1718 4527 2074 4584 velutdivinis
2103 4499 2267 4593 D"qui
2297 4521 2420 4576 eum
2447 4538 2545 4578 vas
2572 4523 2850 4581 electionis
2875 4526 3109 4596 appellat
3133 4526 3269 4596 (Act.
3302 4529 3402 4595 ix).
3440 4525 3493 4578 in
3521 4537 3646 4579 eum
3694 4539 3755 4580 se

487 4623 808 4695 quibusdam
833 4622 1167 4693 amplexibus
1194 4621 1429 4690 undique
1456 4618 1791 4675 confovetur.
1817 4619 1917 4688 Qui
1943 4633 2072 4688 ergo

491 4719 669 4774 carnis
718 4715 898 4772 adhuc
953 4713 1243 4785 fragilitate
1283 4713 1667 4778 circumdatus,
1695 4713 1761 4766 ad
1793 4711 2070 4767 caelestem

489 4809 655 4861 vitam
706 4803 1017 4859 ascendisse
1066 4803 1430 4873 cognoscitur,
1476 4812 1623 4855 recte
1650 4800 1795 4870 ﬁlius
1845 4801 2072 4855 dextera

489 4905 849 4966 nuncupatur.
877 4894 1034 4949 Hunc
1060 4895 1296 4949 dexterae
1324 4892 1517 4946 Filium
1559 4893 1701 4948 Deus
1729 4892 2071 4960 omnipotens

489 4985 1030 5056 tanquampropriam
1059 4984 1333 5039 dexteram
1364 4999 1460 5053 per
1482 4991 1648 5037 totam
1674 4982 1858 5037 mundi
1887 4981 2072 5035 latitu-

487 5077 671 5129 dinem
696 5063 908 5136 semper
930 5074 1191 5136 extendit,
1214 5082 1268 5128 et
1296 5089 1391 5136 per
1413 5089 1532 5128 eam
1563 5071 1868 5136 adoptionis
1903 5078 2071 5136 popu-

2176 4615 2475 4670 decreverit
2496 4615 2831 4670 abundanter
2857 4615 3096 4680 influere,
3129 4633 3361 4688 eumque
3403 4619 3652 4688 dignatus
3683 4618 3752 4673 sit

2176 4716 2649 4764 sacramentorum
2723 4723 2944 4764 suorum
2991 4709 3205 4764 fluentis
3259 4709 3750 4780 incomparabiliter

2174 4799 2420 4869 irrigare.
2477 4799 2612 4853 Hinc
2650 4807 2732 4852 est
2788 4800 2929 4868 quod
2982 4799 3093 4852 ait:
3147 4819 3166 4850 ι
3198 4799 3282 4855 An
3321 4801 3747 4869 experimentum

2176 4892 2418 4960 quaeritis
2467 4891 2582 4961 ejus
2631 4890 2724 4960 qui
2776 4891 2830 4944 in
2867 4907 2950 4945 me
2996 4891 3234 4963 loquitur
3282 4893 3621 4950 Christus?»
3655 4892 3747 4964 '(II

2173 4979 2299 5034 Cor.
2327 4980 2474 5051 xm.)

2769 5074 2998 5131 CAPUT
3033 5075 3118 5131 lll‘.
