4132 6324
292 377 399 437 593

1064 375 1306 435 ορδερ.
1348 377 1564 433 XXXV.
1606 411 1675 419 —
1715 379 1802 434 DE
1840 380 2160 438 PlCTURlS
2198 383 2488 439 PRINCIP.
2530 383 2776 468 APOST.

3445 385 3550 440 59L

292 504 626 554 consessum,
657 498 715 543 ιιι
737 505 839 543 non
861 488 972 560 jam
1005 490 1312 548 hominibus
1341 493 1694 563 corporaliter
1737 492 1874 548 iute-
1902 487 1948 555 Ᾱ
1978 510 2100 552 eum
2132 497 2527 566 quodammodo
2551 500 2728 553 minus
2755 504 2958 562 amant,
2983 505 3038 552 et
3065 499 3235 568 magis
3264 507 3548 559 amantur;

293 590 490 647 resset,
510 579 600 635 sed
625 579 744 636 coeli
769 580 947 648 potius
967 581 1255 637 virtutibus
1283 583 1617 654 praesideret,
1645 598 1748 638 non
1784 597 1880 654 per

293 676 632 747 magistrum,
648 673 744 727 sed
757 671 1061 743 specialiter
1077 691 1171 746 per
1186 690 1242 731 se
1259 678 1431 745 ipsum
1445 678 1520 732 sie
1535 677 1682 732 illum
1699 676 1878 732 ellica-

294 767 432 821 citer
458 765 622 838 609
645 764 849 829 docuit,
874 767 1219 838 omniumque
1239 769 1341 823 sibi
1359 779 1628 839 gestorum
1655 784 1876 824 suorum

295 857 556 928 mysteria
589 857 883 925 delegavit;
914 867 973 913 ttt
1019 875 1124 913 non
1153 859 1311 914 modo
1341 875 1727 931 praecessorum
1753 876 1878 915 suo-

295 962 414 1002 rum
446 946 755 1015 magisterio
773 947 1078 1004 nullatenus
1107 949 1392 1018 indigeret,
1421 951 1513 1005 sed
1539 965 1632 1024 eos
1659 951 1878 1021 insuper

293 1039 474 1094 omnis
508 1035 745 1093 cmlestis
789 1038 1067 1107 sapientiae
1111 1040 1477 1110 profunditatc
1523 1042 1872 1115 prtrcelleret.

296 1127 451 1186 Unde
477 1139 532 1183 et
567 1127 680 1198 ipse
712 1130 916 1197 primus
939 1131 1302 1201 apostolorum
1334 1131 1531 1187 Petrus
1558 1134 1672 1202 ejus
1706 1131 1878 1187 admi-

295 1233 448 1278 ratur
479 1221 816 1290 sapieutiam,
847 1223 1063 1277 dicens:
1103 1241 1122 1273 ι
1174 1223 1540 1279 Charissimns
1570 1225 1740 1279 frater
1779 1240 1876 1279 no-

295 1326 406 1370 ster
427 1313 646 1376 Paulus,
680 1313 974 1368 secundum
1005 1315 1184 1371 datam
1218 1315 1316 1370 sibi
1357 1316 1676 1385 sapientiam
1735 1315 1872 1370 scri-

294 1407 404 1478 psit
433 1407 618 1472 vobis;
650 1407 789 1460 sicut
821 1417 871 1462 et
902 1406 952 1460 in
978 1408 1229 1462 omnibus
1253 1407 1514 1477 epistolis,
1570 1406 1796 1478 loquens
1822 1407 1874 1460 in

291 1495 373 1551 eis
401 1496 465 1550 de
485 1496 588 1558 his,
614 1496 666 1548 in
685 1496 878 1566 quibus
907 1505 1031 1550 sunt
1051 1499 1294 1567 quautam
1318 1495 1548 1552 dimeilia
1577 1496 1872 1560 intellectu,

293 1603 413 1662 qua:
441 1585 640 1642 inducti
694 1596 744 1642 et
779 1585 1059 1642 instabiles
1092 1590 1387 1658 depravant
1419 1588 1504 1661 (ΙΙ
1533 1587 1678 1644 Petr.
1703 1589 1808 1656 III).
1851 1608 1870 1642 ι

293 1676 447 1744 Quod
469 1689 646 1732 autem
671 1677 722 1730 in
751 1676 1020 1732 discendis
1045 1678 1367 1751 evangelicm
1389 1679 1649 1736 doctrinm
1678 1689 1877 1749 myste-

293 1769 390 1822 riis
422 1782 525 1820 uou
553 1767 866 1837 magistrum
896 1769 1190 1837 quemlibet
1235 1771 1529 1835 hominem,
1582 1770 1675 1825 sed
1710 1771 1875 1825 Deum

1980 589 2104 643 dum
2130 598 2185 643 et
2216 605 2312 659 pro
2341 604 2404 644 eo
2439 588 2614 644 nullos
2644 587 2888 644 laborum
2917 589 3160 645 turbines
3187 589 3448 654 sentiunt,
3500 603 3556 643 et

1981 685 2158 733 tamen
2187 677 2387 733 intimre
2408 676 2792 732 familiaritatis
2812 676 2926 747 ejus
2949 678 3403 734 oblectationibus
3431 693 3555 749 per-

1980 767 2250 840 fruuntur.
2281 767 2395 822 Non
2427 783 2556 838 ergo
2578 768 2796 834 mirum,
2848 769 2894 824 si
2943 769 3003 823 B.
3035 768 3226 825 Petrus
3259 769 3550 840 aliquando

1979 869 2189 930 partem
2253 859 2500 913 videatur
2552 868 2740 914 tenere
2803 859 3101 925 sinistram,
3151 861 3241 930 qui
3285 861 3453 933 διο
3499 868 3574 916 et:

1978 952 2170 1006 activa:
2223 950 2348 1004 vit-.e
2401 951 2645 1007 continet
2693 967 2758 1008 ex
2779 952 3178 1024 scripturarum
3218 954 3553 1011 auctoritate.

1981 1043 2231 1115 figuram.

2118 1132 2122 1135 '
2596 1115 2820 1173 CAPUT
2848 1116 2935 1173 IV.

2048 1203 2158 1260 Cur
2185 1205 2247 1259 Β.
2275 1190 2491 1261 Ῥαιιιιιε
2517 1209 2786 1277 propriam
2817 1210 3129 1264 nonhabeal
3155 1191 3502 1266 cathedram...
3560 1253 3568 1273 ,ι

2007 1319 2010 1321 λ
2049 1295 2226 1351 Unum
2253 1312 2382 1352 vero
2410 1299 2464 1352 in
2493 1297 2556 1351 Β.
2588 1298 2756 1354 Paulo
2783 1299 3019 1366 videtur,
3073 1301 3374 1372 egregium,
3427 1301 3569 1370 quia.

1977 1401 2098 1441 cum
2129 1401 2318 1442 omnes
2346 1387 2574 1457 apostoli
2601 1387 2878 1445 distributi
2903 1397 3172 1446 terrarum
3218 1391 3553 1462 regionibus,

1977 1479 2224 1547 proprias
2248 1479 2526 1534 obtineant
2546 1479 2865 1546 cathedras;
2897 1480 3022 1547 iste,
3049 1484 3176 1539 dum
3206 1482 3407 1537 nullam
3435 1496 3560 1551 spe-

1978 1569 2198 1625 cialiter
2220 1579 2420 1635 teneat,
2445 1571 2657 1628 videtur
2685 1573 3026 1643 aliquatenus
3048 1575 3413 1637 communiter
3441 1589 3559 1630 om-

1981 1662 2137 1717 nibus
2162 1653 2472 1732 pi‘msidere.
2507 1661 2669 1734 (Vide
2696 1665 2895 1719 scholia
2921 1665 2993 1718 ad
3030 1665 3224 1720 calcem
3275 1663 3564 1734 opusculi.)

1977 1750 2144 1806 Plane
2189 1751 2316 1822 quia
2368 1752 2505 1822 ipse’
2524 1759 2645 1808 toto
2695 1762 2965 1820 terrarum
3013 1754 3146 1809 orbe
3191 1752 3554 1808 universalem

291 1857 602 1925 specialiter
629 1858 880 1912 habuerit
915 1868 1324 1930 praeceptorem,
1359 1870 1590 1916 testatur
1613 1862 1750 1932 ipse,
1778 1863 1868 1931 qui

1982 1842 2223 1898 fundavit
2247 1842 2570 1909 Ecelesiam,
2601 1844 2820 1914 dignum
2843 1853 2944 1908 est,
2971 1853 3031 1900 ut
3059 1843 3199 1900 sicut
3225 1845 3276 1899 in
3303 1843 3560 1900 omnibus

297 1947 350 2003 in
378 1947 642 2016 principio
674 1947 923 2019 Epistulae
954 1966 1065 2006 sua:
1112 1952 1177 2006 ad
1216 1951 1434 2009 Galatas
1487 1953 1748 2024 loquitttr,
1792 1954 1875 2008 di-

296 2033 459 2102 cens:
494 2055 513 2088 t
539 2037 739 2116 Paulus
778 2041 1053 2109 apostolus
1076 2057 1182 2096 non
1221 2043 1288 2096 ab
1340 2043 1668 2108 hominibus,
1702 2059 1877 2114 neque

295 2145 393 2201 per
419 2131 727 2199 hominem;
777 2136 871 2189 sed
904 2151 1001 2206 per
1050 2134 1234 2192 Jesum
1281 2139 1556 2194 Christum
1599 2148 1653 2194 et
1708 2140 1874 2195 Dettm

296 2218 533 2286 Patrem,
563 2223 654 2292 qui
705 2224 988 2279 suscitavit
1051 2242 1174 2280 etttn
1210 2243 1241 2282 a
1294 2230 1521 2284 mortuis
1557 2227 1697 2296 (Cal.
1754 2232 1815 2303 ι).
1854 2247 1872 2282 ι

295 2310 442 2368 Fons
467 2313 608 2368 enim
633 2323 852 2370 ceterum
877 2315 1000 2371 vitae
1021 2318 1167 2371 velut
1208 2319 1534 2374 immensus
1559 2331 1772 2376 torrens
1800 2331 1879 2377 to-

297 2411 412 2456 tum
444 2418 502 2456 se
524 2403 678 2458 simul
712 2404 764 2458 in
793 2419 888 2460 vas
913 2421 1023 2461 suae
1057 2406 1336 2462 electionis
1379 2408 1667 2474 immersit,
1696 2410 1784 2479 qui
1818 2409 1872 2464 in

294 2501 526 2547 exteros
569 2495 842 2564 apostolos
891 2512 990 2567 per~
1031 2499 1186 2569 longa
1230 2508 1527 2570 temporum
1577 2500 1877 2568 intervalla,

295 2581 578 2650 sagieatite
606 2600 714 2639 suae
743 2584 941 2641 ﬂuenta
969 2587 1223 2657 profudit.
1249 2589 1315 2643 Et
1346 2591 1504 2660 paulo
1525 2601 1673 2658 post:
1717 2610 1734 2642 ι
1773 2592 1879 2649 No-~

297 2677 412 2723 tutn
476 2670 618 2726 enim
673 2674 826 2729 vobis
863 2673 1027 2741 facio,
1074 2676 1297 2742 fratres,
1341 2678 1687 2750 Evangelium
1733 2679 1877 2749 quod

298 2760 734 2828 erangelizatum
760 2773 844 2819 est
876 2781 905 2819 a
933 2780 1041 2832 me,
1065 2769 1191 2836 quia
1226 2779 1330 2823 non
1357 2779 1438 2824 est
1459 2771 1754 2825 secundum
1778 2772 1876 2825 hod

295 2850 530 2918 minem;
558 2871 734 2923 neque
765 2858 911 2914 cuitu
955 2873 1056 2928 ego
1099 2861 1168 2914 ab
1218 2860 1436 2916 homine
1485 2863 1670 2932 accepi
1724 2863 1875 2930 illud,

297 2956 473 3011 neque
509 2945 693 3010 didici,
745 2950 838 3002 sed
875 2965 971 3017 per
1017 2950 1400 3005 revelationem
1441 2950 1654 3007 Domini
1701 2955 1874 3009 nostri

295 3029 424 3088 lcsu
455 3033 656 3090 Christi
689 3037 897 3110 (Ibid.).
933 3060 951 3093 ι
982 3042 1132 3108 Quod
1180 3057 1309 3112 ergo
1340 3043 1554 3099 Petrum
1611 3045 1871 3101 Dominus

295 3136 395 3192 per
419 3125 586 3180 multa
610 3139 929 3198 argumenta
975 3134 1154 3188 adhuc
1201 3132 1445 3188 tnaortalis
1484 3136 1724 3199 edocuit,
1773 3136 1876 3191 hoc

297 3220 467 3266 totum
496 3225 712 3284 repente
741 3217 899 3274 beato
930 3219 1099 3276 Paulo
1129 3221 1456 3278 constitutus
1479 3222 1590 3289 jam
1621 3225 1672 3278 itt
1702 3223 1873 3294 gloria

293 3311 534 3374 paternae
557 3308 854 3377 majestatis
879 3312 1144 3367 exltibu't.
1186 3316 1262 3367 Ac
1288 3315 1330 3368 si
1360 3315 1549 3371 doctor
1603 3317 1874 3387 quispiam

295 3393 424 3449 dum
459 3399 699 3466 privatus
725 3411 828 3468 εει,
861 3404 1154 3474 discipulos
1181 3407 1390 3468 doceat.
1425 3418 1713 3478 postquam
1738 3421 1871 3463 vero

292 3487 366 3546 ad
404 3488 695 3545 obtinenda
753 3495 948 3563 regalis
999 3496 1209 3566 imperii
1269 3491 1490 3566 isceptra
1537 3497 1874 3566 conscendit,

294 3577 521 3632 retnous
535 3578 810 3635 clientium
835 3582 948 3640 clas
968 3582 1118 3646 ibus,
1143 3601 1307 3639 unum
1338 3586 1478 3642 inter
1501 3587 1697 3643 multos
1721 3601 1894 3659 egrev

295 3665 467 3736 gium,
499 3682 654 3736 quem
678 3670 908 3725 nobilius
950 3672 1202 3739 instruat,
1234 3674 1412 3746 elegit.

374 3753 441 3811 Ut
469 3771 598 3826 ergo
623 3759 689 3814 ad
720 3759 774 3814 id
805 3763 946 3817 unde
974 3764 1140 3834 coepit
1191 3781 1370 3821 sermo
1427 3776 1701 3834 recurrat,
1752 3783 1874 3823 cum

295 3842 337 3897 Β
385 3843 576 3902 Petrus
601 3851 667 3904 ad
694 3852 970 3911 dexteram
997 3857 1230 3924 ponitur,
1262 3858 1528 3927 primatus
1549 3860 1684 3928 ejus,
1714 3878 1875 3931 quem

296 3935 445 3990 inter
473 3947 697 3994 etetcros
723 3951 805 3996 est
825 3944 1048 3999 sortitus
1069 3947 1362 4015 apostolos,
1391 3949 1709 4004 honoratur.
1741 3951 1874 4006 Cum

292 4041 427 4082 vero
460 4028 652 4084 Paulus
676 4033 918 4102 ejusdem
946 4036 1119 4091 dextri
1148 4037 1334 4093 lateris
1375 4049 1604 4108 occupat
1655 4037 1857 4108 locum,

294 4115 351 4172 in
385 4118 684 4188 Benjamiu,
721 4124 874 4194 cujus
899 4134 978 4180 est
1003 4127 1169 4193 filius,
1201 4129 1426 4199 mystice
1457 4129 1640 4200 ﬁgura:
1670 4131 1879 4186 redolet

291 4223 712 4267 Sacrameutnm.
729 4215 1045 4287 Quanquam
1065 4230 1115 4273 et
1137 4219 1238 4275 hoc
1257 4237 1359 4275 non
1375 4235 1405 4274 a
1423 4221 1683 4291 mysterio
1700 4230 1874 4287 vacet,

295 4300 438 4368 quod
462 4301 520 4354 Β.
556 4302 744 4359 Petrus
769 4305 1033 4362 Dominici
1063 4311 1248 4364 lateris
1279 4311 1551 4365 sinistram
1576 4321 1743 4366 tenet.
1775 4312 1878 4366 Per

296 4393 451 4450 illum
481 4397 744 4466 siquidem
775 4400 951 4454 activa
1000 4404 1110 4457 vita
1164 4405 1427 4474 signatur.
1465 4404 1530 4458 Et
1564 4405 1704 4460 sicut
1743 4420 1874 4460 con-

265 4483 269 4486 ’
296 4485 602 4553 templativa
627 4489 731 4543 vita
762 4506 862 4559 per
883 4493 1183 4558 dexteram,
1202 4495 1278 4548 sic
1307 4495 1535 4550 actualis
1559 4494 1880 4564 exprimitur

1981 1934 2104 1989 ﬁdei
2135 1949 2320 1989 semen
2359 1935 2580 2004 sparsit,
2606 1935 2687 1990 sic
2712 1934 2876 1990 etiam
2905 1935 2958 1990 in
2987 1935 3240 1991 omnibus
3261 1933 3352 2003 jus
3373 1942 3562 1989 teneat

1978 2023 2338 2094 praesidentis.
2361 2023 2507 2079 Dicit
2537 2025 2683 2080 enim
2707 2025 2774 2079 ad
2800 2023 3146 2082 Corinthios:
3176 2045 3194 2076 ι
3225 2023 3415 2080 Gratia
3457 2023 3562 2080 De't

1978 2131 2096 2170 sum
2126 2115 2177 2170 id
2203 2117 2348 2185 quod
2380 2131 2531 2182 sum;
2565 2125 2621 2172 et
2644 2117 2818 2186 gratia
2863 2116 2982 2187 ejus
3018 2117 3072 2172 in
3105 2132 3191 2173 me
3234 2131 3405 2171 vacua
3447 2131 3560 2171 non

1978 2207 2220 2272 fuit,sed
2255 2208 2622 2266 abundantius
2671 2208 2776 2264 illis
2827 2209 3078 2266 omnibus
3124 2207 3401 2274 laboravi;
3450 2222 3564 2262 non

1977 2313 2077 2370 ego
2106 2309 2310 2366 autem,
2342 2303 2436 2356 sed
2462 2301 2634 2370 gratia
2660 2302 2754 2356 Dei
2784 2317 2994 2358 meeum
3026 2301 3079 2372 (Ι
3126 2300 3252 2356 Cor.
3280 2300 3391 2370 xv).
3422 2319 3443 2353 ›
3474 2298 3572 2360 Ad,

1978 2392 2253 2448 Romanos
2279 2403 2491 2450 autem:
2531 2413 2549 2446 ι
2587 2394 2794 2458 Habeo,
2825 2395 3018 2464 inquit,
3043 2395 3270 2466 gloriam
3291 2395 3348 2450 in
3393 2393 3558 2458 Chri-

1979 2493 2064 2537 sto
2087 2483 2216 2539 Jesu
2236 2485 2302 2539 ad
2337 2485 2526 2551 Deum,
2553 2485 2605 2540 in
2636 2484 2943 2541 obedientia
2968 2486 3240 2556 gentium:
3293 2485 3458 2540 verbo
3499 2493 3558 2538 et

1980 2576 2154 2639 factis,
2190 2578 2239 2630 in
2267 2577 2466 2632 virtute
2497 2576 2801 2646 signorum,
2837 2587 2892 2633 et
2923 2578 3311 2649 prodigiorum,
3359 2577 3412 2632 in
3446 2577 3558 2631 vir-

1981 2674 2091 2720 tute
2127 2666 2364 2735 Spiritus
2389 2669 2597 2732 sancti;
2630 2669 2700 2722 ita
2732 2677 2794 2724 ut
2816 2669 2883 2724 ab
2912 2668 3252 2726 Hierusalem
3297 2683 3396 2738 per
3448 2668 3558 2722 cir-

1978 2756 2182 2810 cuitum
2237 2772 2407 2827 usque
2463 2757 2530 2814 ad
2576 2758 2845 2829 Illyricum
2898 2757 3213 2829 repleverim
3266 2757 3572 2828 Evangelim

1978 2845 2202 2901 Christi.
2229 2845 2318 2900 Sic
2361 2855 2540 2901 autem
2572 2847 2676 2902 hoc
2702 2847 2988 2917 praedicavi
3038 2846 3414 2915 Evangelium,
3449 2859 3557 2898 non

1977 2938 2067 2992 ttbi
2095 2938 2402 2994 nominatus
2432 2948 2518 2994 est
2551 2938 2820 3004 Christus,
2846 2954 2913 2994 ne
2938 2954 3099 3009 super
3150 2938 3383 2994 alienum
3437 2936 3558 2990 fun'.

1975 3030 2289 3085 damentum
2310 3030 2668 3092 :editicarem;
2708 3030 2802 3086 sed
2835 3031 2973 3086 sicut
3003 3031 3262 3099 scriptum
3286 3036 3397 3083 est:
3421 3027 3556 3094 Qui.

1980 3120 2080 3174 bus
2115 3135 2220 3174 non
2252 3127 2336 3174 est
2386 3120 2763 3174 annuntiatum
2815 3120 2884 3176 de
2920 3133 3006 3183 eo,
3061 3120 3349 3184 videbunt;
3380 3128 3436 3172 et
3465 3119 3559 3187 qui

1980 3227 2084 3266 non
2105 3211 2410 3278 audierunt,
2444 3212 2744 3282 intelligent
2770 3213 2947 3284 (Rom.
2981 3227 3088 3278 xv;
3114 3213 3226 3268 Ira.
3277 3213 3397 3285 ut).
3426 3213 3554 3268 Haec

1978 3311 2061 3358 est
2091 3304 2250 3374 igitur
2279 3319 2442 3360 causa
2466 3317 2563 3359 cur
2589 3302 2784 3362 Paulus
2805 3304 3002 3359 nullam
3036 3304 3342 3377 specialiter
3363 3303 3551 3363 cathe-

1978 3395 2130 3449 dram
2160 3403 2363 3458 teneat,
2404 3385 2530 3464 quia
2557 3395 2602 3450 si
2641 3395 2902 3450 audemus
2930 3396 3157 3452 summis
3184 3396 3393 3450 minora
3425 3411 3555 3451 con-

1979 3484 2139 3549 ferre,
2168 3485 2235 3540 ad
2265 3486 2436 3540 instar
2460 3485 2688 3551 Christi,
2734 3486 2885 3542 salvo
2911 3493 3230 3542 caaterorum
3285 3487 3554 3558 apostolo-

1978 3597 2096 3636 rutn
2116 3581 2262 3651 jure,
2285 3581 2500 3636 videtur
2526 3581 2780 3636 omnibus
2803 3580 3061 3636 Ecclesiis
3096 3581 3410 3650 praesidere.

2048 3673 2218 3729 Porro
2253 3683 2432 3730 autem
2460 3685 2722 3746 quantum
2745 3677 2814 3730 ad
2845 3676 3120 3746 vulgarem
3169 3677 3405 3747 pertinet
3433 3692 3556 3733 seni»

1979 3782 2117 3829 sum,
2171 3767 2428 3836 quoniam
2477 3767 2862 3840 Hierosolymis
2910 3782 3099 3837 passus
3147 3776 3230 3824 est
3276 3767 3555 3831 Dominus,

1977 3857 2244 3911 universis
2267 3856 2518 3912 Ecclesiis
2543 3873 2650 3912 non
2672 3857 2935 3923 Romana,
2963 3859 3056 3913 sed
3071 3858 3558 3928 Hierosolymitana

1977 3951 2155 4019 potius
2184 3965 2416 4019 praeesse
2445 3951 2666 4006 deberet
2697 3950 2965 4014 Ecclesia;
3006 3959 3374 4005 verumtamen
3429 3964 3552 4005 cum

1977 4055 2041 4092 ex
2066 4041 2395 4095 auctoritate
2421 4053 2717 4105 canonum,
2740 4041 2986 4096 Romana
3033 4040 3281 4095 Ecclesia
3317 4041 3551 4110 primum

1955 4129 2158 4185 "teneat
2193 4130 2391 4196 locum,
2437 4131 2800 4186 Alexandrina
2844 4131 3162 4197 secundum,
3215 4130 3554 4186 Antioch‘ena

1978 4221 2220 4283 tertium,
2244 4220 2840 4291 Constantinopolitana
2863 4229 3138 4290 quartum,
3164 4220 3575 4291 Ηίειοεοιγιιιίτη

1980 4320 2101 4365 taua
2119 4311 2231 4382 jam
2267 4313 2552 4380 quintum:
2609 4320 2824 4367 constat
2875 4312 3160 4366 Dominum
3215 4311 3552 4370 Salvatorem

1978 4416 2084 4454 non
2116 4400 2206 4455 uni
2241 4400 2463 4456 cuilibet
2487 4400 2766 4456 cathedrae
2786 4401 3004 4472 speciali
3029 4399 3153 4469 jure
3175 4415 3425 4472 praeesse,
3461 4403 3576 4456 srd‘

1979 4490 2188 4544 cunctis
2245 4505 2408 4545 unum
2475 4499 2751 4560 pastorem
2801 4492 3178 4547 universaliter
3241 4493 3566 4562 prazsidere-

294 4587 393 4642 per
421 4573 721 4632 sinistram.
748 4580 898 4646 Quod
923 4591 1102 4637 autem
1132 4598 1230 4653 per
1255 4583 1318 4636 Β.
1370 4584 1589 4639 Petrum
1630 4600 1880 4656 praesens.
1904 4578 1948 4636 Ι)
1977 4578 2176 4650 Liquet
2223 4594 2352 4646 ergo
2395 4579 2759 4637 Ecclesiarum
2799 4583 3046 4638 ordinem
3071 4598 3194 4638 esse
3232 4581 3571 4652 dispositum

294 4666 427 4730 γξιει,
461 4667 561 4722 hoc
588 4679 672 4724 est
719 4673 914 4738 activa,
961 4674 1242 4744 figuretur,
1269 4672 1321 4727 in
1352 4675 1453 4730 hoc
1483 4675 1753 4744 prmcipue
1780 4675 1877 4730 de-

297 4772 652 4831 monstratur,
683 4767 827 4836 quod
880 4768 1022 4822 sicut
1068 4769 1375 4837 evangelica
1432 4769 1871 4840 frequentissime

296 4859 521 4906 tesmtur
545 4853 790 4919 historia,
819 4866 874 4912 et
895 4856 1086 4913 Petrus
1116 4859 1400 4914 Dominum
1452 4859 1574 4928 plus
1618 4860 1872 4915 omnibus

256 4941 675 5013 condiscipulis
727 4946 921 5019 diligat
970 4949 1146 5020 (Joan.
1187 4950 1313 5020 xx);
1364 4958 1417 5006 et
1459 4951 1720 5005 Dominus
1763 4965 1868 5004 non

292 5027 478 5097 Petro,
531 5031 622 5089 sed
670 5033 862 5092 Joanni
913 5040 1092 5108 potius
1142 5043 1550 5111 praerogativam
1620 5040 1870 5112 specialis

292 5127 513 5182 omnino
541 5127 845 5185 dilectionis
881 5129 1151 5201 impendat
1179 5134 1360 5202 (Joan.
1394 5133 1538 5205 xm).
1569 5133 1674 5188 Per
1705 5133 1868 5189 Joan-

294 5229 419 5268 nem
448 5217 646 5287 quippe
673 5220 1112 5289 contemplativa,
1145 5236 1242 5292 per
1268 5222 1487 5277 Petrum
1522 5238 1679 5288 vero,
1731 5223 1872 5278 sicut

243 5343 258 5358 .
291 5298 495 5361 dictum
526 5318 630 5376 est,
654 5311 832 5366 activa
861 5313 970 5365 vita
998 5313 1262 5384 signatur.
1303 5313 1438 5380 Quia
1470 5315 1648 5369 sancti
1676 5329 1871 5370 omnes

251 5388 258 5394 ’
292 5397 347 5450 in
371 5395 474 5452 hac
497 5399 606 5452 vita
633 5402 695 5454 ad
720 5400 1124 5457 similitudinem
1153 5401 1320 5468 Petri,
1355 5402 1494 5457 Deus
1515 5403 1634 5472 plus
1661 5411 1868 5467 amant,

287 5487 518 5556 etquasi
545 5492 721 5544 minus
750 5499 1036 5556 amantur;
1084 5491 1211 5545 dum
1264 5491 1427 5548 duras
1477 5501 1700 5563 propter
1747 5509 1869 5548 eum

285 5573 534 5638 laborum
567 5579 842 5635 molestias
867 5581 1172 5651 perferunt;
1226 5583 1438 5638 mortali
1477 5576 1654 5638 tamen
1694 5583 1870 5638 adhuc

290 5681 454 5722 carne
475 5668 813 5736 circumdati,
845 5673 912 5725 ad
935 5672 1212 5741 amplexus
1238 5674 1352 5744 ejus
1383 5674 1720 5730 dulcedinem
1749 5689 1856 5728 non

283 5761 621 5838 pet-tingunt.
649 5760 728 5815 llli
761 5776 887 5818 vero
916 5763 1003 5831 qui
1049 5763 1158 5833 jam
1207 5780 1331 5818 cum
1363 5765 1472 5821 Deo
1501 5773 1644 5831 sunt,
1678 5765 1731 5820 in
1764 5765 1867 5820 hoc

1975 4669 2126 4739 juxta
2149 4669 2489 4740 privilegium
2517 4669 2686 4736 Petri,
2716 4687 2825 4727 non
2877 4671 3175 4727 secundum
3214 4671 3556 4740 incompara-

1975 4757 2137 4813 bilem
2167 4758 2536 4815 exeellentiam
2561 4759 2963 4831 Redemptoris.
2993 4760 3130 4828 Quia
3173 4759 3318 4830 quod
3365 4774 3555 4818 omnes

1976 4846 2204 4916 apostoli
2233 4846 2728 4914 juxta‘mensuram
2754 4864 2907 4905 suam
2929 4851 3175 4906 obtinent
3198 4863 3300 4920 per,
3317 4849 3551 4921 gratiam

1977 4935 2154 4990 collati
2206 4937 2468 5003 muneris,
2517 4938 2622 4995 hoc
2647 4946 2817 4994 totum
2867 4938 3106 5008 possidet
3156 4937 3405 4995 Christus
3450 4950 3550 5006 per

1975 5027 2240 5083 naturalis
2285 5028 2571 5100 imperium
2617 5027 2935 5098 majestatis.
2981 5029 3280 5095 Quamdam
3327 5043 3476 5100 ergo,
3504 5030 3549 5084 si

1976 5119 2082 5176 dici
2118 5120 2304 5186 liceat,
2331 5137 2453 5177 cum
2482 5119 2700 5177 Christo
2721 5119 3133 5176 similitudinem
3155 5118 3355 5175 Paulus
3380 5129 3548 5183 tenet,

1973 5212 2101 5267 dum
2128 5227 2234 5268 non
2265 5212 2358 5270 uni
2383 5213 2646 5268 duntaxat
2684 5211 2964 5276 Ecclesia,
2988 5212 3084 5266 sed
3109 5211 3361 5267 omnibus
3405 5227 3549 5282 prte-

1975 5305 2135 5362 sidet.
2173 5305 2291 5363 Non
2319 5307 2482 5378 igitur
2510 5307 2628 5362 sine
2649 5320 2813 5365 causa
2837 5305 2897 5359 Β.
2946 5304 3145 5361 Paulus
3183 5308 3435 5363 dextrum
3492 5308 3546 5360 in

1973 5398 2202 5466 picturis
2228 5397 2438 5454 obtinet
2461 5397 2624 5462 latus,
2653 5397 2780 5452 dum
2821 5397 2876 5452 id
2924 5410 3031 5452 non
3087 5396 3248 5452 modo
3297 5396 3554 5466 deposcat

1975 5487 2294 5559 propensior
2322 5485 2594 5541 fructuum
2616 5485 2884 5552 cumulus,
2913 5486 3008 5541 sed
3021 5484 3327 5555 etiiguralis
3352 5484 3552 5540 intelli-

1978 5581 2172 5650 gentiae
2200 5587 2623 5634 sacramentum.
2675 5577 2866 5634 Gliscn
2903 5577 3081 5633 adhuc
3132 5576 3346 5632 animus
3391 5589 3554 5645 super

1978 5671 2081 5724 hoc
2111 5671 2345 5725 themate
2365 5669 2521 5738 plura
2551 5669 2918 5734 conscribere,
2940 5667 3036 5724 sed
3062 5667 3368 5724 litterarum
3396 5667 3539 5732 bajn-

1975 5761 2084 5826 lus,
2113 5761 2204 5830 qui
2246 5759 2313 5816 ad
2351 5775 2443 5818 vos
2473 5776 2767 5834 properare
2803 5761 3043 5829 festinat,
3075 5760 3206 5816 dum
3230 5760 3411 5834 potius
3439 5758 3550 5814 γειε
