4132 6324
630 437 735 495 593

1074 441 1130 498 s.
1175 444 1378 501 eum
1420 447 1699 503 parum
1742 447 1888 505 ore.
1935 450 2357 513 pansronus
2389 453 2520 515 sat;
2561 457 2644 515 ut.
2682 490 2754 501 -
2793 416 3160 519 arescent
3206 463 3434 541 \‘AZJA.
3511 519 3517 525 .

3794 470 3904 531 {96

628 558 708 611 let
738 557 937 622 volare,
990 574 1151 627 quam
1192 578 1432 625 currere,
1465 579 1569 616 non
1599 579 1682 633 me
1704 565 1967 632 pe'uittit
2017 565 2207 622 saltem
2235 572 2282 630 Α
2313 550 2672 627 certissimum
2719 580 2824 637 est,
2878 574 2943 629 de
2989 590 3097 644 quo
3153 574 3377 647 Magnus
3427 577 3535 635 Lzo
3594 581 3762 652 (epist.
3827 589 3905 641 ad

630 648 883 704 minimas
910 651 1351 706 adscribendum
1401 670 1581 709 moras
1637 656 1857 711 habere.
1909 656 2211 715 Clementia

584 768 589 773 -
625 739 800 805 vobis,
827 739 1186 809 dilectissimi,
1210 744 1392 800 divina
1412 746 1712 816 praecipiat,
1741 756 1797 800 ut
1827 762 1924 818 pro
1949 763 2033 804 me
2050 764 2211 809 orare

628 843 817 886 sancta
844 842 1029 888 vestra
1061 833 1372 893 traternitas
1397 854 1505 893 non
1537 839 1784 895 desistat.

1157 1023 1317 1094 611
1359 1023 1667 1080 scuoua.

701 1109 865 1164 Plane
878 1113 1002 1183 quia
1023 1112 1132 1183 ipse
1166 1116 1409 1186 (Paulus)
1433 1128 1540 1172 toto
1568 1130 1827 1174 terrarum
1850 1122 1970 1176 orbe
1999 1123 2204 1176 ιιπὶυσ-

624 1201 787 1254 sulem
828 1203 1070 1271 fundarit
1116 1205 1432 1273 Ecclesium,
1486 1209 1702 1281 dignum
1742 1223 1842 1279 est,
1892 1198 1947 1267 ὗε
1986 1215 2121 1268 sicut
2153 1216 2209 1268 in

622 1288 863 1341 omnibus
898 1289 1027 1358 ﬁdei
1069 1308 1241 1347 semen
1287 1296 1495 1363 sparsit,
1532 1298 1607 1350 sic
1654 1298 1812 1352 etiam
1851 1299 1907 1353 in
1966 1300 2206 1355 omnibus

611 1380 707 1448 jus
733 1389 903 1435 teneat
932 1383 1285 1453 prwsidentis.‘
1312 1385 1367 1440 In
1396 1388 1497 1442 hac
1526 1388 1765 1458 I'Ipistola
1796 1390 1988 1446 beatus
2008 1389 2209 1447 Petrus

621 1466 915 1528 Damianus
938 1474 1059 1543 plus
1087 1476 1254 1531 nimio
1279 1476 1492 1533 videtur
1516 1482 1752 1537 tribuere
1771 1480 1938 1537 Paulo
1957 1500 1971 1536 :
1990 1485 2204 1539 tametsi

621 1560 766 1615 enim
798 1576 922 1618 vera
951 1576 1097 1630 sum,
1125 1580 1245 1637 qua:
1275 1568 1439 1624 refert
1470 1571 1535 1625 de
1572 1572 1737 1642 ipsius
1761 1571 2002 1643 Apostoli
2044 1575 2206 1633 rebus

618 1653 809 1720 gestis,
841 1665 968 1710 sunt
1005 1659 1375 1714 tamen‘eaute
1410 1659 1794 1732 intelligenda;
1826 1664 2083 1733 quoniam
2115 1675 2199 1720 to-

618 1746 728 1807 rius
754 1746 901 1802 orbis
927 1758 1134 1819 pastor,
1161 1752 1500 1824 et'princeps
1542 1754 1737 1812 Petrus
1781 1757 2046 1813 duntaxat
2091 1769 2198 1826 est,

613 1853 722 1892 non
760 1833 975 1897 Paulus.
1005 1842 1366 1911 Quamobrem
1388 1862 1577 1903 verum
1605 1849 1822 1919 quidem
1841 1860 1925 1907 est
1943 1851 2194 1924 elogium.

2313 660 2497 714 Amm.
2531 659 2765 731 Thess):
2800 680 2817 712 ι
2850 662 2995 718 lnter
3017 664 3357 722 beatissimos
3381 669 3677 741 apostolos,
3703 673 3901 745 inquit,

2313 749 2367 804 in
2398 751 2747 808 similitudine
2786 754 3026 822 honoris,
3061 754 3160 811 fuit
3189 762 3435 826 quaedam
3468 762 3722 820 discretio
3746 777 3908 837 pote.

2216 896 2219 911 ν
2311 842 2502 909 statis;
2528 852 2579 897 et
2610 858 2731 898 cum
2760 844 3001 901 omnium
3028 863 3128 918 par
3146 860 3289 905 esset
3319 851 3532 921 electio,
3565 855 3656 910 uni
3714 865 3902 915 tamen

2312 934 2493 989 datum
2532 945 2634 1001 est,
2670 946 2725 991 ιιι
2758 939 2970 995 caeteris
2997 942 3404 1011 prmeminerct:
3452 946 3518 1002 de
3556 964 3661 1019 qua
3700 949 3903 1020 forma,

2310 1027 2681 1098 episcoporum
2735 1046 2950 1100 quoque
2993 1041 3074 1087 est
3114 1043 3235 1087 orta
3269 1034 3562 1094 distinctio.
3595 1058 3613 1092 ι
3661 1039 3905 1098 Sanctus

2307 1117 2544 1174 Joannes
2584 1121 2997 1192 Cluysostomus
3046 1124 3218 1192 (Iram.
3278 1124 3347 1181 87
3380 1127 3433 1180 in
3472 1127 3667 1200 Jorm.)
3702 1150 3717 1186 :
3755 1130 3906 1200 Quid

2310 1211 2523 1264 tandem
2554 1210 2677 1264 aliis
2724 1213 2960 1267 omissis.
2993 1215 3058 1269 de
3095 1215 3181 1270 his
3211 1215 3474 1271 duntaxat
3511 1219 3726 1275 Petrum
3758 1223 3901 1277 aliae

2310 1302 2431 1357 tur?
2478 1318 2541 1357 os
2590 1312 2708 1357 erat
2747 1304 3141 1374 apostolorum,
3188 1308 3561 1379 et‘princeps,
3602 1320 3657 1366 et
3705 1325 3899 1371 vertex

2308 1395 2473 1473 ipsius
2502 1404 2705 1473 cretus;
2728 1405 3013 1467 propterea
3052 1408 3105 1454 et
3137 1397 3334 1457 Paulus
3360 1416 3482 1455 eum
3536 1411 3735 1473 praeter
3759 1404 3903 1462 alios

2305 1471 2521 1541 visurus
2565 1472 2833 1542 ascendit.
2902 1488 3089 1557 Itaque
3139 1487 3456 1545 Damianum
3503 1471 3656 1563 juxta
3711 1499 3899 1565 magni

2303 1579 2547 1652 Gregorii
2578 1590 2815 1637 mentem
2852 1581 3211 1654 intelligemus
3238 1582 3430 1655 (Gneo.
3471 1584 3526 1638 in
3555 1584 3649 1641 lib.
3680 1585 3711 1641 1
3737 1586 3897 1659 Περ..

2303 1689 2415 1743 cap.
2440 1672 2520 1744 ιι),
2552 1683 2611 1728 ιιι
2629 1671 2773 1745 quod
2792 1673 2986 1729 attinet
3013 1674 3078 1728 ad
3103 1675 3457 1747 apostolicum
3490 1693 3684 1733 munus
3709 1678 3898 1734 Evan-

2300 1764 2423 1834 gelii
2448 1760 2793 1835 prredicandi,
2827 1772 2991 1837 atque
3020 1773 3241 1836 peccata
3279 1765 3547 1833 solvendi,
3597 1784 3751 1839 mque
3769 1784 3898 1825 om-

2300 1870 2397 1910 nes
2428 1854 2721 1926 apostolos,
2749 1854 2947 1910 nedum
2981 1852 3232 1924 Paulum,
3272 1856 3327 1912 in
3359 1858 3676 1914 universum
3723 1877 3895 1917 mun-

610 1931 753 2000 qnod
794 1932 895 2003 ipsi
931 1934 1174 2021 Ecclesia
1207 1938 1412 2005 tribuit,
1449 1941 1573 1994 dum
1604 1942 1680 1995 ait
1710 1959 1724 1995 :
1767 1943 2089 2012 przedicator
2140 1947 2192 2000 in
2228 1958 2268 2015 υ
2298 1948 2424 2003 dum
2464 1948 2658 2003 missos
2691 1963 2812 2003 esse
2841 1947 3238 2013 existimemus,
3260 1964 3380 2004 cum
3411 1949 3643 2021 quadam
3701 1960 3891 2011 tamen

611 2020 868 2078 universo
898 2018 1137 2091 mundo;
1165 2044 1183 2077 ι
1218 2043 1404 2083 verum
1435 2040 1519 2083 est
1558 2033 1701 2101 quod
1734 2034 1874 2088 idem
1929 2034 2189 2090 afﬁrmat:

605 2112 883 2177 (InStantia
912 2130 1030 2170 mea
1051 2119 1391 2187 quotidiana,
1413 2122 1718 2179 sollicitudo
1738 2126 1979 2180 omnium
2002 2127 2190 2183 Eccle-

604 2200 807 2256 siarum
835 2209 854 2275 ί
865 2202 924 2256 11
951 2202 1078 2259 Cor.
1104 2207 1201 2278 xl).
1225 2228 1244 2260 δ
1273 2208 1380 2265 Sed
1413 2220 1592 2267 tamen
1620 2214 1767 2268 illum
1794 2225 2000 2270 tantum
2024 2220 2194 2276 bono-

601 2304 741 2355 rem,’
763 2308 923 2365 quem
944 2296 1115 2365 prima
1139 2300 1321 2367 specie
1341 2302 1637 2358 cardinalis
1670 2304 1965 2360 Damianus
1991 2316 2182 2361 sancto

598 2384 767 2442 Paulo
796 2388 990 2455 defert,
1032 2398 1222 2445 sancto
1252 2390 1413 2449 Petro
1463 2395 1635 2463 magis
1668 2411 1970 2468 congruere
2014 2398 2181 2470 612

2296 2036 2736 2092 subordinatione
2764 2036 2932 2102 Petri,
2965 2038 3055 2109 qui
3090 2040 3237 2109 gregi
3270 2039 3558 2095 universali
3590 2040 3891 2113 praefectus

2294 2140 2399 2195 est,
2450 2138 2509 2184 ut
2542 2130 2724 2187 multis
2782 2130 2940 2186 docet
2990 2122 3214 2186 sanctus
3266 2131 3569 2204 Cyprianus
3624 2134 3692 2191 de
3742 2135 3891 2193 nuit.

2293 2220 2524 2284 Eccles.,
2566 2232 2621 2277 et
2657 2221 2815 2293 epist.
2848 2221 2918 2277 55
2948 2221 3016 2277 ad
3045 2220 3353 2277 Cornelium
3378 2238 3599 2305 papam.

2629 2336 2709 2393 Sit
2732 2354 2918 2393 nomen
2941 2336 3155 2393 Domini
3186 2337 3536 2394 benedictum.

602 2554 3861 2589 mw

726 2678 1083 2757 ⁶¹³⁶¹⁶
1170 2706 2022 2824 OPUSCULUM
2109 2710 2174 2822 Ἰ

2270 2708 3006 2826 tICESIMUM
3093 2648 3724 2823 SEXTUM.

593 2920 702 2981 DE
745 2922 1026 2985 DIVINA
1095 2924 1707 2991 OMNIPOTENTIA
1771 2930 1851 2991 IN
1896 2878 2469 2993 IiEPdRATIONE
2511 2928 2997 3001 CORRUPTIE,
3041 2888 3144 2988 ET
3189 2926 3472 2988 FACTIS
3514 2924 3882 2988 INFECTIS

990 3031 995 3037 ’
1995 3031 2479 3092 REDDENDIS.
3463 3037 3469 3043 '

592 3191 987 3249 Ancuuexruu.
1011 3225 1083 3235 —-
1110 3196 1184 3251 De
1211 3195 1305 3251 Dei
1338 3196 1753 3264 omnipotentia,
1781 3197 2117 3265 :eternitatc,
2152 3197 2435 3255 inﬁnitate.
2478 3194 2842 3265 providentia,
2879 3194 3200 3265 ueterisque
3242 3194 3545 3264 huiusmodi
3593 3195 3882 3251 altissimis

659 3264 1166 3340 obscurissimisque
1225 3268 1644 3340 quaastionibus.
1708 3264 2012 3322 luculenter
2050 3279 2105 3321 et
2156 3269 2374 3340 copiose
2418 3264 2639 3340 disserit
2677 3276 2865 3340 contra
2915 3282 3010 3322 eos
3049 3264 3141 3336 qui
3191 3267 3388 3340 divina:
3433 3267 3685 3340 potentia:
3711 3269 3876 3336 quasi

664 3334 955 3408 terminum
992 3334 1326 3390 constituere
1371 3337 1662 3408 audebant.
1697 3346 2004 3392 asserentes
2051 3334 2240 3392 Deum'
2267 3338 2408 3391 [acta
2455 3338 2654 3391 infecta
2700 3338 2921 3392 reddere
2973 3334 3079 3392 non
3121 3351 3298 3408 posse.
3327 3334 3479 3405 Quod
3526 3334 3878 3408 falsmn'esse

656 3404 960 3478 verissimis
1012 3408 1311 3478 rationibus
1357 3406 1842 3478 probat._l)emum
1894 3409 2328 3463 benevolentiam
2373 3417 2427 3463 et
2461 3423 2702 3462 amorem
2750 3423 2908 3461 suum
2953 3423 3085 3478 erga
3122 3404 3426 3463 L‘asineuse
3478 3406 3873 3464 monasterium

590 3497 597 3502 '
658 3471 942 3529 Desiderio
968 3477 1150 3532 abbati
1174 3471 1421 3547 pluribus
1446 3476 1645 3546 patefa:
1664 3477 1726 3541 it,
1753 3486 1809 3531 et
1835 3478 1981 3532 velut
2007 3480 2060 3532 in
2090 3480 2301 3549 pictura
2333 3488 2459 3533 ante
2485 3477 2674 3532 oculos
2701 3478 2875 3549 ponit.
3018 3471 3043 3478 ⁷
3318 3498 3322 3505 ’

656 3566 864 3621 Domno
889 3566 1182 3624 DESIDEIUO
1218 3567 1530 3624 Casinensis
1560 3570 1875 3624 monasterii
1922 3585 2175 3626 reveren-
2201 3576 2246 3638 C
2280 3588 2423 3635 mur,
2452 3571 2577 3642 quid
2606 3571 2749 3624 aliud
2795 3586 2955 3640 quam
2990 3572 3255 3628 monacho
3296 3581 3516 3638 nostro,
3544 3571 3636 3643 qui
3667 3569 3869 3627 latebat

584 3659 800 3713 tissime
827 3666 1046 3723 rectori,
1091 3671 1148 3715 et
1196 3664 1450 3717 universo
1494 3670 1683 3716 sancto
1713 3664 2021 3723 conventui.
2066 3664 2171 3720 PE-

583 3768 727 3806 usus
770 3767 1023 3821 prccazor
1071 3758 1366 3812 monachus
1415 3757 1562 3827 pacis
1606 3758 1850 3812 osculum
1882 3758 1933 3812 in
1966 3757 2169 3814 Spiritu

586 3854 796 3901 sancto.
1568 3908 1578 3917 ,

1096 3940 1323 3997 CAPUT
1360 3942 1651 3999 PRIMUM.

788 4028 942 4096 Quod
974 4030 1113 4085 Deus
1147 4033 1313 4086 multa
1344 4038 1508 4097 potest
1544 4051 1663 4104 qua:
1692 4050 1796 4089 non
1833 4034 1959 4089 vult.

574 4138 580 4156 ι
650 4120 752 4188 Qui
783 4121 927 4177 solus
955 4124 1022 4180 de
1052 4126 1243 4180 marini
1267 4125 1461 4181 ﬂuctus
1490 4127 1737 4198 procellis
1762 4128 2009 4198 eripitur,
2039 4128 2165 4181 dum

574 4229 835 4285 sagenam
866 4216 1042 4272 adhue
1073 4219 1217 4272 inter
1262 4236 1424 4289 rupes
1473 4231 1529 4275 et
1573 4221 1842 4292 scopulos.
1884 4221 2026 4276 inter
2064 4222 2167 4276 mi-

576 4312 742 4363 naces
772 4317 936 4378 atque
966 4308 1390 4367 intumescentgs
1418 4313 1684 4367 undarum
1727 4312 1972 4368 cmnulos
2022 4314 2166 4382 ιιι)τί-

567 4396 754 4451 clitari
785 4400 1113 4465 considerat,
1142 4401 1471 4456 inhumanus
1511 4411 1614 4459 est.
1666 4403 1712 4456 si
1755 4401 2061 4457 laborantes
2108 4403 2162 4456 in

577 4489 893 4545 discrimine
924 4492 1099 4546 socios
1143 4508 1249 4547 non
1293 4494 1555 4562 deplorat.
1587 4493 1699 4561 Ego
1737 4494 1918 4562 itaque
1948 4494 2161 4560 episco-

571 4589 704 4649 patu
745 4579 990 4645 dimisso,
1045 4598 1133 4637 me
1169 4583 1388 4652 quidem
1430 4583 1575 4635 velut
1623 4584 1803 4636 arenis
1856 4584 2159 4651 expositum

574 4671 815 4739 gaudeo;
865 4674 960 4729 sed
1006 4684 1058 4727 te
1103 4675 1275 4728 ventis
1323 4683 1485 4744 atque
1515 4673 1819 4729 turbinibus
1868 4676 2049 4733 atteri.
2096 4690 2160 4730 ac

570 4764 716 4819 inter
746 4765 955 4819 hiantes
999 4765 1175 4836 pelagi
1223 4756 1488 4821 ﬂuctuare
1536 4766 1844 4836 voragines,
1889 4781 1997 4821 non
2041 4767 2157 4822 sine

570 4856 809 4913 fraterna
854 4859 1231 4930 eompassione
1279 4858 1509 4929 suspiro.
1560 4858 1739 4923 Errat,
1776 4866 1950 4927 pater,
1987 4867 2154 4923 errat,

2279 3664 2628 3727 intrinsecus,
2658 3665 2940 3733 repudium
2981 3664 3207 3720 damus?
3235 3664 3355 3719 Mox
3385 3665 3529 3719 enim
3559 3664 3626 3718 ad
3654 3680 3870 3719 summa

2279 3756 2548 3811 tendentis
2586 3756 2707 3810 vita:
2748 3763 2924 3810 status
2958 3757 3236 3821 evertitur,
3258 3752 3417 3827 rigor
3450 3765 3743 3831 enervatur
3774 3754 3866 3810 di-

2276 3846 2552 3916 sciplima,
2595 3855 2756 3915 atque
2788 3846 2985 3901 silentii
3035 3861 3266 3901 censura
3317 3847 3658 3911 dissolvitur,
3692 3857 3746 3899 et
3794 3851 3866 3901 ad

2274 3940 2598 3996 elIIucndmu
2646 3942 2905 4013 quidquid
2942 3943 3109 3998 libido
3156 3945 3481 4015 suggesscrit
3504 3986 3517 4003 .
3548 3960 3640 3998 ora
3675 3934 3863 4000 laxan-

2277 4043 2381 4086 tur.
2415 4032 2565 4088 Unde
2596 4034 2879 4102 processit,
2928 4043 2985 4089 et
3025 4035 3165 4103 quod
3200 4049 3343 4089 nunc
3373 4034 3609 4089 occurrit
3652 4046 3860 4089 memo-

2221 4126 2368 4199 -_ri:e
2409 4143 2423 4179 :
2460 4136 2641 4180 utrum
2694 4124 2836 4180 Deus
2887 4126 3060 4195 possit
3114 4141 3370 4196 reparare
3423 4125 3685 4196 virginem
3737 4137 3863 4196 post

2272 4219 2503 4271 ruinam.
2540 4216 2674 4270 Nam
2721 4217 2847 4271 dum
2880 4216 3199 4286 aliquando,
3246 4226 3304 4272 ut
3338 4217 3651 4272 meminisse.
3682 4228 3853 4288 putes.

2246 4319 2496 4378 interque
2546 4308 3008 4363 discumberemus
3053 4307 3119 4362 ad
3174 4323 3458 4373 mensam,
3508 4307 3741 4376 il!u.lque

2271 4398 2580 4468 Hieronymi
2630 4398 3433 4454 sermocinantibus.deveniret
3478 4398 3530 4452 in
3578 4398 3852 4464 medium;

2269 4492 2558 4555 audenter,
2609 4490 2718 4554 ait,
2769 4491 2961 4559 loquor
3007 4505 3022 4544 :
3075 4506 3196 4544 cum
3248 4490 3426 4545 omnia
3468 4490 3636 4561 possit
3676 4490 3855 4551 Deus.

2266 4582 2536 4636 suscitare
2584 4582 2849 4650 virginem
2885 4598 2988 4636 non
3035 4590 3211 4651 potest
3261 4592 3380 4652 post
3434 4584 3667 4636 ruinam.
3700 4581 3855 4639 Valet

2264 4672 2479 4739 quidem
2526 4671 2760 4727 liberare
2812 4690 2840 4727 a
2889 4689 3070 4743 poena,
3122 4674 3214 4728 sed
3265 4689 3370 4727 non
3419 4673 3563 4728 valet
3592 4688 3854 4729 coronare

2263 4773 2595 4835 corruptam.
2627 4763 2737 4834 Ego
2766 4762 2889 4818 licet
2918 4760 3167 4833 pavidus,
3199 4771 3405 4833 utpote,
3436 4764 3527 4833 qui
3572 4763 3853 4832 disputare

2240 4855 2329 4919 de
2354 4856 2485 4910 tanti
2512 4856 2614 4910 viri
2647 4855 2954 4911 testimonio
2984 4853 3142 4911 facile
3170 4870 3274 4909 non
3300 4855 3580 4921 auderem,
3606 4844 3849 4909 unanimi

569 4951 660 5017 qui
688 4952 908 5007 conﬁdi;
940 4969 998 5007 sc
1047 4951 1208 5008 simul
1256 4961 1311 5006 ει
1357 4951 1681 5007 monachum
1715 4967 1863 5015 esse.
1907 4962 1963 5007 el,
1990 4952 2156 5007 curia)
2187 4939 2439 5018 Dltamcn
2474 4947 2647 5018 patri,
2810 4947 3092 5009 νὶιέοιίοοι,
3299 4962 3432 5018 pure
3481 4946 3627 5016 (ιιιοιΙ
3683 4947 3845 5000 εειιεὶ.

568 5043 862 5099 deservire.
892 5044 1063 5112 Quam
1098 5044 1237 5098 male
1283 5051 1579 5108 mercatur,
1630 5044 1721 5113 qui
1760 5043 2151 5098 monachorum

568 5134 845 5200 prtesnmit
874 5134 1109 5190 claustra
1141 5136 1415 5196 deserere.
1464 5143 1525 5188 ut
1565 5134 1748 5188 mundi
1783 5133 1958 5187 valeat
2008 5134 2153 5188 mili-

572 5223 701 5275 tiam
731 5222 991 5289 bajulare.
1025 5225 1196 5281 Undis
1221 5235 1411 5279 erutus
1439 5240 1604 5279 sanus
1629 5232 1709 5279 est
1738 5223 1923 5293 piscis,
1955 5239 2062 5278 non
2096 5234 2155 5280 ut

564 5314 666 5367 sibi
697 5314 865 5380 vivat,
889 5316 980 5368 sed
1003 5325 1058 5370 ιιι
1081 5317 1217 5373 alios
1241 5328 1448 5387 pascat.
1475 5316 1767 5381 Vocantur,
1793 5315 2148 5382 attrahimur;

563 5404 655 5456 sed
690 5415 746 5459 ιιι
771 5405 1012 5461 vivamus
1039 5408 1180 5473 aliis,
1209 5410 1506 5464 moriamur
1532 5410 1717 5474 nobis;
1745 5417 1896 5462 amat
1921 5419 2148 5464 venator

546 5492 820 5559 cervum,
850 5500 942 5553 sed
981 5508 1039 5553 ut
1074 5502 1173 5556 sibi
1221 5501 1379 5558 faciat
1429 5503 1637 5566 cibum;
1686 5504 2027 5574 persequitur
2055 5520 2150 5559 ca-

564 5603 717 5657 pras,
764 5586 1068 5658 lepusctdos
1104 5592 1428 5658 insectatur;
1464 5597 1556 5649 sed
1579 5637 1592 5658 ,
1631 5604 1690 5648 ut
1745 5596 1858 5665 ipse
1894 5595 2030 5651 bene
2059 5597 2148 5660 sit,

566 5679 653 5735 illa
686 5681 818 5735 nihil
845 5681 971 5736 sint.
995 5682 1189 5737 Amant
1220 5694 1271 5739 ct
1290 5686 1540 5742 homines
1560 5702 1674 5745 nos.
1704 5687 1797 5741 sed
1827 5700 1931 5740 non
1962 5686 2146 5751 nobis;

542 5770 779 5827 'sibimet
809 5764 1144 5842 diligunt;‘in
1173 5790 1300 5830 suas
1333 5793 1429 5832 nos
1457 5790 1668 5836 vertere
1699 5778 1920 5833 delicias
1951 5791 2150 5831 concu-

567 5867 803 5940 piscunt.
833 5865 980 5937 Quos
1026 5869 1281 5922 nimirum
1314 5870 1438 5924 dum
1472 5871 1523 5924 in
1573 5871 1836 5926 exteriora
1867 5868 2150 5945 prosequi-

2233 5040 2408 5105 ,Ilmc,
2436 5040 2676 5108 inquam,
2710 5038 2906 5104 fateor,
2933 5056 3205 5109 nunquam
3240 5040 3415 5112 potuit
3464 5038 3594 5094 mihi
3634 5040 3848 5110 placere

2234 5135 2543 5191 sententia.
2572 5133 2685 5190 Non
2717 5135 2861 5189 enim
2887 5150 2916 5188 a
2943 5151 3050 5206 quo
3079 5133 3311 5199 dicatur,
3345 5132 3439 5188 sed
3470 5134 3598 5202 quid
3630 5133 3846 5188 dicatur

2225 5225 2498 5291 ‘attendo.
2527 5223 2698 5278 Nimis
2727 5225 2933 5280 scilicet
2977 5225 3317 5280 inhonestum
3353 5223 3587 5283 videtur,
3637 5231 3697 5275 ut
3746 5222 3843 5286 illi,

2226 5318 2347 5388 .qui
2377 5317 2557 5373 omnia
2598 5327 2791 5388 potest,
2835 5317 2936 5371 nisi
2981 5318 3080 5371 sub
3110 5315 3318 5370 altioris
3362 5313 3732 5379 intelligentiae
3756 5329 3856 5367 sa-

2226 5417 2560 5479 ,eramento,
2610 5420 2719 5465 tam
2753 5409 2942 5463 leviter
2974 5405 3375 5478 impossibilitas
3403 5406 3732 5462 ascribatur.
3765 5398 3848 5460 'I‘u'

2259 5513 2440 5557 autem
2468 5502 2795 5558 econtrario
2846 5499 3168 5570 respondisti
3217 5518 3233 5555 :
3277 5508 3453 5554 ratum
3494 5513 3647 5564 esse,
3699 5496 3842 5568 quod

2220 5592 2459 5655 ,dictum
2508 5602 2615 5661 εει,
2653 5602 2706 5648 et
2754 5592 2886 5645 satis
2920 5590 3339 5669 authenticum,
3391 5588 3558 5643 Deum
3590 5582 3843 5643 videlicet

2255 5699 2364 5740 non
2409 5699 2569 5755 posse
2613 5685 2877 5740 suscitare
2904 5683 3167 5754 virginem
3199 5691 3320 5754 post
3366 5674 3840 5736 ruinam.'Deiudo

2201 5774 2214 5788 ’
2254 5776 2632 5849 longisatque
2662 5776 2887 5846 prolixis
2929 5776 3488 5845 argumentationibus
3522 5775 3686 5829 multa
3719 5790 3838 5845 pcr-

2254 5885 2501 5941 currens,
2535 5873 2600 5927 ad
2644 5871 2745 5928 hoc
2782 5869 2997 5925 tandem
3020 5864 3367 5927 "definitionis
3400 5879 3501 5927 tuae
3540 5868 3839 5924 clausulam

3962 5988 3965 6033 ι
