  <div class='ocr_page' id='page_1' title='image "/cluster/home/n/w/nwhite01/storage/ocr_20150623/145/hvd.32044015471824/307.png"; bbox 0 0 4132 6324; ppageno 0'>
   <div class='ocr_carea' id='block_1_1' title="bbox 605 375 709 432">
    <p class='ocr_par' dir='ltr' id='par_1_1' title="bbox 605 375 709 432">
     <span class='ocr_line' id='line_1_1' title="bbox 605 375 709 432; baseline 0.019 -2"><span class='ocrx_word' id='word_1_1' title='bbox 605 375 709 432; x_wconf 72' lang='lat'><strong>539</strong></span> 
     </span>
    </p>
   </div>
   <div class='ocr_carea' id='block_1_2' title="bbox 1048 322 3408 447">
    <p class='ocr_par' dir='ltr' id='par_1_2' title="bbox 1048 322 3408 447">
     <span class='ocr_line' id='line_1_2' title="bbox 1048 322 3408 447; baseline -0.003 -17"><span class='ocrx_word' id='word_1_2' title='bbox 1048 377 1105 431; x_wconf 78' lang='grc' dir='ltr'><strong>ε.</strong></span> <span class='ocrx_word' id='word_1_3' title='bbox 1148 376 1347 434; x_wconf 75' lang='lat' dir='ltr'><strong>PETRI</strong></span> <span class='ocrx_word' id='word_1_4' title='bbox 1389 349 1665 430; x_wconf 58' lang='lat' dir='ltr'><strong>asinam</strong></span> <span class='ocrx_word' id='word_1_5' title='bbox 1703 374 1852 431; x_wconf 63' lang='lat' dir='ltr'><strong>oar.</strong></span> <span class='ocrx_word' id='word_1_6' title='bbox 1883 373 2132 447; x_wconf 61' lang='lat' dir='ltr'><strong>frouus</strong></span> <span class='ocrx_word' id='word_1_7' title='bbox 2175 322 2305 426; x_wconf 74' lang='grc' dir='ltr'><strong>εει]</strong></span> <span class='ocrx_word' id='word_1_8' title='bbox 2350 322 3129 438; x_wconf 60' lang='lat' dir='ltr'><strong>Passuri—Tormenta</strong></span> <span class='ocrx_word' id='word_1_9' title='bbox 3169 361 3408 425; x_wconf 60' lang='lat' dir='ltr'><strong>nam;</strong></span> 
     </span>
    </p>
   </div>
   <div class='ocr_carea' id='block_1_3' title="bbox 3746 362 3862 435">
    <p class='ocr_par' dir='ltr' id='par_1_3' title="bbox 3746 362 3862 435">
     <span class='ocr_line' id='line_1_3' title="bbox 3746 362 3862 435; baseline 0 -9"><span class='ocrx_word' id='word_1_10' title='bbox 3746 362 3862 435; x_wconf 56' lang='lat' dir='ltr'><strong>6i]?!</strong></span> 
     </span>
    </p>
   </div>
   <div class='ocr_carea' id='block_1_4' title="bbox 605 473 3861 556">
    <p class='ocr_par' dir='ltr' id='par_1_4' title="bbox 605 473 3861 556">
     <span class='ocr_line' id='line_1_4' title="bbox 605 473 3861 556; baseline -0.001 -15"><span class='ocrx_word' id='word_1_11' title='bbox 605 489 729 541; x_wconf 89' lang='lat' dir='ltr'><strong>dum</strong></span> <span class='ocrx_word' id='word_1_12' title='bbox 756 493 837 540; x_wconf 82' lang='lat' dir='ltr'><strong>est</strong></span> <span class='ocrx_word' id='word_1_13' title='bbox 883 485 949 540; x_wconf 89' lang='lat' dir='ltr'><strong>ad</strong></span> <span class='ocrx_word' id='word_1_14' title='bbox 985 487 1365 555; x_wconf 71' lang='lat' dir='ltr'><strong>ignorantiam,</strong></span> <span class='ocrx_word' id='word_1_15' title='bbox 1396 486 1480 541; x_wconf 99' lang='lat' dir='ltr'><strong>vel</strong></span> <span class='ocrx_word' id='word_1_16' title='bbox 1525 486 2009 556; x_wconf 71' lang='lat' dir='ltr'><strong>impossibilitatem</strong></span> <span class='ocrx_word' id='word_1_17' title='bbox 2028 526 2048 550; x_wconf 83' lang='lat'><strong>,</strong></span> <span class='ocrx_word' id='word_1_18' title='bbox 2079 484 2174 538; x_wconf 89' lang='lat' dir='ltr'><strong>sed</strong></span> <span class='ocrx_word' id='word_1_19' title='bbox 2203 491 2250 544; x_wconf 78' lang='grc' dir='ltr'><strong>Α</strong></span> <span class='ocrx_word' id='word_1_20' title='bbox 2283 495 2372 545; x_wconf 83' lang='lat' dir='ltr'><strong>rc;</strong></span> <span class='ocrx_word' id='word_1_21' title='bbox 2403 478 2517 534; x_wconf 80' lang='lat' dir='ltr'><strong>sive</strong></span> <span class='ocrx_word' id='word_1_22' title='bbox 2545 479 2786 536; x_wconf 86' lang='lat' dir='ltr'><strong>dictante</strong></span> <span class='ocrx_word' id='word_1_23' title='bbox 2811 480 3062 552; x_wconf 83' lang='lat' dir='ltr'><strong>:equitate</strong></span> <span class='ocrx_word' id='word_1_24' title='bbox 3079 480 3326 549; x_wconf 64' lang='lat' dir='ltr'><strong>iustitia.</strong></span> <span class='ocrx_word' id='word_1_25' title='bbox 3353 491 3409 536; x_wconf 91' lang='lat' dir='ltr'><strong>ut</strong></span> <span class='ocrx_word' id='word_1_26' title='bbox 3430 473 3572 554; x_wconf 83' lang='lat' dir='ltr'><strong>quod</strong></span> <span class='ocrx_word' id='word_1_27' title='bbox 3602 491 3861 553; x_wconf 83' lang='lat' dir='ltr'><strong>tanquam</strong></span> 
     </span>
    </p>
   </div>
   <div class='ocr_carea' id='block_1_5' title="bbox 603 575 2174 646">
    <p class='ocr_par' dir='ltr' id='par_1_5' title="bbox 603 575 2174 646">
     <span class='ocr_line' id='line_1_5' title="bbox 603 575 2174 646; baseline 0.003 -19"><span class='ocrx_word' id='word_1_28' title='bbox 603 576 666 628; x_wconf 72' lang='lat' dir='ltr'><strong>ad</strong></span> <span class='ocrx_word' id='word_1_29' title='bbox 726 575 1016 630; x_wconf 72' lang='lat' dir='ltr'><strong>voluntatis</strong></span> <span class='ocrx_word' id='word_1_30' title='bbox 1065 585 1339 646; x_wconf 65' lang='lat' dir='ltr'><strong>perpetuae</strong></span> <span class='ocrx_word' id='word_1_31' title='bbox 1390 577 1790 632; x_wconf 87' lang='lat' dir='ltr'><strong>rectitudinem.</strong></span> <span class='ocrx_word' id='word_1_32' title='bbox 1844 575 1976 644; x_wconf 85' lang='lat' dir='ltr'><strong>Quia</strong></span> <span class='ocrx_word' id='word_1_33' title='bbox 2029 577 2174 632; x_wconf 83' lang='lat' dir='ltr'><strong>enim</strong></span> 
     </span>
    </p>
   </div>
   <div class='ocr_carea' id='block_1_6' title="bbox 599 662 2176 738">
    <p class='ocr_par' dir='ltr' id='par_1_6' title="bbox 599 662 2176 738">
     <span class='ocr_line' id='line_1_6' title="bbox 599 662 2176 738; baseline 0.005 -22"><span class='ocrx_word' id='word_1_34' title='bbox 599 662 796 717; x_wconf 88' lang='lat' dir='ltr'><strong>malum</strong></span> <span class='ocrx_word' id='word_1_35' title='bbox 828 679 933 718; x_wconf 91' lang='lat' dir='ltr'><strong>non</strong></span> <span class='ocrx_word' id='word_1_36' title='bbox 961 663 1093 725; x_wconf 78' lang='lat' dir='ltr'><strong>vult.</strong></span> <span class='ocrx_word' id='word_1_37' title='bbox 1127 675 1272 722; x_wconf 86' lang='lat' dir='ltr'><strong>recte</strong></span> <span class='ocrx_word' id='word_1_38' title='bbox 1314 665 1533 732; x_wconf 88' lang='lat' dir='ltr'><strong>dicitur,</strong></span> <span class='ocrx_word' id='word_1_39' title='bbox 1563 668 1689 737; x_wconf 84' lang='lat' dir='ltr'><strong>quia</strong></span> <span class='ocrx_word' id='word_1_40' title='bbox 1727 683 1903 738; x_wconf 89' lang='lat' dir='ltr'><strong>neque</strong></span> <span class='ocrx_word' id='word_1_41' title='bbox 1933 669 2054 731; x_wconf 87' lang='lat' dir='ltr'><strong>scit,</strong></span> <span class='ocrx_word' id='word_1_42' title='bbox 2081 685 2176 724; x_wconf 81' lang='lat' dir='ltr'><strong>ne-</strong></span> 
     </span>
    </p>
   </div>
   <div class='ocr_carea' id='block_1_7' title="bbox 599 756 2175 832">
    <p class='ocr_par' dir='ltr' id='par_1_7' title="bbox 599 756 2175 832">
     <span class='ocr_line' id='line_1_7' title="bbox 599 756 2175 832; baseline 0.004 -24"><span class='ocrx_word' id='word_1_43' title='bbox 599 771 701 826; x_wconf 91' lang='lat' dir='ltr'><strong>que</strong></span> <span class='ocrx_word' id='word_1_44' title='bbox 730 766 904 824; x_wconf 77' lang='lat' dir='ltr'><strong>potest</strong></span> <span class='ocrx_word' id='word_1_45' title='bbox 944 756 1160 827; x_wconf 83' lang='lat' dir='ltr'><strong>aliquod</strong></span> <span class='ocrx_word' id='word_1_46' title='bbox 1196 759 1415 817; x_wconf 87' lang='lat' dir='ltr'><strong>malum.</strong></span> <span class='ocrx_word' id='word_1_47' title='bbox 1446 761 1711 815; x_wconf 76' lang='lat' dir='ltr'><strong>Czeterum</strong></span> <span class='ocrx_word' id='word_1_48' title='bbox 1753 761 2010 832; x_wconf 85' lang='lat' dir='ltr'><strong>quidquid</strong></span> <span class='ocrx_word' id='word_1_49' title='bbox 2038 761 2175 828; x_wconf 91' lang='lat' dir='ltr'><strong>vult,</strong></span> 
     </span>
    </p>
   </div>
   <div class='ocr_carea' id='block_1_8' title="bbox 597 845 2177 922">
    <p class='ocr_par' dir='ltr' id='par_1_8' title="bbox 597 845 2177 922">
     <span class='ocr_line' id='line_1_8' title="bbox 597 845 2177 922; baseline 0.007 -25"><span class='ocrx_word' id='word_1_50' title='bbox 597 845 966 908; x_wconf 66' lang='lat' dir='ltr'><strong>indubitanter</strong></span> <span class='ocrx_word' id='word_1_51' title='bbox 995 857 1047 902; x_wconf 92' lang='lat' dir='ltr'><strong>et</strong></span> <span class='ocrx_word' id='word_1_52' title='bbox 1074 856 1274 918; x_wconf 82' lang='lat' dir='ltr'><strong>potest,</strong></span> <span class='ocrx_word' id='word_1_53' title='bbox 1306 859 1538 906; x_wconf 81' lang='lat' dir='ltr'><strong>testante</strong></span> <span class='ocrx_word' id='word_1_54' title='bbox 1561 851 1840 922; x_wconf 80' lang='lat' dir='ltr'><strong>Scriptura</strong></span> <span class='ocrx_word' id='word_1_55' title='bbox 1870 870 1883 906; x_wconf 92' lang='lat'><strong>:</strong></span> <span class='ocrx_word' id='word_1_56' title='bbox 1918 871 1938 905; x_wconf 79' lang='grc' dir='ltr'><strong>ι</strong></span> <span class='ocrx_word' id='word_1_57' title='bbox 1970 851 2048 906; x_wconf 90' lang='lat' dir='ltr'><strong>Tu</strong></span> <span class='ocrx_word' id='word_1_58' title='bbox 2076 869 2177 908; x_wconf 83' lang='lat' dir='ltr'><strong>au-</strong></span> 
     </span>
    </p>
   </div>
   <div class='ocr_carea' id='block_1_9' title="bbox 597 937 2174 1014">
    <p class='ocr_par' dir='ltr' id='par_1_9' title="bbox 597 937 2174 1014">
     <span class='ocr_line' id='line_1_9' title="bbox 597 937 2174 1014; baseline 0.007 -25"><span class='ocrx_word' id='word_1_59' title='bbox 597 947 704 992; x_wconf 90' lang='lat' dir='ltr'><strong>tem</strong></span> <span class='ocrx_word' id='word_1_60' title='bbox 734 937 1043 995; x_wconf 82' lang='lat' dir='ltr'><strong>dominator</strong></span> <span class='ocrx_word' id='word_1_61' title='bbox 1084 943 1302 998; x_wconf 84' lang='lat' dir='ltr'><strong>virtutis</strong></span> <span class='ocrx_word' id='word_1_62' title='bbox 1346 960 1468 999; x_wconf 87' lang='lat' dir='ltr'><strong>cum</strong></span> <span class='ocrx_word' id='word_1_63' title='bbox 1505 944 1906 1014; x_wconf 87' lang='lat' dir='ltr'><strong>.tranquillitate</strong></span> <span class='ocrx_word' id='word_1_64' title='bbox 1940 945 2174 1014; x_wconf 86' lang='lat' dir='ltr'><strong>judicas,</strong></span> 
     </span>
    </p>
   </div>
   <div class='ocr_carea' id='block_1_10' title="bbox 597 1034 2176 1104">
    <p class='ocr_par' dir='ltr' id='par_1_10' title="bbox 597 1034 2176 1104">
     <span class='ocr_line' id='line_1_10' title="bbox 597 1034 2176 1104; baseline 0.006 -22"><span class='ocrx_word' id='word_1_65' title='bbox 597 1035 649 1083; x_wconf 87' lang='lat' dir='ltr'><strong>et</strong></span> <span class='ocrx_word' id='word_1_66' title='bbox 677 1044 800 1083; x_wconf 92' lang='lat' dir='ltr'><strong>cum</strong></span> <span class='ocrx_word' id='word_1_67' title='bbox 823 1046 1014 1102; x_wconf 86' lang='lat' dir='ltr'><strong>magna</strong></span> <span class='ocrx_word' id='word_1_68' title='bbox 1038 1034 1338 1089; x_wconf 86' lang='lat' dir='ltr'><strong>reverentia</strong></span> <span class='ocrx_word' id='word_1_69' title='bbox 1371 1034 1611 1104; x_wconf 89' lang='lat' dir='ltr'><strong>disponis</strong></span> <span class='ocrx_word' id='word_1_70' title='bbox 1635 1051 1732 1090; x_wconf 92' lang='lat' dir='ltr'><strong>nos</strong></span> <span class='ocrx_word' id='word_1_71' title='bbox 1758 1050 1772 1088; x_wconf 90' lang='lat'><strong>:</strong></span> <span class='ocrx_word' id='word_1_72' title='bbox 1802 1035 2001 1092; x_wconf 89' lang='lat' dir='ltr'><strong>Subest</strong></span> <span class='ocrx_word' id='word_1_73' title='bbox 2030 1036 2176 1092; x_wconf 85' lang='lat' dir='ltr'><strong>enim</strong></span> 
     </span>
    </p>
   </div>
   <div class='ocr_carea' id='block_1_11' title="bbox 597 1118 1709 1198">
    <p class='ocr_par' dir='ltr' id='par_1_11' title="bbox 597 1118 1709 1198">
     <span class='ocr_line' id='line_1_11' title="bbox 597 1118 1709 1198; baseline 0.007 -26"><span class='ocrx_word' id='word_1_74' title='bbox 597 1118 714 1185; x_wconf 82' lang='lat' dir='ltr'><strong>tibi,</strong></span> <span class='ocrx_word' id='word_1_75' title='bbox 747 1135 867 1175; x_wconf 89' lang='lat' dir='ltr'><strong>cum</strong></span> <span class='ocrx_word' id='word_1_76' title='bbox 896 1120 1155 1189; x_wconf 82' lang='lat' dir='ltr'><strong>volueris,</strong></span> <span class='ocrx_word' id='word_1_77' title='bbox 1178 1140 1336 1194; x_wconf 85' lang='lat' dir='ltr'><strong>posse</strong></span> <span class='ocrx_word' id='word_1_78' title='bbox 1362 1125 1509 1197; x_wconf 83' lang='lat' dir='ltr'><strong>(Sap.</strong></span> <span class='ocrx_word' id='word_1_79' title='bbox 1537 1127 1657 1198; x_wconf 68' lang='lat' dir='ltr'><strong>an).</strong></span> <span class='ocrx_word' id='word_1_80' title='bbox 1691 1149 1709 1180; x_wconf 71' lang='grc' dir='ltr'><strong>ι</strong></span> 
     </span>
    </p>
   </div>
   <div class='ocr_carea' id='block_1_12' title="bbox 1224 1237 1558 1294">
    <p class='ocr_par' dir='ltr' id='par_1_12' title="bbox 1224 1237 1558 1294">
     <span class='ocr_line' id='line_1_12' title="bbox 1224 1237 1558 1294; baseline -0.003 -1"><span class='ocrx_word' id='word_1_81' title='bbox 1224 1237 1452 1294; x_wconf 79' lang='lat' dir='ltr'><strong>CAPUT</strong></span> <span class='ocrx_word' id='word_1_82' title='bbox 1495 1237 1558 1294; x_wconf 87' lang='lat' dir='ltr'><strong>ﬂ.</strong></span> 
     </span>
    </p>
   </div>
   <div class='ocr_carea' id='block_1_13' title="bbox 593 1336 2110 1423">
    <p class='ocr_par' dir='ltr' id='par_1_13' title="bbox 593 1336 2110 1423">
     <span class='ocr_line' id='line_1_13' title="bbox 593 1336 2110 1423; baseline 0.005 -33"><span class='ocrx_word' id='word_1_83' title='bbox 593 1377 598 1382; x_wconf 82' lang='lat'><strong>.</strong></span> <span class='ocrx_word' id='word_1_84' title='bbox 667 1336 821 1402; x_wconf 77' lang='lat' dir='ltr'><strong>Quod</strong></span> <span class='ocrx_word' id='word_1_85' title='bbox 866 1339 1104 1393; x_wconf 72' lang='lat' dir='ltr'><strong>voluntas</strong></span> <span class='ocrx_word' id='word_1_86' title='bbox 1149 1339 1248 1396; x_wconf 81' lang='lat' dir='ltr'><strong>Dei</strong></span> <span class='ocrx_word' id='word_1_87' title='bbox 1277 1344 1515 1423; x_wconf 67' lang='lat' dir='ltr'><strong>ontuibus</strong></span> <span class='ocrx_word' id='word_1_88' title='bbox 1545 1344 1694 1398; x_wconf 69' lang='lat' dir='ltr'><strong>rebus</strong></span> <span class='ocrx_word' id='word_1_89' title='bbox 1735 1359 1898 1398; x_wconf 73' lang='lat' dir='ltr'><strong>causa</strong></span> <span class='ocrx_word' id='word_1_90' title='bbox 1935 1354 2012 1398; x_wconf 80' lang='lat' dir='ltr'><strong>est</strong></span> <span class='ocrx_word' id='word_1_91' title='bbox 2049 1354 2110 1398; x_wconf 80' lang='lat' dir='ltr'><strong>ut</strong></span> 
     </span>
    </p>
   </div>
   <div class='ocr_carea' id='block_1_14' title="bbox 1261 1423 1512 1467">
    <p class='ocr_par' dir='ltr' id='par_1_14' title="bbox 1261 1423 1512 1467">
     <span class='ocr_line' id='line_1_14' title="bbox 1261 1423 1512 1467; baseline 0.004 -1"><span class='ocrx_word' id='word_1_92' title='bbox 1261 1423 1512 1467; x_wconf 68' lang='lat' dir='ltr'><strong>existant.</strong></span> 
     </span>
    </p>
   </div>
   <div class='ocr_carea' id='block_1_15' title="bbox 2278 565 3858 650">
    <p class='ocr_par' dir='ltr' id='par_1_15' title="bbox 2278 565 3858 650">
     <span class='ocr_line' id='line_1_15' title="bbox 2278 565 3858 650; baseline 0.002 -27"><span class='ocrx_word' id='word_1_93' title='bbox 2278 569 2382 624; x_wconf 86' lang='lat' dir='ltr'><strong>vile</strong></span> <span class='ocrx_word' id='word_1_94' title='bbox 2401 567 2528 640; x_wconf 89' lang='lat' dir='ltr'><strong>quid</strong></span> <span class='ocrx_word' id='word_1_95' title='bbox 2555 566 2652 641; x_wconf 86' lang='lat' dir='ltr'><strong>per</strong></span> <span class='ocrx_word' id='word_1_96' title='bbox 2675 571 2853 628; x_wconf 86' lang='lat' dir='ltr'><strong>carnis</strong></span> <span class='ocrx_word' id='word_1_97' title='bbox 2881 565 3247 626; x_wconf 87' lang='lat' dir='ltr'><strong>blandimenta</strong></span> <span class='ocrx_word' id='word_1_98' title='bbox 3273 571 3527 642; x_wconf 27' lang='lat' dir='ltr'><strong>.projecit,</strong></span> <span class='ocrx_word' id='word_1_99' title='bbox 3553 571 3608 625; x_wconf 86' lang='lat' dir='ltr'><strong>id</strong></span> <span class='ocrx_word' id='word_1_100' title='bbox 3644 565 3858 650; x_wconf 86' lang='lat' dir='ltr'><strong>instau-</strong></span> 
     </span>
    </p>
   </div>
   <div class='ocr_carea' id='block_1_16' title="bbox 2277 661 3866 738">
    <p class='ocr_par' dir='ltr' id='par_1_16' title="bbox 2277 661 3866 738">
     <span class='ocr_line' id='line_1_16' title="bbox 2277 661 3866 738; baseline 0.003 -26"><span class='ocrx_word' id='word_1_101' title='bbox 2277 675 2400 714; x_wconf 88' lang='lat' dir='ltr'><strong>rare</strong></span> <span class='ocrx_word' id='word_1_102' title='bbox 2425 661 2586 716; x_wconf 88' lang='lat' dir='ltr'><strong>etiam</strong></span> <span class='ocrx_word' id='word_1_103' title='bbox 2611 677 2710 731; x_wconf 88' lang='lat' dir='ltr'><strong>per</strong></span> <span class='ocrx_word' id='word_1_104' title='bbox 2735 661 3067 731; x_wconf 65' lang='lat' dir='ltr'><strong>paenitentiae</strong></span> <span class='ocrx_word' id='word_1_105' title='bbox 3096 661 3329 738; x_wconf 77' lang='lat' dir='ltr'><strong>lamenta</strong></span> <span class='ocrx_word' id='word_1_106' title='bbox 3358 679 3462 718; x_wconf 90' lang='lat' dir='ltr'><strong>non</strong></span> <span class='ocrx_word' id='word_1_107' title='bbox 3490 662 3662 732; x_wconf 80' lang='lat' dir='ltr'><strong>possit</strong></span> <span class='ocrx_word' id='word_1_108' title='bbox 3686 681 3702 718; x_wconf 89' lang='lat'><strong>:</strong></span> <span class='ocrx_word' id='word_1_109' title='bbox 3743 663 3866 724; x_wconf 80' lang='lat' dir='ltr'><strong>sive</strong></span> 
     </span>
    </p>
   </div>
   <div class='ocr_carea' id='block_1_17' title="bbox 2277 751 3864 825">
    <p class='ocr_par' dir='ltr' id='par_1_17' title="bbox 2277 751 3864 825">
     <span class='ocr_line' id='line_1_17' title="bbox 2277 751 3864 825; baseline 0.003 -20"><span class='ocrx_word' id='word_1_110' title='bbox 2277 760 2442 816; x_wconf 88' lang='lat' dir='ltr'><strong>certe,</strong></span> <span class='ocrx_word' id='word_1_111' title='bbox 2477 761 2533 804; x_wconf 95' lang='lat' dir='ltr'><strong>ut</strong></span> <span class='ocrx_word' id='word_1_112' title='bbox 2558 753 2682 805; x_wconf 92' lang='lat' dir='ltr'><strong>dum</strong></span> <span class='ocrx_word' id='word_1_113' title='bbox 2721 751 2773 805; x_wconf 91' lang='lat' dir='ltr'><strong>in</strong></span> <span class='ocrx_word' id='word_1_114' title='bbox 2801 767 2862 807; x_wconf 88' lang='lat' dir='ltr'><strong>se</strong></span> <span class='ocrx_word' id='word_1_115' title='bbox 2903 753 3071 808; x_wconf 71' lang='lat' dir='ltr'><strong>ruinae</strong></span> <span class='ocrx_word' id='word_1_116' title='bbox 3097 769 3208 808; x_wconf 72' lang='lat' dir='ltr'><strong>sua:</strong></span> <span class='ocrx_word' id='word_1_117' title='bbox 3236 755 3391 825; x_wconf 87' lang='lat' dir='ltr'><strong>signa</strong></span> <span class='ocrx_word' id='word_1_118' title='bbox 3421 768 3703 823; x_wconf 79' lang='lat' dir='ltr'><strong>superesse</strong></span> <span class='ocrx_word' id='word_1_119' title='bbox 3731 770 3864 810; x_wconf 87' lang='lat' dir='ltr'><strong>con-</strong></span> 
     </span>
    </p>
   </div>
   <div class='ocr_carea' id='block_1_18' title="bbox 2277 840 3859 904">
    <p class='ocr_par' dir='ltr' id='par_1_18' title="bbox 2277 840 3859 904">
     <span class='ocr_line' id='line_1_18' title="bbox 2277 840 3859 904; baseline 0.004 -8"><span class='ocrx_word' id='word_1_120' title='bbox 2277 840 2496 904; x_wconf 83' lang='lat' dir='ltr'><strong>siderat,</strong></span> <span class='ocrx_word' id='word_1_121' title='bbox 2533 843 2836 898; x_wconf 84' lang='lat' dir='ltr'><strong>acrioribus</strong></span> <span class='ocrx_word' id='word_1_122' title='bbox 2870 843 3176 899; x_wconf 76' lang='lat' dir='ltr'><strong>aﬂlictionis</strong></span> <span class='ocrx_word' id='word_1_123' title='bbox 3205 861 3332 900; x_wconf 72' lang='lat' dir='ltr'><strong>sute-</strong></span> <span class='ocrx_word' id='word_1_124' title='bbox 3359 849 3612 902; x_wconf 78' lang='lat' dir='ltr'><strong>remediis</strong></span> <span class='ocrx_word' id='word_1_125' title='bbox 3658 849 3859 904; x_wconf 85' lang='lat' dir='ltr'><strong>indesi-</strong></span> 
     </span>
    </p>
   </div>
   <div class='ocr_carea' id='block_1_19' title="bbox 2275 934 3856 1010">
    <p class='ocr_par' dir='ltr' id='par_1_19' title="bbox 2275 934 3856 1010">
     <span class='ocr_line' id='line_1_19' title="bbox 2275 934 3856 1010; baseline 0.005 -24"><span class='ocrx_word' id='word_1_126' title='bbox 2275 943 2467 1001; x_wconf 86' lang='lat' dir='ltr'><strong>nenter</strong></span> <span class='ocrx_word' id='word_1_127' title='bbox 2497 934 2728 989; x_wconf 87' lang='lat' dir='ltr'><strong>insistat.</strong></span> <span class='ocrx_word' id='word_1_128' title='bbox 2775 934 2903 990; x_wconf 86' lang='lat' dir='ltr'><strong>Sive</strong></span> <span class='ocrx_word' id='word_1_129' title='bbox 2933 937 3097 1006; x_wconf 86' lang='lat' dir='ltr'><strong>igitur</strong></span> <span class='ocrx_word' id='word_1_130' title='bbox 3141 937 3257 1002; x_wconf 89' lang='lat' dir='ltr'><strong>his,</strong></span> <span class='ocrx_word' id='word_1_131' title='bbox 3285 937 3400 992; x_wconf 85' lang='lat' dir='ltr'><strong>sive</strong></span> <span class='ocrx_word' id='word_1_132' title='bbox 3427 938 3550 993; x_wconf 88' lang='lat' dir='ltr'><strong>aliis</strong></span> <span class='ocrx_word' id='word_1_133' title='bbox 3607 955 3856 1010; x_wconf 72' lang='lat' dir='ltr'><strong>superna:</strong></span> 
     </span>
    </p>
   </div>
   <div class='ocr_carea' id='block_1_20' title="bbox 2274 1025 3855 1104">
    <p class='ocr_par' dir='ltr' id='par_1_20' title="bbox 2274 1025 3855 1104">
     <span class='ocr_line' id='line_1_20' title="bbox 2274 1025 3855 1104; baseline 0.004 -26"><span class='ocrx_word' id='word_1_134' title='bbox 2274 1025 2626 1092; x_wconf 78' lang='lat' dir='ltr'><strong>providentia:</strong></span> <span class='ocrx_word' id='word_1_135' title='bbox 2663 1027 2866 1094; x_wconf 86' lang='lat' dir='ltr'><strong>causis,</strong></span> <span class='ocrx_word' id='word_1_136' title='bbox 2889 1029 2958 1082; x_wconf 88' lang='lat' dir='ltr'><strong>ad</strong></span> <span class='ocrx_word' id='word_1_137' title='bbox 2988 1029 3354 1098; x_wconf 79' lang='lat' dir='ltr'><strong>integritatem</strong></span> <span class='ocrx_word' id='word_1_138' title='bbox 3400 1030 3688 1100; x_wconf 80' lang='lat' dir='ltr'><strong>pristinam</strong></span> <span class='ocrx_word' id='word_1_139' title='bbox 3741 1031 3855 1104; x_wconf 39' lang='lat' dir='ltr'><strong>rio:</strong></span> 
     </span>
    </p>
   </div>
   <div class='ocr_carea' id='block_1_21' title="bbox 2276 1113 3855 1193">
    <p class='ocr_par' dir='ltr' id='par_1_21' title="bbox 2276 1113 3855 1193">
     <span class='ocr_line' id='line_1_21' title="bbox 2276 1113 3855 1193; baseline 0.004 -26"><span class='ocrx_word' id='word_1_140' title='bbox 2276 1113 2383 1193; x_wconf 85' lang='lat' dir='ltr'><strong>lata</strong></span> <span class='ocrx_word' id='word_1_141' title='bbox 2416 1114 2566 1186; x_wconf 81' lang='lat' dir='ltr'><strong>virgo</strong></span> <span class='ocrx_word' id='word_1_142' title='bbox 2597 1132 2707 1171; x_wconf 87' lang='lat' dir='ltr'><strong>non</strong></span> <span class='ocrx_word' id='word_1_143' title='bbox 2753 1118 2975 1174; x_wconf 86' lang='lat' dir='ltr'><strong>redeat:</strong></span> <span class='ocrx_word' id='word_1_144' title='bbox 3009 1134 3354 1189; x_wconf 83' lang='lat' dir='ltr'><strong>nequaquam</strong></span> <span class='ocrx_word' id='word_1_145' title='bbox 3386 1129 3568 1176; x_wconf 83' lang='lat' dir='ltr'><strong>tamen</strong></span> <span class='ocrx_word' id='word_1_146' title='bbox 3604 1121 3855 1192; x_wconf 77' lang='lat' dir='ltr'><strong>omnipo-</strong></span> 
     </span>
    </p>
   </div>
   <div class='ocr_carea' id='block_1_22' title="bbox 2277 1193 3861 1281">
    <p class='ocr_par' dir='ltr' id='par_1_22' title="bbox 2277 1193 3861 1281">
     <span class='ocr_line' id='line_1_22' title="bbox 2277 1193 3861 1281; baseline 0.006 -22"><span class='ocrx_word' id='word_1_147' title='bbox 2277 1193 2397 1262; x_wconf 77' lang='lat' dir='ltr'><strong>tens</strong></span> <span class='ocrx_word' id='word_1_148' title='bbox 2423 1207 2562 1262; x_wconf 86' lang='lat' dir='ltr'><strong>Deus</strong></span> <span class='ocrx_word' id='word_1_149' title='bbox 2593 1209 2857 1264; x_wconf 87' lang='lat' dir='ltr'><strong>dicendus</strong></span> <span class='ocrx_word' id='word_1_150' title='bbox 2881 1219 2964 1265; x_wconf 91' lang='lat' dir='ltr'><strong>est</strong></span> <span class='ocrx_word' id='word_1_151' title='bbox 3003 1208 3107 1265; x_wconf 85' lang='lat' dir='ltr'><strong>hoc</strong></span> <span class='ocrx_word' id='word_1_152' title='bbox 3156 1227 3264 1266; x_wconf 91' lang='lat' dir='ltr'><strong>non</strong></span> <span class='ocrx_word' id='word_1_153' title='bbox 3313 1226 3493 1281; x_wconf 82' lang='lat' dir='ltr'><strong>posse,</strong></span> <span class='ocrx_word' id='word_1_154' title='bbox 3537 1213 3630 1268; x_wconf 84' lang='lat' dir='ltr'><strong>sed</strong></span> <span class='ocrx_word' id='word_1_155' title='bbox 3676 1213 3861 1281; x_wconf 70' lang='lat' dir='ltr'><strong>potius</strong></span> 
     </span>
    </p>
   </div>
   <div class='ocr_carea' id='block_1_23' title="bbox 2275 1286 3850 1370">
    <p class='ocr_par' dir='ltr' id='par_1_23' title="bbox 2275 1286 3850 1370">
     <span class='ocr_line' id='line_1_23' title="bbox 2275 1286 3850 1370; baseline 0.006 -23"><span class='ocrx_word' id='word_1_156' title='bbox 2275 1297 2443 1361; x_wconf 72' lang='lat' dir='ltr'><strong>anile,</strong></span> <span class='ocrx_word' id='word_1_157' title='bbox 2477 1306 2536 1352; x_wconf 88' lang='lat' dir='ltr'><strong>ut</strong></span> <span class='ocrx_word' id='word_1_158' title='bbox 2565 1308 2815 1354; x_wconf 84' lang='lat' dir='ltr'><strong>servetur</strong></span> <span class='ocrx_word' id='word_1_159' title='bbox 2852 1300 3138 1354; x_wconf 85' lang='lat' dir='ltr'><strong>arbitrium</strong></span> <span class='ocrx_word' id='word_1_160' title='bbox 3189 1286 3514 1370; x_wconf 62' lang='lat' dir='ltr'><strong>aequissima:</strong></span> <span class='ocrx_word' id='word_1_161' title='bbox 3565 1301 3850 1368; x_wconf 86' lang='lat' dir='ltr'><strong>voluntati,</strong></span> 
     </span>
    </p>
   </div>
   <div class='ocr_carea' id='block_1_24' title="bbox 2277 1388 3855 1461">
    <p class='ocr_par' dir='ltr' id='par_1_24' title="bbox 2277 1388 3855 1461">
     <span class='ocr_line' id='line_1_24' title="bbox 2277 1388 3855 1461; baseline 0.007 -22"><span class='ocrx_word' id='word_1_162' title='bbox 2277 1401 2381 1439; x_wconf 86' lang='lat' dir='ltr'><strong>non</strong></span> <span class='ocrx_word' id='word_1_163' title='bbox 2416 1395 2592 1441; x_wconf 86' lang='lat' dir='ltr'><strong>autem</strong></span> <span class='ocrx_word' id='word_1_164' title='bbox 2636 1388 2958 1452; x_wconf 84' lang='lat' dir='ltr'><strong>ascribatur,</strong></span> <span class='ocrx_word' id='word_1_165' title='bbox 2992 1389 3142 1460; x_wconf 84' lang='lat' dir='ltr'><strong>quod</strong></span> <span class='ocrx_word' id='word_1_166' title='bbox 3181 1389 3342 1454; x_wconf 90' lang='lat' dir='ltr'><strong>absit,</strong></span> <span class='ocrx_word' id='word_1_167' title='bbox 3378 1390 3694 1461; x_wconf 83' lang='lat' dir='ltr'><strong>impotentia</strong></span> <span class='ocrx_word' id='word_1_168' title='bbox 3739 1406 3855 1451; x_wconf 55' lang='lat' dir='ltr'><strong>mas</strong></span> 
     </span>
    </p>
   </div>
   <div class='ocr_carea' id='block_1_25' title="bbox 663 1471 3870 1570">
    <p class='ocr_par' dir='ltr' id='par_1_25' title="bbox 663 1471 3870 1570">
     <span class='ocr_line' id='line_1_25' title="bbox 663 1471 3870 1570; baseline 0.005 -47"><span class='ocrx_word' id='word_1_169' title='bbox 663 1494 927 1554; x_wconf 49' lang='lat' dir='ltr'><strong>voluntas</strong></span> <span class='ocrx_word' id='word_1_170' title='bbox 966 1500 1164 1570; x_wconf 65' lang='lat' dir='ltr'><strong>quippe</strong></span> <span class='ocrx_word' id='word_1_171' title='bbox 1203 1500 1299 1557; x_wconf 62' lang='lat' dir='ltr'><strong>Dei</strong></span> <span class='ocrx_word' id='word_1_172' title='bbox 1341 1503 1583 1556; x_wconf 58' lang='lat' dir='ltr'><strong>omnium</strong></span> <span class='ocrx_word' id='word_1_173' title='bbox 1617 1520 1822 1569; x_wconf 52' lang='lat' dir='ltr'><strong>rerum,</strong></span> <span class='ocrx_word' id='word_1_174' title='bbox 1851 1506 1967 1561; x_wconf 48' lang='lat' dir='ltr'><strong>sive</strong></span> <span class='ocrx_word' id='word_1_175' title='bbox 1996 1505 2179 1561; x_wconf 42' lang='lat' dir='ltr'><strong>visibi‘</strong></span> <span class='ocrx_word' id='word_1_176' title='bbox 2270 1477 2478 1570; x_wconf 41' lang='lat' dir='ltr'><strong>testati.</strong></span> <span class='ocrx_word' id='word_1_177' title='bbox 2508 1479 2659 1545; x_wconf 82' lang='lat' dir='ltr'><strong>Quod</strong></span> <span class='ocrx_word' id='word_1_178' title='bbox 2692 1479 2836 1535; x_wconf 90' lang='lat' dir='ltr'><strong>enim</strong></span> <span class='ocrx_word' id='word_1_179' title='bbox 2884 1481 3090 1538; x_wconf 85' lang='lat' dir='ltr'><strong>malum</strong></span> <span class='ocrx_word' id='word_1_180' title='bbox 3131 1490 3240 1546; x_wconf 85' lang='lat' dir='ltr'><strong>est,</strong></span> <span class='ocrx_word' id='word_1_181' title='bbox 3290 1497 3394 1536; x_wconf 91' lang='lat' dir='ltr'><strong>non</strong></span> <span class='ocrx_word' id='word_1_182' title='bbox 3442 1490 3622 1562; x_wconf 80' lang='lat' dir='ltr'><strong>potest</strong></span> <span class='ocrx_word' id='word_1_183' title='bbox 3675 1471 3870 1554; x_wconf 56' lang='lat' dir='ltr'><strong>facere</strong></span> 
     </span>
    </p>
   </div>
   <div class='ocr_carea' id='block_1_26' title="bbox 593 1588 2177 1669">
    <p class='ocr_par' dir='ltr' id='par_1_26' title="bbox 593 1588 2177 1669">
     <span class='ocr_line' id='line_1_26' title="bbox 593 1588 2177 1669; baseline 0.007 -27"><span class='ocrx_word' id='word_1_184' title='bbox 593 1588 746 1655; x_wconf 85' lang='lat' dir='ltr'><strong>lium,</strong></span> <span class='ocrx_word' id='word_1_185' title='bbox 773 1589 890 1644; x_wconf 84' lang='lat' dir='ltr'><strong>sive</strong></span> <span class='ocrx_word' id='word_1_186' title='bbox 936 1592 1283 1648; x_wconf 85' lang='lat' dir='ltr'><strong>invisibilium</strong></span> <span class='ocrx_word' id='word_1_187' title='bbox 1327 1608 1488 1649; x_wconf 89' lang='lat' dir='ltr'><strong>causa</strong></span> <span class='ocrx_word' id='word_1_188' title='bbox 1514 1604 1618 1658; x_wconf 83' lang='lat' dir='ltr'><strong>est,</strong></span> <span class='ocrx_word' id='word_1_189' title='bbox 1649 1604 1720 1669; x_wconf 14' lang='lat' dir='ltr'><strong>snt</strong></span> <span class='ocrx_word' id='word_1_190' title='bbox 1745 1597 2011 1662; x_wconf 80' lang='lat' dir='ltr'><strong>existant;</strong></span> <span class='ocrx_word' id='word_1_191' title='bbox 2040 1597 2177 1653; x_wconf 85' lang='lat' dir='ltr'><strong>adeo</strong></span> 
     </span>
    </p>
   </div>
   <div class='ocr_carea' id='block_1_27' title="bbox 585 1683 2178 1755">
    <p class='ocr_par' dir='ltr' id='par_1_27' title="bbox 585 1683 2178 1755">
     <span class='ocr_line' id='line_1_27' title="bbox 585 1683 2178 1755; baseline 0.008 -21"><span class='ocrx_word' id='word_1_192' title='bbox 585 1689 653 1736; x_wconf 82' lang='lat' dir='ltr'><strong>ut</strong></span> <span class='ocrx_word' id='word_1_193' title='bbox 679 1683 892 1737; x_wconf 89' lang='lat' dir='ltr'><strong>condita</strong></span> <span class='ocrx_word' id='word_1_194' title='bbox 931 1697 1181 1754; x_wconf 66' lang='lat' dir='ltr'><strong>quaeque,</strong></span> <span class='ocrx_word' id='word_1_195' title='bbox 1220 1695 1507 1755; x_wconf 71' lang='lat' dir='ltr'><strong>aanuam</strong></span> <span class='ocrx_word' id='word_1_196' title='bbox 1536 1687 1603 1742; x_wconf 91' lang='lat' dir='ltr'><strong>ad</strong></span> <span class='ocrx_word' id='word_1_197' title='bbox 1629 1686 1922 1743; x_wconf 80' lang='lat' dir='ltr'><strong>formarum</strong></span> <span class='ocrx_word' id='word_1_198' title='bbox 1945 1701 2178 1746; x_wconf 83' lang='lat' dir='ltr'><strong>suarum</strong></span> 
     </span>
    </p>
   </div>
   <div class='ocr_carea' id='block_1_28' title="bbox 595 1772 2183 1851">
    <p class='ocr_par' dir='ltr' id='par_1_28' title="bbox 595 1772 2183 1851">
     <span class='ocr_line' id='line_1_28' title="bbox 595 1772 2183 1851; baseline 0.009 -28"><span class='ocrx_word' id='word_1_199' title='bbox 595 1772 840 1829; x_wconf 81' lang='lat' dir='ltr'><strong>visibiles</strong></span> <span class='ocrx_word' id='word_1_200' title='bbox 884 1776 1240 1845; x_wconf 75' lang='lat' dir='ltr'><strong>procederent</strong></span> <span class='ocrx_word' id='word_1_201' title='bbox 1275 1777 1516 1848; x_wconf 80' lang='lat' dir='ltr'><strong>species,</strong></span> <span class='ocrx_word' id='word_1_202' title='bbox 1559 1777 1675 1846; x_wconf 86' lang='lat' dir='ltr'><strong>jam</strong></span> <span class='ocrx_word' id='word_1_203' title='bbox 1717 1781 1994 1836; x_wconf 86' lang='lat' dir='ltr'><strong>veraciter</strong></span> <span class='ocrx_word' id='word_1_204' title='bbox 2014 1791 2183 1851; x_wconf 85' lang='lat' dir='ltr'><strong>atque-</strong></span> 
     </span>
    </p>
   </div>
   <div class='ocr_carea' id='block_1_29' title="bbox 2278 1559 3866 1640">
    <p class='ocr_par' dir='ltr' id='par_1_29' title="bbox 2278 1559 3866 1640">
     <span class='ocr_line' id='line_1_29' title="bbox 2278 1559 3866 1640; baseline 0.004 -18"><span class='ocrx_word' id='word_1_205' title='bbox 2278 1567 2438 1630; x_wconf 86' lang='lat' dir='ltr'><strong>Deus,</strong></span> <span class='ocrx_word' id='word_1_206' title='bbox 2469 1570 2597 1638; x_wconf 88' lang='lat' dir='ltr'><strong>quia</strong></span> <span class='ocrx_word' id='word_1_207' title='bbox 2621 1579 2928 1640; x_wconf 86' lang='lat' dir='ltr'><strong>necpotest</strong></span> <span class='ocrx_word' id='word_1_208' title='bbox 2954 1571 3118 1624; x_wconf 85' lang='lat' dir='ltr'><strong>etiam</strong></span> <span class='ocrx_word' id='word_1_209' title='bbox 3152 1571 3331 1637; x_wconf 79' lang='lat' dir='ltr'><strong>velle;</strong></span> <span class='ocrx_word' id='word_1_210' title='bbox 3359 1559 3503 1640; x_wconf 87' lang='lat' dir='ltr'><strong>quod</strong></span> <span class='ocrx_word' id='word_1_211' title='bbox 3542 1582 3723 1626; x_wconf 86' lang='lat' dir='ltr'><strong>tamen</strong></span> <span class='ocrx_word' id='word_1_212' title='bbox 3761 1585 3866 1629; x_wconf 82' lang='lat' dir='ltr'><strong>ne-</strong></span> 
     </span>
    </p>
   </div>
   <div class='ocr_carea' id='block_1_30' title="bbox 2275 1661 3870 1744">
    <p class='ocr_par' dir='ltr' id='par_1_30' title="bbox 2275 1661 3870 1744">
     <span class='ocr_line' id='line_1_30' title="bbox 2275 1661 3870 1744; baseline 0.006 -32"><span class='ocrx_word' id='word_1_213' title='bbox 2275 1674 2549 1732; x_wconf 85' lang='lat' dir='ltr'><strong>quaquam</strong></span> <span class='ocrx_word' id='word_1_214' title='bbox 2582 1661 2926 1744; x_wconf 80' lang='lat' dir='ltr'><strong>rel‘erendum</strong></span> <span class='ocrx_word' id='word_1_215' title='bbox 2971 1670 3056 1718; x_wconf 90' lang='lat' dir='ltr'><strong>est</strong></span> <span class='ocrx_word' id='word_1_216' title='bbox 3103 1664 3169 1717; x_wconf 90' lang='lat' dir='ltr'><strong>ad</strong></span> <span class='ocrx_word' id='word_1_217' title='bbox 3219 1664 3729 1734; x_wconf 77' lang='lat' dir='ltr'><strong>impossibilitatem,</strong></span> <span class='ocrx_word' id='word_1_218' title='bbox 3755 1665 3870 1740; x_wconf 59' lang='lat' dir='ltr'><strong>secl</strong></span> 
     </span>
    </p>
   </div>
   <div class='ocr_carea' id='block_1_31' title="bbox 2274 1745 3866 1823">
    <p class='ocr_par' dir='ltr' id='par_1_31' title="bbox 2274 1745 3866 1823">
     <span class='ocr_line' id='line_1_31' title="bbox 2274 1745 3866 1823; baseline 0.006 -20"><span class='ocrx_word' id='word_1_219' title='bbox 2274 1751 2342 1805; x_wconf 90' lang='lat' dir='ltr'><strong>ad</strong></span> <span class='ocrx_word' id='word_1_220' title='bbox 2373 1749 2670 1805; x_wconf 86' lang='lat' dir='ltr'><strong>naturalem</strong></span> <span class='ocrx_word' id='word_1_221' title='bbox 2704 1752 2882 1820; x_wconf 88' lang='lat' dir='ltr'><strong>potius</strong></span> <span class='ocrx_word' id='word_1_222' title='bbox 2897 1745 3197 1807; x_wconf 70' lang='lat' dir='ltr'><strong>clementia:</strong></span> <span class='ocrx_word' id='word_1_223' title='bbox 3224 1753 3512 1823; x_wconf 77' lang='lat' dir='ltr'><strong>singularis</strong></span> <span class='ocrx_word' id='word_1_224' title='bbox 3536 1755 3866 1812; x_wconf 67' lang='lat' dir='ltr'><strong>bonitatem-</strong></span> 
     </span>
    </p>
   </div>
   <div class='ocr_carea' id='block_1_32' title="bbox 587 1841 3867 1941">
    <p class='ocr_par' dir='ltr' id='par_1_32' title="bbox 587 1841 3867 1941">
     <span class='ocr_line' id='line_1_32' title="bbox 587 1841 3867 1941; baseline 0.004 -21"><span class='ocrx_word' id='word_1_225' title='bbox 587 1841 951 1920; x_wconf 75' lang='lat' dir='ltr'><strong>essentialiter</strong></span> <span class='ocrx_word' id='word_1_226' title='bbox 1004 1866 1250 1924; x_wconf 81' lang='lat' dir='ltr'><strong>viverent</strong></span> <span class='ocrx_word' id='word_1_227' title='bbox 1313 1841 1367 1923; x_wconf 81' lang='lat' dir='ltr'><strong>in</strong></span> <span class='ocrx_word' id='word_1_228' title='bbox 1427 1841 1512 1926; x_wconf 87' lang='lat' dir='ltr'><strong>sui</strong></span> <span class='ocrx_word' id='word_1_229' title='bbox 1559 1841 1782 1941; x_wconf 31' lang='lat' dir='ltr'><strong>’opiticis</strong></span> <span class='ocrx_word' id='word_1_230' title='bbox 1841 1841 2118 1930; x_wconf 71' lang='lat' dir='ltr'><strong>voluntate</strong></span> <span class='ocrx_word' id='word_1_231' title='bbox 2153 1889 2176 1929; x_wconf 71' lang='grc' dir='ltr'><strong>ες</strong></span> <span class='ocrx_word' id='word_1_232' title='bbox 2205 1854 2249 1914; x_wconf 77' lang='grc' dir='ltr'><strong>Β</strong></span> <span class='ocrx_word' id='word_1_233' title='bbox 2277 1841 2430 1941; x_wconf 58' lang='grc' dir='ltr'><strong>ρυΫδ</strong></span> <span class='ocrx_word' id='word_1_234' title='bbox 2456 1857 2582 1941; x_wconf 46' lang='lat' dir='ltr'><strong>vel?</strong></span> <span class='ocrx_word' id='word_1_235' title='bbox 2617 1842 2818 1898; x_wconf 69' lang='lat' dir='ltr'><strong>bonum</strong></span> <span class='ocrx_word' id='word_1_236' title='bbox 2849 1852 2963 1941; x_wconf 46' lang='lat' dir='ltr'><strong>is&quot;</strong></span> <span class='ocrx_word' id='word_1_237' title='bbox 2994 1844 3131 1914; x_wconf 49' lang='lat' dir='ltr'><strong>“ne</strong></span> <span class='ocrx_word' id='word_1_238' title='bbox 3155 1854 3353 1941; x_wconf 69' lang='grc' dir='ltr'><strong>Ρ⁰,¹θ⁵ί’</strong></span> <span class='ocrx_word' id='word_1_239' title='bbox 3395 1844 3684 1941; x_wconf 58' lang='grc' dir='ltr'><strong>εἷι,ίί¹⁰,θ¹’9’</strong></span> <span class='ocrx_word' id='word_1_240' title='bbox 3713 1855 3867 1941; x_wconf 42' lang='lat' dir='ltr'><strong>“,m’</strong></span> 
     </span>
    </p>
   </div>
   <div class='ocr_carea' id='block_1_33' title="bbox 585 1951 2173 2032">
    <p class='ocr_par' dir='ltr' id='par_1_33' title="bbox 585 1951 2173 2032">
     <span class='ocr_line' id='line_1_33' title="bbox 585 1951 2173 2032; baseline 0.01 -28"><span class='ocrx_word' id='word_1_241' title='bbox 585 1971 612 2004; x_wconf 75' lang='lat' dir='ltr'><strong>.c</strong></span> <span class='ocrx_word' id='word_1_242' title='bbox 646 1951 799 2020; x_wconf 85' lang='lat' dir='ltr'><strong>Quod</strong></span> <span class='ocrx_word' id='word_1_243' title='bbox 834 1955 1038 2014; x_wconf 83' lang='lat' dir='ltr'><strong>factum</strong></span> <span class='ocrx_word' id='word_1_244' title='bbox 1082 1969 1190 2024; x_wconf 85' lang='lat' dir='ltr'><strong>est,</strong></span> <span class='ocrx_word' id='word_1_245' title='bbox 1233 1960 1309 2014; x_wconf 89' lang='lat' dir='ltr'><strong>ait</strong></span> <span class='ocrx_word' id='word_1_246' title='bbox 1352 1960 1620 2025; x_wconf 78' lang='lat' dir='ltr'><strong>Joannes,</strong></span> <span class='ocrx_word' id='word_1_247' title='bbox 1669 1963 1723 2018; x_wconf 93' lang='lat' dir='ltr'><strong>in</strong></span> <span class='ocrx_word' id='word_1_248' title='bbox 1769 1964 1886 2032; x_wconf 91' lang='lat' dir='ltr'><strong>ipso</strong></span> <span class='ocrx_word' id='word_1_249' title='bbox 1918 1966 2027 2018; x_wconf 83' lang='lat' dir='ltr'><strong>vita</strong></span> <span class='ocrx_word' id='word_1_250' title='bbox 2055 1974 2173 2020; x_wconf 75' lang='lat' dir='ltr'><strong>erat</strong></span> 
     </span>
    </p>
   </div>
   <div class='ocr_carea' id='block_1_34' title="bbox 586 2040 2176 2124">
    <p class='ocr_par' dir='ltr' id='par_1_34' title="bbox 586 2040 2176 2124">
     <span class='ocr_line' id='line_1_34' title="bbox 586 2040 2176 2124; baseline 0.009 -30"><span class='ocrx_word' id='word_1_251' title='bbox 586 2040 770 2108; x_wconf 79' lang='lat' dir='ltr'><strong>(Joan.</strong></span> <span class='ocrx_word' id='word_1_252' title='bbox 797 2044 860 2114; x_wconf 80' lang='grc' dir='ltr'><strong>ι).</strong></span> <span class='ocrx_word' id='word_1_253' title='bbox 897 2064 918 2098; x_wconf 75' lang='grc' dir='ltr'><strong>ι</strong></span> <span class='ocrx_word' id='word_1_254' title='bbox 943 2046 1008 2101; x_wconf 82' lang='lat' dir='ltr'><strong>Et</strong></span> <span class='ocrx_word' id='word_1_255' title='bbox 1046 2047 1189 2102; x_wconf 87' lang='lat' dir='ltr'><strong>idem</strong></span> <span class='ocrx_word' id='word_1_256' title='bbox 1234 2049 1287 2104; x_wconf 90' lang='lat' dir='ltr'><strong>in</strong></span> <span class='ocrx_word' id='word_1_257' title='bbox 1331 2050 1692 2122; x_wconf 77' lang='lat' dir='ltr'><strong>Apocalypsi,</strong></span> <span class='ocrx_word' id='word_1_258' title='bbox 1723 2053 1917 2122; x_wconf 83' lang='lat' dir='ltr'><strong>viginti</strong></span> <span class='ocrx_word' id='word_1_259' title='bbox 1941 2064 2176 2124; x_wconf 80' lang='lat' dir='ltr'><strong>quatuor</strong></span> 
     </span>
    </p>
   </div>
   <div class='ocr_carea' id='block_1_35' title="bbox 590 2130 2174 2210">
    <p class='ocr_par' dir='ltr' id='par_1_35' title="bbox 590 2130 2174 2210">
     <span class='ocr_line' id='line_1_35' title="bbox 590 2130 2174 2210; baseline 0.008 -24"><span class='ocrx_word' id='word_1_260' title='bbox 590 2130 833 2186; x_wconf 87' lang='lat' dir='ltr'><strong>seniores</strong></span> <span class='ocrx_word' id='word_1_261' title='bbox 857 2133 1055 2191; x_wconf 81' lang='lat' dir='ltr'><strong>dixisse</strong></span> <span class='ocrx_word' id='word_1_262' title='bbox 1082 2144 1311 2191; x_wconf 87' lang='lat' dir='ltr'><strong>testatur</strong></span> <span class='ocrx_word' id='word_1_263' title='bbox 1339 2155 1355 2191; x_wconf 88' lang='lat'><strong>:</strong></span> <span class='ocrx_word' id='word_1_264' title='bbox 1385 2157 1406 2189; x_wconf 81' lang='grc' dir='ltr'><strong>ι.</strong></span> <span class='ocrx_word' id='word_1_265' title='bbox 1443 2140 1646 2210; x_wconf 77' lang='lat' dir='ltr'><strong>Dignus</strong></span> <span class='ocrx_word' id='word_1_266' title='bbox 1669 2156 1749 2206; x_wconf 89' lang='lat' dir='ltr'><strong>es,</strong></span> <span class='ocrx_word' id='word_1_267' title='bbox 1775 2142 2000 2196; x_wconf 87' lang='lat' dir='ltr'><strong>Domine</strong></span> <span class='ocrx_word' id='word_1_268' title='bbox 2031 2143 2174 2198; x_wconf 83' lang='lat' dir='ltr'><strong>Deus</strong></span> 
     </span>
    </p>
   </div>
   <div class='ocr_carea' id='block_1_36' title="bbox 587 2226 2175 2298">
    <p class='ocr_par' dir='ltr' id='par_1_36' title="bbox 587 2226 2175 2298">
     <span class='ocr_line' id='line_1_36' title="bbox 587 2226 2175 2298; baseline 0.008 -25"><span class='ocrx_word' id='word_1_269' title='bbox 587 2229 798 2287; x_wconf 89' lang='lat' dir='ltr'><strong>noster,</strong></span> <span class='ocrx_word' id='word_1_270' title='bbox 825 2228 1070 2294; x_wconf 84' lang='lat' dir='ltr'><strong>accipere</strong></span> <span class='ocrx_word' id='word_1_271' title='bbox 1095 2226 1259 2297; x_wconf 74' lang='lat'><strong>617</strong></span> <span class='ocrx_word' id='word_1_272' title='bbox 1291 2227 1539 2298; x_wconf 81' lang='lat' dir='ltr'><strong>gloriam,</strong></span> <span class='ocrx_word' id='word_1_273' title='bbox 1575 2237 1631 2284; x_wconf 89' lang='lat' dir='ltr'><strong>et</strong></span> <span class='ocrx_word' id='word_1_274' title='bbox 1669 2230 1954 2295; x_wconf 86' lang='lat' dir='ltr'><strong>honorem,</strong></span> <span class='ocrx_word' id='word_1_275' title='bbox 1985 2241 2040 2286; x_wconf 87' lang='lat' dir='ltr'><strong>et</strong></span> <span class='ocrx_word' id='word_1_276' title='bbox 2065 2233 2175 2286; x_wconf 68' lang='lat' dir='ltr'><strong>vir.</strong></span> 
     </span>
    </p>
   </div>
   <div class='ocr_carea' id='block_1_37' title="bbox 585 2317 2174 2392">
    <p class='ocr_par' dir='ltr' id='par_1_37' title="bbox 585 2317 2174 2392">
     <span class='ocr_line' id='line_1_37' title="bbox 585 2317 2174 2392; baseline 0.004 -25"><span class='ocrx_word' id='word_1_277' title='bbox 585 2323 797 2379; x_wconf 80' lang='lat' dir='ltr'><strong>tutem;</strong></span> <span class='ocrx_word' id='word_1_278' title='bbox 838 2317 963 2386; x_wconf 85' lang='lat' dir='ltr'><strong>quia</strong></span> <span class='ocrx_word' id='word_1_279' title='bbox 996 2328 1051 2371; x_wconf 89' lang='lat' dir='ltr'><strong>tu</strong></span> <span class='ocrx_word' id='word_1_280' title='bbox 1083 2320 1280 2373; x_wconf 86' lang='lat' dir='ltr'><strong>creasti</strong></span> <span class='ocrx_word' id='word_1_281' title='bbox 1311 2321 1524 2386; x_wconf 89' lang='lat' dir='ltr'><strong>omnia,</strong></span> <span class='ocrx_word' id='word_1_282' title='bbox 1563 2329 1619 2375; x_wconf 88' lang='lat' dir='ltr'><strong>et</strong></span> <span class='ocrx_word' id='word_1_283' title='bbox 1664 2331 1884 2392; x_wconf 87' lang='lat' dir='ltr'><strong>propter</strong></span> <span class='ocrx_word' id='word_1_284' title='bbox 1926 2323 2174 2378; x_wconf 71' lang='lat' dir='ltr'><strong>volunta.</strong></span> 
     </span>
    </p>
   </div>
   <div class='ocr_carea' id='block_1_38' title="bbox 587 2409 2172 2484">
    <p class='ocr_par' dir='ltr' id='par_1_38' title="bbox 587 2409 2172 2484">
     <span class='ocr_line' id='line_1_38' title="bbox 587 2409 2172 2484; baseline 0.008 -27"><span class='ocrx_word' id='word_1_285' title='bbox 587 2414 702 2459; x_wconf 89' lang='lat' dir='ltr'><strong>tem</strong></span> <span class='ocrx_word' id='word_1_286' title='bbox 729 2414 875 2463; x_wconf 85' lang='lat' dir='ltr'><strong>tuam</strong></span> <span class='ocrx_word' id='word_1_287' title='bbox 921 2409 1096 2472; x_wconf 87' lang='lat' dir='ltr'><strong>erant,</strong></span> <span class='ocrx_word' id='word_1_288' title='bbox 1128 2418 1182 2463; x_wconf 90' lang='lat' dir='ltr'><strong>et</strong></span> <span class='ocrx_word' id='word_1_289' title='bbox 1223 2419 1408 2464; x_wconf 88' lang='lat' dir='ltr'><strong>creata</strong></span> <span class='ocrx_word' id='word_1_290' title='bbox 1452 2419 1578 2465; x_wconf 88' lang='lat' dir='ltr'><strong>sunt</strong></span> <span class='ocrx_word' id='word_1_291' title='bbox 1607 2411 1789 2482; x_wconf 70' lang='lat' dir='ltr'><strong>(Apoc.</strong></span> <span class='ocrx_word' id='word_1_292' title='bbox 1821 2414 1918 2484; x_wconf 87' lang='lat' dir='ltr'><strong>tv).</strong></span> <span class='ocrx_word' id='word_1_293' title='bbox 1953 2432 1972 2464; x_wconf 80' lang='grc'>›</span> <span class='ocrx_word' id='word_1_294' title='bbox 2014 2413 2172 2470; x_wconf 87' lang='lat' dir='ltr'><strong>Prius</strong></span> 
     </span>
    </p>
   </div>
   <div class='ocr_carea' id='block_1_39' title="bbox 588 2495 2168 2576">
    <p class='ocr_par' dir='ltr' id='par_1_39' title="bbox 588 2495 2168 2576">
     <span class='ocr_line' id='line_1_39' title="bbox 588 2495 2168 2576; baseline 0.007 -27"><span class='ocrx_word' id='word_1_295' title='bbox 588 2495 823 2562; x_wconf 90' lang='lat' dir='ltr'><strong>dicitur,</strong></span> <span class='ocrx_word' id='word_1_296' title='bbox 855 2497 980 2566; x_wconf 82' lang='lat' dir='ltr'><strong>quia</strong></span> <span class='ocrx_word' id='word_1_297' title='bbox 1035 2507 1225 2564; x_wconf 89' lang='lat' dir='ltr'><strong>erant,</strong></span> <span class='ocrx_word' id='word_1_298' title='bbox 1274 2511 1330 2554; x_wconf 90' lang='lat' dir='ltr'><strong>et</strong></span> <span class='ocrx_word' id='word_1_299' title='bbox 1359 2500 1702 2569; x_wconf 85' lang='lat' dir='ltr'><strong>postmodum</strong></span> <span class='ocrx_word' id='word_1_300' title='bbox 1752 2501 1920 2558; x_wconf 84' lang='lat' dir='ltr'><strong>fuisse</strong></span> <span class='ocrx_word' id='word_1_301' title='bbox 1963 2515 2168 2576; x_wconf 75' lang='lat' dir='ltr'><strong>creata.</strong></span> 
     </span>
    </p>
   </div>
   <div class='ocr_carea' id='block_1_40' title="bbox 588 2585 2171 2668">
    <p class='ocr_par' dir='ltr' id='par_1_40' title="bbox 588 2585 2171 2668">
     <span class='ocr_line' id='line_1_40' title="bbox 588 2585 2171 2668; baseline 0.008 -28"><span class='ocrx_word' id='word_1_302' title='bbox 588 2585 729 2668; x_wconf 78' lang='lat' dir='ltr'><strong>Quia</strong></span> <span class='ocrx_word' id='word_1_303' title='bbox 755 2603 875 2658; x_wconf 64' lang='lat' dir='ltr'><strong>quae</strong></span> <span class='ocrx_word' id='word_1_304' title='bbox 919 2587 1054 2644; x_wconf 78' lang='lat' dir='ltr'><strong>foris</strong></span> <span class='ocrx_word' id='word_1_305' title='bbox 1081 2603 1335 2659; x_wconf 81' lang='lat' dir='ltr'><strong>expressa</strong></span> <span class='ocrx_word' id='word_1_306' title='bbox 1365 2600 1490 2648; x_wconf 88' lang='lat' dir='ltr'><strong>sunt</strong></span> <span class='ocrx_word' id='word_1_307' title='bbox 1518 2607 1616 2662; x_wconf 91' lang='lat' dir='ltr'><strong>per</strong></span> <span class='ocrx_word' id='word_1_308' title='bbox 1649 2593 2014 2649; x_wconf 86' lang='lat' dir='ltr'><strong>conditionem</strong></span> <span class='ocrx_word' id='word_1_309' title='bbox 2043 2611 2171 2666; x_wconf 81' lang='lat' dir='ltr'><strong>ope-</strong></span> 
     </span>
    </p>
   </div>
   <div class='ocr_carea' id='block_1_41' title="bbox 585 2678 2168 2754">
    <p class='ocr_par' dir='ltr' id='par_1_41' title="bbox 585 2678 2168 2754">
     <span class='ocr_line' id='line_1_41' title="bbox 585 2678 2168 2754; baseline 0.004 -19"><span class='ocrx_word' id='word_1_310' title='bbox 585 2681 694 2745; x_wconf 79' lang='lat' dir='ltr'><strong>ris,</strong></span> <span class='ocrx_word' id='word_1_311' title='bbox 711 2678 823 2749; x_wconf 83' lang='lat' dir='ltr'><strong>jam</strong></span> <span class='ocrx_word' id='word_1_312' title='bbox 849 2682 992 2736; x_wconf 87' lang='lat' dir='ltr'><strong>intus</strong></span> <span class='ocrx_word' id='word_1_313' title='bbox 1019 2690 1177 2738; x_wconf 88' lang='lat' dir='ltr'><strong>erant</strong></span> <span class='ocrx_word' id='word_1_314' title='bbox 1217 2685 1268 2738; x_wconf 90' lang='lat' dir='ltr'><strong>in</strong></span> <span class='ocrx_word' id='word_1_315' title='bbox 1299 2685 1634 2754; x_wconf 84' lang='lat' dir='ltr'><strong>providentia</strong></span> <span class='ocrx_word' id='word_1_316' title='bbox 1683 2695 1738 2740; x_wconf 88' lang='lat' dir='ltr'><strong>et</strong></span> <span class='ocrx_word' id='word_1_317' title='bbox 1764 2686 1991 2742; x_wconf 86' lang='lat' dir='ltr'><strong>consilio</strong></span> <span class='ocrx_word' id='word_1_318' title='bbox 2021 2686 2168 2744; x_wconf 88' lang='lat' dir='ltr'><strong>Con-</strong></span> 
     </span>
    </p>
   </div>
   <div class='ocr_carea' id='block_1_42' title="bbox 591 2771 2166 2850">
    <p class='ocr_par' dir='ltr' id='par_1_42' title="bbox 591 2771 2166 2850">
     <span class='ocr_line' id='line_1_42' title="bbox 591 2771 2166 2850; baseline 0.004 -24"><span class='ocrx_word' id='word_1_319' title='bbox 591 2773 802 2850; x_wconf 85' lang='lat' dir='ltr'><strong>ditoris.</strong></span> <span class='ocrx_word' id='word_1_320' title='bbox 836 2771 1004 2826; x_wconf 86' lang='lat' dir='ltr'><strong>Porro</strong></span> <span class='ocrx_word' id='word_1_321' title='bbox 1031 2783 1211 2828; x_wconf 89' lang='lat' dir='ltr'><strong>autem</strong></span> <span class='ocrx_word' id='word_1_322' title='bbox 1261 2774 1403 2829; x_wconf 86' lang='lat' dir='ltr'><strong>sicut</strong></span> <span class='ocrx_word' id='word_1_323' title='bbox 1445 2775 1692 2830; x_wconf 86' lang='lat' dir='ltr'><strong>voluntas</strong></span> <span class='ocrx_word' id='word_1_324' title='bbox 1725 2777 1822 2831; x_wconf 84' lang='lat' dir='ltr'><strong>Dei</strong></span> <span class='ocrx_word' id='word_1_325' title='bbox 1867 2791 2031 2832; x_wconf 88' lang='lat' dir='ltr'><strong>causa</strong></span> <span class='ocrx_word' id='word_1_326' title='bbox 2059 2783 2166 2844; x_wconf 88' lang='lat' dir='ltr'><strong>est,</strong></span> 
     </span>
    </p>
   </div>
   <div class='ocr_carea' id='block_1_43' title="bbox 587 2864 2172 2936">
    <p class='ocr_par' dir='ltr' id='par_1_43' title="bbox 587 2864 2172 2936">
     <span class='ocr_line' id='line_1_43' title="bbox 587 2864 2172 2936; baseline 0.005 -22"><span class='ocrx_word' id='word_1_327' title='bbox 587 2872 649 2916; x_wconf 89' lang='lat' dir='ltr'><strong>ut</strong></span> <span class='ocrx_word' id='word_1_328' title='bbox 679 2879 799 2932; x_wconf 69' lang='lat' dir='ltr'><strong>quae</strong></span> <span class='ocrx_word' id='word_1_329' title='bbox 824 2864 1060 2918; x_wconf 89' lang='lat' dir='ltr'><strong>nondum</strong></span> <span class='ocrx_word' id='word_1_330' title='bbox 1087 2874 1220 2920; x_wconf 85' lang='lat' dir='ltr'><strong>sunt</strong></span> <span class='ocrx_word' id='word_1_331' title='bbox 1247 2866 1464 2921; x_wconf 88' lang='lat' dir='ltr'><strong>condita</strong></span> <span class='ocrx_word' id='word_1_332' title='bbox 1485 2907 1501 2932; x_wconf 96' lang='lat'><strong>,</strong></span> <span class='ocrx_word' id='word_1_333' title='bbox 1528 2867 1864 2936; x_wconf 78' lang='lat' dir='ltr'><strong>uriginaliter</strong></span> <span class='ocrx_word' id='word_1_334' title='bbox 1891 2868 2049 2934; x_wconf 84' lang='lat' dir='ltr'><strong>ﬁant;</strong></span> <span class='ocrx_word' id='word_1_335' title='bbox 2093 2869 2172 2924; x_wconf 78' lang='lat' dir='ltr'><strong>ita</strong></span> 
     </span>
    </p>
   </div>
   <div class='ocr_carea' id='block_1_44' title="bbox 583 2952 2163 3030">
    <p class='ocr_par' dir='ltr' id='par_1_44' title="bbox 583 2952 2163 3030">
     <span class='ocr_line' id='line_1_44' title="bbox 583 2952 2163 3030; baseline 0.004 -23"><span class='ocrx_word' id='word_1_336' title='bbox 583 2954 938 3010; x_wconf 79' lang='lat' dir='ltr'><strong>nihilominus</strong></span> <span class='ocrx_word' id='word_1_337' title='bbox 978 2952 1164 3010; x_wconf 78' lang='lat' dir='ltr'><strong>cﬂicax</strong></span> <span class='ocrx_word' id='word_1_338' title='bbox 1194 2971 1354 3011; x_wconf 88' lang='lat' dir='ltr'><strong>causa</strong></span> <span class='ocrx_word' id='word_1_339' title='bbox 1385 2966 1468 3013; x_wconf 90' lang='lat' dir='ltr'><strong>est</strong></span> <span class='ocrx_word' id='word_1_340' title='bbox 1486 2967 1589 3023; x_wconf 66' lang='lat' dir='ltr'><strong>,‘ut</strong></span> <span class='ocrx_word' id='word_1_341' title='bbox 1613 2973 1733 3028; x_wconf 64' lang='lat' dir='ltr'><strong>quae</strong></span> <span class='ocrx_word' id='word_1_342' title='bbox 1780 2968 1908 3013; x_wconf 90' lang='lat' dir='ltr'><strong>sunt</strong></span> <span class='ocrx_word' id='word_1_343' title='bbox 1933 2959 2163 3030; x_wconf 86' lang='lat' dir='ltr'><strong>perdita,</strong></span> 
     </span>
    </p>
   </div>
   <div class='ocr_carea' id='block_1_45' title="bbox 583 3044 2167 3118">
    <p class='ocr_par' dir='ltr' id='par_1_45' title="bbox 583 3044 2167 3118">
     <span class='ocr_line' id='line_1_45' title="bbox 583 3044 2167 3118; baseline 0.003 -20"><span class='ocrx_word' id='word_1_344' title='bbox 583 3044 652 3098; x_wconf 85' lang='lat' dir='ltr'><strong>ad</strong></span> <span class='ocrx_word' id='word_1_345' title='bbox 683 3054 862 3100; x_wconf 83' lang='lat' dir='ltr'><strong>status</strong></span> <span class='ocrx_word' id='word_1_346' title='bbox 891 3045 973 3101; x_wconf 90' lang='lat' dir='ltr'><strong>sui</strong></span> <span class='ocrx_word' id='word_1_347' title='bbox 1018 3047 1262 3102; x_wconf 87' lang='lat' dir='ltr'><strong>ordinem</strong></span> <span class='ocrx_word' id='word_1_348' title='bbox 1293 3047 1534 3103; x_wconf 89' lang='lat' dir='ltr'><strong>redeant.</strong></span> <span class='ocrx_word' id='word_1_349' title='bbox 1564 3066 1582 3099; x_wconf 79' lang='grc' dir='ltr'><strong>ι</strong></span> <span class='ocrx_word' id='word_1_350' title='bbox 1625 3048 1874 3118; x_wconf 80' lang='lat' dir='ltr'><strong>Nunquid</strong></span> <span class='ocrx_word' id='word_1_351' title='bbox 1903 3049 2046 3104; x_wconf 86' lang='lat' dir='ltr'><strong>enim</strong></span> <span class='ocrx_word' id='word_1_352' title='bbox 2073 3063 2167 3103; x_wconf 90' lang='lat' dir='ltr'><strong>vo-</strong></span> 
     </span>
    </p>
   </div>
   <div class='ocr_carea' id='block_1_46' title="bbox 581 3135 2161 3208">
    <p class='ocr_par' dir='ltr' id='par_1_46' title="bbox 581 3135 2161 3208">
     <span class='ocr_line' id='line_1_46' title="bbox 581 3135 2161 3208; baseline 0.004 -20"><span class='ocrx_word' id='word_1_353' title='bbox 581 3135 807 3190; x_wconf 89' lang='lat' dir='ltr'><strong>luntatis</strong></span> <span class='ocrx_word' id='word_1_354' title='bbox 849 3151 990 3192; x_wconf 75' lang='lat' dir='ltr'><strong>meze</strong></span> <span class='ocrx_word' id='word_1_355' title='bbox 1031 3147 1116 3192; x_wconf 84' lang='lat' dir='ltr'><strong>est</strong></span> <span class='ocrx_word' id='word_1_356' title='bbox 1159 3152 1307 3194; x_wconf 87' lang='lat' dir='ltr'><strong>mors</strong></span> <span class='ocrx_word' id='word_1_357' title='bbox 1347 3139 1518 3208; x_wconf 89' lang='lat' dir='ltr'><strong>impii,</strong></span> <span class='ocrx_word' id='word_1_358' title='bbox 1560 3139 1692 3193; x_wconf 90' lang='lat' dir='ltr'><strong>dicit</strong></span> <span class='ocrx_word' id='word_1_359' title='bbox 1735 3138 2030 3194; x_wconf 87' lang='lat' dir='ltr'><strong>Dominus?</strong></span> <span class='ocrx_word' id='word_1_360' title='bbox 2055 3137 2161 3194; x_wconf 85' lang='lat' dir='ltr'><strong>Sed</strong></span> 
     </span>
    </p>
   </div>
   <div class='ocr_carea' id='block_1_47' title="bbox 582 3226 1909 3302">
    <p class='ocr_par' dir='ltr' id='par_1_47' title="bbox 582 3226 1909 3302">
     <span class='ocr_line' id='line_1_47' title="bbox 582 3226 1909 3302; baseline 0.002 -24"><span class='ocrx_word' id='word_1_361' title='bbox 582 3226 706 3280; x_wconf 83' lang='lat' dir='ltr'><strong>volo</strong></span> <span class='ocrx_word' id='word_1_362' title='bbox 735 3237 792 3281; x_wconf 92' lang='lat' dir='ltr'><strong>ut</strong></span> <span class='ocrx_word' id='word_1_363' title='bbox 817 3239 1166 3284; x_wconf 80' lang='lat' dir='ltr'><strong>convertatur</strong></span> <span class='ocrx_word' id='word_1_364' title='bbox 1191 3237 1246 3284; x_wconf 85' lang='lat' dir='ltr'><strong>et</strong></span> <span class='ocrx_word' id='word_1_365' title='bbox 1268 3231 1412 3283; x_wconf 85' lang='lat' dir='ltr'><strong>vivat</strong></span> <span class='ocrx_word' id='word_1_366' title='bbox 1436 3227 1652 3296; x_wconf 78' lang='lat' dir='ltr'><strong>(Ezech.</strong></span> <span class='ocrx_word' id='word_1_367' title='bbox 1680 3229 1857 3302; x_wconf 82' lang='lat' dir='ltr'><strong>xvtu).</strong></span> <span class='ocrx_word' id='word_1_368' title='bbox 1886 3249 1909 3282; x_wconf 75' lang='grc' dir='ltr'><strong>ι,</strong></span> 
     </span>
    </p>
   </div>
   <div class='ocr_carea' id='block_1_48' title="bbox 654 3317 2164 3391">
    <p class='ocr_par' dir='ltr' id='par_1_48' title="bbox 654 3317 2164 3391">
     <span class='ocr_line' id='line_1_48' title="bbox 654 3317 2164 3391; baseline 0.001 -17"><span class='ocrx_word' id='word_1_369' title='bbox 654 3317 727 3374; x_wconf 86' lang='lat' dir='ltr'><strong>Ut</strong></span> <span class='ocrx_word' id='word_1_370' title='bbox 753 3331 883 3391; x_wconf 87' lang='lat' dir='ltr'><strong>ergo</strong></span> <span class='ocrx_word' id='word_1_371' title='bbox 925 3320 992 3374; x_wconf 84' lang='lat' dir='ltr'><strong>ad</strong></span> <span class='ocrx_word' id='word_1_372' title='bbox 1025 3320 1100 3384; x_wconf 88' lang='lat' dir='ltr'><strong>id,</strong></span> <span class='ocrx_word' id='word_1_373' title='bbox 1135 3319 1278 3389; x_wconf 91' lang='lat' dir='ltr'><strong>quod</strong></span> <span class='ocrx_word' id='word_1_374' title='bbox 1319 3319 1657 3390; x_wconf 66' lang='lat' dir='ltr'><strong>pra-libatum</strong></span> <span class='ocrx_word' id='word_1_375' title='bbox 1704 3328 1809 3383; x_wconf 90' lang='lat' dir='ltr'><strong>est,</strong></span> <span class='ocrx_word' id='word_1_376' title='bbox 1842 3335 2023 3374; x_wconf 87' lang='lat' dir='ltr'><strong>sermo</strong></span> <span class='ocrx_word' id='word_1_377' title='bbox 2077 3334 2164 3376; x_wconf 85' lang='lat' dir='ltr'><strong>re-</strong></span> 
     </span>
    </p>
   </div>
   <div class='ocr_carea' id='block_1_49' title="bbox 580 3408 2168 3481">
    <p class='ocr_par' dir='ltr' id='par_1_49' title="bbox 580 3408 2168 3481">
     <span class='ocr_line' id='line_1_49' title="bbox 580 3408 2168 3481; baseline 0.002 -19"><span class='ocrx_word' id='word_1_378' title='bbox 580 3417 790 3474; x_wconf 85' lang='lat' dir='ltr'><strong>currat,</strong></span> <span class='ocrx_word' id='word_1_379' title='bbox 810 3408 938 3476; x_wconf 87' lang='lat' dir='ltr'><strong>quid</strong></span> <span class='ocrx_word' id='word_1_380' title='bbox 980 3409 1296 3479; x_wconf 65' lang='lat' dir='ltr'><strong>prmjudicat</strong></span> <span class='ocrx_word' id='word_1_381' title='bbox 1344 3408 1452 3464; x_wconf 89' lang='lat' dir='ltr'><strong>Deo</strong></span> <span class='ocrx_word' id='word_1_382' title='bbox 1496 3410 1758 3464; x_wconf 84' lang='lat' dir='ltr'><strong>suscitare</strong></span> <span class='ocrx_word' id='word_1_383' title='bbox 1798 3423 1957 3480; x_wconf 88' lang='lat' dir='ltr'><strong>posse</strong></span> <span class='ocrx_word' id='word_1_384' title='bbox 2004 3409 2168 3481; x_wconf 81' lang='lat' dir='ltr'><strong>virgi-</strong></span> 
     </span>
    </p>
   </div>
   <div class='ocr_carea' id='block_1_50' title="bbox 500 3497 2164 3570">
    <p class='ocr_par' dir='ltr' id='par_1_50' title="bbox 500 3497 2164 3570">
     <span class='ocr_line' id='line_1_50' title="bbox 500 3497 2164 3570; baseline 0.001 -18"><span class='ocrx_word' id='word_1_385' title='bbox 500 3566 503 3569; x_wconf 93' lang='lat'><strong><em>_</em></strong></span> <span class='ocrx_word' id='word_1_386' title='bbox 579 3514 706 3552; x_wconf 74' lang='lat' dir='ltr'><strong>nam</strong></span> <span class='ocrx_word' id='word_1_387' title='bbox 759 3508 881 3568; x_wconf 91' lang='lat' dir='ltr'><strong>post</strong></span> <span class='ocrx_word' id='word_1_388' title='bbox 935 3499 1183 3553; x_wconf 85' lang='lat' dir='ltr'><strong>ruinam?</strong></span> <span class='ocrx_word' id='word_1_389' title='bbox 1239 3497 1492 3570; x_wconf 78' lang='lat' dir='ltr'><strong>Nunquid</strong></span> <span class='ocrx_word' id='word_1_390' title='bbox 1544 3499 1746 3554; x_wconf 86' lang='lat' dir='ltr'><strong>idcirco</strong></span> <span class='ocrx_word' id='word_1_391' title='bbox 1796 3514 1904 3555; x_wconf 89' lang='lat' dir='ltr'><strong>non</strong></span> <span class='ocrx_word' id='word_1_392' title='bbox 1964 3507 2164 3569; x_wconf 88' lang='lat' dir='ltr'><strong>potest,</strong></span> 
     </span>
    </p>
   </div>
   <div class='ocr_carea' id='block_1_51' title="bbox 583 3591 2162 3662">
    <p class='ocr_par' dir='ltr' id='par_1_51' title="bbox 583 3591 2162 3662">
     <span class='ocr_line' id='line_1_51' title="bbox 583 3591 2162 3662; baseline 0.003 -21"><span class='ocrx_word' id='word_1_393' title='bbox 583 3591 708 3662; x_wconf 84' lang='lat' dir='ltr'><strong>quia</strong></span> <span class='ocrx_word' id='word_1_394' title='bbox 739 3607 846 3644; x_wconf 85' lang='lat' dir='ltr'><strong>non</strong></span> <span class='ocrx_word' id='word_1_395' title='bbox 877 3591 1024 3656; x_wconf 88' lang='lat' dir='ltr'><strong>vult;</strong></span> <span class='ocrx_word' id='word_1_396' title='bbox 1055 3601 1109 3646; x_wconf 91' lang='lat' dir='ltr'><strong>ct</strong></span> <span class='ocrx_word' id='word_1_397' title='bbox 1135 3591 1341 3646; x_wconf 87' lang='lat' dir='ltr'><strong>idcirco</strong></span> <span class='ocrx_word' id='word_1_398' title='bbox 1373 3607 1478 3646; x_wconf 92' lang='lat' dir='ltr'><strong>non</strong></span> <span class='ocrx_word' id='word_1_399' title='bbox 1502 3591 1638 3656; x_wconf 88' lang='lat' dir='ltr'><strong>vult,</strong></span> <span class='ocrx_word' id='word_1_400' title='bbox 1669 3591 1793 3661; x_wconf 85' lang='lat' dir='ltr'><strong>quia</strong></span> <span class='ocrx_word' id='word_1_401' title='bbox 1824 3592 2023 3645; x_wconf 81' lang='lat' dir='ltr'><strong>malum</strong></span> <span class='ocrx_word' id='word_1_402' title='bbox 2043 3600 2162 3659; x_wconf 87' lang='lat' dir='ltr'><strong>est;</strong></span> 
     </span>
    </p>
   </div>
   <div class='ocr_carea' id='block_1_52' title="bbox 581 3680 2163 3752">
    <p class='ocr_par' dir='ltr' id='par_1_52' title="bbox 581 3680 2163 3752">
     <span class='ocr_line' id='line_1_52' title="bbox 581 3680 2163 3752; baseline 0 -16"><span class='ocrx_word' id='word_1_403' title='bbox 581 3683 727 3736; x_wconf 82' lang='lat' dir='ltr'><strong>sicut</strong></span> <span class='ocrx_word' id='word_1_404' title='bbox 750 3680 952 3735; x_wconf 87' lang='lat' dir='ltr'><strong>dictum</strong></span> <span class='ocrx_word' id='word_1_405' title='bbox 981 3692 1087 3745; x_wconf 87' lang='lat' dir='ltr'><strong>est,</strong></span> <span class='ocrx_word' id='word_1_406' title='bbox 1133 3682 1371 3748; x_wconf 82' lang='lat' dir='ltr'><strong>mentiri,</strong></span> <span class='ocrx_word' id='word_1_407' title='bbox 1413 3690 1468 3737; x_wconf 88' lang='lat' dir='ltr'><strong>et</strong></span> <span class='ocrx_word' id='word_1_408' title='bbox 1491 3680 1770 3752; x_wconf 73' lang='lat' dir='ltr'><strong>peierare,</strong></span> <span class='ocrx_word' id='word_1_409' title='bbox 1811 3691 1866 3736; x_wconf 88' lang='lat' dir='ltr'><strong>et</strong></span> <span class='ocrx_word' id='word_1_410' title='bbox 1907 3681 2163 3752; x_wconf 84' lang='lat' dir='ltr'><strong>injustum</strong></span> 
     </span>
    </p>
   </div>
   <div class='ocr_carea' id='block_1_53' title="bbox 581 3769 2163 3842">
    <p class='ocr_par' dir='ltr' id='par_1_53' title="bbox 581 3769 2163 3842">
     <span class='ocr_line' id='line_1_53' title="bbox 581 3769 2163 3842; baseline 0.002 -19"><span class='ocrx_word' id='word_1_411' title='bbox 581 3769 712 3840; x_wconf 86' lang='lat' dir='ltr'><strong>quid</strong></span> <span class='ocrx_word' id='word_1_412' title='bbox 745 3772 950 3839; x_wconf 78' lang='lat' dir='ltr'><strong>facere,</strong></span> <span class='ocrx_word' id='word_1_413' title='bbox 975 3771 1138 3826; x_wconf 88' lang='lat' dir='ltr'><strong>Deum</strong></span> <span class='ocrx_word' id='word_1_414' title='bbox 1165 3788 1265 3826; x_wconf 87' lang='lat' dir='ltr'><strong>nec</strong></span> <span class='ocrx_word' id='word_1_415' title='bbox 1294 3771 1457 3836; x_wconf 76' lang='lat' dir='ltr'><strong>velle,</strong></span> <span class='ocrx_word' id='word_1_416' title='bbox 1493 3787 1592 3826; x_wconf 82' lang='lat' dir='ltr'><strong>nec</strong></span> <span class='ocrx_word' id='word_1_417' title='bbox 1622 3773 1820 3842; x_wconf 81' lang='lat' dir='ltr'><strong>posse?</strong></span> <span class='ocrx_word' id='word_1_418' title='bbox 1848 3771 1955 3827; x_wconf 89' lang='lat' dir='ltr'><strong>Sed</strong></span> <span class='ocrx_word' id='word_1_419' title='bbox 1999 3771 2163 3838; x_wconf 85' lang='lat' dir='ltr'><strong>absit,</strong></span> 
     </span>
    </p>
   </div>
   <div class='ocr_carea' id='block_1_54' title="bbox 582 3859 2164 3932">
    <p class='ocr_par' dir='ltr' id='par_1_54' title="bbox 582 3859 2164 3932">
     <span class='ocr_line' id='line_1_54' title="bbox 582 3859 2164 3932; baseline 0.001 -20"><span class='ocrx_word' id='word_1_420' title='bbox 582 3871 644 3914; x_wconf 91' lang='lat' dir='ltr'><strong>ut</strong></span> <span class='ocrx_word' id='word_1_421' title='bbox 670 3859 870 3914; x_wconf 88' lang='lat' dir='ltr'><strong>malum</strong></span> <span class='ocrx_word' id='word_1_422' title='bbox 897 3859 1064 3915; x_wconf 90' lang='lat' dir='ltr'><strong>sitde</strong></span> <span class='ocrx_word' id='word_1_423' title='bbox 1087 3861 1310 3924; x_wconf 86' lang='lat' dir='ltr'><strong>violata,</strong></span> <span class='ocrx_word' id='word_1_424' title='bbox 1358 3861 1620 3932; x_wconf 76' lang='lat' dir='ltr'><strong>virginem</strong></span> <span class='ocrx_word' id='word_1_425' title='bbox 1666 3861 1820 3928; x_wconf 79' lang='lat' dir='ltr'><strong>ﬁeri;</strong></span> <span class='ocrx_word' id='word_1_426' title='bbox 1876 3861 1986 3917; x_wconf 92' lang='lat' dir='ltr'><strong>imo</strong></span> <span class='ocrx_word' id='word_1_427' title='bbox 2023 3862 2164 3916; x_wconf 86' lang='lat' dir='ltr'><strong>sicut</strong></span> 
     </span>
    </p>
   </div>
   <div class='ocr_carea' id='block_1_55' title="bbox 583 3951 2162 4021">
    <p class='ocr_par' dir='ltr' id='par_1_55' title="bbox 583 3951 2162 4021">
     <span class='ocr_line' id='line_1_55' title="bbox 583 3951 2162 4021; baseline 0.001 -15"><span class='ocrx_word' id='word_1_428' title='bbox 583 3951 786 4006; x_wconf 91' lang='lat' dir='ltr'><strong>malum</strong></span> <span class='ocrx_word' id='word_1_429' title='bbox 821 3960 904 4007; x_wconf 85' lang='lat' dir='ltr'><strong>est</strong></span> <span class='ocrx_word' id='word_1_430' title='bbox 933 3951 1198 4021; x_wconf 73' lang='lat' dir='ltr'><strong>virginem</strong></span> <span class='ocrx_word' id='word_1_431' title='bbox 1228 3951 1441 4017; x_wconf 88' lang='lat' dir='ltr'><strong>violari,</strong></span> <span class='ocrx_word' id='word_1_432' title='bbox 1482 3952 1555 4006; x_wconf 90' lang='lat' dir='ltr'><strong>ita</strong></span> <span class='ocrx_word' id='word_1_433' title='bbox 1585 3951 1838 4007; x_wconf 89' lang='lat' dir='ltr'><strong>violatam</strong></span> <span class='ocrx_word' id='word_1_434' title='bbox 1887 3952 2064 4008; x_wconf 90' lang='lat' dir='ltr'><strong>redire</strong></span> <span class='ocrx_word' id='word_1_435' title='bbox 2108 3953 2162 4007; x_wconf 88' lang='lat' dir='ltr'><strong>in</strong></span> 
     </span>
    </p>
   </div>
   <div class='ocr_carea' id='block_1_56' title="bbox 579 4039 2160 4111">
    <p class='ocr_par' dir='ltr' id='par_1_56' title="bbox 579 4039 2160 4111">
     <span class='ocr_line' id='line_1_56' title="bbox 579 4039 2160 4111; baseline 0.003 -19"><span class='ocrx_word' id='word_1_436' title='bbox 579 4039 845 4111; x_wconf 77' lang='lat' dir='ltr'><strong>virginem</strong></span> <span class='ocrx_word' id='word_1_437' title='bbox 872 4040 1061 4109; x_wconf 77' lang='lat' dir='ltr'><strong>procul</strong></span> <span class='ocrx_word' id='word_1_438' title='bbox 1092 4041 1253 4095; x_wconf 90' lang='lat' dir='ltr'><strong>dubio</strong></span> <span class='ocrx_word' id='word_1_439' title='bbox 1279 4041 1480 4094; x_wconf 89' lang='lat' dir='ltr'><strong>bonum</strong></span> <span class='ocrx_word' id='word_1_440' title='bbox 1526 4049 1691 4105; x_wconf 87' lang='lat' dir='ltr'><strong>esset,</strong></span> <span class='ocrx_word' id='word_1_441' title='bbox 1731 4041 1776 4096; x_wconf 88' lang='lat' dir='ltr'><strong>si</strong></span> <span class='ocrx_word' id='word_1_442' title='bbox 1813 4041 2007 4095; x_wconf 76' lang='lat' dir='ltr'><strong>divina:</strong></span> <span class='ocrx_word' id='word_1_443' title='bbox 2049 4041 2160 4096; x_wconf 90' lang='lat' dir='ltr'><strong>dis-</strong></span> 
     </span>
    </p>
   </div>
   <div class='ocr_carea' id='block_1_57' title="bbox 518 4130 2164 4204">
    <p class='ocr_par' dir='ltr' id='par_1_57' title="bbox 518 4130 2164 4204">
     <span class='ocr_line' id='line_1_57' title="bbox 518 4130 2164 4204; baseline 0.001 -20"><span class='ocrx_word' id='word_1_444' title='bbox 518 4195 522 4199; x_wconf 33' lang='lat'><strong>,</strong></span> <span class='ocrx_word' id='word_1_445' title='bbox 580 4130 870 4199; x_wconf 86' lang='lat' dir='ltr'><strong>positionis</strong></span> <span class='ocrx_word' id='word_1_446' title='bbox 915 4131 1053 4186; x_wconf 88' lang='lat' dir='ltr'><strong>ordo</strong></span> <span class='ocrx_word' id='word_1_447' title='bbox 1087 4130 1452 4198; x_wconf 84' lang='lat' dir='ltr'><strong>concederet,</strong></span> <span class='ocrx_word' id='word_1_448' title='bbox 1492 4147 1548 4185; x_wconf 92' lang='lat' dir='ltr'><strong>v.</strong></span> <span class='ocrx_word' id='word_1_449' title='bbox 1592 4149 1644 4201; x_wconf 85' lang='lat' dir='ltr'><strong>g.</strong></span> <span class='ocrx_word' id='word_1_450' title='bbox 1708 4132 1980 4188; x_wconf 85' lang='lat' dir='ltr'><strong>hominem</strong></span> <span class='ocrx_word' id='word_1_451' title='bbox 2041 4141 2164 4204; x_wconf 83' lang='lat' dir='ltr'><strong>post</strong></span> 
     </span>
    </p>
   </div>
   <div class='ocr_carea' id='block_1_58' title="bbox 575 4216 2162 4289">
    <p class='ocr_par' dir='ltr' id='par_1_58' title="bbox 575 4216 2162 4289">
     <span class='ocr_line' id='line_1_58' title="bbox 575 4216 2162 4289; baseline 0.004 -19"><span class='ocrx_word' id='word_1_452' title='bbox 575 4216 794 4288; x_wconf 88' lang='lat' dir='ltr'><strong>lapsum</strong></span> <span class='ocrx_word' id='word_1_453' title='bbox 837 4220 1032 4274; x_wconf 82' lang='lat' dir='ltr'><strong>niertis</strong></span> <span class='ocrx_word' id='word_1_454' title='bbox 1085 4219 1267 4276; x_wconf 85' lang='lat' dir='ltr'><strong>subire</strong></span> <span class='ocrx_word' id='word_1_455' title='bbox 1311 4221 1636 4287; x_wconf 87' lang='lat' dir='ltr'><strong>vindictam;</strong></span> <span class='ocrx_word' id='word_1_456' title='bbox 1692 4221 1822 4277; x_wconf 90' lang='lat' dir='ltr'><strong>licet</strong></span> <span class='ocrx_word' id='word_1_457' title='bbox 1862 4220 2010 4289; x_wconf 85' lang='lat' dir='ltr'><strong>justo</strong></span> <span class='ocrx_word' id='word_1_458' title='bbox 2067 4222 2162 4276; x_wconf 91' lang='lat' dir='ltr'><strong>Dei</strong></span> 
     </span>
    </p>
   </div>
   <div class='ocr_carea' id='block_1_59' title="bbox 577 4307 2164 4378">
    <p class='ocr_par' dir='ltr' id='par_1_59' title="bbox 577 4307 2164 4378">
     <span class='ocr_line' id='line_1_59' title="bbox 577 4307 2164 4378; baseline 0.003 -14"><span class='ocrx_word' id='word_1_459' title='bbox 577 4307 782 4378; x_wconf 83' lang='lat' dir='ltr'><strong>judicio</strong></span> <span class='ocrx_word' id='word_1_460' title='bbox 813 4312 1014 4366; x_wconf 90' lang='lat' dir='ltr'><strong>malum</strong></span> <span class='ocrx_word' id='word_1_461' title='bbox 1060 4311 1178 4367; x_wconf 81' lang='lat' dir='ltr'><strong>fuit.</strong></span> <span class='ocrx_word' id='word_1_462' title='bbox 1234 4311 1460 4368; x_wconf 85' lang='lat' dir='ltr'><strong>Mortem</strong></span> <span class='ocrx_word' id='word_1_463' title='bbox 1500 4315 1645 4368; x_wconf 88' lang='lat' dir='ltr'><strong>enim</strong></span> <span class='ocrx_word' id='word_1_464' title='bbox 1690 4314 1834 4370; x_wconf 89' lang='lat' dir='ltr'><strong>Deus</strong></span> <span class='ocrx_word' id='word_1_465' title='bbox 1869 4329 1977 4372; x_wconf 87' lang='lat' dir='ltr'><strong>non</strong></span> <span class='ocrx_word' id='word_1_466' title='bbox 2032 4313 2164 4371; x_wconf 81' lang='lat' dir='ltr'><strong>fecit</strong></span> 
     </span>
    </p>
   </div>
   <div class='ocr_carea' id='block_1_60' title="bbox 582 4404 2163 4479">
    <p class='ocr_par' dir='ltr' id='par_1_60' title="bbox 582 4404 2163 4479">
     <span class='ocr_line' id='line_1_60' title="bbox 582 4404 2163 4479; baseline 0.001 -18"><span class='ocrx_word' id='word_1_467' title='bbox 582 4404 738 4474; x_wconf 75' lang='grc' dir='ltr'><strong>(δίῳ.</strong></span> <span class='ocrx_word' id='word_1_468' title='bbox 772 4411 834 4475; x_wconf 77' lang='lat'><strong>1),</strong></span> <span class='ocrx_word' id='word_1_469' title='bbox 865 4421 984 4461; x_wconf 87' lang='lat' dir='ltr'><strong>cum</strong></span> <span class='ocrx_word' id='word_1_470' title='bbox 1014 4407 1127 4478; x_wconf 84' lang='lat' dir='ltr'><strong>ipse</strong></span> <span class='ocrx_word' id='word_1_471' title='bbox 1161 4408 1339 4477; x_wconf 79' lang='lat' dir='ltr'><strong>potius</strong></span> <span class='ocrx_word' id='word_1_472' title='bbox 1367 4409 1441 4462; x_wconf 91' lang='lat' dir='ltr'><strong>sit</strong></span> <span class='ocrx_word' id='word_1_473' title='bbox 1469 4423 1614 4462; x_wconf 86' lang='lat' dir='ltr'><strong>mors</strong></span> <span class='ocrx_word' id='word_1_474' title='bbox 1643 4408 1834 4470; x_wconf 86' lang='lat' dir='ltr'><strong>mortis</strong></span> <span class='ocrx_word' id='word_1_475' title='bbox 1875 4407 2042 4479; x_wconf 87' lang='lat' dir='ltr'><strong>(sicut</strong></span> <span class='ocrx_word' id='word_1_476' title='bbox 2066 4423 2163 4478; x_wconf 90' lang='lat' dir='ltr'><strong>per</strong></span> 
     </span>
    </p>
   </div>
   <div class='ocr_carea' id='block_1_61' title="bbox 549 4499 2165 4572">
    <p class='ocr_par' dir='ltr' id='par_1_61' title="bbox 549 4499 2165 4572">
     <span class='ocr_line' id='line_1_61' title="bbox 549 4499 2165 4572; baseline 0.002 -18"><span class='ocrx_word' id='word_1_477' title='bbox 549 4499 776 4571; x_wconf 72' lang='lat' dir='ltr'><strong>Oscam</strong></span> <span class='ocrx_word' id='word_1_478' title='bbox 817 4501 1134 4570; x_wconf 74' lang='lat' dir='ltr'><strong>prophciam</strong></span> <span class='ocrx_word' id='word_1_479' title='bbox 1191 4502 1362 4556; x_wconf 90' lang='lat' dir='ltr'><strong>dicit:</strong></span> <span class='ocrx_word' id='word_1_480' title='bbox 1399 4521 1416 4554; x_wconf 81' lang='grc' dir='ltr'><strong>ι</strong></span> <span class='ocrx_word' id='word_1_481' title='bbox 1453 4501 1561 4556; x_wconf 84' lang='lat' dir='ltr'><strong>Ero</strong></span> <span class='ocrx_word' id='word_1_482' title='bbox 1592 4517 1740 4558; x_wconf 88' lang='lat' dir='ltr'><strong>mors</strong></span> <span class='ocrx_word' id='word_1_483' title='bbox 1773 4511 1894 4568; x_wconf 89' lang='lat' dir='ltr'><strong>tua,</strong></span> <span class='ocrx_word' id='word_1_484' title='bbox 1931 4501 1990 4572; x_wconf 76' lang='lat'><strong>0|</strong></span> <span class='ocrx_word' id='word_1_485' title='bbox 2015 4517 2165 4558; x_wconf 84' lang='lat' dir='ltr'><strong>mors</strong></span> 
     </span>
    </p>
   </div>
   <div class='ocr_carea' id='block_1_62' title="bbox 574 4587 2163 4665">
    <p class='ocr_par' dir='ltr' id='par_1_62' title="bbox 574 4587 2163 4665">
     <span class='ocr_line' id='line_1_62' title="bbox 574 4587 2163 4665; baseline 0.001 -19"><span class='ocrx_word' id='word_1_486' title='bbox 574 4587 734 4663; x_wconf 74' lang='lat' dir='ltr'><strong>[Osee</strong></span> <span class='ocrx_word' id='word_1_487' title='bbox 762 4607 860 4645; x_wconf 74' lang='lat' dir='ltr'><strong>xui</strong></span> <span class='ocrx_word' id='word_1_488' title='bbox 876 4609 890 4656; x_wconf 89' lang='lat'><strong>;</strong></span> <span class='ocrx_word' id='word_1_489' title='bbox 908 4590 936 4645; x_wconf 87' lang='grc'><strong>1</strong></span> <span class='ocrx_word' id='word_1_490' title='bbox 950 4591 1074 4646; x_wconf 85' lang='lat' dir='ltr'><strong>Cor.</strong></span> <span class='ocrx_word' id='word_1_491' title='bbox 1100 4591 1244 4665; x_wconf 63' lang='grc' dir='ltr'><strong>κη).</strong></span> <span class='ocrx_word' id='word_1_492' title='bbox 1263 4593 1418 4648; x_wconf 69' lang='lat' dir='ltr'><strong>siam</strong></span> <span class='ocrx_word' id='word_1_493' title='bbox 1441 4609 1574 4650; x_wconf 85' lang='lat' dir='ltr'><strong>vero</strong></span> <span class='ocrx_word' id='word_1_494' title='bbox 1590 4593 1780 4649; x_wconf 89' lang='lat' dir='ltr'><strong>saltem</strong></span> <span class='ocrx_word' id='word_1_495' title='bbox 1804 4603 1927 4665; x_wconf 88' lang='lat' dir='ltr'><strong>post</strong></span> <span class='ocrx_word' id='word_1_496' title='bbox 1956 4595 2163 4650; x_wconf 89' lang='lat' dir='ltr'><strong>redem-</strong></span> 
     </span>
    </p>
   </div>
   <div class='ocr_carea' id='block_1_63' title="bbox 574 4683 2159 4756">
    <p class='ocr_par' dir='ltr' id='par_1_63' title="bbox 574 4683 2159 4756">
     <span class='ocr_line' id='line_1_63' title="bbox 574 4683 2159 4756; baseline 0.001 -18"><span class='ocrx_word' id='word_1_497' title='bbox 574 4683 778 4752; x_wconf 87' lang='lat' dir='ltr'><strong>ptionis</strong></span> <span class='ocrx_word' id='word_1_498' title='bbox 827 4693 1028 4740; x_wconf 78' lang='lat' dir='ltr'><strong>nostrae</strong></span> <span class='ocrx_word' id='word_1_499' title='bbox 1085 4686 1424 4756; x_wconf 77' lang='lat' dir='ltr'><strong>mysterium,</strong></span> <span class='ocrx_word' id='word_1_500' title='bbox 1481 4685 1754 4740; x_wconf 85' lang='lat' dir='ltr'><strong>hominem</strong></span> <span class='ocrx_word' id='word_1_501' title='bbox 1797 4685 2159 4741; x_wconf 86' lang='lat' dir='ltr'><strong>immortalem</strong></span> 
     </span>
    </p>
   </div>
   <div class='ocr_carea' id='block_1_64' title="bbox 574 4777 2156 4847">
    <p class='ocr_par' dir='ltr' id='par_1_64' title="bbox 574 4777 2156 4847">
     <span class='ocr_line' id='line_1_64' title="bbox 574 4777 2156 4847; baseline 0.002 -17"><span class='ocrx_word' id='word_1_502' title='bbox 574 4777 696 4830; x_wconf 84' lang='lat' dir='ltr'><strong>ﬁeri</strong></span> <span class='ocrx_word' id='word_1_503' title='bbox 726 4786 874 4832; x_wconf 85' lang='lat' dir='ltr'><strong>certe</strong></span> <span class='ocrx_word' id='word_1_504' title='bbox 903 4777 1103 4831; x_wconf 85' lang='lat' dir='ltr'><strong>bonum</strong></span> <span class='ocrx_word' id='word_1_505' title='bbox 1127 4785 1292 4844; x_wconf 84' lang='lat' dir='ltr'><strong>esset,</strong></span> <span class='ocrx_word' id='word_1_506' title='bbox 1331 4778 1374 4832; x_wconf 89' lang='lat' dir='ltr'><strong>si</strong></span> <span class='ocrx_word' id='word_1_507' title='bbox 1405 4777 1732 4834; x_wconf 86' lang='lat' dir='ltr'><strong>sententiam</strong></span> <span class='ocrx_word' id='word_1_508' title='bbox 1773 4777 1942 4832; x_wconf 88' lang='lat' dir='ltr'><strong>semel</strong></span> <span class='ocrx_word' id='word_1_509' title='bbox 1979 4777 2156 4847; x_wconf 89' lang='lat' dir='ltr'><strong>prola-</strong></span> 
     </span>
    </p>
   </div>
   <div class='ocr_carea' id='block_1_65' title="bbox 573 4865 2156 4938">
    <p class='ocr_par' dir='ltr' id='par_1_65' title="bbox 573 4865 2156 4938">
     <span class='ocr_line' id='line_1_65' title="bbox 573 4865 2156 4938; baseline 0.001 -16"><span class='ocrx_word' id='word_1_510' title='bbox 573 4879 686 4922; x_wconf 90' lang='lat' dir='ltr'><strong>tam</strong></span> <span class='ocrx_word' id='word_1_511' title='bbox 715 4867 1001 4922; x_wconf 87' lang='lat' dir='ltr'><strong>clemeutia</strong></span> <span class='ocrx_word' id='word_1_512' title='bbox 1031 4867 1211 4922; x_wconf 85' lang='lat' dir='ltr'><strong>divina</strong></span> <span class='ocrx_word' id='word_1_513' title='bbox 1250 4868 1590 4923; x_wconf 83' lang='lat' dir='ltr'><strong>dissolveret.</strong></span> <span class='ocrx_word' id='word_1_514' title='bbox 1635 4865 1817 4938; x_wconf 81' lang='lat' dir='ltr'><strong>Neque</strong></span> <span class='ocrx_word' id='word_1_515' title='bbox 1860 4868 2004 4923; x_wconf 88' lang='lat' dir='ltr'><strong>enim</strong></span> <span class='ocrx_word' id='word_1_516' title='bbox 2054 4869 2156 4924; x_wconf 87' lang='lat' dir='ltr'><strong>hoc</strong></span> 
     </span>
    </p>
   </div>
   <div class='ocr_carea' id='block_1_66' title="bbox 569 4958 2155 5028">
    <p class='ocr_par' dir='ltr' id='par_1_66' title="bbox 569 4958 2155 5028">
     <span class='ocr_line' id='line_1_66' title="bbox 569 4958 2155 5028; baseline 0.001 -16"><span class='ocrx_word' id='word_1_517' title='bbox 569 4960 918 5028; x_wconf 77' lang='lat' dir='ltr'><strong>orrtnipotens</strong></span> <span class='ocrx_word' id='word_1_518' title='bbox 964 4958 1108 5014; x_wconf 89' lang='lat' dir='ltr'><strong>Deus</strong></span> <span class='ocrx_word' id='word_1_519' title='bbox 1138 4958 1362 5024; x_wconf 90' lang='lat' dir='ltr'><strong>idcirco,</strong></span> <span class='ocrx_word' id='word_1_520' title='bbox 1419 4958 1504 5012; x_wconf 90' lang='lat' dir='ltr'><strong>vel</strong></span> <span class='ocrx_word' id='word_1_521' title='bbox 1551 4958 1714 5023; x_wconf 87' lang='lat' dir='ltr'><strong>nolle,</strong></span> <span class='ocrx_word' id='word_1_522' title='bbox 1749 4958 1828 5012; x_wconf 88' lang='lat' dir='ltr'><strong>vel</strong></span> <span class='ocrx_word' id='word_1_523' title='bbox 1873 4974 2032 5028; x_wconf 85' lang='lat' dir='ltr'><strong>posse</strong></span> <span class='ocrx_word' id='word_1_524' title='bbox 2075 4959 2155 5014; x_wconf 92' lang='lat' dir='ltr'><strong>di-</strong></span> 
     </span>
    </p>
   </div>
   <div class='ocr_carea' id='block_1_67' title="bbox 569 5047 2160 5119">
    <p class='ocr_par' dir='ltr' id='par_1_67' title="bbox 569 5047 2160 5119">
     <span class='ocr_line' id='line_1_67' title="bbox 569 5047 2160 5119; baseline -0.001 -16"><span class='ocrx_word' id='word_1_525' title='bbox 569 5051 778 5105; x_wconf 86' lang='lat' dir='ltr'><strong>cendus</strong></span> <span class='ocrx_word' id='word_1_526' title='bbox 803 5058 908 5112; x_wconf 89' lang='lat' dir='ltr'><strong>est,</strong></span> <span class='ocrx_word' id='word_1_527' title='bbox 947 5048 1074 5119; x_wconf 86' lang='lat' dir='ltr'><strong>quia</strong></span> <span class='ocrx_word' id='word_1_528' title='bbox 1100 5049 1299 5104; x_wconf 86' lang='lat' dir='ltr'><strong>malum</strong></span> <span class='ocrx_word' id='word_1_529' title='bbox 1320 5058 1424 5117; x_wconf 89' lang='lat' dir='ltr'><strong>est,</strong></span> <span class='ocrx_word' id='word_1_530' title='bbox 1449 5049 1721 5104; x_wconf 86' lang='lat' dir='ltr'><strong>hominem</strong></span> <span class='ocrx_word' id='word_1_531' title='bbox 1755 5048 2000 5103; x_wconf 76' lang='lat' dir='ltr'><strong>videlicet</strong></span> <span class='ocrx_word' id='word_1_532' title='bbox 2037 5047 2160 5102; x_wconf 85' lang='lat' dir='ltr'><strong>ﬁeri</strong></span> 
     </span>
    </p>
   </div>
   <div class='ocr_carea' id='block_1_68' title="bbox 569 5137 2154 5210">
    <p class='ocr_par' dir='ltr' id='par_1_68' title="bbox 569 5137 2154 5210">
     <span class='ocr_line' id='line_1_68' title="bbox 569 5137 2154 5210; baseline 0.001 -20"><span class='ocrx_word' id='word_1_533' title='bbox 569 5137 973 5204; x_wconf 86' lang='lat' dir='ltr'><strong>immortalem;</strong></span> <span class='ocrx_word' id='word_1_534' title='bbox 1005 5138 1101 5194; x_wconf 86' lang='lat' dir='ltr'><strong>sed</strong></span> <span class='ocrx_word' id='word_1_535' title='bbox 1125 5137 1277 5208; x_wconf 83' lang='lat' dir='ltr'><strong>justo</strong></span> <span class='ocrx_word' id='word_1_536' title='bbox 1323 5153 1424 5194; x_wconf 86' lang='lat' dir='ltr'><strong>suo</strong></span> <span class='ocrx_word' id='word_1_537' title='bbox 1460 5138 1686 5210; x_wconf 85' lang='lat' dir='ltr'><strong>judicio,</strong></span> <span class='ocrx_word' id='word_1_538' title='bbox 1717 5147 2022 5208; x_wconf 65' lang='lat' dir='ltr'><strong>nostrisque</strong></span> <span class='ocrx_word' id='word_1_539' title='bbox 2065 5153 2154 5192; x_wconf 88' lang='lat' dir='ltr'><strong>sa-</strong></span> 
     </span>
    </p>
   </div>
   <div class='ocr_carea' id='block_1_69' title="bbox 568 5229 2158 5301">
    <p class='ocr_par' dir='ltr' id='par_1_69' title="bbox 568 5229 2158 5301">
     <span class='ocr_line' id='line_1_69' title="bbox 568 5229 2158 5301; baseline 0.003 -19"><span class='ocrx_word' id='word_1_540' title='bbox 568 5229 701 5283; x_wconf 87' lang='lat' dir='ltr'><strong>lutis</strong></span> <span class='ocrx_word' id='word_1_541' title='bbox 726 5241 1038 5298; x_wconf 83' lang='lat' dir='ltr'><strong>augmento,</strong></span> <span class='ocrx_word' id='word_1_542' title='bbox 1073 5233 1216 5300; x_wconf 89' lang='lat' dir='ltr'><strong>quod</strong></span> <span class='ocrx_word' id='word_1_543' title='bbox 1241 5233 1356 5301; x_wconf 88' lang='lat' dir='ltr'><strong>ipse</strong></span> <span class='ocrx_word' id='word_1_544' title='bbox 1382 5233 1562 5298; x_wconf 90' lang='lat' dir='ltr'><strong>novit,</strong></span> <span class='ocrx_word' id='word_1_545' title='bbox 1595 5241 1803 5286; x_wconf 90' lang='lat' dir='ltr'><strong>tantum</strong></span> <span class='ocrx_word' id='word_1_546' title='bbox 1831 5233 1897 5287; x_wconf 90' lang='lat' dir='ltr'><strong>de</strong></span> <span class='ocrx_word' id='word_1_547' title='bbox 1920 5231 2158 5287; x_wconf 86' lang='lat' dir='ltr'><strong>vindicta</strong></span> 
     </span>
    </p>
   </div>
   <div class='ocr_carea' id='block_1_70' title="bbox 566 5319 2154 5393">
    <p class='ocr_par' dir='ltr' id='par_1_70' title="bbox 566 5319 2154 5393">
     <span class='ocr_line' id='line_1_70' title="bbox 566 5319 2154 5393; baseline 0.003 -17"><span class='ocrx_word' id='word_1_548' title='bbox 566 5320 842 5388; x_wconf 79' lang='lat' dir='ltr'><strong>redempti</strong></span> <span class='ocrx_word' id='word_1_549' title='bbox 869 5319 1108 5378; x_wconf 82' lang='lat' dir='ltr'><strong>hominis</strong></span> <span class='ocrx_word' id='word_1_550' title='bbox 1132 5323 1300 5378; x_wconf 91' lang='lat' dir='ltr'><strong>voluit</strong></span> <span class='ocrx_word' id='word_1_551' title='bbox 1326 5339 1633 5393; x_wconf 86' lang='lat' dir='ltr'><strong>superesse.</strong></span> <span class='ocrx_word' id='word_1_552' title='bbox 1672 5324 1783 5380; x_wconf 79' lang='lat' dir='ltr'><strong>Hoc</strong></span> <span class='ocrx_word' id='word_1_553' title='bbox 1810 5324 1991 5393; x_wconf 84' lang='lat' dir='ltr'><strong>itaque</strong></span> <span class='ocrx_word' id='word_1_554' title='bbox 2039 5340 2154 5380; x_wconf 83' lang='lat' dir='ltr'><strong>mo-</strong></span> 
     </span>
    </p>
   </div>
   <div class='ocr_carea' id='block_1_71' title="bbox 569 5410 2156 5487">
    <p class='ocr_par' dir='ltr' id='par_1_71' title="bbox 569 5410 2156 5487">
     <span class='ocr_line' id='line_1_71' title="bbox 569 5410 2156 5487; baseline 0.004 -23"><span class='ocrx_word' id='word_1_555' title='bbox 569 5411 643 5465; x_wconf 88' lang='lat' dir='ltr'><strong>do</strong></span> <span class='ocrx_word' id='word_1_556' title='bbox 684 5410 885 5465; x_wconf 84' lang='lat' dir='ltr'><strong>malum</strong></span> <span class='ocrx_word' id='word_1_557' title='bbox 913 5422 998 5468; x_wconf 88' lang='lat' dir='ltr'><strong>est</strong></span> <span class='ocrx_word' id='word_1_558' title='bbox 1023 5422 1144 5483; x_wconf 89' lang='lat' dir='ltr'><strong>post</strong></span> <span class='ocrx_word' id='word_1_559' title='bbox 1189 5424 1436 5486; x_wconf 87' lang='lat' dir='ltr'><strong>stuprum</strong></span> <span class='ocrx_word' id='word_1_560' title='bbox 1483 5417 1748 5487; x_wconf 76' lang='lat' dir='ltr'><strong>virginem</strong></span> <span class='ocrx_word' id='word_1_561' title='bbox 1797 5431 1917 5471; x_wconf 85' lang='lat' dir='ltr'><strong>esse</strong></span> <span class='ocrx_word' id='word_1_562' title='bbox 1966 5431 2156 5471; x_wconf 85' lang='lat' dir='ltr'><strong>eorru-</strong></span> 
     </span>
    </p>
   </div>
   <div class='ocr_carea' id='block_1_72' title="bbox 568 5503 2150 5580">
    <p class='ocr_par' dir='ltr' id='par_1_72' title="bbox 568 5503 2150 5580">
     <span class='ocr_line' id='line_1_72' title="bbox 568 5503 2150 5580; baseline 0.004 -23"><span class='ocrx_word' id='word_1_563' title='bbox 568 5511 752 5574; x_wconf 86' lang='lat' dir='ltr'><strong>ptam;</strong></span> <span class='ocrx_word' id='word_1_564' title='bbox 785 5503 984 5559; x_wconf 89' lang='lat' dir='ltr'><strong>bonum</strong></span> <span class='ocrx_word' id='word_1_565' title='bbox 1013 5514 1191 5562; x_wconf 90' lang='lat' dir='ltr'><strong>autem</strong></span> <span class='ocrx_word' id='word_1_566' title='bbox 1218 5519 1364 5566; x_wconf 87' lang='lat' dir='ltr'><strong>esset</strong></span> <span class='ocrx_word' id='word_1_567' title='bbox 1403 5510 1447 5566; x_wconf 87' lang='lat' dir='ltr'><strong>si</strong></span> <span class='ocrx_word' id='word_1_568' title='bbox 1506 5509 1836 5580; x_wconf 76' lang='lat' dir='ltr'><strong>virginitatis</strong></span> <span class='ocrx_word' id='word_1_569' title='bbox 1882 5507 2024 5564; x_wconf 87' lang='lat' dir='ltr'><strong>Deus</strong></span> <span class='ocrx_word' id='word_1_570' title='bbox 2073 5509 2150 5563; x_wconf 90' lang='lat' dir='ltr'><strong>si-</strong></span> 
     </span>
    </p>
   </div>
   <div class='ocr_carea' id='block_1_73' title="bbox 571 5592 2152 5664">
    <p class='ocr_par' dir='ltr' id='par_1_73' title="bbox 571 5592 2152 5664">
     <span class='ocr_line' id='line_1_73' title="bbox 571 5592 2152 5664; baseline 0.003 -14"><span class='ocrx_word' id='word_1_571' title='bbox 571 5592 860 5664; x_wconf 71' lang='lat' dir='ltr'><strong>gnaculum</strong></span> <span class='ocrx_word' id='word_1_572' title='bbox 893 5595 947 5650; x_wconf 88' lang='lat' dir='ltr'><strong>in</strong></span> <span class='ocrx_word' id='word_1_573' title='bbox 981 5610 1044 5651; x_wconf 90' lang='lat' dir='ltr'><strong>ea</strong></span> <span class='ocrx_word' id='word_1_574' title='bbox 1071 5595 1416 5656; x_wconf 88' lang='lat' dir='ltr'><strong>rel&#39;ormaret.</strong></span> <span class='ocrx_word' id='word_1_575' title='bbox 1449 5599 1557 5658; x_wconf 86' lang='lat' dir='ltr'><strong>Sed</strong></span> <span class='ocrx_word' id='word_1_576' title='bbox 1581 5601 1710 5656; x_wconf 89' lang='lat' dir='ltr'><strong>licet</strong></span> <span class='ocrx_word' id='word_1_577' title='bbox 1733 5601 1876 5656; x_wconf 88' lang='lat' dir='ltr'><strong>Deus</strong></span> <span class='ocrx_word' id='word_1_578' title='bbox 1907 5600 2010 5656; x_wconf 88' lang='lat' dir='ltr'><strong>hoc</strong></span> <span class='ocrx_word' id='word_1_579' title='bbox 2033 5600 2152 5654; x_wconf 66' lang='lat' dir='ltr'><strong>nul.</strong></span> 
     </span>
    </p>
   </div>
   <div class='ocr_carea' id='block_1_74' title="bbox 569 5685 2150 5762">
    <p class='ocr_par' dir='ltr' id='par_1_74' title="bbox 569 5685 2150 5762">
     <span class='ocr_line' id='line_1_74' title="bbox 569 5685 2150 5762; baseline 0.005 -20"><span class='ocrx_word' id='word_1_580' title='bbox 569 5685 785 5742; x_wconf 76' lang='lat' dir='ltr'><strong>latentis</strong></span> <span class='ocrx_word' id='word_1_581' title='bbox 809 5685 992 5747; x_wconf 78' lang='lat' dir='ltr'><strong>faciat.</strong></span> <span class='ocrx_word' id='word_1_582' title='bbox 1040 5689 1154 5744; x_wconf 87' lang='lat' dir='ltr'><strong>sive</strong></span> <span class='ocrx_word' id='word_1_583' title='bbox 1203 5698 1263 5746; x_wconf 88' lang='lat' dir='ltr'><strong>ut</strong></span> <span class='ocrx_word' id='word_1_584' title='bbox 1299 5691 1562 5762; x_wconf 75' lang='lat' dir='ltr'><strong>virginem</strong></span> <span class='ocrx_word' id='word_1_585' title='bbox 1615 5702 1836 5756; x_wconf 83' lang='lat' dir='ltr'><strong>terreat,</strong></span> <span class='ocrx_word' id='word_1_586' title='bbox 1886 5703 2150 5761; x_wconf 76' lang='lat' dir='ltr'><strong>quatenus</strong></span> 
     </span>
    </p>
   </div>
   <div class='ocr_carea' id='block_1_75' title="bbox 569 5783 2149 5856">
    <p class='ocr_par' dir='ltr' id='par_1_75' title="bbox 569 5783 2149 5856">
     <span class='ocr_line' id='line_1_75' title="bbox 569 5783 2149 5856; baseline 0.004 -24"><span class='ocrx_word' id='word_1_587' title='bbox 569 5790 822 5836; x_wconf 74' lang='lat' dir='ltr'><strong>vereatur</strong></span> <span class='ocrx_word' id='word_1_588' title='bbox 857 5783 1104 5839; x_wconf 86' lang='lat' dir='ltr'><strong>amittere</strong></span> <span class='ocrx_word' id='word_1_589' title='bbox 1129 5784 1270 5854; x_wconf 90' lang='lat' dir='ltr'><strong>quod</strong></span> <span class='ocrx_word' id='word_1_590' title='bbox 1293 5784 1632 5853; x_wconf 81' lang='lat' dir='ltr'><strong>postmodum</strong></span> <span class='ocrx_word' id='word_1_591' title='bbox 1677 5794 1904 5854; x_wconf 81' lang='lat' dir='ltr'><strong>nequeat</strong></span> <span class='ocrx_word' id='word_1_592' title='bbox 1935 5799 2149 5856; x_wconf 76' lang='lat' dir='ltr'><strong>repara-</strong></span> 
     </span>
    </p>
   </div>
   <div class='ocr_carea' id='block_1_76' title="bbox 2276 1934 3862 2012">
    <p class='ocr_par' dir='ltr' id='par_1_76' title="bbox 2276 1934 3862 2012">
     <span class='ocr_line' id='line_1_76' title="bbox 2276 1934 3862 2012; baseline 0.002 -24"><span class='ocrx_word' id='word_1_593' title='bbox 2276 1935 2384 1990; x_wconf 87' lang='lat' dir='ltr'><strong>etsi.</strong></span> <span class='ocrx_word' id='word_1_594' title='bbox 2424 1934 2658 2002; x_wconf 84' lang='lat' dir='ltr'><strong>quodam</strong></span> <span class='ocrx_word' id='word_1_595' title='bbox 2702 1935 2928 1990; x_wconf 66' lang='lat' dir='ltr'><strong>cautela:</strong></span> <span class='ocrx_word' id='word_1_596' title='bbox 2972 1950 3104 2000; x_wconf 67' lang='lat' dir='ltr'><strong>sum,</strong></span> <span class='ocrx_word' id='word_1_597' title='bbox 3151 1935 3235 1988; x_wconf 83' lang='lat' dir='ltr'><strong>vel</strong></span> <span class='ocrx_word' id='word_1_598' title='bbox 3277 1936 3604 2006; x_wconf 89' lang='lat' dir='ltr'><strong>provisionis</strong></span> <span class='ocrx_word' id='word_1_599' title='bbox 3635 1937 3862 2012; x_wconf 53' lang='lat' dir='ltr'><strong>intuitu,»</strong></span> 
     </span>
    </p>
   </div>
   <div class='ocr_carea' id='block_1_77' title="bbox 2271 2025 3856 2100">
    <p class='ocr_par' dir='ltr' id='par_1_77' title="bbox 2271 2025 3856 2100">
     <span class='ocr_line' id='line_1_77' title="bbox 2271 2025 3856 2100; baseline 0.004 -23"><span class='ocrx_word' id='word_1_600' title='bbox 2271 2025 2520 2100; x_wconf 68' lang='lat' dir='ltr'><strong>qumdam</strong></span> <span class='ocrx_word' id='word_1_601' title='bbox 2552 2027 2720 2090; x_wconf 80' lang='lat' dir='ltr'><strong>bona,</strong></span> <span class='ocrx_word' id='word_1_602' title='bbox 2741 2034 2835 2080; x_wconf 90' lang='lat' dir='ltr'><strong>aut</strong></span> <span class='ocrx_word' id='word_1_603' title='bbox 2864 2040 2987 2080; x_wconf 87' lang='lat' dir='ltr'><strong>raro</strong></span> <span class='ocrx_word' id='word_1_604' title='bbox 3013 2025 3199 2092; x_wconf 78' lang='lat' dir='ltr'><strong>faciat,</strong></span> <span class='ocrx_word' id='word_1_605' title='bbox 3222 2036 3321 2080; x_wconf 84' lang='lat' dir='ltr'><strong>aut</strong></span> <span class='ocrx_word' id='word_1_606' title='bbox 3355 2043 3637 2100; x_wconf 61' lang='lat' dir='ltr'><strong>numquam</strong></span> <span class='ocrx_word' id='word_1_607' title='bbox 3667 2028 3856 2085; x_wconf 78' lang='lat' dir='ltr'><strong>faciat.</strong></span> 
     </span>
    </p>
   </div>
   <div class='ocr_carea' id='block_1_78' title="bbox 2274 2097 3859 2191">
    <p class='ocr_par' dir='ltr' id='par_1_78' title="bbox 2274 2097 3859 2191">
     <span class='ocr_line' id='line_1_78' title="bbox 2274 2097 3859 2191; baseline 0.005 -23"><span class='ocrx_word' id='word_1_608' title='bbox 2274 2097 2525 2184; x_wconf 77' lang='lat' dir='ltr'><strong>Alioquin</strong></span> <span class='ocrx_word' id='word_1_609' title='bbox 2553 2125 2765 2185; x_wconf 87' lang='lat' dir='ltr'><strong>poterat</strong></span> <span class='ocrx_word' id='word_1_610' title='bbox 2789 2116 2892 2172; x_wconf 92' lang='lat' dir='ltr'><strong>dici</strong></span> <span class='ocrx_word' id='word_1_611' title='bbox 2919 2124 3043 2170; x_wconf 87' lang='lat' dir='ltr'><strong>ante</strong></span> <span class='ocrx_word' id='word_1_612' title='bbox 3065 2115 3362 2172; x_wconf 89' lang='lat' dir='ltr'><strong>Salvatoris</strong></span> <span class='ocrx_word' id='word_1_613' title='bbox 3388 2097 3701 2185; x_wconf 76' lang='lat' dir='ltr'><strong>adventum,</strong></span> <span class='ocrx_word' id='word_1_614' title='bbox 3729 2122 3859 2191; x_wconf 82' lang='lat' dir='ltr'><strong>quia</strong></span> 
     </span>
    </p>
   </div>
   <div class='ocr_carea' id='block_1_79' title="bbox 2275 2207 3860 2281">
    <p class='ocr_par' dir='ltr' id='par_1_79' title="bbox 2275 2207 3860 2281">
     <span class='ocr_line' id='line_1_79' title="bbox 2275 2207 3860 2281; baseline 0.002 -20"><span class='ocrx_word' id='word_1_615' title='bbox 2275 2207 2418 2262; x_wconf 85' lang='lat' dir='ltr'><strong>Deus</strong></span> <span class='ocrx_word' id='word_1_616' title='bbox 2445 2223 2632 2263; x_wconf 84' lang='lat' dir='ltr'><strong>creare</strong></span> <span class='ocrx_word' id='word_1_617' title='bbox 2660 2223 2764 2261; x_wconf 92' lang='lat' dir='ltr'><strong>non</strong></span> <span class='ocrx_word' id='word_1_618' title='bbox 2808 2217 2992 2278; x_wconf 90' lang='lat' dir='ltr'><strong>posset</strong></span> <span class='ocrx_word' id='word_1_619' title='bbox 3034 2223 3099 2264; x_wconf 76' lang='lat' dir='ltr'><strong>ex</strong></span> <span class='ocrx_word' id='word_1_620' title='bbox 3150 2218 3306 2264; x_wconf 81' lang='lat' dir='ltr'><strong>utero</strong></span> <span class='ocrx_word' id='word_1_621' title='bbox 3349 2209 3590 2281; x_wconf 91' lang='lat' dir='ltr'><strong>Virginis</strong></span> <span class='ocrx_word' id='word_1_622' title='bbox 3639 2211 3860 2266; x_wconf 81' lang='lat' dir='ltr'><strong>Filium.</strong></span> 
     </span>
    </p>
   </div>
   <div class='ocr_carea' id='block_1_80' title="bbox 2273 2293 3858 2372">
    <p class='ocr_par' dir='ltr' id='par_1_80' title="bbox 2273 2293 3858 2372">
     <span class='ocr_line' id='line_1_80' title="bbox 2273 2293 3858 2372; baseline 0.005 -24"><span class='ocrx_word' id='word_1_623' title='bbox 2273 2293 2562 2360; x_wconf 85' lang='lat' dir='ltr'><strong>Nimirum,</strong></span> <span class='ocrx_word' id='word_1_624' title='bbox 2604 2297 2744 2365; x_wconf 85' lang='lat' dir='ltr'><strong>quod</strong></span> <span class='ocrx_word' id='word_1_625' title='bbox 2789 2313 3064 2366; x_wconf 87' lang='lat' dir='ltr'><strong>nunquam</strong></span> <span class='ocrx_word' id='word_1_626' title='bbox 3095 2296 3330 2363; x_wconf 73' lang='lat' dir='ltr'><strong>fecerat,</strong></span> <span class='ocrx_word' id='word_1_627' title='bbox 3375 2300 3472 2354; x_wconf 87' lang='lat' dir='ltr'><strong>sed</strong></span> <span class='ocrx_word' id='word_1_628' title='bbox 3526 2313 3596 2355; x_wconf 90' lang='lat' dir='ltr'><strong>ne</strong></span> <span class='ocrx_word' id='word_1_629' title='bbox 3638 2300 3858 2372; x_wconf 86' lang='lat' dir='ltr'><strong>quidem</strong></span> 
     </span>
    </p>
   </div>
   <div class='ocr_carea' id='block_1_81' title="bbox 2273 2387 3865 2463">
    <p class='ocr_par' dir='ltr' id='par_1_81' title="bbox 2273 2387 3865 2463">
     <span class='ocr_line' id='line_1_81' title="bbox 2273 2387 3865 2463; baseline 0.006 -22"><span class='ocrx_word' id='word_1_630' title='bbox 2273 2387 2374 2442; x_wconf 92' lang='lat' dir='ltr'><strong>nisi</strong></span> <span class='ocrx_word' id='word_1_631' title='bbox 2415 2388 2580 2442; x_wconf 89' lang='lat' dir='ltr'><strong>semel</strong></span> <span class='ocrx_word' id='word_1_632' title='bbox 2609 2389 2848 2446; x_wconf 82' lang='lat' dir='ltr'><strong>[acturus</strong></span> <span class='ocrx_word' id='word_1_633' title='bbox 2875 2399 3022 2446; x_wconf 82' lang='lat' dir='ltr'><strong>erat.</strong></span> <span class='ocrx_word' id='word_1_634' title='bbox 3059 2391 3367 2446; x_wconf 86' lang='lat' dir='ltr'><strong>Tamenetsi</strong></span> <span class='ocrx_word' id='word_1_635' title='bbox 3411 2409 3684 2463; x_wconf 84' lang='lat' dir='ltr'><strong>nunquam</strong></span> <span class='ocrx_word' id='word_1_636' title='bbox 3714 2393 3865 2450; x_wconf 70' lang='lat' dir='ltr'><strong>face-</strong></span> 
     </span>
    </p>
   </div>
   <div class='ocr_carea' id='block_1_82' title="bbox 2273 2482 3862 2557">
    <p class='ocr_par' dir='ltr' id='par_1_82' title="bbox 2273 2482 3862 2557">
     <span class='ocr_line' id='line_1_82' title="bbox 2273 2482 3862 2557; baseline 0.006 -23"><span class='ocrx_word' id='word_1_637' title='bbox 2273 2491 2378 2547; x_wconf 84' lang='lat' dir='ltr'><strong>ret,</strong></span> <span class='ocrx_word' id='word_1_638' title='bbox 2411 2491 2467 2535; x_wconf 86' lang='lat' dir='ltr'><strong>et</strong></span> <span class='ocrx_word' id='word_1_639' title='bbox 2508 2482 2664 2544; x_wconf 86' lang='lat' dir='ltr'><strong>velle,</strong></span> <span class='ocrx_word' id='word_1_640' title='bbox 2712 2492 2767 2536; x_wconf 91' lang='lat' dir='ltr'><strong>et</strong></span> <span class='ocrx_word' id='word_1_641' title='bbox 2805 2483 2986 2538; x_wconf 79' lang='lat' dir='ltr'><strong>facere</strong></span> <span class='ocrx_word' id='word_1_642' title='bbox 3036 2492 3268 2552; x_wconf 87' lang='lat' dir='ltr'><strong>poterat,</strong></span> <span class='ocrx_word' id='word_1_643' title='bbox 3300 2486 3468 2557; x_wconf 78' lang='lat'><strong>618</strong></span> <span class='ocrx_word' id='word_1_644' title='bbox 3493 2487 3628 2556; x_wconf 77' lang='lat' dir='ltr'><strong>quia</strong></span> <span class='ocrx_word' id='word_1_645' title='bbox 3651 2487 3862 2554; x_wconf 74' lang='lat' dir='ltr'><strong>bonum.</strong></span> 
     </span>
    </p>
   </div>
   <div class='ocr_carea' id='block_1_83' title="bbox 2270 2571 3857 2647">
    <p class='ocr_par' dir='ltr' id='par_1_83' title="bbox 2270 2571 3857 2647">
     <span class='ocr_line' id='line_1_83' title="bbox 2270 2571 3857 2647; baseline 0.002 -19"><span class='ocrx_word' id='word_1_646' title='bbox 2270 2583 2408 2628; x_wconf 87' lang='lat' dir='ltr'><strong>erat.</strong></span> <span class='ocrx_word' id='word_1_647' title='bbox 2461 2571 2733 2644; x_wconf 78' lang='lat' dir='ltr'><strong>Virginem</strong></span> <span class='ocrx_word' id='word_1_648' title='bbox 2763 2574 2943 2644; x_wconf 90' lang='lat' dir='ltr'><strong>itaque</strong></span> <span class='ocrx_word' id='word_1_649' title='bbox 2987 2575 3252 2630; x_wconf 89' lang='lat' dir='ltr'><strong>suscitare</strong></span> <span class='ocrx_word' id='word_1_650' title='bbox 3295 2586 3416 2646; x_wconf 87' lang='lat' dir='ltr'><strong>post</strong></span> <span class='ocrx_word' id='word_1_651' title='bbox 3449 2576 3686 2641; x_wconf 88' lang='lat' dir='ltr'><strong>ruinam,</strong></span> <span class='ocrx_word' id='word_1_652' title='bbox 3715 2591 3857 2647; x_wconf 70' lang='lat' dir='ltr'><strong>quo—</strong></span> 
     </span>
    </p>
   </div>
   <div class='ocr_carea' id='block_1_84' title="bbox 2271 2666 3858 2739">
    <p class='ocr_par' dir='ltr' id='par_1_84' title="bbox 2271 2666 3858 2739">
     <span class='ocr_line' id='line_1_84' title="bbox 2271 2666 3858 2739; baseline 0.001 -18"><span class='ocrx_word' id='word_1_653' title='bbox 2271 2667 2433 2722; x_wconf 84' lang='lat' dir='ltr'><strong>modo</strong></span> <span class='ocrx_word' id='word_1_654' title='bbox 2465 2681 2570 2721; x_wconf 91' lang='lat' dir='ltr'><strong>non</strong></span> <span class='ocrx_word' id='word_1_655' title='bbox 2600 2666 2772 2735; x_wconf 86' lang='lat' dir='ltr'><strong>possit</strong></span> <span class='ocrx_word' id='word_1_656' title='bbox 2819 2668 2998 2731; x_wconf 89' lang='lat' dir='ltr'><strong>Deus,</strong></span> <span class='ocrx_word' id='word_1_657' title='bbox 3042 2667 3401 2739; x_wconf 77' lang='lat' dir='ltr'><strong>cumprocul</strong></span> <span class='ocrx_word' id='word_1_658' title='bbox 3447 2668 3614 2726; x_wconf 88' lang='lat' dir='ltr'><strong>dubio</strong></span> <span class='ocrx_word' id='word_1_659' title='bbox 3670 2678 3728 2726; x_wconf 86' lang='lat' dir='ltr'><strong>et</strong></span> <span class='ocrx_word' id='word_1_660' title='bbox 3765 2668 3858 2732; x_wconf 60' lang='lat' dir='ltr'><strong>ille</strong></span> 
     </span>
    </p>
   </div>
   <div class='ocr_carea' id='block_1_85' title="bbox 2269 2757 3327 2827">
    <p class='ocr_par' dir='ltr' id='par_1_85' title="bbox 2269 2757 3327 2827">
     <span class='ocr_line' id='line_1_85' title="bbox 2269 2757 3327 2827; baseline 0.001 -15"><span class='ocrx_word' id='word_1_661' title='bbox 2269 2757 2611 2827; x_wconf 86' lang='lat' dir='ltr'><strong>omnipotens</strong></span> <span class='ocrx_word' id='word_1_662' title='bbox 2633 2758 2738 2825; x_wconf 86' lang='lat' dir='ltr'><strong>sit,</strong></span> <span class='ocrx_word' id='word_1_663' title='bbox 2772 2767 2827 2815; x_wconf 88' lang='lat' dir='ltr'><strong>et</strong></span> <span class='ocrx_word' id='word_1_664' title='bbox 2855 2758 2957 2813; x_wconf 89' lang='lat' dir='ltr'><strong>hoc</strong></span> <span class='ocrx_word' id='word_1_665' title='bbox 2987 2759 3185 2815; x_wconf 90' lang='lat' dir='ltr'><strong>bonum</strong></span> <span class='ocrx_word' id='word_1_666' title='bbox 3218 2759 3327 2814; x_wconf 82' lang='lat' dir='ltr'><strong>sit?</strong></span> 
     </span>
    </p>
   </div>
   <div class='ocr_carea' id='block_1_86' title="bbox 2881 2873 3232 2930">
    <p class='ocr_par' dir='ltr' id='par_1_86' title="bbox 2881 2873 3232 2930">
     <span class='ocr_line' id='line_1_86' title="bbox 2881 2873 3232 2930; baseline -0.006 -1"><span class='ocrx_word' id='word_1_667' title='bbox 2881 2873 3109 2930; x_wconf 79' lang='lat' dir='ltr'><strong>CAPUT</strong></span> <span class='ocrx_word' id='word_1_668' title='bbox 3146 2873 3232 2929; x_wconf 90' lang='grc'><strong>111.</strong></span> 
     </span>
    </p>
   </div>
   <div class='ocr_carea' id='block_1_87' title="bbox 2270 2961 3856 3086">
    <p class='ocr_par' dir='ltr' id='par_1_87' title="bbox 2270 2961 3856 3086">
     <span class='ocr_line' id='line_1_87' title="bbox 2270 2961 3856 3086; baseline 0.001 -68"><span class='ocrx_word' id='word_1_669' title='bbox 2270 2961 2425 3029; x_wconf 85' lang='lat' dir='ltr'><strong>Quod</strong></span> <span class='ocrx_word' id='word_1_670' title='bbox 2450 2963 2644 3032; x_wconf 81' lang='lat' dir='ltr'><strong>absque</strong></span> <span class='ocrx_word' id='word_1_671' title='bbox 2670 2961 2833 3018; x_wconf 65' lang='lat' dir='ltr'><strong>d‘ubt‘o</strong></span> <span class='ocrx_word' id='word_1_672' title='bbox 2858 2961 2998 3017; x_wconf 79' lang='lat' dir='ltr'><strong>Deus</strong></span> <span class='ocrx_word' id='word_1_673' title='bbox 3038 2973 3150 3032; x_wconf 72' lang='lat' dir='ltr'><strong>post</strong></span> <span class='ocrx_word' id='word_1_674' title='bbox 3171 2963 3389 3086; x_wconf 44' lang='lat' dir='ltr'><strong>{apsum</strong></span> <span class='ocrx_word' id='word_1_675' title='bbox 3422 2981 3668 3034; x_wconf 72' lang='lat' dir='ltr'><strong>reparare</strong></span> <span class='ocrx_word' id='word_1_676' title='bbox 3690 2967 3856 3038; x_wconf 48' lang='lat' dir='ltr'><strong>uirgi-</strong></span> 
     </span>
     <span class='ocr_line' id='line_1_88' title="bbox 2900 3051 3224 3086; baseline 0 0"><span class='ocrx_word' id='word_1_677' title='bbox 2900 3051 3016 3086; x_wconf 78' lang='lat' dir='ltr'><strong>nem</strong></span> <span class='ocrx_word' id='word_1_678' title='bbox 3043 3051 3178 3086; x_wconf 71' lang='lat' dir='ltr'><strong>uasat</strong></span> <span class='ocrx_word' id='word_1_679' title='bbox 3209 3074 3224 3086; x_wconf 93' lang='lat'><strong>.</strong></span> 
     </span>
    </p>
   </div>
   <div class='ocr_carea' id='block_1_88' title="bbox 2900 3051 3224 3103">
    <p class='ocr_par' dir='ltr' id='par_1_88' title="bbox 2900 3051 3224 3103">
     <span class='ocr_line' id='line_1_89' title="bbox 2900 3051 3224 3103; baseline 0 -15"><span class='ocrx_word' id='word_1_680' title='bbox 2900 3051 3016 3088; x_wconf 75' lang='lat' dir='ltr'><strong>nem</strong></span> <span class='ocrx_word' id='word_1_681' title='bbox 3041 3051 3224 3103; x_wconf 71' lang='lat' dir='ltr'><strong>possit.</strong></span> 
     </span>
    </p>
   </div>
   <div class='ocr_carea' id='block_1_89' title="bbox 2338 3123 3864 3197">
    <p class='ocr_par' dir='ltr' id='par_1_89' title="bbox 2338 3123 3864 3197">
     <span class='ocr_line' id='line_1_90' title="bbox 2338 3123 3864 3197; baseline 0.003 -18"><span class='ocrx_word' id='word_1_682' title='bbox 2338 3123 2612 3197; x_wconf 75' lang='lat' dir='ltr'><strong>Virginem</strong></span> <span class='ocrx_word' id='word_1_683' title='bbox 2642 3141 2774 3180; x_wconf 86' lang='lat' dir='ltr'><strong>sane</strong></span> <span class='ocrx_word' id='word_1_684' title='bbox 2812 3125 3068 3181; x_wconf 83' lang='lat' dir='ltr'><strong>suscitari</strong></span> <span class='ocrx_word' id='word_1_685' title='bbox 3111 3133 3236 3196; x_wconf 91' lang='lat' dir='ltr'><strong>post</strong></span> <span class='ocrx_word' id='word_1_686' title='bbox 3262 3125 3470 3196; x_wconf 89' lang='lat' dir='ltr'><strong>lapsum</strong></span> <span class='ocrx_word' id='word_1_687' title='bbox 3523 3125 3734 3182; x_wconf 88' lang='lat' dir='ltr'><strong>duobus</strong></span> <span class='ocrx_word' id='word_1_688' title='bbox 3769 3128 3864 3184; x_wconf 73' lang='lat' dir='ltr'><strong>in-</strong></span> 
     </span>
    </p>
   </div>
   <div class='ocr_carea' id='block_1_90' title="bbox 2193 3211 3857 3288">
    <p class='ocr_par' dir='ltr' id='par_1_90' title="bbox 2193 3211 3857 3288">
     <span class='ocr_line' id='line_1_91' title="bbox 2193 3211 3857 3288; baseline 0 -14"><span class='ocrx_word' id='word_1_689' title='bbox 2193 3211 2240 3274; x_wconf 85' lang='lat' dir='ltr'><strong><em>C</em></strong></span> <span class='ocrx_word' id='word_1_690' title='bbox 2273 3217 2529 3288; x_wconf 89' lang='lat' dir='ltr'><strong>telligitur</strong></span> <span class='ocrx_word' id='word_1_691' title='bbox 2553 3219 2726 3287; x_wconf 86' lang='lat' dir='ltr'><strong>modis</strong></span> <span class='ocrx_word' id='word_1_692' title='bbox 2759 3236 2772 3272; x_wconf 92' lang='lat'><strong>:</strong></span> <span class='ocrx_word' id='word_1_693' title='bbox 2805 3227 2899 3273; x_wconf 89' lang='lat' dir='ltr'><strong>aut</strong></span> <span class='ocrx_word' id='word_1_694' title='bbox 2921 3218 3129 3274; x_wconf 77' lang='lat' dir='ltr'><strong>scilicet</strong></span> <span class='ocrx_word' id='word_1_695' title='bbox 3154 3216 3309 3286; x_wconf 79' lang='lat' dir='ltr'><strong>juxta</strong></span> <span class='ocrx_word' id='word_1_696' title='bbox 3337 3217 3653 3274; x_wconf 79' lang='lat' dir='ltr'><strong>meritorum</strong></span> <span class='ocrx_word' id='word_1_697' title='bbox 3681 3219 3857 3288; x_wconf 58' lang='lat' dir='ltr'><strong>pleni»</strong></span> 
     </span>
    </p>
   </div>
   <div class='ocr_carea' id='block_1_91' title="bbox 2270 3309 3841 3382">
    <p class='ocr_par' dir='ltr' id='par_1_91' title="bbox 2270 3309 3841 3382">
     <span class='ocr_line' id='line_1_92' title="bbox 2270 3309 3841 3382; baseline -0.002 -13"><span class='ocrx_word' id='word_1_698' title='bbox 2270 3311 2536 3371; x_wconf 82' lang='lat' dir='ltr'><strong>tudinem.</strong></span> <span class='ocrx_word' id='word_1_699' title='bbox 2567 3321 2660 3365; x_wconf 86' lang='lat' dir='ltr'><strong>aut</strong></span> <span class='ocrx_word' id='word_1_700' title='bbox 2699 3311 2853 3382; x_wconf 81' lang='lat' dir='ltr'><strong>juxta</strong></span> <span class='ocrx_word' id='word_1_701' title='bbox 2901 3311 3083 3367; x_wconf 84' lang='lat' dir='ltr'><strong>carnis</strong></span> <span class='ocrx_word' id='word_1_702' title='bbox 3114 3311 3501 3381; x_wconf 86' lang='lat' dir='ltr'><strong>integritatem.</strong></span> <span class='ocrx_word' id='word_1_703' title='bbox 3548 3309 3841 3382; x_wconf 72' lang='lat' dir='ltr'><strong>Videamus</strong></span> 
     </span>
    </p>
   </div>
   <div class='ocr_carea' id='block_1_92' title="bbox 2269 3400 3854 3472">
    <p class='ocr_par' dir='ltr' id='par_1_92' title="bbox 2269 3400 3854 3472">
     <span class='ocr_line' id='line_1_93' title="bbox 2269 3400 3854 3472; baseline 0 -15"><span class='ocrx_word' id='word_1_704' title='bbox 2269 3403 2453 3471; x_wconf 84' lang='lat' dir='ltr'><strong>itaque</strong></span> <span class='ocrx_word' id='word_1_705' title='bbox 2496 3418 2564 3457; x_wconf 88' lang='lat' dir='ltr'><strong>an</strong></span> <span class='ocrx_word' id='word_1_706' title='bbox 2614 3409 2902 3472; x_wconf 87' lang='lat' dir='ltr'><strong>utrumque</strong></span> <span class='ocrx_word' id='word_1_707' title='bbox 2948 3401 3126 3457; x_wconf 85' lang='lat' dir='ltr'><strong>valeat</strong></span> <span class='ocrx_word' id='word_1_708' title='bbox 3172 3401 3333 3472; x_wconf 85' lang='lat' dir='ltr'><strong>Deus.</strong></span> <span class='ocrx_word' id='word_1_709' title='bbox 3384 3400 3548 3456; x_wconf 82' lang='lat' dir='ltr'><strong>Juxta</strong></span> <span class='ocrx_word' id='word_1_710' title='bbox 3596 3402 3854 3458; x_wconf 75' lang='lat' dir='ltr'><strong>meritum</strong></span> 
     </span>
    </p>
   </div>
   <div class='ocr_carea' id='block_1_93' title="bbox 2268 3492 3862 3563">
    <p class='ocr_par' dir='ltr' id='par_1_93' title="bbox 2268 3492 3862 3563">
     <span class='ocr_line' id='line_1_94' title="bbox 2268 3492 3862 3563; baseline 0 -16"><span class='ocrx_word' id='word_1_711' title='bbox 2268 3508 2500 3562; x_wconf 86' lang='lat' dir='ltr'><strong>namque</strong></span> <span class='ocrx_word' id='word_1_712' title='bbox 2523 3493 2731 3562; x_wconf 89' lang='lat' dir='ltr'><strong>plebem</strong></span> <span class='ocrx_word' id='word_1_713' title='bbox 2747 3495 2981 3548; x_wconf 74' lang='lat' dir='ltr'><strong>fidelium</strong></span> <span class='ocrx_word' id='word_1_714' title='bbox 3004 3494 3267 3563; x_wconf 80' lang='lat' dir='ltr'><strong>virginem</strong></span> <span class='ocrx_word' id='word_1_715' title='bbox 3290 3492 3521 3563; x_wconf 87' lang='lat' dir='ltr'><strong>appellat</strong></span> <span class='ocrx_word' id='word_1_716' title='bbox 3540 3492 3862 3562; x_wconf 70' lang='lat' dir='ltr'><strong>Apostolus,</strong></span> 
     </span>
    </p>
   </div>
   <div class='ocr_carea' id='block_1_94' title="bbox 2267 3583 3852 3655">
    <p class='ocr_par' dir='ltr' id='par_1_94' title="bbox 2267 3583 3852 3655">
     <span class='ocr_line' id='line_1_95' title="bbox 2267 3583 3852 3655; baseline 0 -17"><span class='ocrx_word' id='word_1_717' title='bbox 2267 3599 2388 3638; x_wconf 88' lang='lat' dir='ltr'><strong>cum</strong></span> <span class='ocrx_word' id='word_1_718' title='bbox 2411 3584 2710 3639; x_wconf 79' lang='lat' dir='ltr'><strong>Corinthiis</strong></span> <span class='ocrx_word' id='word_1_719' title='bbox 2738 3585 2868 3639; x_wconf 88' lang='lat' dir='ltr'><strong>dicit</strong></span> <span class='ocrx_word' id='word_1_720' title='bbox 2896 3601 2910 3638; x_wconf 90' lang='lat'><strong>:</strong></span> <span class='ocrx_word' id='word_1_721' title='bbox 2954 3603 2971 3635; x_wconf 76' lang='grc' dir='ltr'><strong>ι</strong></span> <span class='ocrx_word' id='word_1_722' title='bbox 3006 3583 3274 3655; x_wconf 85' lang='lat' dir='ltr'><strong>Despondi</strong></span> <span class='ocrx_word' id='word_1_723' title='bbox 3297 3584 3440 3638; x_wconf 91' lang='lat' dir='ltr'><strong>enim</strong></span> <span class='ocrx_word' id='word_1_724' title='bbox 3469 3599 3566 3638; x_wconf 90' lang='lat' dir='ltr'><strong>vos</strong></span> <span class='ocrx_word' id='word_1_725' title='bbox 3593 3585 3684 3638; x_wconf 91' lang='lat' dir='ltr'><strong>nni</strong></span> <span class='ocrx_word' id='word_1_726' title='bbox 3707 3585 3852 3648; x_wconf 85' lang='lat' dir='ltr'><strong>viro,</strong></span> 
     </span>
    </p>
   </div>
   <div class='ocr_carea' id='block_1_95' title="bbox 2266 3673 3846 3746">
    <p class='ocr_par' dir='ltr' id='par_1_95' title="bbox 2266 3673 3846 3746">
     <span class='ocr_line' id='line_1_96' title="bbox 2266 3673 3846 3746; baseline 0.002 -19"><span class='ocrx_word' id='word_1_727' title='bbox 2266 3675 2532 3746; x_wconf 76' lang='lat' dir='ltr'><strong>virginem</strong></span> <span class='ocrx_word' id='word_1_728' title='bbox 2575 3687 2781 3730; x_wconf 85' lang='lat' dir='ltr'><strong>castam</strong></span> <span class='ocrx_word' id='word_1_729' title='bbox 2813 3675 3073 3732; x_wconf 81' lang='lat' dir='ltr'><strong>exhibere</strong></span> <span class='ocrx_word' id='word_1_730' title='bbox 3119 3674 3340 3729; x_wconf 84' lang='lat' dir='ltr'><strong>Christo</strong></span> <span class='ocrx_word' id='word_1_731' title='bbox 3384 3673 3470 3743; x_wconf 81' lang='lat' dir='ltr'><strong>(II</strong></span> <span class='ocrx_word' id='word_1_732' title='bbox 3521 3675 3644 3730; x_wconf 81' lang='lat' dir='ltr'><strong>Cor.</strong></span> <span class='ocrx_word' id='word_1_733' title='bbox 3675 3677 3773 3746; x_wconf 79' lang='grc' dir='ltr'><strong>ιι).</strong></span> <span class='ocrx_word' id='word_1_734' title='bbox 3822 3695 3846 3730; x_wconf 77' lang='lat' dir='ltr'><strong>s</strong></span> 
     </span>
    </p>
   </div>
   <div class='ocr_carea' id='block_1_96' title="bbox 2265 3760 3853 3836">
    <p class='ocr_par' dir='ltr' id='par_1_96' title="bbox 2265 3760 3853 3836">
     <span class='ocr_line' id='line_1_97' title="bbox 2265 3760 3853 3836; baseline 0.001 -18"><span class='ocrx_word' id='word_1_735' title='bbox 2265 3763 2452 3835; x_wconf 85' lang='lat' dir='ltr'><strong>Neque</strong></span> <span class='ocrx_word' id='word_1_736' title='bbox 2487 3765 2628 3820; x_wconf 90' lang='lat' dir='ltr'><strong>enim</strong></span> <span class='ocrx_word' id='word_1_737' title='bbox 2659 3766 2712 3820; x_wconf 91' lang='lat' dir='ltr'><strong>in</strong></span> <span class='ocrx_word' id='word_1_738' title='bbox 2741 3765 2832 3820; x_wconf 84' lang='lat' dir='ltr'><strong>illo</strong></span> <span class='ocrx_word' id='word_1_739' title='bbox 2868 3760 2977 3820; x_wconf 64' lang='lat' dir='ltr'><strong>&#39;Dei</strong></span> <span class='ocrx_word' id='word_1_740' title='bbox 3006 3765 3204 3836; x_wconf 88' lang='lat' dir='ltr'><strong>populo</strong></span> <span class='ocrx_word' id='word_1_741' title='bbox 3247 3765 3584 3820; x_wconf 88' lang='lat' dir='ltr'><strong>solummodo</strong></span> <span class='ocrx_word' id='word_1_742' title='bbox 3611 3767 3853 3836; x_wconf 82' lang='lat' dir='ltr'><strong>virgines</strong></span> 
     </span>
    </p>
   </div>
   <div class='ocr_carea' id='block_1_97' title="bbox 2265 3858 3853 3930">
    <p class='ocr_par' dir='ltr' id='par_1_97' title="bbox 2265 3858 3853 3930">
     <span class='ocr_line' id='line_1_98' title="bbox 2265 3858 3853 3930; baseline 0 -16"><span class='ocrx_word' id='word_1_743' title='bbox 2265 3869 2445 3923; x_wconf 88' lang='lat' dir='ltr'><strong>erant,</strong></span> <span class='ocrx_word' id='word_1_744' title='bbox 2474 3859 2567 3913; x_wconf 90' lang='lat' dir='ltr'><strong>sed</strong></span> <span class='ocrx_word' id='word_1_745' title='bbox 2596 3859 2778 3913; x_wconf 59' lang='lat' dir='ltr'><strong>multa!</strong></span> <span class='ocrx_word' id='word_1_746' title='bbox 2805 3858 3068 3930; x_wconf 72' lang='lat' dir='ltr'><strong>coniugiis</strong></span> <span class='ocrx_word' id='word_1_747' title='bbox 3089 3859 3339 3930; x_wconf 78' lang='lat' dir='ltr'><strong>obligata:</strong></span> <span class='ocrx_word' id='word_1_748' title='bbox 3359 3900 3374 3922; x_wconf 93' lang='lat'><strong>,</strong></span> <span class='ocrx_word' id='word_1_749' title='bbox 3403 3861 3486 3915; x_wconf 88' lang='lat' dir='ltr'><strong>vel</strong></span> <span class='ocrx_word' id='word_1_750' title='bbox 3535 3870 3658 3930; x_wconf 89' lang='lat' dir='ltr'><strong>post</strong></span> <span class='ocrx_word' id='word_1_751' title='bbox 3686 3861 3853 3930; x_wconf 69' lang='lat' dir='ltr'><strong>virgi-</strong></span> 
     </span>
    </p>
   </div>
   <div class='ocr_carea' id='block_1_98' title="bbox 2265 3950 3855 4023">
    <p class='ocr_par' dir='ltr' id='par_1_98' title="bbox 2265 3950 3855 4023">
     <span class='ocr_line' id='line_1_99' title="bbox 2265 3950 3855 4023; baseline 0.002 -20"><span class='ocrx_word' id='word_1_752' title='bbox 2265 3950 2454 4004; x_wconf 87' lang='lat' dir='ltr'><strong>nitatis</strong></span> <span class='ocrx_word' id='word_1_753' title='bbox 2508 3950 2851 4020; x_wconf 88' lang='lat' dir='ltr'><strong>dispendium</strong></span> <span class='ocrx_word' id='word_1_754' title='bbox 2908 3951 3265 4006; x_wconf 89' lang='lat' dir='ltr'><strong>continentes.</strong></span> <span class='ocrx_word' id='word_1_755' title='bbox 3318 3951 3386 4006; x_wconf 86' lang='lat' dir='ltr'><strong>Et</strong></span> <span class='ocrx_word' id='word_1_756' title='bbox 3441 3951 3703 4006; x_wconf 87' lang='lat' dir='ltr'><strong>Dominus</strong></span> <span class='ocrx_word' id='word_1_757' title='bbox 3752 3966 3855 4023; x_wconf 86' lang='lat' dir='ltr'><strong>per</strong></span> 
     </span>
    </p>
   </div>
   <div class='ocr_carea' id='block_1_99' title="bbox 2263 4040 3850 4112">
    <p class='ocr_par' dir='ltr' id='par_1_99' title="bbox 2263 4040 3850 4112">
     <span class='ocr_line' id='line_1_100' title="bbox 2263 4040 3850 4112; baseline 0.001 -18"><span class='ocrx_word' id='word_1_758' title='bbox 2263 4041 2584 4112; x_wconf 88' lang='lat' dir='ltr'><strong>prophetam</strong></span> <span class='ocrx_word' id='word_1_759' title='bbox 2637 4055 2652 4094; x_wconf 90' lang='lat'><strong>:</strong></span> <span class='ocrx_word' id='word_1_760' title='bbox 2709 4059 2736 4092; x_wconf 74' lang='grc' dir='ltr'><strong>ι.</strong></span> <span class='ocrx_word' id='word_1_761' title='bbox 2788 4040 2845 4096; x_wconf 89' lang='lat' dir='ltr'><strong>Si</strong></span> <span class='ocrx_word' id='word_1_762' title='bbox 2905 4041 3008 4105; x_wconf 90' lang='lat' dir='ltr'><strong>vir,</strong></span> <span class='ocrx_word' id='word_1_763' title='bbox 3063 4041 3262 4111; x_wconf 88' lang='lat' dir='ltr'><strong>inquit,</strong></span> <span class='ocrx_word' id='word_1_764' title='bbox 3309 4040 3575 4096; x_wconf 86' lang='lat' dir='ltr'><strong>dimiserit</strong></span> <span class='ocrx_word' id='word_1_765' title='bbox 3624 4055 3850 4098; x_wconf 72' lang='lat' dir='ltr'><strong>uxorem</strong></span> 
     </span>
    </p>
   </div>
   <div class='ocr_carea' id='block_1_100' title="bbox 2263 4131 3852 4200">
    <p class='ocr_par' dir='ltr' id='par_1_100' title="bbox 2263 4131 3852 4200">
     <span class='ocr_line' id='line_1_101' title="bbox 2263 4131 3852 4200; baseline 0 -14"><span class='ocrx_word' id='word_1_766' title='bbox 2263 4147 2439 4196; x_wconf 87' lang='lat' dir='ltr'><strong>suam,</strong></span> <span class='ocrx_word' id='word_1_767' title='bbox 2459 4140 2516 4188; x_wconf 88' lang='lat' dir='ltr'><strong>et</strong></span> <span class='ocrx_word' id='word_1_768' title='bbox 2557 4131 2648 4186; x_wconf 91' lang='lat' dir='ltr'><strong>illa</strong></span> <span class='ocrx_word' id='word_1_769' title='bbox 2680 4132 2938 4187; x_wconf 83' lang='lat' dir='ltr'><strong>recedens</strong></span> <span class='ocrx_word' id='word_1_770' title='bbox 2981 4131 3196 4186; x_wconf 80' lang='lat' dir='ltr'><strong>duxerit</strong></span> <span class='ocrx_word' id='word_1_771' title='bbox 3227 4132 3402 4186; x_wconf 85' lang='lat' dir='ltr'><strong>virum</strong></span> <span class='ocrx_word' id='word_1_772' title='bbox 3431 4132 3682 4200; x_wconf 85' lang='lat' dir='ltr'><strong>alterum,</strong></span> <span class='ocrx_word' id='word_1_773' title='bbox 3712 4148 3852 4187; x_wconf 82' lang='lat' dir='ltr'><strong>nun-</strong></span> 
     </span>
    </p>
   </div>
   <div class='ocr_carea' id='block_1_101' title="bbox 2263 4222 3854 4294">
    <p class='ocr_par' dir='ltr' id='par_1_101' title="bbox 2263 4222 3854 4294">
     <span class='ocr_line' id='line_1_102' title="bbox 2263 4222 3854 4294; baseline 0.001 -18"><span class='ocrx_word' id='word_1_774' title='bbox 2263 4223 2394 4294; x_wconf 89' lang='lat' dir='ltr'><strong>quid</strong></span> <span class='ocrx_word' id='word_1_775' title='bbox 2421 4233 2726 4280; x_wconf 85' lang='lat' dir='ltr'><strong>revertetur</strong></span> <span class='ocrx_word' id='word_1_776' title='bbox 2757 4222 2824 4276; x_wconf 91' lang='lat' dir='ltr'><strong>ad</strong></span> <span class='ocrx_word' id='word_1_777' title='bbox 2854 4236 2974 4277; x_wconf 86' lang='lat' dir='ltr'><strong>eam</strong></span> <span class='ocrx_word' id='word_1_778' title='bbox 3007 4222 3186 4276; x_wconf 89' lang='lat' dir='ltr'><strong>ultra?</strong></span> <span class='ocrx_word' id='word_1_779' title='bbox 3229 4222 3481 4292; x_wconf 85' lang='lat' dir='ltr'><strong>Nunquid</strong></span> <span class='ocrx_word' id='word_1_780' title='bbox 3511 4239 3616 4277; x_wconf 89' lang='lat' dir='ltr'><strong>non</strong></span> <span class='ocrx_word' id='word_1_781' title='bbox 3659 4231 3854 4278; x_wconf 86' lang='lat' dir='ltr'><strong>conta-</strong></span> 
     </span>
    </p>
   </div>
   <div class='ocr_carea' id='block_1_102' title="bbox 2263 4312 3865 4384">
    <p class='ocr_par' dir='ltr' id='par_1_102' title="bbox 2263 4312 3865 4384">
     <span class='ocr_line' id='line_1_103' title="bbox 2263 4312 3865 4384; baseline -0.004 -15"><span class='ocrx_word' id='word_1_782' title='bbox 2263 4314 2468 4369; x_wconf 89' lang='lat' dir='ltr'><strong>minata</strong></span> <span class='ocrx_word' id='word_1_783' title='bbox 2515 4323 2570 4368; x_wconf 89' lang='lat' dir='ltr'><strong>et</strong></span> <span class='ocrx_word' id='word_1_784' title='bbox 2593 4312 2792 4384; x_wconf 89' lang='lat' dir='ltr'><strong>polluta</strong></span> <span class='ocrx_word' id='word_1_785' title='bbox 2838 4312 3124 4368; x_wconf 88' lang='lat' dir='ltr'><strong>vocabitur</strong></span> <span class='ocrx_word' id='word_1_786' title='bbox 3162 4312 3391 4367; x_wconf 85' lang='lat' dir='ltr'><strong>mulier?</strong></span> <span class='ocrx_word' id='word_1_787' title='bbox 3426 4313 3505 4368; x_wconf 88' lang='lat' dir='ltr'><strong>Tu</strong></span> <span class='ocrx_word' id='word_1_788' title='bbox 3534 4322 3712 4368; x_wconf 87' lang='lat' dir='ltr'><strong>autem</strong></span> <span class='ocrx_word' id='word_1_789' title='bbox 3739 4313 3865 4366; x_wconf 68' lang='grc' dir='ltr'><strong>[υτ-ι.</strong></span> 
     </span>
    </p>
   </div>
   <div class='ocr_carea' id='block_1_103' title="bbox 2262 4401 3849 4467">
    <p class='ocr_par' dir='ltr' id='par_1_103' title="bbox 2262 4401 3849 4467">
     <span class='ocr_line' id='line_1_104' title="bbox 2262 4401 3849 4467; baseline -0.003 -7"><span class='ocrx_word' id='word_1_790' title='bbox 2262 4405 2442 4460; x_wconf 86' lang='lat' dir='ltr'><strong>nicata</strong></span> <span class='ocrx_word' id='word_1_791' title='bbox 2469 4419 2528 4459; x_wconf 90' lang='lat' dir='ltr'><strong>es</strong></span> <span class='ocrx_word' id='word_1_792' title='bbox 2554 4418 2677 4457; x_wconf 88' lang='lat' dir='ltr'><strong>cum</strong></span> <span class='ocrx_word' id='word_1_793' title='bbox 2720 4401 3053 4456; x_wconf 86' lang='lat' dir='ltr'><strong>amatoribus</strong></span> <span class='ocrx_word' id='word_1_794' title='bbox 3080 4401 3294 4467; x_wconf 88' lang='lat' dir='ltr'><strong>multis;</strong></span> <span class='ocrx_word' id='word_1_795' title='bbox 3347 4411 3530 4458; x_wconf 90' lang='lat' dir='ltr'><strong>tamen</strong></span> <span class='ocrx_word' id='word_1_796' title='bbox 3571 4411 3849 4458; x_wconf 83' lang='lat' dir='ltr'><strong>revertere</strong></span> 
     </span>
    </p>
   </div>
   <div class='ocr_carea' id='block_1_104' title="bbox 2262 4490 3851 4562">
    <p class='ocr_par' dir='ltr' id='par_1_104' title="bbox 2262 4490 3851 4562">
     <span class='ocr_line' id='line_1_105' title="bbox 2262 4490 3851 4562; baseline -0.001 -14"><span class='ocrx_word' id='word_1_797' title='bbox 2262 4495 2331 4548; x_wconf 85' lang='lat' dir='ltr'><strong>ad</strong></span> <span class='ocrx_word' id='word_1_798' title='bbox 2383 4508 2494 4559; x_wconf 89' lang='lat' dir='ltr'><strong>me,</strong></span> <span class='ocrx_word' id='word_1_799' title='bbox 2539 4493 2672 4547; x_wconf 75' lang='lat' dir='ltr'><strong>dicit</strong></span> <span class='ocrx_word' id='word_1_800' title='bbox 2703 4491 2966 4547; x_wconf 91' lang='lat' dir='ltr'><strong>Dominus</strong></span> <span class='ocrx_word' id='word_1_801' title='bbox 3002 4490 3134 4561; x_wconf 79' lang='lat' dir='ltr'><strong>(Jer.</strong></span> <span class='ocrx_word' id='word_1_802' title='bbox 3183 4493 3287 4560; x_wconf 87' lang='lat' dir='ltr'><strong>tu).</strong></span> <span class='ocrx_word' id='word_1_803' title='bbox 3339 4510 3358 4545; x_wconf 77' lang='grc' dir='ltr'><strong>ι</strong></span> <span class='ocrx_word' id='word_1_804' title='bbox 3399 4490 3660 4546; x_wconf 78' lang='lat' dir='ltr'><strong>Reversio</strong></span> <span class='ocrx_word' id='word_1_805' title='bbox 3687 4492 3851 4562; x_wconf 86' lang='lat' dir='ltr'><strong>plane</strong></span> 
     </span>
    </p>
   </div>
   <div class='ocr_carea' id='block_1_105' title="bbox 2188 4583 3852 4656">
    <p class='ocr_par' dir='ltr' id='par_1_105' title="bbox 2188 4583 3852 4656">
     <span class='ocr_line' id='line_1_106' title="bbox 2188 4583 3852 4656; baseline -0.004 -13"><span class='ocrx_word' id='word_1_806' title='bbox 2188 4583 2238 4643; x_wconf 90' lang='lat' dir='ltr'><strong>D</strong></span> <span class='ocrx_word' id='word_1_807' title='bbox 2265 4587 2366 4642; x_wconf 82' lang='lat' dir='ltr'><strong>ista</strong></span> <span class='ocrx_word' id='word_1_808' title='bbox 2413 4585 2480 4640; x_wconf 87' lang='lat' dir='ltr'><strong>ad</strong></span> <span class='ocrx_word' id='word_1_809' title='bbox 2530 4584 2842 4649; x_wconf 90' lang='lat' dir='ltr'><strong>Dominum,</strong></span> <span class='ocrx_word' id='word_1_810' title='bbox 2887 4591 3148 4656; x_wconf 87' lang='lat' dir='ltr'><strong>quantum</strong></span> <span class='ocrx_word' id='word_1_811' title='bbox 3181 4583 3248 4638; x_wconf 88' lang='lat' dir='ltr'><strong>ad</strong></span> <span class='ocrx_word' id='word_1_812' title='bbox 3277 4583 3591 4654; x_wconf 81' lang='lat' dir='ltr'><strong>qualitatem</strong></span> <span class='ocrx_word' id='word_1_813' title='bbox 3625 4583 3852 4638; x_wconf 88' lang='lat' dir='ltr'><strong>merito-</strong></span> 
     </span>
    </p>
   </div>
   <div class='ocr_carea' id='block_1_106' title="bbox 2265 4675 3846 4749">
    <p class='ocr_par' dir='ltr' id='par_1_106' title="bbox 2265 4675 3846 4749">
     <span class='ocr_line' id='line_1_107' title="bbox 2265 4675 3846 4749; baseline -0.003 -14"><span class='ocrx_word' id='word_1_814' title='bbox 2265 4695 2386 4736; x_wconf 89' lang='lat' dir='ltr'><strong>rum</strong></span> <span class='ocrx_word' id='word_1_815' title='bbox 2417 4678 2653 4749; x_wconf 88' lang='lat' dir='ltr'><strong>pertinet</strong></span> <span class='ocrx_word' id='word_1_816' title='bbox 2673 4717 2690 4742; x_wconf 94' lang='lat'><strong>,</strong></span> <span class='ocrx_word' id='word_1_817' title='bbox 2721 4677 2824 4732; x_wconf 90' lang='lat' dir='ltr'><strong>hoc</strong></span> <span class='ocrx_word' id='word_1_818' title='bbox 2852 4685 2958 4742; x_wconf 89' lang='lat' dir='ltr'><strong>est,</strong></span> <span class='ocrx_word' id='word_1_819' title='bbox 2987 4676 3056 4731; x_wconf 87' lang='lat' dir='ltr'><strong>de</strong></span> <span class='ocrx_word' id='word_1_820' title='bbox 3089 4684 3344 4747; x_wconf 89' lang='lat' dir='ltr'><strong>corrupta</strong></span> <span class='ocrx_word' id='word_1_821' title='bbox 3383 4677 3648 4747; x_wconf 86' lang='lat' dir='ltr'><strong>integram</strong></span> <span class='ocrx_word' id='word_1_822' title='bbox 3705 4675 3846 4740; x_wconf 79' lang='lat' dir='ltr'><strong>ﬁeri,</strong></span> 
     </span>
    </p>
   </div>
   <div class='ocr_carea' id='block_1_107' title="bbox 2265 4765 3846 4840">
    <p class='ocr_par' dir='ltr' id='par_1_107' title="bbox 2265 4765 3846 4840">
     <span class='ocr_line' id='line_1_108' title="bbox 2265 4765 3846 4840; baseline -0.003 -13"><span class='ocrx_word' id='word_1_823' title='bbox 2265 4771 2332 4827; x_wconf 85' lang='lat' dir='ltr'><strong>de</strong></span> <span class='ocrx_word' id='word_1_824' title='bbox 2361 4770 2652 4840; x_wconf 86' lang='lat' dir='ltr'><strong>prostituta</strong></span> <span class='ocrx_word' id='word_1_825' title='bbox 2676 4767 2944 4839; x_wconf 89' lang='lat' dir='ltr'><strong>virginem</strong></span> <span class='ocrx_word' id='word_1_826' title='bbox 2988 4767 3252 4836; x_wconf 87' lang='lat' dir='ltr'><strong>reparari.</strong></span> <span class='ocrx_word' id='word_1_827' title='bbox 3307 4765 3418 4823; x_wconf 86' lang='lat' dir='ltr'><strong>Cur</strong></span> <span class='ocrx_word' id='word_1_828' title='bbox 3463 4780 3652 4822; x_wconf 88' lang='lat' dir='ltr'><strong>rursus</strong></span> <span class='ocrx_word' id='word_1_829' title='bbox 3703 4766 3846 4822; x_wconf 86' lang='lat' dir='ltr'><strong>idem</strong></span> 
     </span>
    </p>
   </div>
   <div class='ocr_carea' id='block_1_108' title="bbox 2263 4860 3852 4933">
    <p class='ocr_par' dir='ltr' id='par_1_108' title="bbox 2263 4860 3852 4933">
     <span class='ocr_line' id='line_1_109' title="bbox 2263 4860 3852 4933; baseline -0.005 -15"><span class='ocrx_word' id='word_1_830' title='bbox 2263 4878 2493 4933; x_wconf 88' lang='lat' dir='ltr'><strong>sponsus</strong></span> <span class='ocrx_word' id='word_1_831' title='bbox 2523 4861 2812 4932; x_wconf 89' lang='lat' dir='ltr'><strong>loquitur:</strong></span> <span class='ocrx_word' id='word_1_832' title='bbox 2859 4878 2878 4911; x_wconf 82' lang='grc' dir='ltr'><strong>ι</strong></span> <span class='ocrx_word' id='word_1_833' title='bbox 2931 4860 2998 4915; x_wconf 83' lang='lat' dir='ltr'><strong>Et</strong></span> <span class='ocrx_word' id='word_1_834' title='bbox 3042 4860 3284 4914; x_wconf 88' lang='lat' dir='ltr'><strong>omnium</strong></span> <span class='ocrx_word' id='word_1_835' title='bbox 3337 4869 3682 4929; x_wconf 86' lang='lat' dir='ltr'><strong>peccatorum</strong></span> <span class='ocrx_word' id='word_1_836' title='bbox 3735 4866 3852 4911; x_wconf 88' lang='lat' dir='ltr'><strong>tuo-</strong></span> 
     </span>
    </p>
   </div>
   <div class='ocr_carea' id='block_1_109' title="bbox 2263 4950 3850 5023">
    <p class='ocr_par' dir='ltr' id='par_1_109' title="bbox 2263 4950 3850 5023">
     <span class='ocr_line' id='line_1_110' title="bbox 2263 4950 3850 5023; baseline -0.001 -15"><span class='ocrx_word' id='word_1_837' title='bbox 2263 4970 2382 5009; x_wconf 90' lang='lat' dir='ltr'><strong>rum</strong></span> <span class='ocrx_word' id='word_1_838' title='bbox 2406 4951 2521 5022; x_wconf 84' lang='lat' dir='ltr'><strong>jam</strong></span> <span class='ocrx_word' id='word_1_839' title='bbox 2554 4967 2766 5008; x_wconf 87' lang='lat' dir='ltr'><strong>memor</strong></span> <span class='ocrx_word' id='word_1_840' title='bbox 2795 4967 2902 5006; x_wconf 86' lang='lat' dir='ltr'><strong>non</strong></span> <span class='ocrx_word' id='word_1_841' title='bbox 2930 4967 3026 5008; x_wconf 92' lang='lat' dir='ltr'><strong>ero</strong></span> <span class='ocrx_word' id='word_1_842' title='bbox 3057 4951 3192 5021; x_wconf 64' lang='grc' dir='ltr'><strong>(λεν.</strong></span> <span class='ocrx_word' id='word_1_843' title='bbox 3242 4951 3416 5023; x_wconf 64' lang='lat' dir='ltr'><strong>xxxi).</strong></span> <span class='ocrx_word' id='word_1_844' title='bbox 3459 4971 3477 5003; x_wconf 75' lang='grc' dir='ltr'><strong>ι</strong></span> <span class='ocrx_word' id='word_1_845' title='bbox 3513 4951 3568 5008; x_wconf 84' lang='lat' dir='ltr'><strong>In</strong></span> <span class='ocrx_word' id='word_1_846' title='bbox 3613 4950 3850 5006; x_wconf 88' lang='lat' dir='ltr'><strong>carnalis</strong></span> 
     </span>
    </p>
   </div>
   <div class='ocr_carea' id='block_1_110' title="bbox 2259 5042 3850 5115">
    <p class='ocr_par' dir='ltr' id='par_1_110' title="bbox 2259 5042 3850 5115">
     <span class='ocr_line' id='line_1_111' title="bbox 2259 5042 3850 5115; baseline -0.003 -17"><span class='ocrx_word' id='word_1_847' title='bbox 2259 5045 2530 5115; x_wconf 86' lang='lat' dir='ltr'><strong>siquidem</strong></span> <span class='ocrx_word' id='word_1_848' title='bbox 2558 5043 2849 5114; x_wconf 88' lang='lat' dir='ltr'><strong>sponsione</strong></span> <span class='ocrx_word' id='word_1_849' title='bbox 2874 5043 3190 5112; x_wconf 80' lang='lat' dir='ltr'><strong>complexus</strong></span> <span class='ocrx_word' id='word_1_850' title='bbox 3241 5043 3344 5097; x_wconf 90' lang='lat' dir='ltr'><strong>virl</strong></span> <span class='ocrx_word' id='word_1_851' title='bbox 3365 5083 3378 5109; x_wconf 92' lang='lat'><strong>,</strong></span> <span class='ocrx_word' id='word_1_852' title='bbox 3407 5042 3686 5111; x_wconf 87' lang='lat' dir='ltr'><strong>corruptio</strong></span> <span class='ocrx_word' id='word_1_853' title='bbox 3729 5057 3850 5095; x_wconf 84' lang='lat' dir='ltr'><strong>car-</strong></span> 
     </span>
    </p>
   </div>
   <div class='ocr_carea' id='block_1_111' title="bbox 2258 5133 3848 5205">
    <p class='ocr_par' dir='ltr' id='par_1_111' title="bbox 2258 5133 3848 5205">
     <span class='ocr_line' id='line_1_112' title="bbox 2258 5133 3848 5205; baseline -0.004 -13"><span class='ocrx_word' id='word_1_854' title='bbox 2258 5137 2369 5200; x_wconf 88' lang='lat' dir='ltr'><strong>nis,</strong></span> <span class='ocrx_word' id='word_1_855' title='bbox 2408 5135 2580 5190; x_wconf 70' lang='lat' dir='ltr'><strong>t&#39;mdus</strong></span> <span class='ocrx_word' id='word_1_856' title='bbox 2610 5136 2836 5201; x_wconf 81' lang='lat' dir='ltr'><strong>amoris,</strong></span> <span class='ocrx_word' id='word_1_857' title='bbox 2879 5135 3218 5205; x_wconf 88' lang='lat' dir='ltr'><strong>dispendium</strong></span> <span class='ocrx_word' id='word_1_858' title='bbox 3257 5133 3556 5198; x_wconf 86' lang='lat' dir='ltr'><strong>castitatis,</strong></span> <span class='ocrx_word' id='word_1_859' title='bbox 3581 5133 3848 5203; x_wconf 85' lang='lat' dir='ltr'><strong>virginem</strong></span> 
     </span>
    </p>
   </div>
   <div class='ocr_carea' id='block_1_112' title="bbox 2257 5224 3850 5298">
    <p class='ocr_par' dir='ltr' id='par_1_112' title="bbox 2257 5224 3850 5298">
     <span class='ocr_line' id='line_1_113' title="bbox 2257 5224 3850 5298; baseline -0.003 -15"><span class='ocrx_word' id='word_1_860' title='bbox 2257 5241 2316 5283; x_wconf 90' lang='lat' dir='ltr'><strong>se</strong></span> <span class='ocrx_word' id='word_1_861' title='bbox 2348 5227 2665 5298; x_wconf 88' lang='lat' dir='ltr'><strong>plerumque</strong></span> <span class='ocrx_word' id='word_1_862' title='bbox 2711 5225 2965 5282; x_wconf 84' lang='lat' dir='ltr'><strong>thalamis</strong></span> <span class='ocrx_word' id='word_1_863' title='bbox 3003 5225 3338 5295; x_wconf 82' lang='lat' dir='ltr'><strong>nuptialibus</strong></span> <span class='ocrx_word' id='word_1_864' title='bbox 3365 5226 3550 5292; x_wconf 89' lang='lat' dir='ltr'><strong>tradit,</strong></span> <span class='ocrx_word' id='word_1_865' title='bbox 3583 5240 3706 5294; x_wconf 72' lang='lat' dir='ltr'><strong>qua:</strong></span> <span class='ocrx_word' id='word_1_866' title='bbox 3733 5224 3850 5295; x_wconf 85' lang='lat' dir='ltr'><strong>pol-</strong></span> 
     </span>
    </p>
   </div>
   <div class='ocr_carea' id='block_1_113' title="bbox 2256 5317 3848 5394">
    <p class='ocr_par' dir='ltr' id='par_1_113' title="bbox 2256 5317 3848 5394">
     <span class='ocr_line' id='line_1_114' title="bbox 2256 5317 3848 5394; baseline -0.002 -20"><span class='ocrx_word' id='word_1_867' title='bbox 2256 5320 2368 5374; x_wconf 84' lang='lat' dir='ltr'><strong>luta</strong></span> <span class='ocrx_word' id='word_1_868' title='bbox 2417 5319 2641 5375; x_wconf 88' lang='lat' dir='ltr'><strong>recedit.</strong></span> <span class='ocrx_word' id='word_1_869' title='bbox 2709 5318 2752 5374; x_wconf 81' lang='grc' dir='ltr'>Ε</span> <span class='ocrx_word' id='word_1_870' title='bbox 2780 5317 3114 5383; x_wconf 82' lang='lat' dir='ltr'><strong>contra,cni</strong></span> <span class='ocrx_word' id='word_1_871' title='bbox 3171 5317 3410 5374; x_wconf 70' lang='lat' dir='ltr'><strong>caelestis</strong></span> <span class='ocrx_word' id='word_1_872' title='bbox 3459 5331 3693 5387; x_wconf 86' lang='lat' dir='ltr'><strong>sponsus</strong></span> <span class='ocrx_word' id='word_1_873' title='bbox 3749 5317 3848 5394; x_wconf 78' lang='lat' dir='ltr'><strong>ad-</strong></span> 
     </span>
    </p>
   </div>
   <div class='ocr_carea' id='block_1_114' title="bbox 2257 5406 3848 5484">
    <p class='ocr_par' dir='ltr' id='par_1_114' title="bbox 2257 5406 3848 5484">
     <span class='ocr_line' id='line_1_115' title="bbox 2257 5406 3848 5484; baseline -0.004 -17"><span class='ocrx_word' id='word_1_874' title='bbox 2257 5413 2498 5478; x_wconf 76' lang='lat' dir='ltr'><strong>hazserit,</strong></span> <span class='ocrx_word' id='word_1_875' title='bbox 2549 5412 2796 5484; x_wconf 88' lang='lat' dir='ltr'><strong>protinus</strong></span> <span class='ocrx_word' id='word_1_876' title='bbox 2843 5409 3015 5465; x_wconf 87' lang='lat' dir='ltr'><strong>abluit</strong></span> <span class='ocrx_word' id='word_1_877' title='bbox 3059 5408 3304 5464; x_wconf 83' lang='lat' dir='ltr'><strong>maculas</strong></span> <span class='ocrx_word' id='word_1_878' title='bbox 3355 5406 3730 5479; x_wconf 84' lang='lat' dir='ltr'><strong>turpitudinis,</strong></span> <span class='ocrx_word' id='word_1_879' title='bbox 3792 5415 3848 5462; x_wconf 88' lang='lat' dir='ltr'><strong>et</strong></span> 
     </span>
    </p>
   </div>
   <div class='ocr_carea' id='block_1_115' title="bbox 2261 5499 3850 5567">
    <p class='ocr_par' dir='ltr' id='par_1_115' title="bbox 2261 5499 3850 5567">
     <span class='ocr_line' id='line_1_116' title="bbox 2261 5499 3850 5567; baseline -0.006 -5"><span class='ocrx_word' id='word_1_880' title='bbox 2261 5508 2328 5562; x_wconf 87' lang='lat' dir='ltr'><strong>ad</strong></span> <span class='ocrx_word' id='word_1_881' title='bbox 2391 5505 2578 5561; x_wconf 80' lang='lat' dir='ltr'><strong>ﬂorem</strong></span> <span class='ocrx_word' id='word_1_882' title='bbox 2638 5511 2858 5561; x_wconf 83' lang='lat' dir='ltr'><strong>revocat</strong></span> <span class='ocrx_word' id='word_1_883' title='bbox 2913 5502 3363 5559; x_wconf 74' lang='lat' dir='ltr'><strong>redolentissima:</strong></span> <span class='ocrx_word' id='word_1_884' title='bbox 3414 5500 3703 5567; x_wconf 82' lang='lat' dir='ltr'><strong>castitatis.</strong></span> <span class='ocrx_word' id='word_1_885' title='bbox 3771 5499 3850 5553; x_wconf 88' lang='lat' dir='ltr'><strong>De</strong></span> 
     </span>
    </p>
   </div>
   <div class='ocr_carea' id='block_1_116' title="bbox 2259 5591 3849 5672">
    <p class='ocr_par' dir='ltr' id='par_1_116' title="bbox 2259 5591 3849 5672">
     <span class='ocr_line' id='line_1_117' title="bbox 2259 5591 3849 5672; baseline -0.006 -18"><span class='ocrx_word' id='word_1_886' title='bbox 2259 5598 2564 5672; x_wconf 91' lang='lat' dir='ltr'><strong>prostibulo</strong></span> <span class='ocrx_word' id='word_1_887' title='bbox 2595 5597 2883 5668; x_wconf 79' lang='lat' dir='ltr'><strong>virginem,</strong></span> <span class='ocrx_word' id='word_1_888' title='bbox 2916 5595 2984 5651; x_wconf 90' lang='lat' dir='ltr'><strong>de</strong></span> <span class='ocrx_word' id='word_1_889' title='bbox 3009 5595 3356 5666; x_wconf 87' lang='lat' dir='ltr'><strong>corruptione</strong></span> <span class='ocrx_word' id='word_1_890' title='bbox 3395 5593 3577 5650; x_wconf 83' lang='lat' dir='ltr'><strong>reddit</strong></span> <span class='ocrx_word' id='word_1_891' title='bbox 3621 5591 3849 5660; x_wconf 84' lang='lat' dir='ltr'><strong>integri-</strong></span> 
     </span>
    </p>
   </div>
   <div class='ocr_carea' id='block_1_117' title="bbox 2262 5700 2451 5746">
    <p class='ocr_par' dir='ltr' id='par_1_117' title="bbox 2262 5700 2451 5746">
     <span class='ocr_line' id='line_1_118' title="bbox 2262 5700 2451 5746; baseline -0.011 -2"><span class='ocrx_word' id='word_1_892' title='bbox 2262 5700 2451 5746; x_wconf 87' lang='lat' dir='ltr'><strong>tatem.</strong></span> 
     </span>
    </p>
   </div>
   <div class='ocr_carea' id='block_1_118' title="bbox 2334 5774 3845 5851">
    <p class='ocr_par' dir='ltr' id='par_1_118' title="bbox 2334 5774 3845 5851">
     <span class='ocr_line' id='line_1_119' title="bbox 2334 5774 3845 5851; baseline -0.007 -14"><span class='ocrx_word' id='word_1_893' title='bbox 2334 5781 2486 5838; x_wconf 84' lang='lat' dir='ltr'><strong>Unde</strong></span> <span class='ocrx_word' id='word_1_894' title='bbox 2540 5789 2656 5846; x_wconf 86' lang='lat' dir='ltr'><strong>cst,</strong></span> <span class='ocrx_word' id='word_1_895' title='bbox 2725 5776 2867 5851; x_wconf 90' lang='lat' dir='ltr'><strong>quod</strong></span> <span class='ocrx_word' id='word_1_896' title='bbox 2916 5778 3205 5851; x_wconf 84' lang='lat' dir='ltr'><strong>plerosque</strong></span> <span class='ocrx_word' id='word_1_897' title='bbox 3256 5776 3504 5834; x_wconf 84' lang='lat' dir='ltr'><strong>novimus</strong></span> <span class='ocrx_word' id='word_1_898' title='bbox 3559 5774 3845 5842; x_wconf 75' lang='lat' dir='ltr'><strong>utriusque</strong></span> 
     </span>
    </p>
   </div>
  </div>
