4132 6324
373 344 449 401 θο
458 347 478 399 ι

1209 339 1450 398 OPUSC.
1495 339 1730 396 XXXVI.
1772 371 1840 380 -—
1880 339 1968 394 DE
2008 339 2232 396 DIYINA
2275 335 2805 397 ΟΜΝΙΡΟἸΕΝΤῙᾹ.

3521 323 3623 392 σοι

347 478 547 520 vsexus
565 462 820 517 homines
858 469 978 532 post
1015 459 1404 517 abeminabiles
1443 459 1732 532 voluptatis
1775 459 2029 522 illece-A
2055 460 2201 514 vium
2254 456 2405 539 (Cen.
2453 456 2574 522 vn),
2603 451 2934 524 Pentapolim
2977 465 3076 521 per
3126 448 3270 536 ignis
3320 449 3628 504 incendium

376 555 524 619 bras,
572 553 639 607 ad
673 561 874 606 tantam
918 551 1184 622 religiosae
1226 550 1351 604 vitae
1376 551 1690 620 pervenisse
1741 545 1953 604 mundi-

363 647 536 711 tiam,
567 653 625 700 ut
649 661 755 699 non
806 643 964 699 modo
993 653 1174 698 castos
1214 653 1376 714 atque
1415 632 1639 713 pudicos
1684 641 1953 714 quoslibet

381 736 435 788 in
458 734 747 788 sanctitate
774 731 1170 800 praecederent;
1205 733 1298 786 sed
1325 741 1381 786 et
1415 746 1521 785 non
1561 731 1952 785 contemnenda

365 823 669 880 imultarum
695 823 964 890 virginum
990 824 1180 878 merita
1211 833 1549 894 superarent.
1594 823 1799 890 Quibus
1847 839 1952 878 non

364 913 487 983 .jam
537 913 650 968 sola
700 913 898 981 prioris
956 914 1133 968 meriti
1188 930 1437 968 mensura
1484 914 1818 982 rependitur,
1862 914 1955 966 sed

371 1007 570 1077 procul
599 1008 762 1062 dubio
796 1024 920 1063 cum
946 1009 1264 1064 remissione
1293 1022 1474 1065 reatus
1499 1011 1660 1064 etiam
1713 1010 1958 1066 cumulus

369 1099 744 1171 isiiperadditm
795 1101 1060 1155 mercedis
1103 1111 1346 1171 augetur.
1400 1101 1538 1155 Ecce
1566 1099 1870 1171 probatum,
1899 1108 1960 1156 ut

382 1192 599 1259 opinor,
647 1201 749 1253 est,
787 1191 939 1260 juxta
960 1192 1223 1244 meritum
1273 1206 1430 1259 pense
1476 1191 1642 1245 Deum
1696 1191 1960 1246 suscitare

363 1279 650 1350 virginem
676 1291 792 1350 post
820 1281 1029 1335 ruinam
1053 1300 1065 1334 :
1086 1280 1236 1348 juxta
1258 1298 1474 1336 carnem
1503 1296 1630 1335 vero
1653 1281 1774 1351 quis
1799 1284 1960 1335 etiam

386 1373 602 1425 'vcsauae
631 1371 829 1424 mentis
857 1369 1136 1425 addubitet
1167 1388 1288 1424 eum
1332 1371 1602 1436 videlicet,
1650 1372 1742 1442 qui
1799 1371 1963 1442 erigit

385 1459 572 1522 elisos,
603 1459 761 1513 sulvit
783 1460 1117 1529 compeditos
1147 1457 1318 1531 (Paul.
1346 1462 1504 1531 (την)
1525 1502 1538 1524 ,
1567 1461 1658 1530 qui
1691 1471 1962 1531 postremo

385 1560 545 1606 curat
590 1567 804 1606 onmem
858 1551 1170 1622 languorem
1227 1565 1281 1607 et
1328 1566 1542 1607 onmem
1593 1552 1963 1608 infirmitatem

389 1642 606 1713 (Matth.
642 1645 740 1711 tv),
775 1641 1098 1699 clausulam
1127 1661 1231 1700 non
1282 1634 1442 1715 posse
1485 1661 1743 1716 reparare
1799 1643 1965 1716 virgi-

389 1735 582 1789 neam?
611 1734 900 1790 Enimvero
927 1737 1015 1806 qui
1064 1751 1260 1806 corpus
1310 1736 1483 1806 ipsum
1531 1738 1595 1790 de
1647 1737 1964 1791 tenuissimo

2055 551 2210 622 (Gen.
2235 537 2372 622 xix),
2396 545 2592 620 quibus
2621 547 2872 602 nimirum
2901 544 2981 600 sic
3015 544 3243 599 abstulit
3268 534 3414 607 esse,
3445 549 3500 596 et
3543 541 3628 596 fu-

2053 629 2235 698 turum
2284 657 2443 710 esse,
2492 649 2553 695 ut
2601 653 2938 709 nequaquam
2995 635 3282 690 abstulerit
3330 643 3382 689 et
3441 634 3627 688 fuisse.

2047 730 2372 799 Quanquam
2405 729 2448 784 si
2492 727 2557 783 ad
2603 739 2890 797 pravorum
2944 722 3221 777 hominum
3269 719 3485 783 merita,
3540 721 3632 787 qui

2056 831 2186 875 tunc
2212 820 2369 874 deleti
2399 826 2539 879 sunt,
2565 810 2794 872 solerter
2822 812 3100 883 inspicias.
3138 811 3392 881 quoniam
3421 807 3632 862 vanita-

2053 921 2138 967 tes
2163 922 2212 966 et
2237 911 2419 965 inania
2445 907 2634 963 sectati
2667 913 2816 968 sunt,
2843 913 2903 958 ut
2930 917 3035 957 non
3059 902 3125 956 ad
3148 915 3289 963 esse,
3323 899 3416 953 sed
3444 898 3512 952 ad
3549 897 3634 952 ni-

2057 1004 2223 1058 hilum
2256 1002 2566 1063 tenderent,
2598 1013 2690 1052 eos
2727 998 2921 1051 merito
2968 1009 3074 1048 non
3126 992 3290 1046 fuisse
3351 990 3634 1045 decernas.

2051 1095 2195 1150 'llinc
2219 1104 2324 1157 est,
2354 1093 2497 1164 quod
2524 1106 2618 1146 eos
2654 1091 2708 1144 in
2761 1085 3048 1142 afﬂictione
3095 1084 3314 1153 spiritus
3354 1078 3634 1151 conqueri,

2059 1188 2344 1258 Scriptura
2372 1193 2640 1240 testatur:
2697 1201 2716 1233 ‹
2769 1181 3054 1249 Exiguum,
3092 1174 3380 1244 inquiunt,’
3414 1181 3469 1228 et
3515 1186 3638 1226 cum

2060 1279 2218 1334 taedio
2245 1289 2327 1332 est
2359 1286 2570 1344 tempus
2602 1273 2726 1328 vita:
2756 1280 2973 1335 nostrm,
2992 1278 3044 1322 et
3067 1282 3170 1321 non
3193 1275 3277 1320 est
3300 1261 3636 1333 refrigerium

2057 1371 2112 1428 in
2145 1370 2248 1424 fine
2268 1369 2525 1431 hominis,
2561 1376 2742 1420 etnon
2771 1373 2856 1418 est
2883 1363 2972 1432 qui
3004 1361 3220 1430 agnitus
3270 1357 3342 1413 sit
3387 1369 3641 1411 reversus

2055 1463 2130 1518 ab
2153 1462 2375 1526 inferis;
2411 1460 2536 1530 quia
2567 1473 2635 1513 ex
2678 1456 2850 1512 nihilo
2894 1455 3004 1509 nati
3039 1468 3244 1513 sumus,
3282 1460 3336 1506 ct
3367 1457 3487 1520 post
3529 1447 3642 1501 hac

2063 1557 2267 1612 erimus
2298 1553 2453 1623 quasi
2479 1566 2583 1605 non
2613 1549 2893 1604 fuerimus.
2937 1545 3179 1608 Erimus,
3210 1540 3479 1610 inquiunt,
3527 1546 3644 1591 tau-

2063 1638 2225 1718 quam
2249 1647 2293 1700 si
2323 1659 2428 1699 nnn
2454 1643 2751 1704 fuerimus;
2783 1638 2908 1708 quia
2939 1644 2993 1691 et
3038 1648 3180 1687 nunc
3236 1629 3452 1701 quando
3498 1625 3644 1681 vide“-

2062 1739 2264 1794 bantur
2317 1749 2461 1798 esse,
2493 1732 2560 1787 ad
2607 1719 2832 1786 nihilum
2865 1720 3439 1796 potius-pertinebant,
3482 1730 3646 1787 quam

388 1826 614 1881 seminis
646 1825 851 1896 liquore
895 1828 1186 1898 compegit,
1217 1828 1268 1880 in
1323 1825 1573 1882 humana:
1614 1828 1803 1884 forma:
1845 1843 1966 1898 spe-

2077 1833 2135 1887 ‘ad
2165 1845 2353 1885 verum
2392 1843 2513 1882 esse
2542 1824 2689 1896 (δίῳ.
2723 1821 2807 1890 ιι).
2835 1820 2971 1889 Ego,
2997 1817 3092 1881 ait,
3120 1831 3238 1869 smn
3269 1811 3358 1881 qui
3392 1825 3548 1874 sum;
3594 1816 3648 1898 et

389 1915 528 1972 ciem
561 1932 660 1985 per
709 1918 856 1972 varia
887 1918 1253 1973 membrorum
1307 1919 1638 1974 lineamenta
1692 1920 1966 1984 distinxit,

377 2006 458 2060 ad
485 2019 751 2059 summam
804 2009 1033 2061 necdum
1088 2008 1411 2063 cxistentem
1465 2008 1708 2062 condidit
1755 2017 1971 2063 creatu-

389 2108 532 2160 ram,
563 2097 1016 2165 existentemjam
1063 2114 1168 2152 non
1214 2099 1411 2168 poterit
1450 2113 1778 2168 recuperare
1816 2081 1973 2152 vitia-

391 2186 545 2239 tam?
570 2185 768 2240 Fateor
788 2187 967 2257 plane,
999 2185 1192 2250 fateor.
1226 2189 1540 2257 nullumque
1581 2190 1778 2244 timens
1803 2186 1973 2241 cavil-

393 2277 602 2334 latoria:
629 2281 990 2334 contentionis
1031 2280 1342 2350 obloqninm
1389 2289 1702 2334 constanter
1731 2278 1969 2345 afﬁrmo;

301 2429 304 2432 1
393 2366 520 2439 quia
548 2369 691 2423 Valet
730 2371 1072 2440 omnipotens
1105 2370 1242 2424 Deus
1292 2370 1645 2426 multinnham
1681 2369 1975 2440 quamlibet

395 2459 662 2532 virginem
691 2461 945 2524 reddere,
974 2461 1500 2532 incorruptionisqm:
1550 2463 1886 2532 signaculum
1919 2461 1972 2516 in

399 2553 515 2624 ipsa
539 2551 653 2620 ejus
679 2569 863 2612 carne.
888 2553 1031 2608 sicut
1057 2570 1122 2608 ex
1152 2563 1398 2609 materno
1423 2569 1640 2625 egressa
1673 2563 1760 2608 est
1797 2563 1970 2617 utero,

309 2701 312 2704 ,
401 2660 672 2713 reparare.
698 2645 866 2718 619
890 2647 1011 2700 llzec
1042 2655 1223 2700 autem
1246 2645 1377 2713 dixi,
1405 2661 1509 2701 non
1538 2657 1596 2701 ut
1622 2646 1683 2701 Β.
1713 2645 1976 2718 Hierony-

399 2753 506 2796 mo.
541 2739 630 2808 qui
664 2740 754 2808 pio
791 2738 972 2793 stmlio
1008 2738 1220 2793 locutus
1271 2748 1374 2804 est,
1407 2739 1723 2806 detraham;
1771 2740 1865 2794 sed
1917 2748 1976 2794 ut

397 2841 526 2893 eos,
579 2829 680 2897 qui
735 2843 801 2882 ex
861 2828 1151 2882 verborum
1210 2827 1352 2884 illius
1416 2829 1742 2892 occasione,
1805 2829 1974 2884 Deum

402 2926 657 2972 astruunt
717 2917 1104 2988 impotentem,
1167 2918 1368 2974 invicta
1433 2916 1554 2974 fidei
1616 2918 1827 2974 ratione
1889 2934 1978 2974 re-

401 3007 604 3063 fellam.

1007 3099 1236 3156 CAPUT
1270 3098 1360 3155 IV.

404 3212 676 3278 Quomodo
713 3217 874 3286 possit
923 3213 1058 3285 ﬁeri,
1085 3229 1153 3357 [ut
1195 3219 1333 3287 quod
1382 3218 1577 3287 factum
1614 3226 1712 3283 est,
1757 3233 1862 3271 non
1907 3217 1976 3272 ait

1111 3299 1304 3342 at‘lttm.

1111 3299 1304 3342 at‘lttm.

473 3375 554 3432 Ad
584 3377 714 3432 illud
755 3389 1051 3450 postremo,
1083 3379 1225 3450 quod
1267 3379 1319 3434 in
1356 3379 1460 3434 hac
1491 3379 1802 3450 disputandi
1855 3393 1974 3432 ma-

401 3469 541 3523 tcria
574 3468 756 3539 plures
803 3468 1094 3537 objiciunt,
1125 3470 1224 3525 sub
1278 3471 1584 3525 sanctitatis
1631 3479 1736 3525 tua:
1773 3468 1979 3538 judicio

407 3564 564 3618 video
594 3565 1049 3633 respondendum.
1078 3565 1240 3620 Aiunt
1279 3565 1421 3620 enim
1458 3577 1470 3617 :
1513 3563 1568 3619 Si
1601 3563 1765 3629 Deus,
1797 3572 1856 3617 ut
1897 3578 1982 3617 as-

407 3655 568 3719 seris,
599 3655 651 3711 in
697 3657 949 3711 omnibus
994 3657 1336 3725 omnipotens
1386 3666 1487 3716 est,
1522 3656 1761 3725 nunquid
1804 3663 1983 3726 potest.

405 3746 510 3800 hoc
540 3761 720 3816 agere,
750 3757 810 3802 ut
842 3762 961 3815 qum
1010 3745 1153 3802 facta
1194 3755 1339 3810 sunt,
1381 3747 1524 3801 facta
1581 3761 1688 3801 non
1746 3745 1983 3802 fuerint?

406 3835 595 3893 Potest
624 3848 774 3893 certe
814 3839 956 3894 facta
982 3853 1211 3909 quaeque
1251 3840 1562 3905 destruere,
1609 3848 1668 3893 ut
1715 3840 1826 3908 jam
1877 3856 1984 3895 nou

408 3928 548 3993 sint;
578 3931 670 3986 sed
696 3931 867 3987 videri
898 3947 1003 3988 non
1038 3941 1239 4004 potest,
1271 3947 1377 4001 quo
1421 3945 1579 4003 pacto
1608 3935 1778 4004 possit
1809 3933 1985 3987 effice-

411 4037 699 4095 re,utqua:
721 4025 860 4080 faeta
884 4023 1184 4088 sunt,facta
1212 4041 1314 4079 non
1344 4023 1562 4080 fuerint.
1584 4025 1770 4080 Potest
1789 4027 1987 4096 quippe

412 4116 552 4180 fieri,
580 4127 637 4171 ut
666 4119 881 4181 amodo,
911 4127 967 4174 et
996 4118 1251 4188 deinceps
1276 4118 1448 4173 Roma
1497 4133 1602 4171 non
1635 4118 1740 4183 sit;
1793 4117 1885 4171 sed
1930 4127 1990 4172 ut

413 4207 710 4277 antiquitus
745 4224 852 4263 non
880 4208 1319 4284 fueritcondita,
1349 4206 1621 4279 quomodo
1649 4206 1818 4276 possit
1849 4206 1986 4273 fieri,

415 4299 562 4358 nulla
587 4302 729 4372 capit
761 4301 964 4371 opinio.
1002 4301 1306 4372 Inspirante
1351 4301 1460 4356 Deo
1483 4315 1843 4371 responsurus
1870 4315 1988 4355 sum

415 4391 485 4446 ad.
509 4390 623 4447 haec
648 4407 663 4446 :
690 4393 743 4447 in
776 4392 967 4463 primis
995 4404 1302 4449 exactorem
1335 4407 1512 4447 meum
1541 4391 1721 4445 verbis
1744 4389 1989 4444 Salamo-

419 4482 503 4536 uis
531 4484 928 4539 admonendum
954 4485 1136 4550 video,
1165 4485 1360 4555 quibus
1385 4484 1461 4539 ait
1491 4499 1505 4538 :
1549 4503 1565 4534 ι
1605 4480 1806 4550 Maiora
1842 4491 1892 4536 te
1922 4496 1989 4535 ne

417 4575 719 4644 qumsieris,
733 4585 788 4630 et
801 4575 992 4630 altiora
1013 4585 1063 4629 te
1083 4590 1151 4630 ne
1167 4583 1440 4630 scrutatus
1455 4573 1622 4629 fueris
1637 4572 1825 4644 (Eccli.
1845 4571 1949 4642 ιιι).
1965 4592 1983 4623 ›

418 4665 622 4720 Deinde
653 4666 963 4731 dicendum,
993 4667 1117 4738 quia
1145 4664 1288 4734 quod
1318 4665 1460 4718 Deus
1485 4664 1632 4731 facit,
1655 4664 1855 4734 aliquid
1878 4671 1990 4718 est:

419 4757 562 4827 quod
599 4757 747 4812 Deus
778 4774 885 4814 non
919 4757 1068 4822 facit,
1103 4757 1236 4811 nihil
1272 4766 1391 4812 est:
1426 4775 1444 4808 ι
1479 4754 1671 4811 Omnia
1702 4755 1846 4810 enim
1900 4770 1996 4823 per

419 4849 596 4916 ipsum
639 4848 781 4906 facta
827 4858 991 4915 sunt,
1044 4857 1098 4903 et
1156 4850 1272 4904 Siue
1323 4850 1438 4917 ipso
1488 4848 1685 4902 factum
1736 4856 1818 4901 est
1864 4847 1997 4902 nihil

422 4940 606 5012 (Joan.
645 4941 708 5013 ι).
752 4959 772 4994 ι
823 4941 900 4998 De
938 4957 1046 5013 quo
1101 4943 1361 4996 nimirum
1407 4940 1532 4996 alibi
1562 4940 1824 5010 scriptum
1854 4948 1936 4994 est
1978 4953 1992 4991 :

427 5048 448 5085 ι
475 5031 576 5099 Qui
601 5031 732 5088 fecit
757 5049 876 5104 qua:
897 5032 1074 5088 futura
1099 5043 1225 5088 sunt
1254 5032 1450 5102 (Eccle.
1475 5032 1577 5104 ιιι).
1618 5050 1636 5083 ι
1677 5030 1836 5087 Juxta
1859 5029 2002 5100 quod

423 5123 621 5179 etillud
653 5143 665 5178 :
701 5141 718 5175 ι
754 5123 856 5191 Qui
887 5125 1018 5179 vivit
1044 5125 1097 5179 in
1119 5121 1818 5189 mternum,creavitomnia
1843 5118 2003 5176 simul

437 5213 628 5286 (Ereti.
656 5216 856 5286 xviii):
895 5234 915 5270 ι
950 5216 1017 5272 Et
1044 5215 1338 5286 Apostolus
1373 5232 1386 5268 :
1422 5233 1440 5266 ι
1476 5213 1580 5281 Qui
1626 5213 1778 5278 fecit,
1807 5213 2002 5280 inquit,

425 5323 490 5363 ea
518 5323 638 5378 qua:
665 5323 770 5363 non
799 5318 927 5363 sunt
975 5307 1153 5378 (Rom.
1215 5309 1315 5376 tv).
1377 5326 1395 5359 ι
1438 5303 1630 5360 Omnia
1676 5303 1835 5374 plane
1890 5303 2004 5357 haec

430 5399 741 5456 testimonia
796 5397 1200 5472 Scripturarum
1274 5405 1541 5454 testantur
1593 5394 1762 5450 Deum
1812 5393 2006 5448 fecisse

430 5489 575 5559 quod
601 5505 707 5543 non
737 5497 886 5555 erat;
913 5504 1019 5544 non
1061 5487 1397 5544 destruxisse
1449 5485 1591 5555 quod
1643 5493 1793 5548 erat;
1825 5481 2010 5537 condi-

433 5579 576 5636 disse
609 5581 810 5647 futura,
844 5595 950 5634 non
1003 5579 1304 5636 abolevisse
1345 5577 1641 5650 praeterita.
1690 5575 2008 5644 Quanquam

434 5683 490 5727 et
516 5690 656 5743 smpe
683 5673 893 5744 legatur
948 5673 1087 5728 Deus
1114 5672 1314 5742 aliquid
1365 5670 1664 5735 evertisse,
1717 5678 1776 5723 ut
1819 5665 2012 5722 melius

377 5821 379 5823 ,
439 5763 638 5835 aliquid
671 5775 1026 5834 procuraret;
1059 5764 1198 5820 sicut
1246 5761 1501 5819 mundum
1531 5776 1626 5832 per
1665 5772 1814 5830 aquae
1876 5756 2010 5814 dilu-

2070 1923 2187 1978 ha‘c
2215 1922 2363 1976 dices
2400 1919 2522 1972 filiis
2551 1891 2738 1969 ‘lsrael
2772 1931 2784 1966 :
2836 1910 2936 1977 Qui
2981 1917 3086 1973 est,
3133 1905 3278 1960 tnisit
3329 1917 3416 1957 me
3446 1902 3513 1956 ad
3537 1891 3648 1953 vos

2073 2015 2270 2085 (Exod.
2302 2013 2409 2082 ιιι).
2446 2029 2464 2062 ι
2493 2008 2594 2077 Qui
2622 2007 2765 2062 enim
2790 2004 2856 2058 ab
2881 2002 2994 2075 illo,
3018 1999 3108 2069 qui
3140 2011 3266 2052 vere
3286 2003 3391 2058 est,
3425 1991 3649 2085 recedit,

2073 2083 2294 2162 necesse
2322 2113 2404 2160 est
2431 2111 2488 2156 ut
2519 2115 2622 2154 non
2653 2099 2751 2163 sit;
2782 2096 2906 2166 quia
2931 2095 2997 2148 ad
3029 2091 3254 2172 nihilum
3283 2087 3473 2143 tendit.
3514 2083 3650 2139 Hine

2072 2209 2175 2264 est,
2233 2195 2376 2270 quod
2423 2196 2618 2249 iterum
2669 2199 2946 2260 gementes
2997 2183 3228 2239 dicunt:
3283 2199 3301 2232 ι
3341 2174 3652 2234 Exstinctus

2073 2291 2210 2347 ciuis
2262 2289 2368 2343 erit
2404 2299 2600 2354 corpus
2653 2291 2920 2342 nostrum,
2954 2286 3007 2333 et
3044 2274 3268 2346 spiritus
3317 2271 3652 2326 diffundetur

2064 2379 2327 2454 tamquam
2357 2377 2534 2434 mollis
2567 2390 2694 2439 aer;
2747 2370 2974 2426 transiet
3002 2369 3110 2422 vita
3152 2374 3344 2420 "nostra
3399 2371 3653 2432 tanquam

2074 2450 2302 2544 vestigia
2335 2469 2513 2534 nubis,
2540 2477 2594 2522 et
2626 2466 2763 2520 sicut
2786 2461 2978 2516 nebula
3002 2457 3326 2513 dissolvetur
3347 2469 3466 2524 qua:
3503 2450 3656 2522 fuga-

2075 2576 2128 2621 ta
2175 2542 2255 2618 est
2289 2578 2319 2617 a
2366 2560 2518 2614 radio
2562 2558 2724 2623 solis;
2773 2567 2970 2609 nomen
3030 2558 3276 2606 nostrum
3326 2542 3655 2601 oblivionem

2076 2657 2329 2729 accipiet,
2371 2663 2426 2710 et
2476 2651 2754 2723 pertenuis
2801 2649 3007 2703 umbra:
3061 2642 3325 2699 transitus
3377 2646 3462 2693 est
3520 2639 3657 2729 tem“-

2076 2767 2178 2824 pus
2200 2724 2444 2804 nostrum
2473 2743 2623 2816 (Sap.
2656 2742 2716 2812 ι).
2753 2761 2771 2794 ι
2808 2739 2958 2796 Unde
2986 2747 3041 2793 et
3078 2735 3342 2807 prepheta
3392 2746 3406 2784 :
3459 2745 3479 2782 ι
3529 2724 3658 2782 Om-

2079 2860 2198 2909 nes,
2228 2839 2426 2912 inquit,
2451 2845 2641 2908 gentes
2667 2832 2822 2904 quasi
2859 2847 2966 2886 non
2997 2829 3127 2894 sint,
3169 2827 3251 2881 sic
3297 2831 3423 2879 sunt
3474 2833 3654 2876 coram

2078 2951 2144 2993 eo
2178 2954 2190 2990 :
2223 2943 2277 2990 et
2308 2911 2473 3002 quasi
2519 2927 2746 2984 nihilum
2794 2934 2848 2980 et
2902 2925 3064 2979 inane
3112 2927 3376 2990 reputata:
3435 2921 3564 2969 sunt
3606 2911 3658 2965 ei

2063 3013 2215 3098 ’(ιεα.
2239 3023 2352 3093 ιι).
2394 3041 2412 3074 ι

2151 3114 2317 3188 620
2349 3112 2418 3166 Et
2450 3107 2708 3165 Salomon
2740 3105 2817 3160 ait
2862 3121 2874 3158 :
2919 3122 2938 3154 ι
2994 3103 3278 3170 Tanquam
3324 3096 3660 3148 momentum

2005 3187 2052 3252 (ἶ
2084 3216 2322 3271 staterae,
2353 3202 2430 3257 sic
2459 3209 2586 3254 ante
2628 3206 2679 3253 te
2708 3205 2789 3251 est
2817 3191 2966 3248 orbis
3004 3199 3296 3248 terrarum,
3319 3191 3371 3238 et
3407 3190 3660 3248 tanquam

2080 3307 2224 3370 gutta
2249 3295 2388 3350 roris
2416 3288 2718 3347 antelucani
2753 3285 2904 3358 (ευρ.
2935 3284 3034 3353 ιιι).
3073 3302 3091 3334 ι
3133 3280 3201 3336 Ει
3243 3279 3536 3370 innumera
3575 3280 3657 3326 ta-

2079 3363 2150 3446 lia
2174 3386 2520 3458 reperiuntur
2550 3383 2603 3438 in
2631 3377 2952 3448 Scripturis,
2981 3374 3177 3444 quibus
3202 3368 3352 3438 impii
3390 3363 3657 3458 homines,

2082 3485 2172 3533 aut
2200 3445 2550 3532 tenuissimis,
2584 3473 2677 3520 aut
2718 3445 2996 3518 vilissimis
3041 3462 3428 3527 comparentur
3477 3445 3660 3512 rebus,

2082 3575 2177 3624 aut
2207 3561 2340 3619 nihil
2369 3575 2489 3617 esse
2533 3559 2804 3620 dicantur,
2837 3553 3000 3609 etiam
3048 3559 3194 3611 tunc,
3245 3559 3368 3601 cum
3417 3549 3666 3614 potentes

2083 3674 2202 3716 esse
2227 3655 2498 3710 videntur.
2539 3648 2696 3705 Unde
2724 3653 2780 3701 et
2809 3642 2976 3698 David
3021 3660 3033 3694 :
3083 3657 3102 3693 ε
3142 3639 3285 3702 Vidi,
3313 3633 3511 3703 inquit,
3559 3632 3662 3685 im-

2082 3748 2229 3820 pium
2255 3740 2714 3814 superexaltatum
2769 3743 2823 3792 et
2855 3733 3122 3790 elevatum
3154 3728 3296 3820 sicut
3339 3719 3665 3820 cedros-Li-

2084 3812 2243 3902 bani;
2278 3812 2335 3891 et
2361 3830 2614 3890 transivi,
2649 3837 2704 3884 et
2744 3842 2872 3881 ecce
2901 3841 3006 3879 non
3058 3827 3177 3877 erat
3225 3813 3400 3888 (Paul.
3451 3812 3589 3886 ιιι).
3645 3831 3663 3864 ι

2085 3929 2238 3984 Tunc
2267 3927 2408 3981 enim
2433 3933 2634 3979 etcum
2681 3918 2880 3974 divitiis
2924 3916 3311 3974 intumescunt,
3340 3916 3394 3961 et
3432 3917 3554 3960 cum
3613 3917 3672 3982 se

2086 4036 2249 4091 super
2279 4018 2416 4072 alios
2437 4020 2754 4084 arroganter
2780 4005 3063 4068 extollunt,
3100 4017 3224 4057 cum
3253 3997 3486 4065 denique
3527 3988 3675 4047 infe-

2091 4087 2264 4165 riorcs
2292 4123 2388 4178 per
2433 4101 2731 4175 tyrannidis
2774 4096 3081 4151 violentiam
3119 4087 3465 4159 opprimunt;
3516 4091 3674 4145 tunc,

2090 4176 2330 4269 inquam,
2357 4211 2422 4251 eo
2448 4192 2629 4247 verius
2657 4187 2790 4243 nihil
2814 4194 2964 4254 sunt,
2992 4197 3099 4253 quo
3123 4181 3191 4236 ab
3217 4193 3303 4242 eo,
3351 4176 3590 4247 quivere
3618 4182 3672 4258 et

2090 4304 2298 4348 summe
2329 4297 2432 4352 est,
2467 4279 2654 4354 procul
2675 4286 2823 4333 sunt.

2711 4385 2938 4446 CAPUT
2985 4382 3050 4452 ν.

2095 4495 2170 4552 De
2196 4493 2390 4566 futuris
2428 4482 2838 4566 contingentibus
2881 4490 2933 4534 et
2967 4463 3316 4566 pitillosopltiw
3357 4471 3457 4528 unt
3507 4471 3563 4524 in
3590 4483 3673 4524 sa-

2578 4546 2680 4609 cris
2725 4546 3188 4617 disputationibus.

2166 4653 2272 4709 Sed
2326 4649 2455 4720 quid
2488 4645 2590 4702 sibi
2646 4643 2832 4698 volunt
2883 4639 3005 4695 vani
3061 4635 3286 4707 quilibet
3333 4631 3586 4688 homines
3625 4639 3679 4682 et

2096 4745 2344 4817 sacrilegi
2380 4740 2647 4812 dogmatis
2671 4739 3016 4800 iuductorcs,
3052 4732 3142 4802 qui
3194 4729 3319 4785 dum
3366 4725 3489 4780 aliis
3533 4737 3681 4817 QIIEB:

2098 4839 2330 4893 stionum
2361 4849 2582 4888 suarum
2613 4829 2910 4883 tendiculas
2933 4831 3170 4887 struunt,
3200 4818 3424 4889 quod'ln
3451 4827 3546 4869 eas
3576 4811 3682 4881 ipsi

2101 4939 2224 4985 ante
2254 4926 2561 4998 prmcipites
2603 4927 2880 4984 corruant,
2929 4928 3036 4972 non
3081 4911 3399 4974 attendunt;
3455 4915 3508 4960 et
3552 4904 3680 4998 dum

2106 4992 2437 5088 simpliciter
2455 5009 2824 5085 gradientibus
2848 5001 3100 5062 scandala
3137 4999 3342 5056 frivola:
3383 4992 3687 5065 inquisitio-

2106 5084 2513 5175 nis'objiciunt,
2537 5103 2636 5173 ipsi
2665 5101 2841 5173 potius
2870 5097 2922 5151 in
2959 5093 3188 5160 lapidem
3233 5086 3545 5144 offensionis
3583 5084 3684 5138 im-

2090 5192 2354 5270 pingunt.
2386 5195 2656 5264 Nunquid,
2692 5190 2962 5259 inquiunt,
2991 5191 3169 5255 potest
3197 5181 3340 5236 Deus
3357 5180 3460 5235 hoc
3502 5189 3685 5246 agere,

2107 5305 2169 5348 ut
2206 5301 2490 5362 postquam
2528 5284 2690 5341 semel
2721 5281 2921 5351 aliquid
2961 5278 3160 5334 factum
3186 5283 3270 5331 est
3297 5315 3312 5341 ,
3344 5272 3546 5328 factum
3577 5281 3686 5362 non

2111 5355 2308 5439 fuerit?
2334 5355 2589 5449 tanquam
2633 5376 2676 5429 si
2710 5369 3114 5444 impossibilitas
3150 5367 3256 5422 ista
3301 5378 3405 5419 non
3441 5359 3570 5416 solis
3602 5355 3686 5410 vi-

2113 5479 2306 5533 deatur
2333 5470 2622 5546 provenire
2651 5465 2962 5539 praeteritis,
2997 5472 3051 5518 et
3079 5477 3182 5516 non
3224 5460 3280 5514 in
3327 5452 3689 5536 prznsentibus

2113 5571 2364 5628 similiter
2390 5564 2696 5623 inveniatur
2719 5557 3068 5630 temporibus,
3119 5563 3176 5610 et
3220 5550 3437 5606 futuris.
3469 5546 3603 5600 Nam
3634 5551 3690 5596 et

2115 5662 2374 5735 quidquid
2414 5673 2555 5714 nunc
2581 5665 2682 5720 est,
2717 5655 2952 5726 qnandiu
2982 5660 3085 5716 est,
3117 5662 3222 5703 nou
3272 5653 3392 5700 esse
3440 5636 3690 5730 impossi-

2114 5757 2220 5814 bile
2247 5761 2344 5810 est.
2372 5753 2526 5822 item,
2568 5752 2707 5821 quod
2755 5747 2993 5805 futurum
3038 5751 3140 5809 est,
3168 5753 3272 5796 non
3304 5738 3544 5791 futurum
3573 5739 3696 5782 csse
