4142 5396
404 281 408 284 ’
493 291 603 346 ωδ

501 400 831 473 impossibile
855 469 860 472 _
880 409 966 454 est

497 491 748 548 videlicet
775 488 1058 559 aequaliter
1082 498 1309 559 possunt
1339 489 1582 551 evenire.
1608 497 1662 544 et
1693 502 1798 542 non
1825 487 2072 542 evenire:

505 583 646 636 sicut
672 568 778 646 est,
810 595 896 634 me
924 579 1084 636 hodie
1112 580 1381 650 equitare,
1409 588 1464 634 et
1489 593 1596 636 non
1624 579 1900 648 equitare;
1943 577 2078 632 ami-

496 687 621 727 cum
651 672 854 734 videre,
883 671 968 726 vel
991 687 1096 726 non
1123 671 1341 736 videre;
1371 671 1574 740 pluere,
1607 667 1893 724 vel‘aerem
1929 683 2078 723 sere-

499 777 627 817 num
655 776 796 818 esse.
828 761 958 829 Qua:
986 762 1212 828 scilicet,
1243 774 1296 818 et
1323 763 1409 818 his
1455 761 1651 816 similia
1694 761 1851 830 lmjus
1895 758 2074 815 saeculi

497 853 769 922 sapientes
825 861 1226 908 consueverunt
1284 852 1352 906 ad
1401 851 1716 906 utrumlibet
1776 850 2072 920 appellare;

496 946 624 1016 quia
657 945 1005 1016 solentacque
1035 954 1090 1002 et
1135 946 1466 1015 contingere,
1496 953 1551 1000 et
1591 959 1698 998 non
1739 943 2073 1013 contingere.

482 1037 606 1108 .Sed
636 1037 751 1093 haec
778 1036 844 1091 ad
867 1036 1179 1092 utrumlibet
1208 1037 1381 1106 magis
1421 1019 1674 1089 dicuntur
1694 1034 1853 1102 juxta
1899 1033 2076 1086 varia-

497 1126 662 1183 bilem
693 1136 943 1182 naturam
986 1142 1192 1193 rerum,
1224 1141 1387 1196 quam
1425 1125 1580 1194 juxta
1627 1123 2072 1192 consequentiam

496 1216 816 1272 dictionum.
847 1214 1152 1272 Secundum
1185 1213 1483 1270 naturalem
1525 1227 1759 1282 namque
1792 1211 1954 1264 variae
1998 1209 2078 1264 vi-

498 1306 831 1364 cissitudinis
875 1307 1121 1362 ordinem
1169 1315 1348 1376 potest
1394 1305 1532 1370 ﬁeri,
1581 1314 1639 1359 ut
1686 1304 1846 1358 hodie
1893 1303 2070 1371 pluat;

497 1407 677 1470 potest
698 1408 752 1454 et
773 1398 918 1462 ﬁeri,
947 1409 1006 1453 ut
1033 1415 1137 1453 non
1167 1399 1336 1470 p‘.uat.
1373 1397 1479 1454 Sed
1530 1405 1788 1468 quantum
1833 1395 1900 1450 ad
1948 1407 2077 1449 con-

499 1487 838 1566 sequentiam
890 1488 1224 1553 disserendi,
1270 1488 1316 1543 si
1373 1485 1609 1542 futurum
1659 1495 1742 1540 cst
1789 1493 1847 1539 ut
1905 1484 2072 1555 pluat,

497 1597 720 1637 necesse
747 1593 832 1638 est
851 1582 1072 1638 omnino
1104 1591 1161 1638 ut
1204 1582 1387 1654 pluat;
1441 1597 1504 1637 ac
1562 1597 1657 1652 per
1710 1582 1812 1637 hoc
1854 1594 2076 1652 prorsus

476 1673 829 1744 impossibile
879 1683 963 1729 cst
1013 1682 1072 1728 ut
1119 1691 1224 1729 non
1275 1673 1439 1745 pluat.
1497 1674 1649 1741 Quod
1696 1689 1824 1744 ergo
1876 1674 2076 1728 dicitur

965 289 1019 344 S.
1054 289 1258 345 PETRI
1293 287 1573 344 DAMlANl
1609 288 1758 343 OPP.
1794 287 2030 343 TOMUS
2071 286 2408 356 δίζυΡέλῶ
2441 289 2524 344 lli.
2554 315 2625 329 ιφ
2651 291 3012 350 OPL'SCL'LA.
3038 295 3263 351 VARlA.

1015 417 1055 470 :p
1085 414 1393 470 quanquam
1440 397 1695 454 nonnulla
1747 407 1904 462 sunt,
1957 411 2076 465 quae
2105 400 2150 457 Α
2182 413 2287 452 non
2314 409 2473 466 sunt,
2507 400 2685 456 futura
2720 413 2848 458 sint.
2899 405 2973 460 De
3009 420 3114 476 qua
3163 408 3416 464 nimirum
3462 413 3761 480 quaestione

3658 301 3760 357 σοι

2187 497 2396 544 veteres
2445 489 2746 546 liberalium
2795 494 2993 548 artium
3047 495 3402 564 discussores,
3441 515 3549 554 non
3601 502 3761 558 modo

2184 580 2430 649 gentiles,
2458 580 2551 635 sed
2579 588 2633 637 et
2662 581 2781 636 lidei
2813 582 3135 640 Christiana:
3178 587 3468 659 participes
3499 589 3763 660 prolixius

2187 676 2589 736 tractaverunt;
2639 670 2732 726 sed
2771 686 2932 725 nemo
2973 673 3184 728 illorum
3229 677 3280 729 in
3311 677 3449 732 hanc
3487 694 3650 734 ausus
3679 689 3764 736 est

2184 756 2432 826 prosilire
2480 759 2774 824 vesaniam,
2823 769 2881 814 ut
2929 761 3038 817 Deo
3077 774 3256 819 notam
3310 766 3763 835 impossibilitatis

2185 848 2500 914 ascriberet,
2533 861 2587 904 et
2613 851 2912 921 praesertim
2943 854 2985 906 si
3015 853 3351 910 Christianus
3381 855 3498 920 fuit,
3528 858 3594 913 dc
3623 858 3764 914 illius

2184 939 2570 1009 omnipotentia
2621 941 2932 1006 dubitaret;
2990 943 3083 998 sed
3135 946 3209 999 ita
3258 945 3324 1000 de
3373 949 3762 1018 consequentia

2186 1030 2523 1086 necessitatis
2571 1030 2655 1086 vel
2689 1032 3137 1103 impossibilitatis
3175 1035 3332 1102 juxta
3365 1037 3558 1092 miram
3595 1039 3762 1095 solius

2184 1123 2318 1178 artis
2343 1122 2687 1193 disputavere
2717 1125 2993 1191 virtutem,
3026 1135 3084 1181 ut
3119 1127 3319 1182 nullam
3367 1128 3419 1183 in
3468 1129 3552 1185 his
3579 1129 3764 1186 conﬂi-

2186 1214 2360 1270 ctibus
2385 1215 2477 1270 Dei
2505 1216 2744 1273 facerent
2772 1218 3119 1298 mentionem.
3150 1219 3240 1274 isti
3272 1230 3475 1286 autem,
3501 1222 3592 1291 qui
3621 1223 3765 1278 auti-

2184 1317 2344 1374 quam
2372 1306 2727 1374 quaestionem
2755 1307 2968 1362 noviter
2992 1306 3243 1374 alterum,
3290 1309 3418 1366 dum
3454 1310 3642 1366 altiora
3673 1326 3766 1381 ge-

2183 1395 2352 1450 stiunt
2386 1410 2566 1462 nosse,
2595 1412 2757 1467 quam
2787 1398 3030 1467 capiunt,
3064 1399 3244 1468 potius
3273 1401 3444 1456 aciem
3475 1416 3585 1456 sua:
3612 1415 3764 1456 meu-

2185 1486 2256 1541 tis
2285 1486 2621 1553 obtundunt;
2655 1489 2778 1558 quia
2813 1489 2986 1559 ipsum
3018 1490 3153 1548 lucis
3186 1503 3464 1550 auctorem
3489 1493 3763 1551 olfetidero

2162 1593 2292 1652 ‘non
2333 1589 2647 1650 pavescant.
2700 1579 2826 1635 Hrec
2877 1583 3039 1653 igitur
3090 1585 3340 1654 quaestio,
3370 1586 3625 1656 quoniam
3655 1601 3762 1642 non

2185 1667 2253 1722 ad
2299 1669 2690 1724 discutiendam
2736 1670 3038 1741 majesmtis
3080 1673 3276 1729 divinae
3316 1675 3633 1745 potentiam,
3668 1678 3764 1732 sed

494 1765 561 1818 de
595 1765 885 1837 prteteritis
937 1765 1037 1843 hoc
1084 1767 1432 1836 consequitur
1486 1766 1834 1822 nihilominus
1879 1765 1946 1819 de
1997 1780 2075 1819 re-
2106 1752 2147 1812 Β
2176 1758 2354 1828 potius
2391 1758 2456 1812 ad
2499 1760 2635 1815 artis
2681 1761 2977 1818 dialecticze
3018 1765 3278 1834 probatur
3317 1767 3591 1837 pertinere
3626 1767 3769 1838 peri-

493 1855 594 1909 bus
637 1857 992 1925 praesentibus
1041 1865 1094 1911 et
1147 1857 1344 1913 futuris
1390 1875 1404 1911 :
1479 1859 1776 1922 nimirum,
1825 1867 1882 1912 ut
1935 1857 2076 1912 sicut

475 1957 654 2016 omne
681 1946 826 2015 quod
859 1944 980 2010 fuit,
1013 1946 1180 2002 fuisse
1229 1963 1450 2004 necesse
1501 1959 1584 2004 est
1609 1989 1625 2013 ,
1666 1949 1772 2012 ita,
1820 1958 1878 2003 et
1915 1963 2077 2004 omne

492 2035 635 2105 quod
665 2046 788 2102 est,
821 2037 1060 2107 quandiu
1097 2047 1212 2104 est,
1245 2055 1466 2095 necesse
1509 2041 1578 2095 sit
1616 2055 1738 2096 esse
1770 2058 1784 2094 :
1815 2047 1868 2095 et
1915 2053 2076 2094 omne

474 2126 636 2195 quod
665 2126 904 2181 futurum
936 2137 1038 2192 cst,
1069 2144 1292 2184 necesse
1333 2129 1405 2184 sit
1433 2129 1673 2184 futurum
1714 2145 1853 2185 esse.
1900 2129 2076 2197 Atque

473 2203 618 2268 ideo
641 2225 902 2288 quantum
933 2217 997 2270 ad
1029 2218 1274 2272 ordinem
1311 2219 1631 2280 disserendi.
1665 2219 1923 2290 quidquid
1953 2219 2072 2283 fuit,

492 2303 826 2375 impossibile
865 2309 1066 2364 sitnon
1098 2310 1296 2376 fuisse;
1341 2321 1396 2366 et
1423 2313 1683 2382 quidquid
1721 2322 1827 2378 est,
1871 2314 2076 2383 impos-

491 2400 649 2456 sibile
671 2402 740 2458 sit
765 2419 870 2458 non
902 2420 1054 2472 esse;
1085 2416 1138 2459 et
1185 2406 1442 2475 quidquid
1473 2405 1709 2460 futurum
1741 2417 1843 2472 est,
1876 2408 2077 2478 impos-

491 2488 647 2547 sibile
678 2492 747 2546 sit
789 2492 1029 2548 futurum
1078 2510 1182 2549 non
1234 2511 1372 2550 esse.
1415 2496 1606 2551 Videat
1647 2512 1776 2566 ergo
1827 2498 2076 2569 imperite

475 2580 922 2651 _sapientium,et
968 2599 1106 2638 vana
1165 2586 1523 2655 qttmrentium
1574 2600 1713 2640 emra
1764 2589 2071 2651 temeritas;

473 2671 616 2742 quia
649 2673 693 2726 si
726 2672 840 2728 hare
875 2687 996 2742 qurc
1021 2675 1086 2726 ad
1117 2685 1289 2729 artem
1338 2676 1608 2744 pertinent
1642 2675 1938 2730 disserendi
1965 2720 1976 2737 ,
2008 2674 2074 2730 ad

491 2761 660 2815 Deum
699 2762 942 2831 praviter
986 2761 1257 2827 referant;
1321 2764 1431 2833 jam
1463 2781 1566 2817 non
1598 2773 1802 2818 tantum
1852 2767 1902 2820 in
1939 2782 2078 2835 prae-

492 2852 686 2918 teritis,
748 2853 841 2906 sed
873 2853 924 2906 in
967 2855 1321 2924 praesentibus
1353 2870 1414 2910 ac
1458 2854 1676 2919 futuris,
1733 2871 1854 2910 eum
1897 2858 2072 2925 impo-

489 2935 690 2998 tentem
739 2945 974 3014 penitus,
1021 2953 1078 2998 et
1118 2945 1409 3000 invalidum
1461 2946 1712 3000 reddant.
1765 2946 1867 3013 Qui
1915 2948 2076 3002 nimio

487 3050 642 3098 rom.
674 3035 800 3105 quia
856 3038 1085 3091 necdum
1125 3037 1430 3093 didicerunt
1465 3038 1732 3094 elementa
1763 3042 2071 3108 verborum,

469 3127 647 3199 ’621
678 3144 774 3198 per
802 3131 1063 3184 obscuras
1094 3137 1536 3199 argumentorum
1565 3145 1784 3185 suorum
1815 3112 2148 3203 caligines-C

489 3221 746 3274 amittunt
789 3220 950 3274 clara:
1001 3220 1122 3275 ﬁdei
1173 3220 1614 3284 fundamentum;
1664 3231 1718 3276 et
1765 3222 2080 3292 ignorantes

490 3311 684 3377 adhuc,
724 3314 866 3381 quod
903 3328 930 3364 a
966 3313 1146 3383 pueris
1179 3321 1444 3367 tractatur
1488 3315 1540 3368 in
1581 3313 1804 3377 scholis,
1836 3315 2078 3383 querelae

489 3417 602 3457 sure
691 3402 994 3458 calumnias
1081 3403 1278 3458 divinis
1349 3405 1602 3473 ingerunt
1700 3406 2076 3461 sacramentis.

489 3491 559 3547 Et
597 3483 724 3564 quia
770 3495 910 3550 inter
947 3495 1248 3550 rudimenta
1300 3495 1619 3549 discentium
1664 3494 1747 3549 vel
1792 3495 1928 3550 artis
1975 3497 2080 3550 hu-

492 3599 668 3639 mana:
713 3585 912 3638 nullam
967 3585 1372 3655 apprehendere
1419 3585 1693 3654 peritiam,
1748 3585 2080 3639 curiositatis

491 3688 600 3726 suae
631 3674 813 3727 nubilo
862 3675 1180 3742 perturbant
1210 3674 1465 3743 puritatis
1506 3673 1888 3729 ecclesiasticae
1913 3676 2078 3732 disci-

489 3764 714 3834 plinam.
744 3763 871 3820 llaec
894 3764 1052 3834 plane
1077 3779 1197 3833 qua:
1227 3780 1292 3817 ex
1321 3764 1753 3828 dialecticorum,
1781 3765 1864 3820 vel
1895 3767 2080 3822 rheto-

491 3869 611 3909 rum
637 3855 907 3925 prodeunt
934 3857 1284 3925 argumentis,
1316 3871 1419 3911 non
1449 3856 1608 3912 facile
1638 3858 1838 3914 divina:
1862 3859 2082 3916 virtutis

473 3954 618 4006 sunt
644 3947 874 4016 aptanda
909 3949 1215 4018 mysteriis;
1249 3959 1302 4004 et
1325 3965 1442 4018 quac
1477 3951 1542 4004 ad
1572 3951 1674 4006 hoc
1705 3951 2077 4018 inventasunt,

469 4048 552 4119 .ut
601 4039 654 4093 in
705 4040 1138 4111 syllogismorum
1193 4041 1553 4097 instrumenta
1615 4043 1942 4113 proficiant,
1996 4043 2081 4099 vel

490 4129 761 4204 clausulas
789 4130 1110 4202 dictionum,
1139 4133 1299 4197 absit,
1331 4142 1390 4188 ut
1417 4136 1590 4191 sacris
1639 4135 1844 4205 legibus
1873 4151 1930 4191 se
1957 4151 2082 4206 per—

490 4219 1014 4278 tinaciter'inferant
1045 4232 1100 4279 et
1134 4224 1333 4279 divina:
1360 4227 1547 4280 virtuti
1579 4227 1940 4284 conclusionis
1970 4243 2081 4282 suae

493 4314 850 4369 necessitates
897 4325 1188 4385 opponant.
1237 4315 1368 4382 Quae
1420 4327 1597 4370 tamen
1647 4316 1780 4371 artis
1832 4318 2082 4372 humanae

492 4405 713 4474 peritia,
748 4405 792 4460 si
821 4407 1038 4475 quando
1071 4408 1366 4462 tractandis
1402 4409 1574 4463 sacris
1603 4408 1832 4478 eloquiis
1854 4410 2080 4466 adhibe-

2180 1849 2341 1915 tiam;
2374 1857 2429 1904 et
2459 1866 2563 1904 non
2596 1849 2662 1905 ad
2694 1852 2972 1918 virtutem,
3003 1854 3087 1906 vel
3118 1855 3399 1911 materiam
3429 1871 3635 1921 rerum,
3669 1855 3766 1913 sed

2178 1941 2242 1996 ad
2271 1943 2486 1997 modum
2535 1952 2588 1998 et
2615 1944 2860 2000 ordinem
2889 1947 3212 2012 disserendi,
3245 1957 3300 2003 et
3321 1948 3766 2018 consequentiam

2177 2033 2492 2098 verborum,
2544 2051 2649 2089 non
2684 2035 2848 2092 habet
2877 2036 3052 2091 locum
3086 2037 3138 2090 in
3169 2037 3425 2094 Ecclesiae
3454 2029 3764 2093 sacramen-

2155 2123 2270 2198 _tis,
2298 2140 2420 2194 qua:
2453 2141 2480 2178 a
2515 2126 2696 2196 parvis
2743 2125 3084 2182 scholaribus
3111 2129 3407 2184 ventilatur
3453 2128 3504 2182 in
3543 2127 3764 2184 sobolis.

2177 2214 2292 2271 Non
2324 2217 2468 2270 enim
2501 2217 2566 2271 ad
2596 2216 2719 2272 fidei
2749 2218 3010 2288 regulam,
3038 2218 3120 2272 vel
3156 2234 3364 2273 morum
3396 2220 3630 2290 pertinet
3665 2217 3758 2275 ho-

2177 2315 2484 2371 nestatem;
2524 2305 2617 2361 sed
2663 2306 2730 2360 ad
2778 2305 3030 2375 loquendi
3079 2308 3316 2377 copiam,
3367 2308 3767 2377 verborumque

2155 2385 2431 2450 nitorem.
2465 2395 2828 2463 Quamobrem
2867 2396 3100 2452 suﬂiciat
3137 2398 3293 2453 nobis
3326 2399 3477 2454 brevi
3507 2413 3766 2467 compca-

2178 2487 2266 2543 dio
2315 2487 2474 2542 tidem
2527 2487 2840 2553 defendere,
2889 2505 3052 2559 quam
3105 2499 3382 2557 tenemus;
3433 2491 3768 2561 sapientibus

2177 2588 2355 2633 autem
2384 2575 2540 2647 hujus
2587 2578 2790 2644 smculi,
2820 2594 2938 2648 qua:
2967 2595 3061 2635 sua
3091 2588 3214 2634 sunt
3254 2579 3303 2651 (I
3327 2580 3449 2635 Cor.
3479 2584 3586 2650 In),
3617 2580 3763 2636 cedi-

2182 2684 2324 2724 mus.
2375 2669 2657 2736 liabeant,
2705 2673 2797 2740 qui
2845 2671 3070 2736 volunt,
3123 2672 3359 2728 litteram
3412 2673 3766 2732 occidentem.

2179 2759 2468 2814 dummodo
2514 2777 2610 2830 per
2640 2762 2732 2816 Dei
2767 2761 3198 2840 misericordiam
3256 2763 3478 2834 Spiritus
3530 2778 3558 2818 a
3605 2763 3763 2817 nobis

2153 2851 2459 2924 .vivilicans
2490 2869 2598 2909 non
2633 2855 2870 2910 recedat.

2689 2968 2852 3041 622
2891 2967 3119 3024 CAPUT
3164 2967 3252 3024 vr.
3320 2937 3326 2944 ’

2183 3054 2336 3122 Quod
2365 3054 2503 3112 Deus
2534 3058 2672 3110 intra
2697 3059 2990 3126 pra‘sentiw
3017 3075 3128 3112 aut!
3156 3060 3348 3118 sinum.
3385 3060 3559 3114 omnia
3587 3059 3784 3126 simul,

2528 3138 2575 3181 ct
2607 3138 2860 3196 tempora,
2891 3139 2936 3181 et
2959 3127 3072 3181 loca
3106 3129 3410 3184 concludat.

2250 3197 2473 3273 Constat
2537 3219 2718 3286 itaque
2765 3217 2932 3272 Deum
2980 3220 3408 3288 omnipotentem
3461 3221 3538 3276 sic
3583 3222 3763 3275 omnia

2180 3309 2373 3366 szecula
2425 3310 2480 3365 in
2506 3319 2722 3366 aeternae
2765 3310 3043 3380 sapientim
3091 3325 3201 3367 sure
3251 3313 3517 3368 thesauro
3551 3313 3772 3368 conclu-

2180 3401 2328 3466 dere,
2358 3408 2418 3454 ut
2444 3415 2543 3456 nec
2568 3401 2634 3455 ad
2661 3415 2719 3456 se
2744 3400 2872 3471 quid
2899 3403 3174 3463 accedere,
3207 3417 3304 3456 nec
3334 3418 3363 3455 a
3394 3417 3451 3456 se
3476 3402 3770 3470 quidquam

2180 3507 2279 3563 per
2309 3502 2611 3563 temporum
2642 3501 2912 3546 momenta
2945 3491 3126 3545 valcat
3161 3492 3413 3546 transire.
3456 3491 3514 3546 In
3545 3490 3631 3544 illa
3664 3493 3771 3561 ἰεῖ-

2181 3593 2271 3638 tur
2329 3583 2582 3639 ineﬂ‘abili
2639 3599 2751 3638 suae
2798 3581 3098 3651 majestatis
3151 3597 3280 3638 arce
3325 3583 3641 3654 persistens,
3691 3583 3770 3638 sic

2180 3677 2362 3730 omnia
2399 3677 2450 3730 in
2482 3675 2782 3746 prresentite
2823 3689 2934 3730 suae
2976 3675 3268 3730 constituta
3305 3683 3621 3746 conspectu,
3661 3691 3770 3730 uno

2182 3781 2247 3820 ac
2273 3766 2503 3836 simplici
2553 3765 2950 3835 contemplatur
3003 3765 3222 3832 intuitu,
3255 3775 3316 3821 ut
3355 3766 3456 3821 sibi
3492 3781 3766 3838 nunquam

2153 3855 2397 3929 penitus
2437 3857 2521 3914 vel
2557 3857 2833 3928 prmterita
2882 3866 3180 3920 transeant.
3227 3859 3308 3914 vel
3355 3857 3534 3914 futura
3579 3872 3767 3913 succe-

2183 3951 2331 4004 dant.
2362 3949 2459 4005 Cui
2487 3949 2612 4004 dum
2648 3963 2863 4020 semper
2895 3964 3016 4004 esse
3045 3957 3206 4018 atque
3245 3948 3384 4003 idem
3415 3963 3538 4003 esse
3566 3957 3647 4003 est
3675 3963 3770 4018 per

2182 4041 2576 4106 aeternitatem;
2611 4041 2738 4095 dum
2776 4055 2962 4105 omne,
2991 4039 3135 4110 quod
3176 4039 3394 4103 labitur,
3427 4037 3766 4092 circumscri-

2181 4133 2282 4195 bit,
2314 4133 2455 4186 intra
2504 4133 2857 4201 semetipsum
2908 4132 3152 4186 omnium
3199 4145 3391 4185 cursus
3440 4140 3767 4198 temporum,

2183 4223 2401 4277 claudit.
2433 4223 2497 4277 Et
2522 4223 2661 4278 sicut
2689 4223 2828 4277 intra
2861 4237 2917 4277 se
2945 4223 3063 4276 sine
3091 4221 3319 4275 transitu
3350 4219 3565 4274 cohibet
3587 4219 3766 4272 olunia

2184 4324 2446 4386 tempora,
2497 4314 2571 4368 ita
2616 4313 2968 4367 nihilominus
3010 4313 3150 4366 intra
3185 4326 3242 4364 se
3278 4309 3396 4363 sine
3432 4308 3622 4378 spatiis
3649 4309 3770 4362 uni-

2182 4423 2340 4463 versa
2371 4409 2612 4464 continet
2641 4407 2778 4461 loca.
2817 4406 2951 4458 llinc
2981 4414 3063 4459 est
3093 4403 3250 4474 plane
3274 4402 3417 4471 quod
3448 4401 3522 4455 ait
3549 4419 3562 4454 :
3593 4419 3611 4450 ι
3647 4399 3770 4455 Co:-

473 4485 602 4560 tnr',
645 4511 753 4550 non
805 4497 963 4550 debet
1005 4498 1094 4566 jus
1145 4500 1442 4570 magisterii
1490 4501 1707 4555 sibimet
1765 4509 2082 4571 arroganter
2107 4479 2158 4539 Ῐ)
2187 4498 2294 4552 lum
2319 4508 2373 4552 et
2397 4507 2595 4553 terram
2626 4512 2723 4567 ego
2755 4496 2952 4566 impleo
2979 4495 3112 4564 (ὥρι’.
3134 4492 3277 4564 χιιι).
3305 4514 3321 4541 ι
3353 4491 3489 4546 llinc
3515 4500 3598 4546 est
3619 4490 3761 4560 quod

488 4586 764 4656 arripere;
802 4586 894 4640 sed
923 4586 1072 4641 velut
1099 4587 1293 4642 ancilla
1331 4589 1559 4643 dominae
1587 4589 1818 4658 quodam
1850 4587 2075 4642 famula-

491 4683 581 4732 tus
617 4675 879 4745 obsequio
919 4677 1249 4743 subservire,
1283 4692 1349 4732 ne
1377 4679 1419 4732 si
1454 4679 1728 4749 praecedit,
1759 4679 1994 4745 oberret,
2026 4687 2081 4734 et

491 4768 620 4822 dum
664 4767 996 4823 exteriorum
1026 4769 1317 4824 verborum
1349 4770 1594 4840 sequitur
1638 4757 2075 4839 consequentias,

466 4860 700 4920 intima:
726 4860 944 4914 virtutis
970 4859 1150 4916 lumen
1203 4873 1257 4915 et
1288 4871 1495 4916 rectum
1527 4862 1772 4916 veritatis
1802 4863 2078 4918 tramitem

461 4953 701 5016 ,perdat.
733 4949 866 5016 Quis
893 4952 1036 5006 enim
1083 4951 1367 5006 manifeste
1403 4968 1505 5007 non
1535 4953 1735 5016 videat,
1760 4953 1886 5016 quia
1914 4955 1960 5008 si
1988 4970 2080 5008 ar-

2185 4589 2462 4660 Sapientia
2514 4589 2658 4642 illius
2706 4586 2879 4643 dicit:
2911 4605 2928 4635 ι
2962 4585 3168 4656 Cyrum
3218 4581 3610 4639 cmli.cireuivi
3656 4579 3769 4636 sola

2184 4681 2374 4753 (Ecclt'.
2408 4681 2580 4751 xxrv).
2617 4699 2635 4732 ›
2665 4680 2737 4733 De
2765 4695 2867 4749 qua
2902 4687 2955 4732 et
2983 4675 3238 4732 Salomon
3284 4673 3356 4726 ait
3383 4689 3398 4728 :
3429 4691 3446 4724 ι
3476 4671 3610 4740 Quia
3642 4685 3763 4726 cum

2183 4775 2252 4829 sit
2284 4788 2411 4836 una,
2444 4773 2625 4827 omnia
2671 4781 2871 4842 potest,
2901 4779 2958 4824 et
2984 4781 3309 4838 permanens
3351 4766 3402 4818 in
3438 4779 3517 4827 se,
3551 4764 3769 4817 innovat

2183 4865 2363 4921 omnia
2395 4864 2550 4933 (Sap.
2579 4862 2698 4926 vn).
2739 4882 2756 4914 ι
2805 4863 2868 4915 Et
2904 4861 3044 4913 idem
3075 4858 3240 4911 alibi:
3302 4875 3318 4908 t
3371 4856 3426 4909 Si
3472 4853 3668 4910 ccelum
3714 4861 3768 4906 et

2178 4958 2307 5013 caeli
2339 4957 2600 5012 caelorum
2631 4962 2682 5007 te
2708 4967 2904 5014 capere
2936 4966 3040 5005 non
3078 4958 3341 5014 possunt:
3369 4955 3570 5012 quanto
3597 4943 3769 5012 magis
