4132 6324
529 276 637 334 607

979 276 1040 333 S.
1078 275 1280 332 PETRI.
1319 275 1602 332 DAIIIANI
1639 272 1788 331 ON’.
1828 271 2064 362 TOMUS

2198 272 2234 328 II
2274 271 2453 350 PARS
2486 271 2573 331 IIl.
2601 305 2666 316 --
2705 269 3069 340 OPUSCULA
3105 269 3339 329 VAItlA.

3683 272 3806 331 608

531 391 803 448 volumina
849 391 992 447 intra
1026 390 1354 460 provisionis
1389 405 1500 446 suae
1534 389 1776 443 continet
1811 387 2105 442 sinum:et
2133 386 2181 446 Α
2209 367 2502 441 immobilia
2556 401 2769 456 semper
2819 373 3098 442 assistunt.
3149 385 3216 440 Et
3272 385 3602 442 tantumdem
3651 399 3741 444 est
3785 408 3801 443 :

530 498 641 539 non
688 492 940 552 tanquam
974 483 1259 552 praeterita
1282 524 1296 548 ,
1339 481 1422 536 vel
1470 480 1675 545 futura,
1713 481 1807 535 sed
1839 489 1894 533 ut
1921 495 2108 535 revera

521 573 838 642 praesentia,
865 588 1070 641 suoque
1096 572 1336 642 subjecta
1367 571 1701 640 conspectui,
1752 571 2110 640 perspicacis-

524 661 669 714 simo
710 662 1119 731 comprehendit
1161 663 1388 725 intuitu;
1420 663 1510 732 qui
1539 678 1651 718 sum
1679 662 1897 717 ditionis
1939 663 2109 732 impe-

526 749 608 803 rio
659 751 795 820 regit
843 753 1026 842 omnia
1053 793 1068 816 ,
1124 753 1278 820 cujus
1323 752 1530 821 legibus
1577 751 1952 822 obtemperant
1997 754 2110 808 uni-

521 853 705 902 versa,
740 843 832 914 qui
865 856 1053 897 omnes
1100 854 1379 897 creaturas
1420 843 1486 895 ad
1537 853 1724 896 nutum
1762 843 1842 896 sui
1872 843 2109 913 disponit

524 929 772 996 arbitrii;
809 934 1062 987 omnibus
1090 933 1303 1002 vivendi
1338 934 1668 998 moderatur,
1701 944 1864 1003 atque
1911 945 2105 1004 tempe-

517 1028 612 1084 rat
640 1021 905 1085 ordinem,
935 1023 1178 1076 omnium
1212 1021 1418 1077 formas
1448 1024 1752 1094 distinguit,
1783 1041 1846 1079 ac
1876 1028 2105 1094 species,

525 1110 804 1174 omnibus,
835 1121 995 1181 prout
1025 1112 1156 1177 vult,
1189 1129 1454 1185 congruas
1485 1115 1678 1170 viriuiri
1710 1118 1896 1171 tribuit
1943 1117 2112 1174 lacul-

519 1209 695 1267 ~tates;
724 1218 754 1256 a
780 1219 906 1273 quo,
936 1215 992 1260 et
1021 1221 1112 1274 per
1139 1224 1298 1276 quem
1329 1220 1414 1264 est
1439 1210 1702 1280 quidquid
1725 1223 1827 1278 est,
1857 1213 1974 1268 sine
2001 1229 2108 1283 quo

521 1295 784 1366 quidquid
810 1307 892 1353 est
917 1300 1103 1369 procul
1135 1301 1298 1354 dubio
1327 1300 1458 1355 nihil
1485 1312 1589 1359 cst.

1109 1391 1340 1448 CAPUT
1388 1392 1512 1448 ιἰιι.

1043 1479 1117 1534 De
1141 1482 1235 1536 Dei
1265 1484 1575 1540 wternitale.

589 1567 954 1640 Omnipotenti
995 1572 1174 1642 itaque
1216 1577 1323 1631 Deo
1373 1593 1477 1631 non
1519 1588 1602 1633 est
1639 1579 1798 1648 heri,
1829 1583 1913 1639 vel
1959 1601 2105 1652 cras,

503 1660 613 1714 sed
641 1661 800 1718 hodie
825 1665 1230 1733 sempiternum,
1268 1669 1355 1724 cui
1390 1671 1520 1725 nihil
1553 1672 1757 1738 deﬂuit,
1789 1677 1922 1731 nihil
1948 1695 2103 1736 acro-

2215 492 2234 527 ι
2286 473 2558 530 Dederunt
2609 477 2659 530 in
2713 485 3116 532 escam‘meam
3164 475 3234 531 fel
3295 475 3466 546 (Psal.
3511 480 3720 549 vaiii),
3778 503 3799 534 ο

2208 553 2466 637 quantum
2488 576 2536 622 et
2565 568 2802 634 dabunt;
2831 576 2883 623 et
2917 568 3058 622 idem
3088 577 3172 622 est
3199 587 3211 622 :
3248 585 3266 620 ι
3307 567 3576 624 Foderunt
3601 588 3807 628 manus

2209 671 2360 710 meas
2387 666 2439 710 et
2479 660 2641 728 pedes
2673 673 2821 713 meos
2852 655 3024 729 (Psal.
3053 660 3191 725 xxi),
3236 677 3253 709 ι
3281 659 3423 728 quod
3453 659 3674 715 fodient.

2278 748 2394 804 .Iam
2431 752 2608 821 itaque
2639 753 2852 804 veniant
2888 765 3235 820 supervacua:
3263 752 3576 820 quaestionis
3605 763 3806 807 aucto-

2209 850 2316 900 res,
2351 839 2457 892 imo
2485 841 2573 908 qui
2617 856 2996 909 perversorutn
3036 842 3346 912 dogmatum
3400 843 3644 898 nituntur
3673 860 3805 902 esse

2208 930 2464 994 cultores,
2495 940 2548 983 et
2588 932 2803 986 dicant:
2835 930 3084 1000 Nunquid
3133 919 3310 1001 potest
3358 932 3497 986 Deus
3524 949 3702 1003 agerc,
3735 941 3806 990 ut

2208 1035 2326 1089 quae
2354 1017 2489 1073 facta
2524 1030 2650 1074 sunt
2682 1020 2824 1074 facta
2857 1036 2962 1074 non
2995 1019 3225 1074 fuerint?
3254 1021 3460 1087 Quibus
3494 1036 3590 1092 ego
3619 1024 3804 1092 prima

2207 1106 2385 1162 fronte
2412 1110 2728 1179 respondeo,
2764 1111 2888 1179 quia
2926 1111 3030 1164 hoc
3063 1125 3166 1163 non
3201 1119 3304 1174 est,
3335 1110 3459 1179 quia
3481 1109 3673 1166 divinae
3700 1114 3806 1167 bo-

2210 1201 2394 1255 nitatis
2423 1211 2505 1255 est
2548 1203 2612 1255 de
2645 1201 2816 1257 nihilo
2860 1202 3064 1272 aliquid
3107 1217 3290 1273 agere,
3340 1219 3446 1257 non
3494 1204 3560 1258 de
3613 1205 3804 1276 aliquo

2205 1291 2384 1361 potius
2412 1291 2544 1345 nihil
2565 1290 2810 1358 efﬁcere;
2843 1308 2964 1347 cum
2991 1293 3174 1362 utique
3195 1293 3451 1363 scriptum
3473 1294 3545 1348 sit
3573 1311 3586 1347 :
3620 1313 3638 1345 ι
3667 1295 3806 1351 0m-

2208 1381 2295 1434 nia
2333 1396 2430 1450 per
2460 1382 2630 1450 ipsum
2664 1381 2804 1437 facta
2851 1392 2995 1445 sunt,
3045 1392 3099 1438 et
3149 1383 3266 1438 sine
3311 1384 3427 1454 ipso
3473 1383 3672 1442 factum
3714 1396 3805 1442 est

2207 1473 2338 1527 nihil
2367 1474 2547 1543 (Joan.
2590 1475 2650 1542 ι).
2685 1492 2707 1527 ι
2751 1474 2863 1544 Ego
2909 1476 3137 1545 probare
3184 1475 3305 1529 volo
3355 1475 3498 1545 quod
3539 1476 3680 1532 Dens
3729 1479 3803 1532 de

2201 1561 2377 1617 nihilo
2407 1562 2567 1618 faciat
2601 1564 2835 1634 aliquid;
2889 1574 2942 1619 tu
2990 1564 3276 1620 ostendere
3321 1565 3516 1622 niteris
3557 1568 3698 1638 quod
3732 1569 3804 1625 de

2207 1657 2388 1728 aliquo
2436 1657 2596 1713 faciat
2639 1657 2790 1713 nihil.
2838 1658 2944 1712 Sed
2985 1657 3121 1727 jam,
3169 1673 3372 1729 qttmso.
3411 1668 3603 1714 cuneta
3635 1660 3801 1716 simul

504 1747 627 1814 dit;
663 1750 749 1808 cui
783 1752 912 1807 nihil
941 1764 1025 1809 est
1049 1756 1286 1827 varium,
1314 1758 1446 1813 nihil
1486 1777 1516 1814 a
1555 1777 1612 1818 se
1639 1762 1937 1823 diversum.
1970 1769 2096 1824 Illud

2207 1767 2394 1808 cznove
2435 1770 2446 1804 :
2484 1767 2674 1806 omnes
2736 1752 2975 1822 pestiferi
3046 1752 3322 1822 languoris
3387 1755 3644 1808 humores
3693 1756 3801 1810 sub

517 1836 677 1894 hodie
705 1843 984 1907 mteriiitas
1015 1854 1098 1900 est
1128 1847 1608 1916 incommutabilis,
1640 1854 1984 1923 indefectiva,
2015 1861 2099 1916 iii-

497 1933 872 1992 .aCCessibilis.
905 1937 992 1991 cui
1022 1937 1269 1994 videlicet
1306 1941 1436 1995 nihil
1458 1943 1618 2008 addi,
1657 1947 1790 2020 nihil
1827 1949 1969 2004 Valet
1997 1953 2099 2008 im-

517 2023 685 2107 minui
715 2043 728 2077 :
755 2033 808 2084 et
837 2028 1018 2086 omnia
1043 2044 1164 2098 qua:
1183 2031 1330 2098 apud
1362 2025 1744 2102 noselabeudo
1767 2039 2095 2112 discurrunt,

494 2120 606 2170 gaut
649 2128 746 2180 per
791 2123 1093 2184 temporum
1145 2121 1547 2178 vicissitudines
1593 2141 1653 2184 se
1696 2134 1925 2196 variant,
1959 2135 2101 2202 apud

515 2200 667 2256 illum
697 2204 1029 2276 bodiepstant
1077 2219 1129 2264 et
1160 2211 1510 2269 inunobiliter
1535 2231 1898 2288 perseverant.
1929 2200 2100 2282 Iri—illo

517 2294 728 2349 scilicet
756 2297 916 2352 hodie
941 2299 1057 2384 dies
1080 2302 1172 2356 ille
1203 2305 1381 2360 adhuc
1428 2308 1718 2365 immobilis
1752 2324 1857 2380 est,
1911 2318 1962 2370 in
1991 2335 2099 2387 quo

517 2387 752 2440 mundus
796 2389 900 2442 iste
943 2393 1174 2460 sumpsit
1206 2395 1502 2464 originem;
1543 2397 1596 2452 in
1642 2399 1732 2454 illo
1753 2400 1887 2470 jam,
1919 2415 1975 2458 et
2012 2407 2100 2463 ille

497 2477 871 2538 nihilominus
913 2493 1018 2552 est,
1046 2501 1154 2555 quo
1178 2488 1507 2558 judicandus
1551 2503 1633 2548 est
1664 2510 1760 2564 per
1789 2500 1976 2552 mterni
2011 2498 2100 2566 ju-

501 2567 641 2626 .dlcii
685 2575 1015 2642 aequitatem.
1067 2577 1250 2649 Neque
1294 2581 1440 2636 enim
1494 2584 1548 2638 in
1581 2600 1702 2640 eam
1752 2586 1948 2656 lucem,
1977 2608 2099 2662 qua:

515 2662 635 2719 sine
683 2679 927 2733 accessu,
978 2685 1062 2735 ea,
1111 2689 1232 2742 qua:
1262 2673 1448 2746 elegit,
1495 2685 1548 2731 et
1576 2677 1844 2734 illustrat:
1885 2693 1937 2736 et
1980 2684 2098 2739 sine

516 2765 737 2808 recessu
767 2771 850 2820 ea,
882 2774 1003 2826 qua:
1043 2763 1264 2832 respuit,
1298 2761 1523 2831 deserit,
1557 2766 1798 2824 defectus
1826 2773 2099 2827 mutabili-

513 2844 642 2899 tatis
672 2848 849 2913 venit;
902 2851 1028 2919 quia
1069 2853 1119 2906 in
1157 2855 1448 2926 semetipso
1482 2873 1803 2928 permanens
1838 2863 2096 2920 ἰιιηιιιιι-

493 2935 654 2998 Μῦς,
689 2941 964 2996 mutabilia
1005 2954 1198 3000 cuncta
1229 2947 1482 3018 disponit.
1519 2950 1716 3022 Sicque
1753 2953 1805 3007 in
1833 2969 1891 3008 se
1919 2967 2096 3013 trans-

511 3027 698 3083 euntia
745 3022 1029 3100 condidit,
1092 3045 1150 3090 ut
1202 3038 1343 3106 apud
1392 3054 1452 3093 se
1497 3056 1618 3110 qua:
1675 3044 1892 3098 condita
1944 3055 2094 3114 sunt,

2203 1843 2363 1898 unius
2418 1843 2704 1896 conamine
2760 1851 3048 1898 excreatus
3101 1843 3335 1910 effunde,
3389 1853 3447 1899 ut
3509 1845 3796 1917 multiplici

2202 1934 2392 1987 morbo
2431 1933 2590 1987 unius
2618 1931 2843 1987 antidoti
2870 1932 3102 1988 sufficiat
3134 1933 3324 1989 haustu
3348 1950 3657 2001 occurrere,
3691 1932 3801 1994 nec

2203 2024 2268 2078 ad
2294 2026 2632 2079 curationem
2660 2026 2735 2080 tui
2789 2026 3032 2094 pluribus
3061 2028 3448 2097 compellamur
3494 2030 3804 2085 confectio-

2193 2109 2328 2171 'num
2384 2118 2669 2188 generibus
2726 2119 2986 2191 indigere.
3041 2121 3153 2193 Age
3204 2138 3353 2194 ergo,
3407 2124 3515 2186 dic.
3568 2141 3794 2193 quasso:

2200 2209 2387 2265 Potest
2437 2210 2613 2267 facere
2662 2212 2802 2268 Deus
2831 2213 2895 2268 de
2943 2215 3249 2284 praeteritis,
3295 2225 3353 2270 ut
3395 2217 3538 2286 quoi
3579 2215 3794 2273 factum

2199 2309 2283 2356 est
2312 2317 2415 2356 non
2463 2301 2621 2356 fuerit
2668 2303 2868 2358 factum
2896 2321 2911 2369 ;
2939 2305 3020 2360 vel
3071 2305 3136 2359 de
3169 2305 3446 2374 prmsenti,
3471 2307 3616 2378 quod
3647 2303 3797 2364 nunc

2200 2401 2304 2449 cst.
2332 2392 2566 2458 quandiu
2607 2399 2708 2454 est,
2742 2400 2798 2446 ut
2843 2408 2946 2446 non
2993 2394 3094 2458 sit;
3129 2395 3213 2448 vel
3269 2405 3330 2448 ut
3378 2398 3602 2451 omnino
3647 2401 3798 2467 quod

2199 2479 2441 2533 futurum
2484 2490 2584 2544 est,
2632 2491 2690 2536 ut
2738 2479 2979 2536 futurum
3030 2495 3138 2537 non
3186 2483 3294 2550 sit;
3332 2485 3416 2537 vel
3453 2499 3641 2541 rursus
3676 2487 3796 2544 haec

2200 2570 2382 2624 omnia
2410 2586 2504 2641 per
2531 2572 2906 2627 contrarium?
2932 2573 3062 2640 Qum
3088 2575 3244 2630 nobis
3271 2575 3513 2645 profecto
3535 2593 3795 2634 exsecra-

2202 2659 2331 2713 tioni
2360 2662 2539 2730 potius
2565 2661 2818 2716 videntur
2851 2677 2972 2717 esse
3007 2663 3262 2718 tradenda
3295 2681 3455 2735 quam
3505 2666 3664 2736 Stylo.
3696 2667 3797 2723 Dic

2200 2751 2357 2814 mihi,
2394 2762 2626 2805 versuta:
2672 2752 2987 2821 quxstionis
3025 2751 3286 2820 objector,
3318 2755 3494 2810 credis
3540 2757 3699 2811 etiam
3735 2767 3796 2812 tu

2199 2841 2322 2910 quia
2370 2841 2627 2910 quidquid
2678 2841 2818 2895 Deus
2866 2842 2995 2896 facit
3048 2843 3247 2897 bonum
3297 2851 3402 2904 est.
3448 2853 3609 2914 atque
3655 2848 3797 2900 adeo

2201 2919 2402 3001 aliquid
2430 2941 2531 2998 est,
2566 2944 2618 2984 et
2647 2932 2904 3002 quidquid
2935 2933 3021 2986 ille
3049 2949 3153 3002 non
3185 2934 3309 2987 facit
3337 2933 3469 2988 nihil
3499 2935 3612 2990 est?
3641 2935 3789 2990 Audi

2185 3019 2541 3091 'Scripturani
2575 3039 2587 3075 :
2626 3039 2643 3073 ι
2683 3022 2849 3086 Vidit,
2890 3023 3085 3092 inquit,
3117 3023 3258 3078 Deus
3280 3033 3474 3080 cuncta
3501 3037 3622 3095 qum
3650 3025 3797 3080 fece-

513 3124 749 3179 transire
789 3140 1132 3197 nequaquam
1177 3134 1400 3198 possint.
1444 3134 1554 3190 Nec
1597 3147 1810 3208 tempus
1850 3121 1995 3197 intus
2042 3143 2095 3197 in

2202 3119 2304 3176 rat,
2345 3119 2399 3166 et
2426 3118 2583 3166 erant
2619 3111 2773 3165 valde
2803 3110 2941 3166 bona
2984 3109 3132 3182 (Gen.
3165 3120 3224 3183 i).
3267 3131 3285 3163 ι
3313 3112 3372 3166 Et
3404 3113 3572 3167 illud:
3607 3134 3625 3164 ι
3660 3113 3796 3170 Sine

496 3222 806 3281 conspectu
853 3215 971 3283 ejus
1015 3218 1238 3286 defluit,
1290 3224 1433 3292 quod
1481 3228 1622 3294 apud
1675 3245 1771 3284 nos
1824 3232 1952 3287 foris
2001 3250 2097 3304 per

510 3301 674 3374 625
703 3305 973 3362 exteriora
1015 3311 1271 3370 decurrit.
1321 3314 1472 3371 Unde
1513 3317 1571 3370 fit
1607 3328 1664 3373 ut
1707 3321 1757 3373 in
1793 3301 2097 3382 aeternitate

509 3391 630 3460 ejus
660 3395 838 3449 omnia
875 3396 980 3452 fixa
1011 3413 1382 3470 permaneant,
1435 3422 1554 3475 qua:
1595 3424 1699 3463 non
1754 3411 1858 3467 lita
1891 3415 2098 3469 extrin-

481 3497 671 3536 -sceus
720 3487 1038 3543 smculorum
1083 3492 1351 3549 volumina
1402 3495 1770 3556 indesinenter
1815 3515 2090 3562 emanant.

492 3567 624 3636 ,Deo
649 3575 846 3644 quippe
883 3578 1000 3632 dies
1030 3595 1134 3634 una
1165 3590 1247 3636 est
1292 3585 1569 3640 mternitas
1615 3603 1732 3655 sua,
1759 3606 1918 3659 qnam
1949 3596 2095 3651 vide-

508 3661 635 3717 licet
667 3663 828 3731 diem,
864 3683 965 3723 nec
999 3669 1106 3724 fine
1135 3671 1332 3738 claudi,
1372 3688 1474 3730 nec
1514 3667 1667 3732 initio
1715 3682 1858 3736 videt
1897 3687 2092 3753 aperiri

482 3749 792 3809 ,Psahnista
821 3795 836 3822 ,
882 3772 1004 3812 cum
1062 3759 1238 3814 dicit:
1279 3782 1296 3816 ι
1347 3762 1538 3819 Melior
1583 3777 1668 3822 est
1717 3769 1831 3824 dies
1881 3749 1987 3830 una
2038 3777 2094 3830 in

507 3843 667 3897 atriis
699 3846 802 3900 tuis
830 3861 992 3918 super
1028 3850 1191 3904 millia
1221 3851 1390 3923 (Psal.
1409 3856 1616 3928 uni).
1637 3879 1656 3910 ι
1675 3860 1811 3928 Quid
1835 3875 1917 3920 est
1943 3882 2091 3938 ergo,

508 3936 652 4006 quod
681 3937 769 3994 ille
794 3955 900 3994 non
924 3942 1098 3998 valeat
1141 3945 1210 4000 de
1252 3949 1539 4016 praeteritis
1565 3954 1816 4009 omnibus
1843 3958 1927 4013 vel
1957 3936 2096 4015 tutn-

510 4028 608 4092 ris,
641 4029 730 4096 qui
756 4030 1004 4088 videlicet
1031 4037 1211 4090 omnia
1253 4038 1415 4105 facta,
1444 4041 1526 4097 vel
1565 4042 1809 4100 facienda
1839 4048 1957 4104 sine
1989 4051 2096 4114 ullo

514 4121 743 4177 transitu
758 4125 960 4197 defigit,
975 4137 1027 4182 et
1046 4130 1237 4184 statuit
1261 4132 1312 4186 in
1327 4148 1438 4188 suae
1458 4137 1742 4205 praesentia
1767 4127 2095 4207 majestatiS?

509 4210 606 4268 Cui
628 4218 872 4285 profecto
884 4230 938 4276 et
958 4222 1087 4278 illud
1112 4233 1323 4295 tempus
1338 4227 1749 4288 intransibiliter
1763 4231 1935 4299 adest,
1951 4237 2092 4304 quod

507 4319 574 4359 ea
593 4321 711 4376 qua:
743 4307 879 4364 facta
908 4323 1032 4368 sunt
1055 4318 1432 4383 antecessit,et
1454 4320 1582 4396 illud
1602 4338 1708 4392 quo
1730 4335 1921 4380 cuncta
1944 4327 2094 4381 dein-

485 4409 639 4468 .ccps
661 4398 837 4455 futura
867 4407 1161 4461 concludit.
1185 4407 1322 4464 Ilinc
1341 4421 1426 4464 est
1452 4413 1595 4467 enim
1619 4417 1762 4483 quod
1788 4417 1844 4470 in
1864 4418 1948 4471 his
1975 4434 2094 4486 qum

2202 3203 2319 3273 ipso
2350 3202 2554 3258 factum
2587 3211 2670 3258 est
2706 3201 2837 3257 nihil
2871 3201 3050 3270 (Joan.
3085 3201 3145 3272 i).
3191 3221 3209 3253 ι
3255 3201 3357 3257 Sed
3390 3203 3514 3274 quia
3555 3203 3657 3260 hoc
3687 3219 3793 3260 tie-

2199 3308 2327 3365 gare
2369 3309 2472 3348 non
2516 3304 2691 3364 potes,
2746 3293 3034 3358 assentior,
3069 3291 3271 3362 inquis.
3322 3293 3400 3348 Tu
3435 3295 3617 3364 itaque
3658 3294 3790 3352 dum

2197 3385 2397 3454 quaeris
2454 3399 2617 3440 unam
2665 3384 3018 3453 eamdemque
3070 3399 3181 3438 rem
3227 3393 3281 3439 et
3333 3385 3518 3450 fuisse,
3571 3396 3624 3441 et
3678 3401 3791 3442 non

2198 3471 2392 3540 fuisse;
2428 3491 2570 3540 esse,
2600 3483 2655 3530 et
2683 3490 2787 3530 non
2819 3489 2970 3540 esse;
3005 3475 3242 3529 futuram
3283 3491 3424 3540 esse,
3464 3485 3517 3531 et
3551 3477 3789 3531 futuram

2197 3583 2302 3622 non
2332 3583 2484 3633 esse;
2518 3567 2708 3622 niteris
2736 3565 2979 3637 profecto
3010 3581 3236 3637 qua:un
3259 3567 3398 3622 facta
3430 3569 3510 3622 vel
3540 3566 3789 3623 facienda

2194 3657 2360 3732 626
2396 3658 2751 3723 confundere,
2775 3667 2828 3714 et
2855 3660 2996 3714 inter
3041 3673 3161 3714 esse
3197 3668 3252 3714 et
3287 3675 3394 3714 non
3439 3676 3560 3716 esse
3589 3665 3787 3715 nutan-

2197 3752 2270 3804 tia
2324 3750 2719 3804 demnnstrare.
2775 3749 2934 3817 Quod
2984 3759 3132 3805 certe
3183 3765 3367 3805 rerum
3421 3762 3616 3805 natura
3676 3766 3788 3806 non

2196 3841 2380 3896 habet.
2411 3840 2552 3894 Nihil
2580 3842 2723 3895 enim
2776 3840 2936 3895 simul
2983 3850 3162 3912 potest
3204 3856 3326 3896 esse
3374 3853 3427 3897 et
3479 3857 3584 3896 non
3632 3857 3786 3908 esse“;

2195 3931 2288 3985 sed
2313 3932 2529 4002 quodin
2563 3946 2742 3985 rerum
2779 3940 2969 3983 natura
3001 3946 3104 3984 non
3126 3939 3226 3992 est,
3256 3930 3442 4000 procul
3465 3931 3626 3986 dubio
3651 3931 3786 3986 nihil

2193 4029 2297 4076 est.
2327 4020 2536 4088 Quaeris
2558 4036 2684 4091 ergo
2705 4035 2734 4074 a
2753 4020 2884 4084 Deo,
2908 4019 3074 4074 durus
3095 4029 3337 4083 exactor.
3370 4027 3428 4075 ut
3455 4021 3617 4076 faciat
3642 4021 3786 4090 quod

2194 4129 2350 4169 suum
2382 4131 2486 4169 non
2513 4124 2613 4178 est,
2650 4114 2752 4169 hoc
2799 4121 2883 4168 est
2928 4112 3079 4167 nihil.
3133 4112 3238 4168 Sed
3284 4127 3413 4168 ecce
3449 4115 3782 4183 evangelista

2194 4214 2381 4260 contra
2433 4214 2484 4259 te
2516 4215 2655 4269 stat,
2703 4204 2926 4259 dicens:
2963 4203 3099 4268 Quia
3147 4207 3260 4258 sine
3305 4206 3418 4275 ipso
3464 4208 3661 4274 factum
3707 4216 3784 4260 est

2197 4293 2327 4346 nihil
2353 4310 2370 4358 ;
2399 4293 2540 4348 Deus
2565 4294 2744 4348 adhuc
2776 4308 2882 4348 non
2919 4293 3106 4348 didicit
3150 4294 3329 4350 facere
3363 4293 3516 4350 nihil.
3551 4295 3628 4349 'I‘u
3657 4310 3781 4350 eum

2195 4368 2355 4448 dd‘c’é‘,’
2377 4394 2432 4437 et
2466 4385 2696 4453 pnecipe
2749 4393 2804 4436 ut
2857 4384 2950 4437 tibi
2999 4383 3165 4439 faciat
3207 4384 3358 4439 nihil.
3409 4385 3597 4440 Adhuc
3632 4395 3778 4456 peto,

508 4489 826 4556 prophetico
874 4495 1065 4562 spiritu
1113 4498 1255 4561 dicta
1311 4510 1438 4555 sunt
1481 4501 1535 4558 in
1590 4473 1904 4572 scripturis,
1949 4473 2092 4576 δέρε
2122 4484 2171 4544 D
2199 4475 2571 4576 'T‘?SP°"f‘°“‘f_f
2607 4473 2826 4576 credisﬂ
2851 4489 3051 4576 mimi”
3087 4483 3143 4529 et
3186 4475 3327 4544 quod
3378 4474 3645 4576 Ρῖορὴεῖω
3683 4491 3779 4530 ω’

501 4581 860 4647 rcperiuntur
883 4587 1154 4653 praeterita
1183 4603 1281 4658 pro
1320 4590 1514 4646 futuris
1539 4593 1688 4662 poni,
1710 4603 1764 4648 et
1793 4595 1949 4667 longe
1973 4611 2098 4668 post

509 4672 716 4739 agenda
748 4675 890 4730 velut
915 4675 1027 4744 jam
1077 4687 1349 4738 transacta
1389 4683 1620 4738 narrari.
1665 4684 1812 4740 Unde
1841 4697 1922 4740 est
1951 4690 2094 4758 quod

473 4775 771 4830 .passurus
821 4782 919 4834 per
967 4772 1281 4839 prophetam
1333 4775 1593 4830 Dominus
1637 4777 1714 4831 ait
1753 4797 1765 4832 :
1812 4797 1829 4829 ι
1887 4779 2094 4850 Corpus

506 4866 690 4913 meum
720 4857 838 4914 dedi
867 4861 1312 4930 percutientibus,
1356 4875 1410 4920 et
1449 4882 1617 4937 genas
1660 4883 1807 4925 meas
1843 4870 2090 4927 vellenti-

503 4945 639 5012 bus,
672 4947 865 5004 faciem
904 4968 1078 5034 meam
1118 4971 1226 5012 non
1263 4959 1432 5012 averti
1485 4958 1552 5013 ab
1603 4960 2003 5031 increpantibus
2037 4973 2093 5017 et

504 5044 930 5108 conspuentihus
971 5046 1024 5100 in
1067 5062 1155 5102 me
1183 5048 1317 5120 (Isa.
1371 5049 1444 5122 ι).
1477 5071 1495 5104 ι
1527 5050 1953 5108 Resurrecturus
1994 5071 2092 5108 au-

507 5133 650 5183 tem:
672 5149 688 5182 ι
711 5129 1091 5202 ltesurrexi,et
1119 5138 1295 5194 adhuc
1317 5155 1435 5195 sum
1457 5149 1632 5196 tecum
1656 5140 1828 5212 (Psal.
1852 5141 2039 5213 uvn).
2065 5162 2084 5196 ο

505 5217 584 5276 De
623 5235 918 5278 ascensum
965 5241 1178 5298 quoque
1227 5237 1388 5301 atque
1426 5229 1661 5301 Spiritus
1715 5235 1888 5288 sancti
1946 5234 2088 5290 dona

504 5313 740 5370 missure
788 5315 1028 5370 dicitur:
1069 5337 1085 5369 ι
1119 5319 1432 5386 Ascendens
1476 5323 1530 5376 in
1580 5323 1770 5388 altum,
1817 5323 2088 5394 captivam

505 5401 661 5458 duxit
707 5405 1100 5474 captivitatem,
1141 5411 1286 5468 dedit
1333 5416 1473 5471 dona
1527 5415 1830 5472 hominibus
1871 5415 2086 5486 (Eplies.

504 5492 608 5564 ιν),
649 5513 670 5546 δ
702 5494 825 5564 quia
856 5497 1099 5553 videlicet
1130 5499 1184 5554 in
1223 5503 1391 5558 oculis
1427 5504 1569 5560 illius
1609 5506 1900 5576 sapientiae,
1947 5505 2089 5562 unde

505 5595 610 5642 ista
643 5587 954 5656 titanabant,
982 5593 1162 5648 omnia
1213 5602 1455 5664 tempora
1505 5596 1662 5652 simul
1695 5607 1858 5660 stant,
1907 5598 2086 5653 futura

503 5688 666 5755 atque
713 5683 1010 5760 praeterita,
1060 5696 1119 5743 ut
1175 5703 1359 5764 revera
1408 5691 1716 5761 praesentia,
1773 5692 1876 5746 lixa
1927 5701 2089 5748 atoue

2197 4563 2298 4631 nit,
2329 4565 2415 4621 cui
2448 4565 2653 4621 scilicet
2681 4567 2863 4621 omnia
2889 4566 3293 4638 Scripturarum
3322 4567 3627 4622 testimonia
3651 4583 3782 4625 eon-

2167 4659 2417 4716 ~cinuut:
2457 4675 2476 4711 ι
2515 4659 2727 4724 Omnia,
2770 4659 2962 4728 inquit,
2993 4675 3112 4729 qua:
3140 4658 3308 4712 voluit
3352 4659 3634 4726 Dominus,
3655 4658 3784 4714 fecit

2195 4753 2250 4808 in
2282 4750 2418 4806 cmlo
2454 4752 2587 4806 etin
2629 4762 2789 4813 terra,
2825 4752 2876 4805 in
2901 4751 3038 4805 mari
3069 4759 3122 4805 et
3152 4749 3203 4804 in
3225 4749 3476 4805 omnibus
3493 4751 3734 4821 abyssis?
3757 4770 3774 4803 ι

2197 4840 2375 4916 (Ριαι.
2425 4842 2668 4911 cxxxiv.)
2725 4839 2832 4895 Sed
2881 4841 2982 4896 hoe
3025 4841 3188 4895 etiam
3243 4855 3273 4894 a
3343 4850 3396 4895 te
3440 4840 3627 4913 negari
3672 4855 3781 4896 non

2194 4947 2354 5003 posse
2385 4930 2727 4986 manifestum
2759 4939 2858 4985 est.

2267 5045 2401 5100 Cum
2428 5059 2558 5115 ergo
2585 5045 2728 5101 Deus
2750 5043 2931 5100 omnia
2953 5046 3142 5116 possit,
3167 5062 3262 5102 cur
3290 5046 3579 5102 addubitas
3609 5047 3782 5102 Deum

2194 5135 2297 5190 hoc
2329 5150 2435 5190 non
2465 5149 2642 5204 posse,
2671 5144 2728 5189 ut
2753 5135 2953 5206 aliquid
2982 5137 3141 5192 simul
3171 5139 3241 5193 sit
3269 5149 3322 5194 et
3348 5154 3452 5194 non
3479 5139 3572 5204 sit,
3601 5138 3645 5193 si
3679 5138 3784 5193 hoc

2195 5225 2311 5281 fieri
2341 5227 2538 5282 bonum
2579 5226 2697 5284 est?
2732 5225 2901 5283 Porro
2949 5228 2992 5283 si
3039 5228 3228 5284 inutile
3253 5238 3357 5294 est,
3387 5244 3474 5285 res
3512 5230 3784 5298 quaslibet

2193 5318 2337 5374 inter
2365 5335 2484 5375 esse
2531 5328 2717 5374 etnon
2766 5337 2885 5376 esse
2930 5320 3210 5387 confundi,
3258 5320 3398 5376 Deus
3442 5329 3623 5378 autem
3671 5336 3779 5378 non

2194 5409 2423 5473 inutilia,
2479 5411 2572 5466 scd
2617 5410 2753 5464 bona
2801 5412 2979 5466 omnia
3027 5410 3184 5478 fecit;
3226 5413 3334 5467 imo
3363 5413 3409 5467 si
3441 5412 3640 5466 malum
3669 5421 3779 5476 est,

2193 5516 2256 5556 ac
2282 5519 2376 5571 per
2411 5503 2514 5560 hoc
2547 5503 2680 5557 nihil
2709 5512 2812 5557 est.
2855 5501 2970 5556 Iloe
3017 5501 3158 5558 Deus
3207 5503 3428 5557 omnino
3471 5518 3579 5556 non
3611 5501 3775 5556 facit:

2199 5613 2214 5644 ι
2255 5593 2387 5661 Quia
2438 5593 2552 5647 sine
2581 5593 2696 5663 ipso
2743 5593 2940 5647 factum
2989 5601 3067 5647 est
3123 5593 3255 5648 nihil
3286 5593 3466 5664 (Joan.
3509 5595 3570 5666 ι).
3611 5611 3629 5643 ι
3663 5589 3782 5645 Huc.

2193 5686 2420 5754 accedit,
2455 5685 2577 5758 quia
2611 5685 2854 5741 voluntas
2893 5685 3086 5740 summi
3115 5695 3167 5741 et
3211 5685 3595 5756 omnipotentis
3623 5679 3793 5777 opifi:
