4132 6324
303 365 412 433 609

1095 372 1100 376 ’
1143 369 1387 428 OPUSC.
1428 369 1681 431 XXXVI;
1707 384 1774 409 -έ-
1814 368 1903 431 DE
1942 364 2192 424 DlVlN‘A'
2216 365 2758 439 ΟΜΝΙΡΟἹῈΝἸΊΛ.¹

3472 379 3584 438 610

302 481 384 539 eis
419 490 537 538 tam
573 483 761 539 eﬂicax
789 485 1077 550 causaest
1106 484 1359 541 omnibus
1388 484 1564 541 rebus
1607 482 1896 545 existend'r,
1924 492 1974 552 Α
2001 493 2164 562 quam
2195 479 2264 536 ad
2291 488 2535 540 extrema
2581 482 2888 548 deveniunt,
2943 490 3068 541 tunc
3096 484 3587 565 nihiltiantgsed

303 574 389 629 vel
416 587 526 629 non
550 573 841 640 existendi,
866 586 926 628 ut
954 575 1096 644 quod
1142 575 1234 630 ille
1275 575 1392 632 vult
1417 591 1557 641 esse,
1593 591 1699 636 nou
1723 574 1897 645 possit

302 678 410 721 non
439 681 581 732 esse,
613 675 670 721 et
698 668 841 736 quod
889 681 994 722 non
1037 667 1148 721 vult
1193 681 1334 731 esse,
1386 683 1491 722 non
1539 667 1716 724 valeat
1754 680 1898 722 esse.

302 755 706 827 Virtusqnippe
733 758 828 812 Dei
862 740 990 812 feeit
1023 760 1250 828 utquod
1291 757 1574 814 constituit
1599 773 1742 824 esse,
1781 756 1897 826 jam

300 863 410 903 non
459 849 636 904 valeat
689 865 797 904 non
843 847 1041 914 fuisse;
1097 859 1152 904 et
1195 847 1338 919 quod
1382 848 1664 909 constituit
1707 846 1897 912 fuisse,

301 942 540 1011 quandiu
573 951 674 1006 est,
708 957 812 996 non
838 942 1018 997 valeat
1045 957 1149 997 non
1179 956 1333 1006 esse;
1363 941 1589 1010 etquod
1613 940 1898 996 constituit

301 1047 424 1087 esse
470 1031 735 1096 futurum,
774 1032 886 1100 jam
938 1049 1050 1088 non
1086 1032 1265 1087 valeat
1306 1031 1548 1086 futurum
1595 1046 1703 1088 non,
1751 1045 1894 1086 esse.

310 1121 462 1180 Unde
499 1138 631 1193 ergo
659 1123 757 1177 Dei
801 1124 973 1178 vii-tus
1005 1123 1296 1193 potentior
1336 1132 1392 1178 et
1432 1122 1732 1180 mirabilior
1761 1137 1898 1182 esse

303 1213 674 1283 perpenditur,
723 1212 849 1268 inde
887 1230 917 1267 a
959 1215 1125 1270 Stulte
1156 1213 1494 1285 sapientibus
1529 1213 1582 1268 in
1613 1229 1712 1270 suo
1741 1228 1898 1283 posse

305 1304 540 1361 invalida
582 1303 903 1372 iudicetur?
957 1305 1052 1362 Sic
1079 1306 1221 1363 enim
1263 1306 1520 1375 quidquid
1544 1315 1647 1370 est,
1681 1305 1750 1360 ab
1777 1305 1897 1377 ipso

303 1405 423 1463 est.
456 1395 576 1467 Ipse
627 1396 796 1450 rebus
839 1397 984 1468 hanc
1030 1399 1138 1452 vim
1193 1397 1496 1454 existentiae
1536 1395 1784 1460 contulit,
1837 1406 1897 1460 ut

307 1497 594 1556 postquam
653 1485 822 1546 semel
885 1487 1238 1560 exstiterint,
1291 1501 1400 1546 non
1458 1487 1734 1551 exstitisse
1786 1502 1895 1548 non

308 1576 543 1647 possint.
565 1624 568 1626 ν

894 1657 1147 1728 "CAPUT
1183 1671 1278 1730 1x.

315 1779 318 1782 ’
377 1777 532 1847 Quod
561 1780 702 1834 mala
735 1781 958 1836 dicenda
1003 1793 1124 1864 sunt
1158 1784 1330 1852 potius
1375 1799 1475 1838 non
1514 1802 1624 1840 esse
1663 1803 1820 1858 quam

981 1864 1221 1908 επιοιετε.
1317 1881 1322 1888 ·

317 1969 324 1978 ε
375 1939 512 1996 Mala
557 1950 737 1998 autem
777 1942 1070 2013 quaelibet,
1119 1947 1259 2001 sicut
1301 1954 1429 2002 sunt
1476 1947 1795 2017 iniquitates
1842 1958 1898 2007 et

304 2037 533 2101 scelera,
562 2040 727 2094 etiam
769 2055 890 2095 cum
919 2043 1170 2098 videntur
1191 2058 1334 2110 esse,
1374 2059 1479 2098 non
1519 2055 1680 2110 sunt,
1713 2047 1837 2116 quia
1865 2062 1897 2103 a

305 2127 546 2183 necnon
567 2140 719 2194 sunt,
746 2145 811 2185 ac
834 2143 1119 2201 propterea
1143 2132 1278 2188 nihil
1303 2143 1464 2201 sunt;
1494 2135 1618 2204 quia
1649 2135 1900 2192 videlicet

305 2219 458 2276 Deus
501 2222 725 2278 omnino
772 2240 880 2280 non
913 2226 1060 2292 fecit,
1113 2227 1230 2290 sine
1257 2243 1365 2298 quo
1401 2228 1604 2286 factum
1643 2240 1727 2286 est
1761 2229 1898 2286 nihil

306 2309 491 2383 (Icari.
523 2313 584 2384 t).
615 2315 956 2387 Quapropter
990 2320 1035 2375 si
1085 2320 1215 2391 quid
1265 2321 1392 2376 boni
1441 2321 1643 2377 factum
1694 2332 1780 2378 est
1829 2325 1897 2380 ab

305 2402 636 2470 hominibus,
665 2411 894 2476 perdere
925 2427 1080 2466 suum
1109 2427 1232 2468 esse
1277 2426 1333 2468 et
1363 2414 1532 2471 fuisse
1561 2431 1666 2472 non
1695 2427 1894 2487 potest,

303 2493 434 2564 quia
463 2511 596 2566 opus
621 2498 711 2553 Dei
736 2509 836 2563 est,
864 2503 1079 2556 etiamsi
1115 2518 1210 2574 per
1255 2505 1501 2562 homines
1544 2506 1747 2563 factum
1792 2517 1896 2565 est.

305 2584 465 2644 Unde
487 2591 760 2658 propheta
784 2592 919 2647 dicit
951 2611 964 2647 :
1004 2612 1022 2644 ε
1061 2595 1258 2650 On'tnia
1303 2597 1449 2652 enim
1499 2613 1663 2669 opera
1713 2612 1897 2658 nostra

301 2691 558 2749 Operattts
603 2697 664 2736 es
713 2684 766 2738 in
819 2685 976 2742 nobis
1020 2686 1160 2757 (Ira.
1225 2692 1398 2760 xxvi).
1430 2710 1450 2742 ι
1480 2691 1673 2746 Omnia
1701 2693 1899 2762 quippe

303 2767 446 2822 bona
485 2779 539 2824 et
588 2770 680 2826 Dei
731 2783 858 2828 sunt
897 2785 953 2830 et
994 2787 1202 2845 nostra,
1233 2781 1490 2849 quoniam
1525 2781 1900 2853 illeoperatur

307 2855 366 2912 in
389 2859 560 2925 nobis,
588 2863 679 2930 qui
703 2861 952 2920 ell‘ectum
977 2869 1169 2924 tribuit
1190 2874 1472 2941 operandi.
1504 2875 1572 2929 Et
1600 2874 1854 2934 Salomon
1881 2896 1894 2932 :

291 2965 332 2998 ς(
365 2948 420 3003 in
454 2967 612 3006 manu
639 2955 799 3020 illius,
836 2957 1028 3029 inquit,
1056 2969 1111 3016 et
1141 2975 1261 3026 nos,
1293 2973 1347 3018 et
1387 2979 1668 3022 sermones
1699 2970 1896 3034 nostri,

307 3051 367 3096 et
389 3047 568 3100 omnis
597 3048 880 3117 Supletllia,
919 3059 972 3106 et
1000 3067 1224 3122 oper-um
1257 3057 1509 3120 scientia,
1536 3067 1587 3113 et
1612 3059 1896 3128 disciplina

306 3133 463 3207 (Sep.
495 3140 611 3208 vti).
656 3159 674 3191 ι
710 3139 770 3194 Ιιι
793 3142 883 3196 illo
911 3147 1099 3210 etiam,
1131 3146 1272 3200 sicut
1302 3148 1379 3202 ait
1415 3148 1726 3218 Apostolus,
1759 3167 1777 3200 ι
1814 3151 1895 3203 vi-

309 3227 504 3291 vimus,
555 3245 846 3287 movemur
882 3241 937 3288 et
985 3250 1173 3290 sumus
1229 3238 1364 3307 (Act.
1418 3239 1573 3308 xvii).
1612 3259 1634 3292 δ
1667 3239 1819 3305 Quod
1849 3239 1894 3295 si

307 3317 506 3371 malum
535 3317 747 3375 factum.
789 3333 894 3387 est,
929 3325 1093 3379 etiam
1137 3337 1261 3382 tttnc
1301 3329 1432 3383 nihil
1462 3339 1602 3396 erat,
1631 3345 1751 3386 cum
1778 3346 1900 3388 esse

306 3407 610 3464 videbatur.
641 3411 778 3466 Hinc
805 3424 890 3468 est
916 3421 1058 3484 quod
1091 3417 1236 3486 ipsos
1267 3419 1487 3474 malitiae
1512 3434 1577 3474 ac
1607 3422 1898 3491 pravitatis

309 3507 558 3554 auctores
587 3503 726 3570 apud
778 3503 980 3560 inferos
1025 3507 1284 3576 conqueri
1312 3509 1593 3578 Scriptura
1625 3519 1896 3566 testatur:

310 3585 678 3658 Transierunt,
733 3593 1008 3664 inquiunt,
1049 3600 1224 3652 omnia
1256 3598 1350 3652 illa
1388 3609 1638 3670 tanquam
1689 3604 1898 3668 umbra,

307 3689 357 3733 et
383 3690 629 3752 tauquam
682 3687 897 3741 nuntius
930 3703 1276 3756 pra’currens,
1329 3699 1377 3744 et
1431 3701 1684 3762 tanquam
1731 3695 1899 3758 naris,

307 3787 429 3840 qua
454 3776 753 3842 pertransiit
790 3779 1129 3846 ﬂuctuantem
1167 3796 1382 3849 aquam,
1411 3782 1564 3851 cujus
1612 3799 1730 3836 cum
1785 3801 1905 3853 per-

309 3865 576 3918 transierit
619 3868 887 3936 vestigium
932 3885 1035 3923 non
1064 3881 1138 3923 est
1167 3871 1400 3925 invenire
1438 3887 1600 3942 neque
1629 3874 1793 3944 627
1817 3891 1904 3929 se-

309 3951 492 4006 mitam
512 3956 708 4009 carina:
726 3956 870 4011 illius
893 3959 945 4011 in
965 3959 1213 4027 ﬂuctibus
1235 3961 1392 4031 (Sap.
1422 3963 1498 4030 v).
1525 3961 1730 4018 Semita
1755 3979 1908 4019 nam»

311 4053 422 4109 que
444 4043 496 4096 in
525 4041 775 4100 fluctibus
813 4044 955 4100 facta
1001 4065 1128 4104 mox
1169 4049 1373 4104 deﬁcit.
1425 4049 1576 4106 Unde
1607 4067 1796 4108 rursus
1824 4053 1906 4108 di-

310 4139 478 4184 cunt:
505 4149 525 4182 i
563 4133 670 4187 Aut
699 4144 953 4205 tanquam
998 4137 1116 4190 avis
1163 4153 1282 4208 quae
1310 4139 1607 4194 transvolat
1655 4141 1708 4194 in
1754 4155 1904 4207 aere,

309 4227 422 4277 'non
461 4222 632 4279 ullum
681 4227 955 4282 invenitur
993 4230 1204 4284 itineris
1249 4229 1390 4284 illius
1442 4241 1840 4301 argumentum.
1879 4251 1898 4286 ι

312 4309 552 4368 Tertium
576 4330 788 4387 quoque
817 4335 921 4374 non
945 4320 1208 4376 dissimile
1235 4321 1320 4376 his
1346 4336 1538 4376 rursus
1564 4323 1852 4392 apponitur
1879 4338 1896 4377 :

313 4423 336 4456 ε
369 4405 478 4460 Aut
508 4419 756 4477 tauquam
788 4413 983 4481 sagitta
1015 4413 1214 4468 emissa
1245 4413 1300 4467 in
1338 4414 1516 4470 locum
1547 4415 1903 4480 deminutum,

309 4496 517 4553 divisus
541 4513 637 4554 aer
669 4503 926 4557 continuo
967 4504 1018 4558 in
1049 4520 1108 4559 se
1138 4505 1380 4560 reclusus
1404 4513 1508 4573 est,
1535 4515 1587 4561 et
1619 4501 1901 4576 ignoratur

312 4589 576 4645 transitus
625 4591 764 4647 illius
805 4592 1014 4665 (lbid.).
1055 4613 1073 4646 ι
1105 4593 1402 4665 Vestigium
1449 4606 1598 4651 certe
1639 4599 1814 4661 navis,
1847 4606 1902 4651 et

312 4681 450 4746 avis,
480 4689 536 4735 et»
564 4683 773 4752 sagittae
799 4685 1060 4741 transitus
1086 4700 1208 4740 mox
1248 4684 1406 4751 fiunt,
1437 4686 1581 4745 illico
1612 4686 1903 4744 recludun-

314 4778 430 4832 tur;
486 4771 565 4826 sic
617 4773 844 4841 quilibet
895 4775 1085 4844 iniqui,
1123 4791 1248 4831 mox
1286 4785 1348 4830 ut
1391 4775 1677 4846 incipiunt,
1705 4785 1900 4846 praesto

312 4859 594 4917 deﬁciunt.
632 4864 784 4921 Unde
818 4867 1144 4939 subiungunt
1173 4871 1186 4922 ':
1225 4887 1248 4920 i~
1279 4868 1370 4926 Sic
1395 4877 1454 4924 et
1486 4883 1586 4924 nos
1620 4871 1734 4928 nati
1765 4885 1898 4931 con,-

319 4952 472 5007 tinuo
505 4955 802 5013 desivimus
848 4967 994 5025 esSe;
1031 4978 1050 5011 ι
1074 4961 1185 5015 imo
1226 4960 1344 5031 ipso
1375 4970 1649 5018 momento
1679 4976 1788 5033 quo
1823 4962 1904 5016 vi-

319 5044 518 5098 dentur
564 5059 710 5112 csse,
762 5061 868 5106 non
917 5057 1063 5114 sunt,
1118 5051 1246 5121 quia
1289 5050 1356 5105 ab
1395 5051 1486 5106 illo
1514 5052 1608 5122 qui
1642 5067 1773 5108 vere
1819 5060 1901 5109 est

315 5130 478 5203 longe
527 5143 675 5189 sunt.
731 5135 850 5202 Quo
899 5147 1086 5192 contra
1146 5142 1214 5194 de
1276 5141 1394 5196 viro
1442 5140 1592 5209 justo
1641 5143 1838 5198 dicitur
1883 5160 1898 5196 :

322 5238 347 5272 ι
387 5223 806 5281 Consummatus
846 5227 901 5282 in
931 5229 1102 5291 brevi,
1153 5228 1390 5300 explevit
1435 5230 1675 5302 tempora
1709 5231 1901 5298 multa,

313 5313 453 5382 quia,
490 5314 685 5383 placita
720 5327 880 5373 erant
905 5317 1136 5375 Domino
1164 5336 1330 5392 opera
1367 5321 1512 5378 illius
1557 5323 1708 5396 (δον.
1742 5327 1838 5395 iv).
1875 5341 1897 5378 ι

317 5401 392 5458 De
447 5405 554 5459 illis
607 5418 788 5464 autem
831 5427 846 5463 :
897 5429 918 5461 ι
969 5409 1222 5479 Dejecisti
1278 5425 1374 5468 eos
1420 5413 1550 5469 dum
1604 5414 1906 5471 allevamu-

316 5502 407 5546 tur
431 5494 605 5564 ('Psul.
636 5501 828 5568 LXXII).
861 5519 882 5552 ι
914 5499 1028 5556 Non
1069 5504 1166 5567 ait,
1191 5515 1473 5572 postquam
1518 5503 1730 5559 allevati
1757 5515 1904 5574 sunt,

315 5586 434 5650 sed,
463 5587 588 5642 dum
611 5589 1000 5657 allevarentur,
1039 5594 1164 5663 quia
1182 5602 1286 5665 per
1317 5595 1422 5651 hoc
1450 5595 1785 5661 inanescunt,
1811 5612 1908 5666 per

316 5681 462 5747 quod
506 5681 906 5750 intumescunt;
958 5685 1084 5742 inde
1135 5698 1418 5753 corruunt,
1461 5687 1602 5743 unde
1649 5689 1908 5745 sublimes

319 5768 477 5826 ﬁunt.
505 5770 620 5849 Non
659 5773 841 5844 itaque
871 5775 991 5833 .ltoc
1029 5778 1380 5840 asset-endem
1427 5788 1532 5845 est,
1581 5778 1723 5840 quod
1767 5787 1910 5847 post-

2000 578 2124 634 tunc
2148 569 2341 639 procul
2368 569 2530 626 dubio
2564 581 2692 628 sunt
2725 574 2880 642 nihil,
2915 591 3041 632 cum
3067 577 3321 650 videntur
3351 583 3586 654 aliquid.

1996 658 2139 714 Nihil
2183 659 2324 729 apud
2353 660 2717 730 testimonium
2765 664 3032 734 veritatis,
3068 668 3268 739 aliquid
3301 671 3354 725 in
3388 668 3578 732 umbra

1995 750 2264 821 caliginis.
2313 749 2506 808 Adhuc
2549 752 2798 809 fortassis
2833 757 3151 825 epulabatur
3189 760 3276 816 ille
3304 763 3586 834 Splendida

1997 840 2150 912 (Luc.
2179 840 2312 911 xvi),
2345 842 2667 898 iniciebatur
2695 847 2883 900 cuneis
2911 833 3345 918 obsequentium,
3372 833 3588 911 ambieo:

1996 931 2158 987 batur
2182 933 2489 1004 agminibus
2528 935 2878 1000 bellatorum,
2909 953 3067 1006 quem
3095 944 3352 1010 propheta
3385 925 3590 1022 supero;

1997 1024 2292 1080 exaltatum
2322 1033 2377 1079 et
2406 1024 2673 1082 elevatum
2704 1028 2837 1081 vidit
2871 1027 3007 1099 (Ira.
3068 1031 3255 1104 xxxvi)
3294 1051 3306 1087 :
3355 1043 3408 1089 et
3453 1052 3590 1110 mox,

1997 1117 2066 1169 ad
2096 1118 2506 1186 contemplanda
2549 1135 2757 1174 summa
2814 1109 3208 1190 pertransie'ns,
3255 1143 3415 1197 quem
3463 1109 3589 1196 mag

1998 1221 2159 1275 gnum
2190 1207 2394 1276 aliquid
2431 1208 2575 1266 forte
2620 1198 2952 1277 crediderat,
2995 1214 3129 1269 nihil
3164 1229 3286 1272 esse
3314 1221 3588 1290 cognovit.

1997 1294 2134 1351 Hine
2162 1307 2246 1351 est
2280 1299 2425 1352 enim
2449 1299 2592 1368 quod
2634 1301 2892 1370 scriptum
2939 1312 3061 1357 est:
3096 1323 3113 1356 ι
3144 1304 3410 1375 Queniam
3458 1325 3588 1380 spes

1999 1385 2147 1454 impii
2184 1392 2440 1458 tanquam
2489 1387 2684 1459 lanugo
2732 1400 2834 1452 est.
2867 1407 2984 1461 qua:
3008 1409 3038 1447 a
3068 1406 3227 1450 vento
3274 1397 3506 1453 tollitur:
3531 1408 3590 1466 et

1998 1481 2258 1546 tanquam
2287 1492 2476 1545 spuma
2499 1480 2740 1549 gracilis,
2765 1498 2886 1551 qua:
2911 1499 2940 1536 a
2964 1486 3196 1554 procella
3226 1488 3586 1559 dispergitur;

1998 1573 2050 1620 et
2081 1576 2336 1636 tanquam
2373 1567 2576 1635 fumus,
2621 1571 2711 1640 qui
2737 1588 2766 1625 a
2801 1583 2962 1629 vento
2983 1574 3206 1630 dimisus
3236 1589 3346 1645 est;
3378 1591 3430 1634 et
3463 1591 3589 1638 lana

1996 1671 2160 1725 quam
2207 1660 2470 1719 meritoria
2531 1661 2762 1732 hospitis
2823 1664 2981 1718 unius
3040 1665 3144 1720 dici
3209 1672 3588 1738 praetereuntis

1999 1746 2153 1818 (Sep.
2197 1750 2274 1818 v).
2327 1770 2345 1804 ι
2394 1750 2526 1806 Nam
2570 1754 2664 1822 qui
2723 1762 2799 1808 tot
2847 1765 3350 1813 monientanearutn
3404 1776 3589 1820 rerum

1920 1839 1967 1900 Β
1995 1837 2240 1907 exempla
2267 1840 2560 1910 congessit,
2595 1857 2700 1897 non
2748 1852 2857 1898 tam
2906 1844 3009 1900 vile
3054 1847 3182 1916 quid
3217 1863 3341 1904 esse
3368 1864 3586 1917 omnem

1998 1929 2358 1998 reproborum,
2378 1933 2629 2002 gloriam,
2657 1949 2818 2004 quam
2849 1936 2984 1990 nihil
3008 1953 3129 1992 esse
3155 1939 3412 2009 signavit.
3444 1940 3584 2010 Μελίη

1998 2039 2126 2093 ergo
2151 2025 2312 2080 etiam
2345 2041 2468 2080 cum
2499 2027 2751 2082 videntur
2795 2043 2932 2092 esse,
2961 2044 3067 2084 non
3113 2039 3270 2096 sunt;
3311 2041 3369 2086 et
3412 2033 3481 2101 ab
3519 2049 3588 2100 eq

1997 2113 2090 2181 qui
2119 2129 2243 2169 vere
2271 2125 2562 2180 etlsumme
2609 2126 2693 2172 est
2733 2118 2919 2186 procul
2949 2129 3094 2174 sunt.
3128 2119 3274 2175 Bona
3300 2131 3502 2187 autem,
3532 2124 3588 2190 ii

2000 2211 2084 2258 est
2107 2219 2176 2278 ea
2203 2220 2322 2274 qua
2353 2205 2527 2260 bonus
2549 2205 2746 2263 artifex
2787 2197 3049 2278 condidit,
3077 2225 3198 2278 qua:
3236 2220 3295 2264 ut
3340 2220 3391 2276 tu
3430 2213 3587 2281 quis~

1997 2295 2122 2363 quis
2143 2310 2224 2357 es,
2253 2299 2472 2364 qumris,
2512 2312 2631 2354 esse
2659 2298 2818 2379 simul
2840 2311 2892 2353 et
2916 2316 3021 2354 non
3042 2317 3164 2358 esse
3194 2319 3298 2358 non
3329 2314 3586 2389 possunt!

1998 2389 2124 2457 quia
2149 2389 2201 2444 in
2236 2406 2418 2444 rerum
2445 2403 2660 2459 natura,
2691 2377 2852 2461 quam
2883 2395 3220 2452 rationabilis
3249 2397 3443 2455 artifex
3466 2377 3587 2463 esse

2001 2480 2304 2546 constituit,
2336 2481 2618 2540 alternitas
2668 2484 2770 2540 ista
2819 2500 2924 2540 non
2953 2485 3162 2541 invenit
3203 2487 3402 2543 locum.
3453 2487 3591 2556 Quia

2001 2571 2147 2626 enim
2174 2574 2314 2627 inter
2338 2589 2460 2630 esse
2497 2585 2553 2630 et
2595 2590 2698 2630 non
2727 2590 2847 2630 csse
2885 2575 3142 2632 confundi
3175 2578 3369 2632 malum
3398 2588 3501 2646 est,
3526 2596 3589 2644 ac

1996 2663 2178 2732 potius
2205 2663 2336 2718 nihil
2375 2666 2728 2726 est,‘idcirco
2763 2682 2795 2721 a
2827 2667 2964 2722 ὺοιιο
2987 2666 3264 2736 Crantore,
3310 2671 3400 2739 qui
3447 2672 3590 2736 bona

1997 2753 2178 2807 omnia
2212 2752 2362 2819 fecit,
2394 2754 2722 2811 alternitatis
2747 2755 2852 2811 ista
2881 2757 3127 2813 confusio
3172 2759 3316 2814 facta
3343 2774 3450 2820 non
3482 2771 3586 2830 est,

1997 2840 2056 2898 ln
2088 2841 2246 2897 malis
2263 2855 2444 2918 autem
2469 2854 2644 2916 potest
2684 2855 2956 2916 utcunque
2986 2849 3153 2902 videri
3179 2839 3294 2905 hinc
3316 2851 3590 2919 conl'usioe

1998 2937 2087 3006 nis
2117 2938 2418 3004 alternitas,
2445 2957 2564 3011 qum
2585 2951 2734 2997 certe
2761 2943 3011 2998 videntur
3039 2958 3182 3007 esse,
3213 2953 3266 2998 et
3307 2961 3412 3000 non
3439 2957 3587 3011 sunt,

1999 3038 2162 3099 atque
2189 3030 2310 3085 ideo
2335 3032 2488 3101 quasi
2521 3043 2667 3096 sunt,
2695 3043 2751 3088 et
2785 3050 2889 3090 non
2923 3043 3068 3089 sunt.
3106 3036 3243 3090 Sunt
3279 3039 3492 3104 quidem
3534 3038 3588 3104 in

1999 3117 2284 3188 superﬁcie
2318 3119 2538 3185 coloris,
2572 3137 2676 3176 non
2724 3131 2901 3177 autem
2952 3123 3005 3177 in
3046 3122 3254 3192 judicio
3295 3127 3537 3193 veritatis
3565 3146 3583 3182 :

1998 3227 2305 3281 quanquam
2327 3214 2526 3284 etipsis
2541 3213 2698 3270 malis
2722 3231 2826 3270 non
2854 3217 3286 3285 possntnusliane
3307 3219 3589 3276 diversitao

2002 3313 2110 3358 teni
2140 3312 2328 3359 exacte
2377 3311 2717 3372 concedere,
2763 3315 2822 3360 nt
2850 3307 3012 3362 simul
3059 3309 3169 3363 sint
3209 3319 3264 3365 et
3311 3327 3415 3366 non
3462 3312 3592 3380 sint.

1999 3393 2122 3465 quia
2153 3383 2402 3448 videntur
2425 3410 2565 3460 esse,
2597 3395 2690 3452 sed
2731 3413 2837 3453 non
2869 3408 3015 3461 sunt.
3039 3410 3202 3470 atque
3243 3401 3365 3457 ideo
3411 3404 3592 3466 verius

1997 3487 2254 3543 dictuttur
2297 3501 2509 3558 semper
2545 3505 2652 3545 non
2689 3505 2830 3555 esse,
2881 3477 3043 3561 quain
3071 3507 3193 3549 esse
3223 3503 3413 3550 etnon
3451 3509 3592 3556 esse.

2063 3635 2066 3638 .
2627 3583 2858 3640 CAPUT
2900 3584 2966 3639 Χ.
3103 3643 3108 3648 ,
3412 3647 3414 3649 ,

2001 3679 2159 3746 Quod
2181 3683 2356 3736 omnia
2387 3680 2530 3736 Deus
2553 3691 2739 3750 potest,
2786 3684 2892 3738 sive
2917 3684 3080 3753 faciat
3127 3685 3232 3740 sive
3277 3703 3383 3742 non
3405 3688 3595 3763 faciat.

1997 3803 2000 3806 ~
2075 3769 2418 3826 Manifestum
2457 3780 2541 3827 est
2580 3772 2744 3842 igitur
2786 3774 3154 3829 alternitatem
3181 3777 3364 3841 istam,
3397 3779 3463 3833 de
3483 3794 3594 3851 qua

2001 3861 2289 3929 quieritur,
2321 3861 2549 3926 scilicet,
2589 3871 2768 3916 utrum
2801 3865 2972 3933 possit
2999 3865 3169 3936 628
3193 3866 3392 3938 aliquid
3429 3866 3594 3932 fuisse
3689 3904 3695 3909 ς

1995 3950 2246 4005 simulet
2281 3968 2386 4006 non
2414 3950 2612 4015 fuisse;
2639 3967 2777 4014 esse,
2809 3962 2983 4008 etnon
3005 3968 3159 4018 esse;
3189 3953 3426 4018 futurum
3450 3972 3600 4026 esse.

2005 4047 2061 4092 et
2114 4038 2352 4094 futurum
2387 4054 2492 4094 non
2527 4055 2650 4096 esse
2679 4079 2694 4103 .
2738 4041 2948 4096 naturis
2998 4043 3348 4098 existentium
3411 4060 3606 4102 rerum

2001 4129 2152 4184 nulla
2183 4145 2340 4199 posse
2377 4131 2588 4186 ratione
2614 4146 2946 4201 congruere;
2992 4133 3059 4186 ad
3088 4132 3230 4187 solas
3257 4144 3438 4190 autem
3473 4151 3599 4191 verr

2007 4222 2200 4278 borum
2241 4238 2472 4292 pugnas,
2533 4238 2653 4291 qua:
2681 4224 2749 4276 de
2782 4223 3082 4279 disserendi
3131 4239 3197 4278 ac
3235 4226 3593 4282 ratiocinandi

2008 4311 2141 4366 ﬁunt
2175 4302 2582 4380 consequentiis
2611 4313 2902 4382 pertinere.
2959 4313 3322 4379 Quamobrem
3380 4315 3596 4375 indubi-

2010 4404 2160 4458 tabili
2192 4404 2296 4460 iide
2315 4403 2641 4458 credendum
2665 4411 2749 4458 est
2773 4444 2790 4467 ,
2833 4403 3000 4458 Deum
3041 4404 3225 4460 omnia
3261 4419 3442 4473 posse,
3477 4407 3595 4464 sive

2007 4493 2193 4556 faciat,
2223 4492 2337 4547 sive
2366 4507 2469 4546 non
2501 4492 2686 4550 faciat.
2710 4491 2843 4548 Nam
2870 4494 3014 4564 quod
3043 4495 3242 4548 malum
3265 4506 3368 4560 est.
3415 4500 3594 4568 potius

2006 4587 2168 4642 debet
2187 4585 2481 4658 dicinihil,
2507 4601 2670 4655 quam
2693 4585 2917 4656 aliquid,
2945 4596 3108 4657 atque
3139 4587 3258 4642 ideo
3288 4588 3419 4642 nihil
3451 4604 3591 4658 prae-

1997 4675 2227 4746 iudicat,
2258 4655 2568 4733 sidicainus
2602 4677 3001 4751 Deumomnia
3022 4655 3225 4747 posse,
3282 4677 3408 4734 licet
3451 4655 3592 4734 inala

2003 4769 2186 4823 omnia
2211 4783 2316 4822 non
2338 4767 2546 4837 possit;
2573 4783 2697 4823 cum
2725 4768 2866 4822 mala
2911 4782 3017 4824 non
3057 4769 3198 4822 intra
3244 4769 3448 4833 omnia,
3498 4769 3593 4824 sed

1996 4868 2159 4913 extra
2193 4859 2380 4912 omnia
2415 4859 2598 4928 potius
2647 4858 2881 4913 debeant
2933 4857 3234 4927 supputari.
3297 4856 3433 4918 iiinc
3486 4869 3591 4927 est,

2007 4951 2158 5021 quod
2185 4965 2326 5021 saepe
2359 4951 2536 5008 divina
2565 4951 2741 5005 virtus
2764 4957 3004 5006 armatos
3026 4947 3449 5026 dialecticorum.
3484 4951 3594 5022 syl-

2011 5040 2290 5114 logismos,
2311 5055 2607 5111 eorumque
2638 5039 2908 5096 versutias
2928 5036 3190 5104 destruit;
3227 5045 3284 5092 et
3303 5053 3423 5109 qua:
3446 5040 3589 5118 apud

2011 5145 2107 5188 eos
2143 5131 2452 5188 necessaria
2489 5129 2602 5198 jam
2653 5137 2815 5200 atque
2862 5127 3193 5184 inevitabilia
3236 5127 3591 5199 iudicantur,

2010 5222 2250 5278 omnium
2277 5222 2720 5292 philosophorum
2752 5228 3068 5288 argumenta
3097 5215 3402 5286 confundit.
3453 5221 3592 5284 Audi

2010 5313 2379 5385 syllogismum
2410 5330 2423 5365 :
2455 5311 2510 5366 Si
2553 5311 2756 5380 lignum
2785 5311 2960 5376 ardet,
2990 5310 3234 5380 profecto
3260 5312 3466 5379 uritur;
3497 5313 3594 5368 sed

2012 5405 2196 5470 ardet,
2227 5418 2360 5474 ergo
2385 5411 2441 5458 et
2470 5402 2666 5457 uritur.
2699 5401 2805 5456 Sed
2835 5415 2962 5458 ecce
2987 5401 3198 5473 Moyses
3225 5402 3594 5458 videt'rubum

2005 5500 2229 5564 ardere,
2273 5508 2330 5554 et
2366 5513 2473 5552 non
2513 5496 2755 5552 comburi
2787 5493 2984 5566 (Exod.
3015 5495 3121 5564 ιιι).
3151 5493 3411 5574 illursus,
3457 5494 3500 5548 si
3534 5493 3598 5547 li-

2014 5607 2176 5661 gnum
2227 5590 2510 5659 praecisum
2561 5598 2683 5652 est,
2729 5603 2836 5642 non
2891 5586 3203 5649 l‘rnctilicat,
3253 5585 3346 5640 scd
3401 5584 3596 5653 praeei-

2014 5698 2132 5737 sum
2185 5691 2315 5746 est,
2382 5696 2513 5750 ergo
2558 5695 2664 5735 non
2720 5680 3035 5736 fructiﬁcat.
3100 5677 3205 5736 Sed
3263 5691 3390 5733 ecce
3443 5677 3594 5746 virga

2015 5773 2194 5831 Aaron
2222 5771 2281 5830 in
2310 5770 2679 5848 tabanaculo,
2715 5780 2900 5831 contra
2930 5767 3415 5839 naturaet-dinem
3445 5778 3595 5851 repga
