4142 5396
569 353 667 408 Gil

1051 348 1107 403 S.
1150 347 1354 404 PETRI
1392 347 1676 404 DAMIAM
1713 347 1862 404 OPP.
1902 344 2138 404 TOMUS
2168 346 2297 404 εει]
2324 351 2505 409 PARS
2543 351 2630 408 lil.
2672 380 2740 390 --
2774 348 3134 407 OPUSCULA
3176 346 3406 402 VANA.

3733 348 3844 420 6;;

567 470 709 526 ritur
734 463 1036 536 amigdalas
1107 455 1398 534 protulisse
1447 462 1639 534 (Num.
1700 466 1854 530 xvn).
1910 461 2160 531 Alioquin
2191 471 2236 526 Α
2266 465 2414 521 fonte
2439 466 2589 522 rivus
2622 473 2857 521 arescat.
2887 465 2968 520 Ad
3021 462 3407 518 aftlrmandum
3432 475 3668 532 namque
3697 461 3844 532 quod

565 558 696 629 quid
723 564 806 612 est
836 564 910 610 tot
937 557 988 610 in
1021 552 1258 625 Egypto
1281 553 1550 609 Pharaoni
1581 554 1870 626 magnalia,
1919 567 1982 607 ac
2003 553 2156 621 signa

576 648 932 719 portendere;
965 645 1197 700 liliorum
1230 643 1394 699 Israel
1448 654 1696 699 catervas
1743 643 2010 714 Algyptiis
2059 657 2156 711 pc-

565 741 871 803 reuntibus,
885 754 982 808 per
995 737 1223 792 divisum
1243 751 1392 792 mare
1407 735 1698 790 transferre
1713 734 2154 805 (Exod.vn,xiv),

561 832 866 906 l'argissima
889 830 1088 884 fluenta
1109 844 1174 884 ex
1197 828 1461 882 aridisaxi
1490 842 1620 896 rupe
1641 823 2148 896 producere(Exod.

559 918 1065 988 x.vtt;Psal.t.sxvn)
1077 915 1526 982 ,etJerichoutiua
1542 917 1737 970 moenia
1753 930 1858 969 non
1871 915 2037 968 armis
2049 912 2155 968 fre-

556 1012 855 1076 mentibus,
879 1010 972 1065 sed
1004 1010 1145 1064 tubis
1173 1008 1550 1078 clangentibus
1575 1049 1590 1073 ,
1621 1006 1924 1077 dissipare?
1969 1005 2154 1074 (Josue

556 1099 661 1172 vt.)
715 1099 1016 1162 Postremo,
1049 1098 1192 1167 quod
1235 1100 1287 1150 in
1342 1107 1618 1167 stuporem
1647 1096 1890 1150 omnium
1930 1093 2155 1149 sarculo~

560 1205 710 1256 rum,
775 1190 945 1244 solem
985 1190 1036 1243 iu
1068 1189 1207 1243 coelo
1231 1189 1300 1243 ad
1363 1188 1648 1257 imperium
1676 1185 1840 1240 Josue
1871 1201 1969 1254 per
1992 1185 2152 1239 unius

561 1283 668 1337 diei
705 1281 937 1352 spatium
987 1283 1177 1336 sistere
1210 1281 1346 1350 (Jos.
1406 1282 1492 1347 x);
1546 1295 1642 1349 per
1686 1279 1974 1333 Ezechiam
2021 1292 2152 1331 vero

557 1373 746 1428 decem
777 1371 844 1425 ad
894 1370 1162 1424 orientem
1205 1370 1358 1424 lineis
1397 1383 1657 1424 revocare
1698 1360 1803 1440 (IV
1839 1367 1968 1438 Reg.
2036 1382 2105 1421 xx
2134 1408 2149 1432 ,

557 1459 671 1515 Isa.
699 1459 1114 1528 xxxvm);circa
1141 1468 1250 1512 tres
1279 1473 1474 1526 pueros
1497 1456 1726 1512 furentis
1755 1457 1987 1511 incendii
2010 1456 2151 1511 vires

557 1549 926 1618 exstinguere,
955 1550 1100 1601 circa
1149 1546 1423 1600 Dauielcm
1469 1563 1599 1600 vero
1647 1554 1900 1600 cruentos
1935 1546 2148 1600 leonum

562 1641 757 1705 rictus,
811 1647 866 1694 et
921 1638 1105 1692 rabida
1125 1653 1217 1691 ora
1272 1636 1586 1692 refrenare?
1668 1637 1839 1707 (Dan.
1915 1653 1995 1700 ιιι,
2041 1636 2148 1707 vi.)

557 1729 718 1800 Quid,
749 1729 990 1798 inquam,
1019 1729 1133 1782 inec
1161 1727 1343 1781 omnia
1376 1737 1525 1792 sunt,
1552 1727 1656 1782 nisi
1679 1726 1870 1782 frivola
1925 1729 2145 1797 sapien-

2259 556 2400 613 Deus
2424 567 2656 628 nequeat
2687 558 2950 627 virginem
2981 569 3237 624 reparare
3265 564 3382 624 post
3406 553 3639 624 lapsum,
3674 553 3848 624 quasi

2257 660 2656 718 consequenter
2681 647 2948 716 adjiciunt
2981 665 2993 700 :
3028 645 3281 715 Nunquid
3330 645 3434 700 hoc
3480 653 3660 714 potest
3697 645 3846 703 Dens

2257 757 2444 812 agerc,
2488 751 2548 796 ut
2575 743 2718 812 quod
2746 741 2949 797 factum
2987 749 3200 795 estnon
3225 727 3431 792 fuerit?
3459 738 3742 808 Tanquam
3789 739 3838 795 si

2255 833 2422 886 semel
2451 833 2814 887 constetutsi
2857 832 3020 888 fuerit
3063 831 3214 901 virgo
3263 837 3542 899 corrupta,
3584 829 3698 898 jam
3742 843 3844 886 ue-

2253 932 2420 990 queat
2460 920 2578 977 fieri
2611 932 2670 977 ut
2693 939 2881 977 rursus
2911 923 2981 977 sit
3014 922 3243 993 integra.
3289 919 3442 987 Quod
3490 931 3640 975 certe
3670 934 3846 990 quan-

2257 1020 2369 1065 tum
2395 1012 2460 1065 ad
2492 1021 2743 1066 naturam
2795 1027 2982 1067 verum
3011 1020 3117 1078 est,
3159 1019 3374 1080 statque
3403 1011 3706 1077 sententia;
3754 1009 3839 1065 Ia-

2253 1111 2398 1158 ctum
2431 1119 2646 1174 quoque
2675 1104 2876 1174 aliquid
2909 1103 3096 1168 fuisse,
3138 1111 3191 1158 et
3236 1102 3437 1159 factum
3485 1119 3591 1158 non
3646 1102 3836 1169 fuisse,

2253 1212 2418 1251 unum
2452 1197 2703 1267 idemque
2727 1197 2956 1251 inveniri
2983 1212 3088 1251 non
3116 1194 3615 1265 potest.Contraria
3639 1196 3840 1265 quippe

2254 1289 2485 1344 invicem
2525 1299 2669 1353 sunt,
2727 1291 2862 1344 adeo
2892 1297 2952 1343 ut
2979 1289 3025 1344 si
3055 1304 3221 1343 unum
3275 1288 3366 1352 sit,
3426 1287 3655 1342 altermu
3714 1301 3839 1342 esse

2254 1395 2359 1434 non
2382 1381 2572 1452 possit.
2602 1380 2735 1434 Nam
2757 1381 2899 1450 quod
2925 1379 3026 1435 fuit
3071 1396 3178 1436 non
3210 1389 3387 1451 potest
3411 1394 3536 1435 vere
3563 1379 3668 1435 dici
3697 1379 3829 1449 quia

2253 1486 2358 1526 non
2382 1471 2516 1534 fuit;
2573 1482 2630 1528 et
2651 1486 2681 1528 e
2704 1473 2945 1539 diverso,
2983 1471 3130 1541 quod
3159 1487 3266 1526 non
3290 1470 3415 1538 fuit,
3443 1486 3548 1526 non
3576 1480 3728 1526 recte
3751 1471 3840 1527 di-

2253 1562 2398 1616 citur
2426 1563 2553 1632 quia
2607 1562 2727 1618 fuit.
2763 1563 2894 1631 Qua:
2943 1563 3090 1619 enim
3135 1564 3409 1618 contraria
3460 1572 3587 1617 sunt
3626 1563 3678 1618 in
3725 1576 3836 1617 nuo

2251 1654 2552 1723 eodemque
2571 1653 2818 1725 subjecto
2845 1671 3148 1726 congruere
3175 1662 3467 1724 nequeunt.
3515 1654 3641 1709 llgec
3671 1670 3835 1723 porro

2256 1745 2662 1827 impossibilitas
2737 1756 2884 1802 recte
2919 1747 3139 1816 quidem
3184 1746 3404 1811 dicitur,
3443 1745 3490 1801 si
3532 1745 3598 1800 ad
3628 1754 3838 1800 naturae

554 1833 670 1878 tum
701 1818 860 1888 hujus
887 1819 1071 1874 mundi
1099 1833 1256 1874 sensa
1295 1818 1652 1883 confundere,
1701 1827 1756 1874 et
1801 1831 1990 1874 contra
2045 1835 2139 1874 ua-

2252 1821 2522 1893 referatur
2549 1838 2787 1908 inopiam
2821 1856 2834 1891 :
2889 1837 3030 1892 absit
3053 1846 3258 1902 autem,
3289 1844 3349 1890 ut
3380 1836 3449 1891 ad
3497 1836 3835 1905 majestatem

555 1922 692 1968 turae
717 1911 1162 1967 consuetudinem
1191 1910 1386 1965 divina:
1411 1910 1627 1965 virtutis
1657 1901 1884 1982 gloriam
1934 1920 2136 1966 morta-

552 2004 694 2059 libus
721 2000 996 2058 revelare?
1023 2000 1255 2056 Veniant
1282 2002 1574 2067 dialectici,
1598 2005 1712 2058 sive
1737 2003 1935 2072 potius,
1959 2011 2018 2056 ut
2045 2018 2144 2072 pn-

551 2102 759 2158 tantur,
787 2092 1046 2160 haeretici,
1085 2093 1186 2163 ipsi
1215 2093 1451 2148 viderint
1479 2110 1494 2159 ;
1537 2095 1757 2148 veniant
1793 2135 1808 2160 ,
1877 2095 2096 2164 inquam
2124 2136 2140 2160 ,

549 2186 716 2240 verba
755 2184 1102 2251 trutinautes,
1142 2185 1472 2254 quaestiones
1517 2202 1644 2241 suas
1683 2185 1872 2242 buccis
1919 2203 2143 2244 concre-

466 2292 474 2301 ε
550 2275 812 2346 pantibus
865 2275 1216 2340 ventilantes,
1266 2285 1651 2347 proponeutes,
1693 2289 2051 2344 assumentcs,
2090 2289 2143 2335 et

551 2379 613 2422 ut
639 2367 746 2423 illis
777 2367 992 2422 videtur
1031 2369 1362 2423 inevitabilia
1386 2370 1792 2436 concludentes,
1827 2386 1890 2426 ac
1923 2372 2138 2428 dicant:

547 2460 594 2515 si
624 2460 856 2530 peperit,
879 2459 1205 2514 concubuit:
1232 2461 1326 2514 sed
1362 2461 1590 2530 peperit,
1635 2477 1767 2532 ergo
1819 2463 2134 2518 concubuit.

547 2549 804 2621 Nunquid
828 2551 928 2608 hoc
950 2560 1074 2606 ante
1102 2552 1490 2622 redemptionis
1521 2553 1772 2607 humanm
1821 2555 2139 2625 mysterium

548 2659 656 2698 non
695 2644 981 2699 videbatur
1007 2645 1437 2717 inexpugnabilis
1463 2647 1677 2702 roboris
1721 2651 2143 2718 argumentum?

549 2735 618 2789 Et
649 2736 866 2806 quidem
905 2747 1120 2806 poterat
1163 2737 1322 2804 Deus,
1385 2750 1441 2794 et
1491 2739 1660 2794 fetare
1702 2741 1968 2810 virginem
2016 2752 2142 2798 ante

551 2827 787 2893 ruinam,
827 2837 882 2883 et
903 2844 1155 2898 reparare
1178 2831 1438 2901 virginem
1480 2839 1601 2901 post
1629 2833 1863 2888 ruinam.
1917 2833 2137 2889 Utrum-

552 2935 659 2989 que
693 2916 899 2976 scilicet
922 2922 1122 2976 bonum
1161 2932 1302 2987 erat,
1345 2923 1438 2978 sed
1468 2923 1594 2978 licet
1625 2933 1852 2979 eatenus
1880 2935 2139 2980 neutrum

553 3012 786 3077 fecerat,
827 3022 1118 3081 utrumque
1167 3021 1346 3067 tamen
1400 3030 1562 3084 posse
1614 3014 1794 3071 facere
1839 3017 2140 3072 credendus

551 3111 690 3158 erat.
718 3103 784 3157 Et
806 3111 953 3158 certe
977 3103 1276 3160 mirabilius
1305 3114 1410 3167 est,
1446 3114 1501 3159 et
1530 3105 1689 3160 valde
1734 3107 2134 3177 prmcellentius

564 3193 824 3261 virginem
847 3194 1217 3263 incorruptam
1263 3209 1486 3249 manere
1511 3204 1634 3265 post
1681 3205 1914 3265 partum,
1974 3213 2135 3265 quam
2165 3187 2209 3252 C

547 3293 859 3353 corruptam
891 3286 959 3339 ad
980 3285 1244 3356 virginale
1271 3285 1435 3340 decus
1477 3287 1652 3340 redire
1705 3295 1827 3355 post
1871 3286 2080 3356 lapsum
2115 3304 2129 3352 ;

547 3375 678 3444 quia
704 3385 759 3429 et
789 3373 962 3445 majus
983 3387 1086 3442 est,
1115 3375 1406 3444 quemlibet
1431 3375 1632 3429 clausis
1667 3375 1850 3444 januis
1902 3377 2132 3448 ingredi,

543 3482 710 3538 quam
737 3480 852 3530 eas,
880 3481 1000 3534 qua:
1021 3465 1314 3535 patuerint,
1334 3465 1531 3535 januas
1559 3463 1758 3519 claudi.
1790 3463 1846 3519 Si
1877 3480 2005 3536 ergo
2040 3482 2136 3520 na-

548 3569 635 3610 tus
655 3547 723 3612 ex
743 3556 966 3625 Virgine
1014 3556 1346 3625 Redemptor
1390 3565 1577 3610 noster
1621 3555 1756 3627 (Ira.
1803 3557 2130 3623 vn;Matrh.

546 3645 756 3709 r;'Luc.
787 3646 851 3716 ι),
881 3647 1022 3715 quod
1059 3646 1232 3715 majus
1260 3653 1363 3710 est,
1391 3655 1446 3700 et
1469 3645 1626 3714 longe
1646 3648 2013 3714 praestantius.
2051 3646 2132 3702 fe-

543 3735 650 3798 cit;
684 3732 826 3803 quod
850 3733 1025 3787 minus
1067 3741 1171 3798 est,
1199 3741 1512 3802 corruptam
1557 3733 1866 3801 quamlibet,
1896 3734 2134 3790 redinte-

555 3845 714 3899 grare
746 3845 851 3884 non
882 3827 1117 3898 poterit?
1168 3827 1353 3884 Potuit
1384 3829 1526 3883 Deus
1553 3829 1717 3884 homo
1748 3844 1816 3884 ex
1855 3840 2010 3884 utero
2029 3829 2132 3883 vir-

546 3919 735 3990 giuali,
759 3919 906 3974 salva
962 3919 1316 3988 virginitate,
1371 3919 1699 3991 procedere;
1764 3936 1872 3977 non
1935 3920 2134 3996 poterit

541 4012 760 4068 violata:
791 4012 1118 4082 virginitatis
1149 4012 1484 4083 dispendimu
1507 4011 1798 4079 reparare?
1849 4010 2130 4077 Quomodo

543 4117 673 4168 ergo
703 4111 1037 4156 restaurator
1062 4099 1353 4164 homicida,
1383 4110 1441 4154 ut
1460 4109 1581 4170 post
1613 4099 1830 4170 dignam
1855 4099 2127 4168 perniten-

546 4193 677 4246 tiam
697 4189 810 4260 jam
839 4206 944 4244 non
981 4191 1052 4244 sit
1077 4190 1385 4244 homicida?
1406 4190 1686 4256 Quomodo
1721 4188 1824 4252 fur,
1857 4189 2128 4258 quomodo

547 4284 830 4357 perjm-us?
851 4285 1120 4354 quomodo
1149 4283 1366 4353 raptor?
1392 4283 1666 4353 quomodo
1690 4282 1935 4338 omnium
1980 4291 2128 4337 certe

542 4376 710 4448 639
728 4376 1019 4431 criminum
1061 4375 1136 4429 rei
1185 4384 1467 4444 postquam
1520 4389 1580 4429 se
1635 4374 1906 4430 veraciter
1959 4375 2131 4429 corri-

545 4473 697 4532 gnnt,
718 4462 829 4530 jam
862 4479 968 4516 non
992 4473 1138 4526 sunt,
1160 4465 1250 4532 qui
1283 4463 1531 4517 fuerunt?
1563 4461 1712 4517 Unde
1733 4463 1991 4532 scriptum
2020 4471 2122 4517 est:

2249 1929 2320 1984 sit
2345 1929 2664 1997 applicanda
2693 1929 2952 1982 divinam.
2981 1927 3084 1995 Qui
3128 1928 3272 1983 enim
3306 1936 3513 1981 natura:
3543 1927 3689 1981 dedit
3716 1925 3834 1981 ori-

2247 2023 2448 2090 ginem,
2471 2019 2653 2086 facile,
2687 2036 2810 2075 cum
2843 2021 2975 2086 vult,
3003 2029 3214 2075 natura}
3259 2020 3396 2074 tollit
3427 2020 3834 2075 necessitatem.

2248 2111 2383 2167 Nam
2412 2111 2504 2182 qui
2539 2111 2708 2167 rebus
2737 2112 2989 2181 praesidet
3017 2112 3277 2175 conditis,
3312 2109 3523 2180 legibus
3565 2124 3672 2165 non
3702 2110 3838 2165 sub-

2241 2202 2388 2272 jacet
2427 2202 2728 2258 conditoris
2758 2219 2770 2254 :
2805 2211 2857 2256 ct
2887 2203 2977 2272 qui
3011 2211 3266 2256 naturam
3305 2201 3568 2264 condidit,
3603 2209 3833 2254 natura-

2248 2295 2353 2349 lem
2402 2295 2651 2350 ordinem
2683 2294 2751 2348 ad
2782 2309 2895 2349 sua:
2934 2294 3225 2364 deditionis
3277 2293 3564 2348 arbitrium
3615 2293 3829 2347 vertit:

2245 2384 2556 2457 quicunque
2584 2395 2764 2440 creata
2793 2385 3048 2455 qua-libet
3069 2384 3366 2440 dominanti
3383 2393 3590 2439 naturae
3607 2384 3833 2440 subesse

2244 2475 2551 2541 constituit,
2583 2491 2694 2530 suae
2741 2476 3126 2550 dominationis
3167 2475 3394 2544 imperio
3427 2483 3636 2530 natura:
3673 2473 3832 2531 obse-

2243 2566 2458 2636 quentis
2485 2566 2850 2623 obedientiam
2879 2565 3199 2623 reservavit.
3248 2565 3626 2621 Cousiderauti
3667 2564 3830 2635 plane

2243 2657 2450 2726 liquido
2497 2665 2649 2728 patet
2703 2657 2959 2726 quoniam
3015 2655 3083 2711 ab
3134 2657 3251 2726 ipso
3320 2655 3505 2710 mundi
3557 2655 3831 2711 nascentis

2243 2747 2470 2802 exordio
2498 2762 2680 2801 rerum
2707 2747 2956 2802 conditor
2999 2745 3052 2800 in
3089 2745 3218 2816 quid
3266 2745 3436 2800 voluit
3465 2755 3672 2799 naturae
3696 2742 3822 2812 jura

2241 2839 2494 2903 mutavit,
2549 2839 2656 2893 imo
2680 2837 2853 2908 ipsam
2893 2847 3163 2902 naturam,
3205 2848 3266 2894 ut
3296 2839 3370 2892 ita
3400 2838 3650 2901 dixerim,
3680 2852 3820 2908 quo-

2241 2930 2528 2986 dummodo
2573 2938 2760 2984 contra
2798 2939 3047 2986 naturam
3087 2931 3333 2984 mutavit.
3385 2928 3636 3000 Nunquid
3667 2929 3816 2983 enim

2241 3036 2347 3075 non
2378 3029 2569 3076 contra
2611 3030 2866 3074 naturam
2921 3030 3008 3074 est
3056 3019 3316 3074 mundum
3341 3034 3409 3074 ex
3456 3018 3626 3072 nihilo
3654 3018 3771 3072 fieri
3801 3034 3820 3071 ε

2253 3111 2394 3166 unde
2423 3119 2479 3165 ct
2508 3127 2536 3164 a
2563 3107 2899 3180 philosophis
2928 3108 3130 3164 dicitur
3185 3109 3395 3179 (Amsr.
3427 3124 3442 3160 I
3479 3107 3640 3178 Phys.
3685 3117 3822 3162 text.

2241 3199 2330 3269 56)
2371 3217 2384 3252 :
2416 3218 2435 3250 ι
2479 3197 2616 3264 Quia
2652 3198 2786 3254 nihil
2819 3213 2886 3252 ex
2935 3198 3104 3252 nihilo
3131 3198 3224 3263 lit;
3275 3217 3294 3249 ι
3328 3197 3584 3252 animalia
3615 3211 3720 3251 non
3752 3212 3825 3251 ex

2241 3288 2586 3353 animalibus,
2618 3289 2710 3343 sed
2739 3303 2807 3342 ex
2849 3287 3062 3342 stolidis
3087 3288 3396 3353 elementis,
3427 3286 3823 3355 solojussiouis

2239 3378 2470 3448 imperio
2491 3379 2704 3442 creari;
2747 3377 3105 3431 dormientem
3132 3376 3410 3430 hominem
3447 3385 3655 3430 costam
3700 3392 3826 3444 per-

2239 3469 2388 3532 dere,
2417 3481 2516 3521 nec
2548 3465 2769 3530 dolere;
2803 3465 2868 3519 de
2894 3465 3011 3520 solo
3041 3465 3156 3518 viro
3187 3464 3442 3518 feminam
3469 3465 3588 3517 sine
3619 3463 3826 3516 femina

2238 3557 2375 3621 fieri,
2402 3566 2457 3610 et
2483 3555 2538 3608 in
2561 3570 2668 3609 una
2704 3563 2849 3609 costa
2878 3553 3066 3608 omnia
3096 3551 3329 3606 hominis
3353 3550 3597 3608 membra
3621 3550 3824 3604 distin-

2237 3648 2361 3716 gui;
2417 3655 2604 3701 mutuo
2628 3631 2632 3636 ’
2657 3660 2716 3701 se
2754 3645 2926 3700 nudos
2978 3645 3242 3716 aspicere,
3282 3653 3338 3699 et
3380 3659 3487 3698 non
3519 3643 3680 3698 modo
3710 3659 3822 3699 non

2237 3740 2581 3799 erubescere,
2616 3736 2711 3792 sed
2733 3735 3023 3807 nequidem
3050 3750 3208 3791 nosse
3234 3733 3388 3806 (Gen.
3441 3735 3537 3808 n);
3563 3744 3617 3792 et
3648 3735 3814 3790 multa

2233 3829 2342 3883 alia
2365 3843 2487 3898 qua:
2507 3828 2762 3898 persequi
2787 3827 3006 3897 longum
3036 3835 3139 3894 est.
3180 3811 3332 3894 Quid.
3349 3841 3480 3898 ergo
3511 3829 3707 3882 mirum
3731 3835 3819 3882 est

2237 3920 2284 3974 si
2311 3920 2358 3974 is
2385 3919 2476 3988 qui
2497 3927 2705 3973 natura:
2731 3918 2903 3990 legem
2935 3919 3080 3974 dedit
3105 3927 3160 3974 et
3182 3919 3452 3985 ordinem,
3491 3935 3654 3990 super
3671 3934 3820 3973 eam-

2235 4011 2360 4066 dem
2411 4017 2662 4064 naturam
2715 4009 2800 4064 sui
2857 4017 3022 4064 nutus
3059 4017 3313 4065 exerceat
3365 4009 3649 4074 ditionem,
3677 4017 3738 4063 ut
3763 4008 3816 4064 ei

2234 4112 2442 4157 natura:
2465 4101 2764 4156 necessitas
2793 4115 2900 4156 non
2935 4099 3153 4156 rebellis
3189 4099 3440 4163 obsistat,
3471 4100 3515 4154 si
3543 4097 3658 4167 ejus
3685 4097 3814 4154 sub-

2232 4201 2404 4248 strata
2427 4191 2657 4262 legibus,
2689 4189 2838 4246 velut
2868 4190 3066 4245 ancilla
3115 4190 3420 4245 deserviat?
3460 4189 3580 4258 Ipsa
3616 4188 3818 4258 quippe

2232 4301 2412 4341 rerum
2441 4293 2640 4340 natura
2666 4285 2833 4340 habet.
2866 4294 3116 4341 naturam
3143 4283 3307 4354 630
3340 4298 3519 4346 suam,
3566 4281 3662 4336 Dei
3709 4282 3817 4341 sci:

2230 4377 2356 4431 licet
2389 4376 2748 4440 voluntatem,
2775 4384 2833 4430 ut
2858 4374 3153 4430 sicutillius
3177 4373 3326 4440 leges
3349 4371 3608 4440 qumlibet
3629 4381 3812 4426 creata

2233 4477 2580 4529 conservant.
2609 4468 2689 4522 sic
2721 4467 2808 4522 illa
2839 4483 2961 4523 cum
2982 4466 3202 4536 jubetur
3239 4465 3320 4519 sui
3351 4462 3490 4532 juris
3510 4463 3700 4528 oblita,
3727 4463 3812 4515 di-

559 4556 705 4610 l’erte
728 4555 936 4624 impios,
965 4566 1009 4608 et
1041 4571 1144 4608 non
1169 4563 1340 4608 erunt.
1393 4553 1498 4609 Sed
1541 4555 1676 4609 dicis
1707 4571 1718 4606 :
1752 4554 1951 4609 Fateor
1983 4595 1998 4618 ,
2049 4555 2128 4607 in-
2155 4539 2206 4599 Ῑ)
2234 4560 2373 4614 vina:
2415 4559 2676 4614 voluntati
2715 4569 3028 4614 reverenter
3061 4557 3298 4614 obediat.
3332 4554 3470 4622 Quid
3506 4563 3593 4608 est
3643 4554 3810 4615 enim,

545 4649 732 4714 quam,
764 4643 889 4714 quia
913 4653 1167 4713 corrupta
1195 4644 1448 4713 quailihet
1474 4654 1596 4714 post
1621 4644 2124 4714 pmnitentiamj-un

529 4746 759 4790 nonest
787 4750 906 4804 qua:
937 4734 1059 4798 fuit,
1117 4742 1175 4787 ut
1206 4734 1457 4789 videlicet
1511 4735 1889 4789 fornicationis
1937 4736 2127 4790 subeat

545 4835 723 4881 notam
751 4843 763 4878 :
796 4836 1164 4880 verumtamen
1189 4826 1257 4879 ad
1285 4827 1528 4881 veritatis
1567 4827 1680 4896 jam
1735 4844 1839 4882 non
1895 4827 2124 4882 reverti-

543 4932 631 4973 tur
661 4919 910 4990 gloriam.
971 4920 1039 4976 Et
1076 4937 1178 4992 ego
1209 4937 1240 4976 e
1268 4931 1456 4977 contra
1509 4924 1810 4992 respondeo
1857 4923 1983 4994 quia
2031 4922 2121 4993 qui

543 5011 716 5078 potuit
737 5027 802 5064 ex
831 5021 1080 5067 materno
1106 5022 1262 5067 utero
1291 5013 1451 5068 illzesa
1467 5015 1775 5083 virginitate
1806 5015 2120 5084 procedere,

547 5097 692 5152 valet
724 5100 910 5166 etiam,
945 5103 989 5157 si
1031 5103 1166 5168 vult,
1221 5104 1273 5158 in
1300 5103 1495 5158 violata
1530 5105 1769 5174 qualibet
1798 5105 2121 5174 virginitatis

543 5187 878 5260 signaculum
915 5191 1230 5248 reformare.

1161 5283 1390 5342 CAPUT
1417 5287 1509 5342 XI.

584 5369 742 5396 θη...]
765 5377 968 5396 ..καμηι-
998 5373 1139 5396 --μλξ

2233 4651 2503 4718 hodieque
2533 4650 2676 4720 quod
2722 4651 3022 4715 cernimus,
3067 4650 3325 4719 quoniam
3372 4647 3729 4702 Salamandra
3756 4645 3811 4700 in

2234 4740 2449 4812 ignibus
2474 4741 2626 4806 vivit,
2655 4750 2712 4796 et
2736 4756 2842 4796 non
2881 4741 3040 4796 modo
3068 4740 3341 4796 lzesiouem
3378 4738 3663 4792 adustione
3702 4752 3811 4792 non

2231 4833 2460 4902 patitur,
2492 4832 2586 4886 sed
2641 4840 2895 4900 tauquam
2933 4829 3191 4886 fomentis
3237 4830 3456 4898 insuper
3494 4827 3812 4900 vegetatur?

2231 4924 2460 4990 Quidam
2483 4938 2697 4992 quoque
2727 4921 3007 4975 vermiculi
3033 4922 3084 4976 in
3121 4921 3540 4976 ferventissimis
3561 4919 3715 4989 aquis
3755 4928 3809 4972 et

2230 5021 2526 5068 nascuntur
2547 5022 2600 5087 et
2623 5013 2826 5066 vivunt.
2845 5010 2983 5080 Quid
3006 5021 3088 5067 est
3113 5013 3257 5082 quod
3284 5013 3439 5082 palea
3466 5022 3574 5065 tam
3616 5010 3808 5080 frigida

2230 5116 2336 5171 est,
2363 5091 2426 5160 ut.
2443 5106 2671 5173 obrutas
2704 5105 3007 5162 diutissime
3046 5107 3202 5160 nives
3241 5112 3452 5167 servet;
3507 5103 3705 5168 calida,
3755 5111 3812 5154 ut

2230 5212 2389 5268 poma
2419 5195 2671 5266 quaelibet
2699 5195 2896 5252 acerba
2917 5196 3339 5262 maturet?Quid
3367 5203 3474 5258 est,
3499 5195 3642 5262 quod
3667 5193 3810 5262 ignis

2227 5303 2351 5342 cum
2381 5288 2494 5356 ipse
2515 5289 2586 5342 sit
2611 5289 2844 5352 lucidus,
2875 5286 3131 5355 quaelibet
3151 5289 3194 5343 si
3223 5287 3429 5342 fuerint
3456 5286 3526 5338 ab
3554 5299 3619 5339 eo
3655 5285 3764 5337 adu
3783 5312 3808 5324 -
