4132 6324
329 400 437 458 613

1155 391 1397 451 OI'USC.
1444 392 1683 448 XXXVI.
1725 422 1791 431 -
1834 390 1919 445 DF.
1959 389 2188 446 DlVlN.\
2229 389 2627 447 OMNlPOTEN
2646 391 2767 446 UA.

3498 392 3599 448 liii

328 526 504 582 grum.
546 509 790 577 Cumque
824 505 962 575 ignis
1002 504 1053 558 in
1103 504 1269 574 lignis
1304 503 1515 568 ardeat,
1571 501 1774 573 lapides
1815 514 1908 553 co—
1943 506 1989 564 Α
2018 500 2153 555 utin
2184 501 2395 557 caneris
2422 502 2793 557 accenduntur
2826 504 3145 558 exstincta-1'
3175 503 3305 572 Quis
3344 505 3397 560 in
3437 506 3613 579 Egy-v

326 612 477 672 quiat,
510 600 813 656 contrarios
843 596 1006 652 habet
1034 596 1088 650 in
1114 611 1219 651 non
1246 594 1532 650 contrariis
1580 594 1742 648 rebus
1779 589 1913 647 effe-

326 703 465 745 rtus.
493 690 642 744 Licet
667 689 810 743 enim
843 688 952 743 sint
975 686 1205 756 lapides,
1236 694 1292 739 et
1333 684 1483 755 ligna
1520 682 1758 746 diversa,
1786 696 1913 734 con-

327 792 435 835 stat
469 792 649 834 tamen
675 795 781 834 non
819 795 941 833 esse
974 777 1267 841 contraria,
1305 778 1448 831 sicut
1496 776 1680 829 album
1726 784 1783 829 et
1826 771 1908 826 ni-

327 892 506 948 grum,
543 887 772 943 quorum
798 871 850 924 in
878 870 1145 934 lapidibus
1170 884 1364 934 unum,
1402 868 1454 921 in
1481 866 1640 938 lignis
1689 863 1911 919 exhibet

326 970 576 1023 alterum.
608 964 729 1017 Illos
749 963 890 1016 enim
914 960 1200 1025 clariﬁcat,
1228 962 1344 1015 haec
1387 957 1636 1023 oﬂ'uscat,
1666 956 1794 1011 dum
1855 956 1910 1009 in

325 1062 433 1114 iliis
476 1058 700 1113 omnino
744 1056 1017 1118 deﬁceret,
1072 1055 1175 1108 nisi
1238 1055 1290 1107 in
1358 1054 1479 1108 istis
1530 1053 1750 1105 viveret.
1802 1049 1912 1104 Cur

322 1151 573 1206 etiamin
598 1146 922 1201 carbonibus
945 1154 1093 1199 tanta
1136 1143 1444 1207 inﬁrmitas,
1496 1150 1555 1195 ut
1592 1141 1703 1196 ictu
1746 1139 1909 1193 levis-

325 1241 463 1294 simo
512 1237 852 1304 frangantur,
884 1248 1074 1303 pressu
1109 1231 1365 1287 facillimo
1417 1238 1799 1293 conterantur;
1854 1237 1909 1280 et

326 1336 475 1385 tanta
507 1326 758 1389 ﬁrmitas,
787 1334 845 1378 ut
874 1323 1020 1377 nullo
1044 1323 1270 1376 humore
1293 1328 1729 1389 Currumpantur,
1758 1316 1905 1369 nulla

322 1435 546 1494 prorsus
569 1426 725 1471 actate
754 1416 1057 1477 vincantur,
1080 1428 1251 1482 usque
1274 1412 1429 1477 adeo,
1452 1421 1510 1466 ut
1534 1426 1627 1466 eos
1655 1410 1906 1464 subster-

324 1525 454 1565 nere
486 1507 716 1571 soleant,
753 1506 844 1574 qui
878 1505 1077 1559 limites
1109 1507 1299 1573 figunt,
1332 1514 1599 1573 quatenus
1629 1502 1904 1571 litigantes

322 1614 510 1655 eorum
542 1597 847 1652 ostentione
884 1594 1225 1655 convincant,
1280 1595 1326 1647 si
1375 1594 1466 1661 qui
1520 1604 1642 1661 post
1696 1604 1903 1645 annOsa

322 1707 388 1747 ac
419 1690 676 1744 diuturna
707 1695 1010 1756 temporum
1040 1684 1311 1739 curricula
1346 1683 1514 1736 ﬁxum
1560 1682 1792 1753 lapidem
1843 1680 1907 1732 li-

324 1784 507 1837 mitem
538 1795 643 1835 non
672 1794 794 1834 esse
821 1776 1185 1833 contendant?
1212 1776 1344 1843 Quis
1369 1776 1513 1830 cnim
1544 1791 1639 1830 cos
1674 1773 1908 1830 infossus

2012 599 2105 661 pto
2128 590 2432 659 hujusmodi
2454 590 2613 647 ﬁcum
2633 593 2935 657 constituit,
2960 592 3113 661 cujus
3142 593 3369 663 lignum,
3398 610 3520 651 cum
3547 597 3600 652 in

2012 681 2209 738 ﬂuenta
2242 684 2545 754 projicitur,
2581 698 2685 737 non
2733 685 2799 737 ad
2830 684 3093 753 lignorum
3149 689 3599 744 consuetudinem

2011 775 2190 846 potius
2223 785 2425 840 euatet,
2457 775 2549 831 sed
2579 777 2630 829 in
2660 774 2922 845 profunda
2978 786 3287 847 mergatur;
3337 780 3592 850 quodque

2012 877 2097 921 est
2127 867 2452 931 mirabilius,
2478 876 2764 937 postquam
2796 868 2847 921 in
2892 884 3000 922 uno
3049 870 3338 939 aliquando
3380 887 3595 926 manse—

2014 959 2105 1022 rit,
2176 960 2300 1014 inde
2350 960 2417 1013 ad
2498 976 2652 1030 aqua:
2707 960 3046 1029 superﬁciem
3098 979 3284 1018 rursus
3332 967 3587 1035 emergit,

2010 1049 2227 1118 quando
2249 1050 2456 1104 scilicet
2479 1049 2840 1105 madefactum
2868 1051 3116 1107 humoris
3140 1055 3376 1121 pondere
3407 1056 3594 1112 debuit

2010 1143 2376 1211 prargravari?
2416 1143 2553 1209 Quid
2585 1153 2669 1198 cst
2706 1144 2848 1213 quod
2873 1145 2925 1197 in
2968 1147 3113 1201 arvis
3145 1146 3392 1204 Sodoma:
3424 1165 3586 1219 poma

2011 1230 2318 1300 gignuntur,
2347 1248 2467 1302 qua:
2496 1234 2561 1287 ad
2586 1235 2916 1289 maturitatis
2933 1237 3147 1305 quidem
3166 1241 3401 1307 speciem
3419 1258 3590 1311 usque

2009 1322 2361 1389 perveniunt;
2394 1321 2487 1377 sed
2515 1339 2717 1389 morsu,
2741 1340 3000 1392 pressuve
3026 1335 3249 1393 tentata,
3281 1329 3332 1381 in
3362 1328 3589 1394 fmnum,

2010 1414 2094 1468 vel
2122 1414 2358 1469 favillam
2384 1416 2532 1471 curio
2561 1415 3243 1483 fatiscente,evanescunt?
3264 1420 3400 1488 Quid
3426 1425 3591 1477 etiam

2011 1505 2236 1574 quod'in
2278 1505 2633 1575 Cappadocia:
2666 1507 2862 1561 ﬁnibus
2899 1524 3051 1576 equa:
3088 1521 3356 1566 ett-vento
3402 1513 3581 1566 conci-

2008 1594 2187 1663 piunt,
2237 1594 2508 1664 ii.lcmqne.
2537 1594 2679 1649 fctus
2718 1597 2933 1649 nonnisi
2966 1598 3034 1651 ad
3085 1598 3372 1652 triennium
3422 1616 3589 1670 usque

2011 1687 2236 1741 vivunt?
2274 1686 2425 1742 Unde
2460 1688 2653 1763 Thilon
2682 1688 2841 1743 ludia:
2871 1689 3066 1754 insula,
3108 1689 3412 1757 hujusmodi
3445 1694 3588 1747 vires

2013 1778 2197 1843 habet,
2236 1788 2295 1832 ut
2323 1795 2513 1834 omnes
2538 1782 2587 1833 in
2611 1795 2673 1833 ea
2706 1781 2837 1834 rami
2874 1782 3132 1836 arborum
3179 1798 3450 1853 nunquam
3495 1802 3588 1839 nu-

321 1875 558 1931 bumida:
583 1874 771 1939 fovete,
801 1872 891 1928 ubi
944 1871 1087 1943 ligna
1136 1880 1532 1941 putrescerent,
1572 1870 1761 1924 tandiu
1806 1869 1903 1923 du-
1937 1873 1977 1929 Β
2008 1870 2200 1923 dentur
2227 1870 2459 1940 tegmine
2490 1869 2781 1926 foliorum?
2836 1871 2989 1927 Unde
3015 1883 3068 1927 ct
3103 1883 3243 1927 terra
3304 1875 3390 1928 illa
3440 1878 3581 1931 occi-

327 1982 453 2021 rare
484 1965 969 2035 iucorruptibiliter
997 1973 1201 2033 posset,
1233 1963 1335 2017 nisi
1364 1978 1543 2017 rerum
1579 1961 1666 2016 ille
1711 1976 1903 2016 corru-

322 2067 446 2127 ptor
467 2057 604 2126 ignis
626 2055 865 2111 efﬁceret
878 2054 901 2107 ?
914 2054 1043 2108 Calx
1060 2068 1274 2121 quoque
1289 2058 1611 2122 conceptum
1630 2051 1808 2122 ignem
1827 2060 1905 2103 at-

319 2163 425 2218 que
439 2149 671 2217 sopitum
692 2145 1141 2200 sicoccultissime
1154 2152 1356 2207 servat,
1378 2152 1438 2197 ut
1454 2158 1612 2197 nemo
1641 2142 1906 2213 tangendo

322 2242 543 2304 sentiat,
569 2241 661 2295 sed
690 2256 810 2294 cum
840 2239 1223 2309 exstinguitur,
1275 2248 1401 2292 tunc
1457 2238 1793 2301 accenditur,
1852 2246 1906 2290 et

322 2334 683 2387 sentitur:ut
716 2332 858 2385 enim
906 2331 1023 2384 calx
1080 2331 1185 2383 vim
1235 2328 1601 2399 occultiignis
1645 2328 1901 2399 expellat,

323 2442 460 2495 aqua
492 2424 868 2494 perfunditur;
899 2432 951 2476 et
979 2438 1101 2475 eum
1132 2430 1257 2474 ante
1289 2420 1482 2490 frigida
1510 2420 1597 2481 sit,
1631 2419 1758 2473 inde
1797 2419 1901 2473 fer-

323 2516 512 2578 vescit,
558 2513 699 2567 unde
729 2512 992 2567 ferventia
1043 2520 1239 2565 cuncta
1270 2511 1591 2581 frigescunt.
1615 2510 1684 2564 At
1724 2510 1765 2564 si
1801 2526 1905 2564 non

320 2625 485 2680 aqua,
511 2609 605 2663 sed
656 2608 856 2672 oleum,
890 2607 1032 2677 quod
1064 2608 1251 2677 utique
1289 2605 1460 2661 fomes
1490 2616 1572 2662 est
1606 2607 1765 2676 ignis,
1809 2608 1904 2659 ad-

321 2703 570 2765 hibetur,
603 2700 747 2755 nulla
775 2700 892 2768 ejus
926 2698 1193 2754 infusione
1221 2700 1371 2755 calor
1402 2699 1483 2756 vel
1516 2700 1772 2754 minimus
1817 2715 1906 2752 cx-

324 2791 546 2846 eitatur.

395 2883 531 2949 Quid
562 2898 692 2953 ergo
722 2883 940 2948 mirum,
972 2882 1015 2937 si
1051 2883 1394 2953 omnipotens
1428 2885 1567 2939 Deus
1599 2884 1653 2939 in
1691 2884 1905 2953 magnis

322 2990 551 3044 magnus
576 2974 909 3037 ostenditur,
934 2990 1055 3027 eum
1097 2973 1261 3028 etiam
1288 2976 1337 3027 in
1363 2975 1603 3027 minimis
1631 2983 1793 3045 atque
1812 2990 1907 3027 cx-

322 3066 515 3120 trcmis
554 3063 858 3134 quibusque
894 3065 1052 3119 rebus
1102 3074 1211 3118 tam
1261 3064 1585 3118 mirabiliter
1609 3065 1907 3134 operetur?

322 3157 459 3223 Quid
499 3156 642 3209 enim
676 3154 836 3209 vilius
866 3154 999 3223 pelle
1038 3154 1283 3209 colubri?
1312 3154 1356 3207 si
1407 3164 1587 3210 tamen
1634 3155 1754 3208 oleo
1798 3155 1902 3207 fcr-

318 3256 576 3302 vescente
597 3245 934 3316 decoquitur,
961 3246 1095 3298 mire
1124 3261 1219 3314 per
1242 3260 1361 3298 eam
1384 3245 1537 3300 dolor
1567 3246 1778 3299 aurium
1805 3246 1904 3299 mi-
1931 3226 1973 3287 (ἶ

323 3341 547 3409 tigatur.
576 3338 715 3407 Quid
739 3336 964 3391 inferius
991 3335 1216 3390 cimice?
1248 3335 1305 3390 Si
1358 3337 1682 3407 sanguisuga
1737 3335 1905 3391 fauci-

331 3430 433 3482 bus
460 3428 699 3491 bzeserit,
746 3425 891 3480 fumo
922 3424 1038 3493 ejus
1066 3436 1313 3495 excepto,
1365 3427 1549 3481 statim
1598 3427 1897 3493 evomitur;

325 3520 498 3574 urina:
526 3533 741 3589 quoque
767 3518 1057 3573 difﬁcultas
1105 3519 1264 3588 hujus
1303 3520 1641 3590 appositioue
1668 3520 1902 3573 laxatur.

316 3611 458 3679 Quid
487 3611 553 3664 de
588 3610 871 3665 adamante
899 3609 1148 3671 referam,
1175 3610 1266 3680 qui
1302 3626 1407 3665 non
1435 3612 1581 3675 igne,
1626 3624 1730 3664 non
1759 3610 1904 3665 ferro

323 3702 603 3766 dividitur,
628 3700 845 3771 ullaquc
872 3701 973 3754 alia
1002 3703 1076 3766 vi,
1113 3703 1212 3756 nisi
1250 3703 1512 3756 duntaxat
1542 3704 1751 3760 hircino
1782 3718 1906 3758 san-

324 3791 485 3863 guine
531 3807 634 3845 non
665 3791 916 3846 secatur?
957 3790 1098 3857 Quid
1129 3800 1210 3846 est
1242 3792 1386 3861 quod
1433 3803 1737 3861 magnetem
1768 3793 1903 3862 Lapi-

324 3884 446 3939 dem
498 3882 796 3937 mirahilem
833 3880 963 3937 ferri
1011 3882 1139 3936 facit
1170 3898 1289 3937 esse
1330 3883 1642 3953 raptorem?
1671 3884 1771 3950 Qui
1824 3893 1901 3937 ta-

324 3988 447 4030 men
475 3975 517 4029 si
551 3974 772 4027 adamas
790 3972 945 4042 juxta
978 3973 1217 4042 ponitur,
1243 3989 1348 4029 non
1377 3974 1666 4043 rnodojain
1696 3973 1901 4028 ferrum

322 4066 631 4121 nullatenus
660 4066 821 4135 rapit,
852 4066 943 4119 sed
975 4074 1023 4118 et
1051 4064 1095 4119 si
1120 4063 1231 4132 jam
1259 4074 1533 4132 rapuerat,
1561 4071 1619 4117 ut
1640 4065 1687 4118 ei
1713 4079 1905 4133 appro—

318 4156 683 4227 pinquaverit,
712 4170 835 4209 mox
873 4154 1127 4218 remittit;
1156 4162 1412 4222 tanquam
1437 4154 1481 4209 si
1514 4153 1648 4223 lapis
1671 4153 1903 4223 lapiiem

325 4245 537 4311 timeat,
568 4256 625 4301 et
646 4244 793 4299 velut
820 4255 946 4299 ante
976 4252 1327 4313 conspectum
1381 4244 1605 4312 majoris
1653 4245 1905 4314 potentia:

320 4336 467 4390 vires
498 4335 742 4406 proprias
771 4334 981 4404 perdat.
1034 4332 1144 4387 Nec
1194 4332 1322 4388 latet
1351 4333 1605 4387 asbestou
1657 4334 1905 4388 Arcadia:

320 4427 555 4497 lapidem
588 4436 871 4499 propterea
904 4427 983 4481 sic
1021 4426 1223 4491 vocari,
1246 4427 1389 4495 quod
1433 4441 1696 4481 accensus
1726 4425 1892 4482 semel

319 4522 431 4581 iam
457 4534 561 4574 non
585 4528 766 4589 posset
792 4519 950 4589 631
978 4520 1274 4590 exstingui.
1307 4519 1521 4591 Pyritcs
1549 4521 1713 4575 etiam
1743 4520 1899 4590 lapis,

2005 1960 2127 2015 duis
2156 1963 2403 2031 partibus
2441 1963 2583 2018 hanc
2608 1972 2900 2017 consecuta
2939 1975 3023 2019 cst
3063 1966 3403 2037 dignitatem.
3431 1978 3487 2022 ut
3517 1987 3583 2025 cx

2005 2053 2260 2108 arborum
2286 2054 2450 2108 ramis
2477 2054 2724 2110 volucres
2754 2057 3038 2125 prodeant,
3094 2067 3149 2110 et
3203 2058 3269 2111 ad
3302 2074 3584 2128 pomorum

2005 2143 2414 2199 similitudinem
2440 2145 2664 2199 animati
2701 2157 2863 2215 atque
2888 2148 3106 2215 pennati
3161 2146 3370 2204 fructus
3401 2166 3582 2206 erunt-

2005 2233 2173 2301 pant?
2205 2231 2357 2309 Sicut
2385 2236 2527 2289 enim
2556 2234 2819 2299 referunt,
2845 2236 2939 2305 qui
2985 2252 3044 2291 se
3064 2237 3264 2293 vidisse
3297 2247 3582 2307 testantur,

2005 2323 2265 2392 paulatim
2313 2324 2502 2380 incidit
2538 2325 2827 2395 pendulum
2852 2327 2981 2396 quid
3007 2343 3073 2381 ex
3105 2343 3259 2383 ramo
3302 2331 3583 2399 suspendi,

2007 2413 2275 2468 deindein
2314 2416 2605 2485 imaginem
2654 2417 2889 2470 volucris
2918 2418 3261 2487 speciemque
3307 2418 3530 2474 formari
3564 2436 3579 2476 :

2008 2514 2281 2574 postremo
2308 2508 2842 2577 quantulumcunque
2873 2508 3229 2577 plumescens,
3248 2510 3392 2564 hiatu
3420 2513 3580 2567 rostri

2008 2610 2125 2650 sese
2148 2596 2215 2649 ah
2248 2596 2442 2652 arbore
2484 2598 2680 2653 dividit
2737 2600 2922 2668 sicque
2944 2615 3115 2655 novus
3142 2603 3284 2656 aeris
3318 2602 3589 2658 habitator

2010 2698 2133 2741 ante
2186 2702 2323 2757 pene
2374 2690 2534 2743 discit
2580 2694 2781 2751 velim,
2836 2706 2997 2759 quam
3046 2692 3247 2745 vivere.
3296 2693 3586 2749 Enimvero

2008 2780 2128 2846 quis
2152 2788 2231 2833 tot
2263 2780 2475 2833 virtutis
2511 2780 2706 2834 divinae
2737 2782 3027 2851 magnalia,
3072 2799 3189 2851 qum
3219 2797 3286 2839 ro
3310 2795 3407 2839 .tra
3436 2801 3587 2840 com-

2009 2887 2224 2926 munem
2250 2882 2457 2927 natura:
2488 2874 2734 2927 ordinem
2767 2875 2919 2939 ﬁunt.
2955 2890 3279 2930 enumerare
3324 2876 3589 2931 suﬁiciat?

2012 2962 2111 3028 Qui
2143 2964 2397 3019 nimirum
2431 2983 2538 3019 non
2582 2965 2835 3019 humanis
2866 2966 3208 3020 discutienda
3251 2977 3375 3021 sunt
3420 2982 3586 3036 argn.

2009 3057 2230 3120 tuentis,
2258 3060 2349 3111 sed
2381 3059 2565 3112 virtuti
2598 3058 2775 3127 potius
2823 3058 3172 3128 relinquenda
3202 3070 3328 3113 sunt
3358 3062 3585 3115 Creato-

2010 3148 2108 3201 ris.
2141 3148 2278 3215 Quid
2303 3166 2430 3219 ergo
2452 3151 2645 3204 mirum
2676 3150 2718 3204 si
2744 3151 2809 3212 is,
2850 3152 2940 3221 qni
2976 3152 3239 3205 raturalia
3267 3170 3443 3207 rerum
3473 3171 3590 3207 ont-

2008 3242 2154 3295 nium
2194 3241 2317 3309 jura
2358 3242 2648 3310 disposuit,
2701 3250 2756 3295 ct
2786 3241 2959 3310 ipsum
2991 3252 3199 3296 natura:
3249 3242 3494 3297 ordinem
3522 3244 3591 3298 aii

2010 3332 2293 3385 arbitrium
2330 3330 2719 3387 efﬁcacissime
2758 3348 2868 3386 sum
2897 3332 3187 3388 voluntatis
3230 3333 3485 3402 lﬂﬂCl‘lll,
3532 3347 3591 3389 ut

2008 3422 2099 3491 qui
2123 3430 2354 3475 matrem
2380 3421 2642 3491 virginem
2671 3421 2945 3476 nascendo
2970 3429 3306 3486 servaverat,
3333 3421 3587 3476 violatam

2010 3514 2306 3583 quamlibet
2357 3514 2400 3569 si
2472 3515 2702 3570 voluerit
2765 3516 3030 3584 integram
3088 3518 3313 3571 reddat?
3361 3517 3594 3587 JEquale

2008 3619 2200 3677 nempe
2224 3608 2328 3661 fuit
2359 3609 2487 3672 Deo,
2515 3620 2571 3662 ct
2593 3610 2743 3678 prius
2770 3608 2975 3671 Euoch,
3002 3619 3057 3664 et
3084 3609 3254 3664 Etiam
3312 3611 3365 3663 in
3419 3626 3587 3665 carne

2007 3699 2245 3753 retinere
2272 3700 2550 3762 viventes;
2583 3709 2637 3754 et
2669 3709 2789 3770 post
2813 3698 3086 3754 Lazarum
3139 3716 3206 3755 ac
3235 3700 3404 3756 vidua:
3423 3700 3591 3756 ﬁlium

2008 3790 2074 3843 de
2098 3788 2363 3859 sepulcris
2391 3790 2623 3846 educere
2654 3798 3023 3857 resurgentes.

2593 3879 2822 3953 CAPUT
2874 3880 2986 3937 xu.
3434 3918 3437 3933 ε

2115 3968 2189 4025 De
2207 3970 2406 4039 palatio
2435 3970 2651 4025 Romuli
2692 3985 2738 4026 et
2774 3973 3081 4043 philosopho
3109 3978 3492 4033 territantibus.

2084 4060 2277 4117 Nescio
2323 4062 2368 4116 si
2423 4062 2635 4133 legitur,
2673 4063 2767 4119 sed
2796 4080 2826 4118 a
2860 4066 3133 4121 nonnullis
3171 4069 3309 4123 intra
3347 4070 3590 4125 Romana

2010 4153 2208 4207 mtenia
2233 4152 2433 4207 celebri
2456 4154 2599 4208 fama
2626 4154 2894 4225 vulgatur,
2928 4157 3071 4226 quod
3104 4159 3354 4217 videlicet
3383 4163 3581 4218 Romu-

2008 4242 2117 4307 lus,
2150 4242 2243 4311 qui
2283 4242 2535 4297 conditor
2568 4242 2725 4298 Urbis
2751 4246 3034 4308 asseritur,
3086 4259 3402 4303 constructo
3441 4254 3589 4321 puli-

2007 4336 2102 4399 tio.
2131 4333 2286 4405 cujus
2314 4336 2601 4404 parietina,
2630 4337 2792 4408 632
2823 4338 2954 4394 licet
2981 4342 3262 4406 semiruta,
3291 4359 3353 4398 cx
3387 4338 3586 4417 magia

2000 4425 2185 4481 adhuc.
2213 4433 2366 4494 parte
2414 4436 2732 4491 cernuntur,
2783 4428 2837 4481 in
2892 4429 3031 4483 hanc
3069 4445 3284 4497 vocem,
3331 4436 3483 4503 quasi
3517 4437 3585 4490 de

2010 4514 2354 4569 firmamento
2376 4515 2554 4584 operis
2596 4518 2835 4573 conﬁsus
2874 4521 3157 4589 eruperit:
3201 4522 3419 4579 Certum
3480 4537 3584 4586 est.

320 4610 493 4682 quiin
519 4608 738 4664 Perside
769 4611 1062 4680 reperitur,
1097 4625 1197 4663 cur
1241 4609 1308 4662 ab
1357 4610 1479 4681 igne
1514 4628 1709 4667 nomen
1753 4628 1903 4667 acce-
1936 4582 1984 4641 D
2010 4606 2205 4677 inquit.
2230 4607 2653 4662 εἰὶηηιιοῒοίιὶῐθΐ
2680 4607 2871 4674 “tum.
2903 4611 3029 4679 quia
3054 4612 3154 4667 ιιἱεὶ
3185 4614 3333 4685 Virgo
3364 4632 3587 4687 peperc-

322 4706 423 4774 pit,
455 4704 559 4757 nisi
600 4703 727 4772 quia
758 4701 992 4757 tenentis
1020 4718 1263 4769 manum,
1308 4704 1351 4757 si
1386 4705 1760 4758 vehementius
1782 4720 1906 4775 pre-

320 4807 527 4865 matur,
563 4798 776 4853 adurit?
807 4797 863 4852 In
886 4798 1075 4854 eadem
1105 4814 1293 4853 rursus
1328 4798 1549 4854 Perside
1574 4801 1709 4870 lapis
1735 4801 1910 4871 gigni-

320 4900 436 4956 tur,
468 4891 559 4959 qui
582 4890 833 4945 selenitcs
854 4900 1099 4955 vocatur,
1133 4890 1286 4961 cujus
1308 4893 1513 4947 candor
1539 4893 1763 4947 interior
1786 4912 1908 4949 cum

320 4981 451 5035 luna
504 4982 721 5045 crescit,
778 4981 1075 5049 eademque
1130 4983 1472 5053 postmodum
1520 4984 1585 5037 ad
1641 4982 1907 5038 defectum

322 5069 597 5134 tendente,
622 5070 909 5125 decrescit.
966 5070 1103 5136 Quid
1130 5080 1215 5125 est
1248 5080 1531 5139 praeterea,
1560 5072 1700 5142 quod
1747 5073 1906 5141 Agri-

321 5160 602 5230 gentinum
655 5159 852 5214 Siciliae
883 5160 960 5213 sal
989 5161 1152 5230 cogit,
1182 5176 1304 5214 cum
1336 5162 1611 5215 admotum
1646 5162 1750 5232 igni
1790 5160 1905 5217 fue-

326 5250 415 5313 rit,
450 5250 648 5316 ﬁuere;
696 5266 819 5306 eum
854 5265 983 5304 vero
1029 5251 1080 5303 iu
1119 5266 1315 5319 aquam
1350 5251 1600 5314 mittitur,
1658 5251 1802 5305 velut
1849 5252 1903 5304 in

323 5337 543 5409 ignibus
564 5339 869 5408 crepitare?
892 5339 1030 5405 Quid
1058 5348 1138 5393 est
1169 5338 1313 5408 quod
1358 5340 1498 5409 apud
1548 5339 1904 5394 Garamantas

323 5428 791 5500 efﬁcitquemdam
822 5432 1022 5486 fontem
1056 5442 1164 5487 tam
1194 5432 1440 5503 frigidam
1468 5432 1677 5496 diebus,
1713 5442 1768 5485 ut
1794 5446 1904 5485 non

322 5523 571 5589 bibatur;
615 5532 723 5578 tam
747 5523 1013 5579 fervidum
1042 5526 1314 5589 noctibus,
1369 5534 1425 5577 ut
1476 5538 1581 5577 non
1617 5524 1909 5593 tangatur?

321 5612 459 5679 Quis
487 5614 541 5666 in
571 5614 736 5683 Epiro
759 5614 924 5669 alium
956 5614 1157 5669 funtcm
1204 5615 1277 5669 ita
1314 5612 1621 5668 mirabilem
1655 5612 1906 5681 praebuit,

320 5697 538 5760 tit-cum
566 5706 639 5760 sit
662 5706 1396 5777 contrectantilntsfrigidus,
1431 5705 1484 5758 in
1510 5718 1577 5759 eo
1616 5712 1799 5759 tamen
1831 5704 1911 5757 fa-

322 5814 437 5869 ces,
464 5810 521 5857 ut
554 5800 608 5858 in
637 5804 849 5859 exteris
902 5802 1319 5876 exstinguuntur
1366 5816 1628 5871 accensa,
1668 5802 1763 5859 sed
1801 5816 1911 5856 non

317 5893 357 5922 εἰ
519 5901 523 5905 -
817 5892 916 5922 7".
1184 5911 1216 5919 _.
1268 5892 1501 5922 \‘..r».,,

350 5918 357 5924 ί
714 5926 722 5937 ι
814 5918 847 5937 1⁸
890 5926 936 5936 ι.
1184 5918 1198 5933 ⁷.
1287 5924 1294 5935 ι
1336 5918 1410 5933 ’.κο

2014 4700 2111 4763 rit,
2151 4701 2341 4753 domus
2364 4700 2463 4753 ista
2505 4716 2612 4755 non
2644 4712 2885 4758 corruet.
2920 4703 3141 4773 Sicque,
3188 4707 3231 4761 si
3280 4717 3457 4763 tamen
3504 4727 3587 4762 ve-

2014 4807 2132 4843 rum
2158 4794 2406 4860 estquod
2438 4794 2723 4858 asseritur,
2775 4809 2839 4847 ex
2872 4796 3089 4865 gentilis
3114 4798 3346 4851 hominis
3382 4800 3583 4871 lingua,

2011 4883 2152 4935 sicut
2177 4883 2250 4935 rei
2295 4884 2539 4951 probavit
2586 4897 2833 4949 eventus,
2885 4900 3104 4954 egressa
3146 4897 3229 4941 cst
3280 4892 3581 4957 prophetia.

2013 4970 2145 5024 Nam
2182 4982 2356 5036 nocte,
2379 4988 2483 5041 qua
2515 4976 2767 5029 Salvator
2794 4976 2859 5029 ad
2886 4976 3310 5046 redemptionem
3341 4990 3579 5035 nostram

2012 5079 2079 5119 ex
2099 5063 2344 5133 virginali
2375 5067 2495 5121 alvo
2525 5069 2805 5136 processit,
2858 5069 2998 5122 sicut
3046 5070 3266 5133 dicitur,
3316 5074 3577 5140 palatium

2012 5156 2237 5210 corruit.
2272 5156 2570 5227 Utrumque
2592 5159 2847 5211 nimirum
2889 5169 2943 5214 et
2990 5162 3250 5229 virginem
3289 5179 3501 5232 parere,
3531 5176 3583 5220 ct

2013 5248 2300 5303 mdilieium
2327 5266 2502 5311 ruere,
2532 5252 2732 5303 homini
2751 5252 2915 5304 Deum
2944 5254 3238 5321 ignoranti,
3258 5255 3588 5325 impossibile

2013 5342 2314 5397 videbatur.
2346 5343 2414 5395 At
2442 5343 2531 5411 qui
2558 5352 2843 5412 utrumque
2872 5360 3086 5413 semper
3122 5348 3314 5414 potuit,
3349 5348 3442 5402 sed
3486 5349 3575 5402 diu

2013 5432 2154 5486 intra
2180 5432 2479 5502 prudentiae
2509 5447 2620 5487 sua:
2678 5445 2889 5488 secreta
2935 5436 3225 5502 continuit,
3292 5447 3584 5509 utrumque

2011 5540 2137 5580 cum
2186 5525 2374 5589 voluit,
2432 5539 2529 5593 per
2570 5523 2819 5580 effectum
2848 5529 3027 5596 operis
3059 5544 3301 5600 congruo
3348 5539 3591 5599 tempore

2013 5616 2329 5671 declaravit.
2379 5615 2513 5670 lllud
2551 5615 2711 5686 plane
2758 5618 3081 5686 stupendum
3122 5629 3229 5685 est,
3261 5622 3401 5690 quod
3442 5633 3587 5675 nunc

2014 5705 2263 5759 homines
2292 5705 2347 5758 in
2379 5704 2634 5761 Ecclesia:
2674 5706 2880 5776 gremio
2911 5722 3016 5761 non
3057 5708 3217 5761 modo
3268 5709 3460 5768 renati,
3496 5708 3589 5759 sed

2015 5798 2179 5853 etiam
2205 5798 2338 5865 nati,
2375 5807 2483 5854 tam
2519 5814 2585 5853 au
2608 5799 2797 5865 laeter,
2828 5808 2934 5852 tam
2968 5798 3313 5869 impudenter
3343 5797 3591 5869 omnipo-
