4138 6320
538 386 642 455 615

975 393 1033 450 S.
1073 388 1275 447 PETRI
1316 380 1598 444 DAMIANI
1634 381 1786 442 OPP.
1828 381 2064 440 TOMUS
2105 379 2238 436 SEU
2279 379 2460 436 PARS
2498 379 2584 434 III.
2624 379 2702 424 μ’
2728 375 3093 435 OPUSCULA
3133 373 3357 431 VARIA.

3692 382 3798 436 616

540 507 678 566 (emi
717 506 831 561 Deo
863 492 1203 560 calumniam
1226 498 1682 571 .mpossibilitatis
1737 497 2014 567 objiciunt,
2065 504 2120 549 et
2147 509 2194 566 Α
2222 505 2275 549 et
2297 494 2493 565 plumis
2519 491 2754 562 undique
2776 501 3063 560 coopertus
3091 493 3334 558 exsiluit,
3362 494 3480 550 alas
3501 499 3818 564 percussit,

540 602 798 674 protinus
840 595 1133 652 absorbere
1163 592 1360 648 terreni
1398 591 1683 646 subsecivii
1716 589 1973 657 voragine
2011 601 2117 640 non

539 702 860 766 pavescant.
887 691 1188 745 Erubescat
1205 687 1318 757 jam
1342 688 1522 758 lingua
1549 686 1884 756 phrenetica,
1909 692 1964 737 et
1998 697 2139 753 quae»

544 783 723 842 nescit
760 799 881 839 esse
907 784 1157 843 facunda,
1213 782 1387 834 discat
1445 794 1566 834 esse
1588 778 1672 832 vel
1724 785 1893 830 muta.
1936 774 2126 829 Nescit

543 872 921 932 :editicationis
944 882 1231 943 augmenta
1258 874 1596 939 depromere,
1625 871 1762 924 sciat
1785 866 1977 922 saltem
2003 866 2124 920 sine

541 965 666 1021 fidei
706 963 1077 1020 destructione
1126 971 1328 1016 tacere.
1380 959 1634 1027 Alioquin
1685 955 1972 1011 abscindat
2020 953 2122 1008 sibi

543 1055 693 1111 ferro
741 1053 1064 1126 praeputium
1099 1066 1195 1120 per
1237 1050 1554 1115 vindictam,
1606 1063 1712 1103 non
1766 1046 1869 1101 sibi
1910 1044 2124 1099 frenum

545 1146 807 1200 adhibeat
829 1160 927 1214 per
947 1143 1150 1198 silentii
1180 1142 1540 1212 disciplinam.
1571 1141 1841 1195 Ventilent
1872 1141 2126 1210 qutestio-

544 1248 644 1293 nes
672 1253 800 1293 suas
829 1238 920 1306 qui
946 1237 1149 1299 volunt,
1198 1236 1356 1304 juxta
1407 1235 1624 1288 modum
1665 1240 1720 1288 et
1758 1231 2129 1289 ordiuemdis-

545 1329 788 1392 oerendi,
851 1329 977 1381 dum
1009 1343 1134 1382 vero
1162 1342 1260 1396 per
1289 1327 1546 1396 ambages
1572 1341 1698 1379 suas
1748 1333 1808 1379 et
1852 1323 2120 1379 scholaris

546 1418 790 1473 infantia:
832 1418 1036 1472 umnias
1081 1418 1465 1472 contumeliam
1519 1432 1623 1470 non
1673 1415 1913 1469 inferant
1955 1415 2122 1469 Crea-

547 1512 688 1575 tori;
748 1510 1032 1578 sciantque
1068 1509 1561 1580 impossibilitatem
1600 1508 1761 1562 istam
1790 1508 1844 1562 in
1878 1508 1990 1576 ipsa
2038 1519 2127 1561 re-

548 1605 812 1656 i'um'esse
838 1609 1048 1663 natura,
1084 1609 1136 1653 et
1171 1600 1456 1654 verborum
1481 1616 1544 1655 ex
1572 1610 1691 1654 arte
1714 1599 2125 1670 procedentium

548 1690 958 1759 consequentia,
994 1705 1100 1745 non
1133 1690 1198 1743 ad
1247 1699 1500 1744 Virtutem
1540 1691 1817 1760 pertinere
1861 1690 2122 1754 divinam,

548 1782 794 1852 nihilque
849 1783 1046 1836 divinae
1096 1783 1396 1854 majes’tatis
1443 1784 1678 1838 evadere
1713 1797 1872 1852 posse
1920 1790 2118 1852 poten~

2221 592 2276 639 et
2317 583 2538 648 cecinit,
2587 582 2796 650 plumas
2841 584 3154 648 concussit,
3185 592 3468 654 totumque
3515 585 3796 656 liquamen

2221 690 2384 744 super
2409 690 2527 741 eos,
2569 677 2659 745 qni
2698 678 3184 737 convescebantur,
3230 688 3483 750 aSperstt.
3531 680 3679 738 Illico
3707 697 3805 737 sa-

2223 765 2504 836 crilcgium
2528 765 2856 835 blasphemas
2888 769 3208 823 temeritatis
3243 769 3404 840 digna
3432 784 3594 840 paena
3621 774 3810 843 sequi-

2225 864 2314 910 tur
2362 858 2599 912 ultionis.
2631 857 2763 913 Nam
2809 868 2864 913 et
2912 858 2966 913 in
3016 861 3329 931 aspersione
3370 861 3613 932 piperis,
3651 864 3826 933 lepra:

2223 950 2465 1018 percussi
2499 960 2646 1004 sunt.
2681 950 2852 1017 Quam
2876 951 3124 1006 videlicet
3149 951 3360 1022 plagam
3387 968 3495 1008 non
3520 955 3680 1010 modo
3694 957 3812 1025 ipsi

2224 1054 2395 1108 usque
2415 1041 2483 1094 ad
2513 1041 2722 1095 obitum
2759 1042 3117 1110 pertulerunt,
3144 1043 3237 1098 scd
3266 1053 3320 1097 et
3346 1045 3582 1113 posteris
3609 1061 3722 1101 suis
3751 1048 3829 1101 in.

2225 1149 2415 1188 omnes
2443 1135 2845 1203 generationes,
2882 1134 3028 1189 velut
3071 1135 3343 1204 quoddam
3376 1136 3814 1201 haireditarinm,

2226 1224 2581 1293 reliquerunt.
2608 1224 2759 1280 Unde
2784 1225 2985 1280 factum
3029 1235 3132 1287 est,
3163 1236 3219 1280 ut
3251 1228 3306 1280 in
3335 1227 3652 1282 famulatum
3679 1229 3820 1282 subat

2230 1315 2335 1368 acti
2376 1316 2484 1368 sint
2528 1325 2728 1370 sanctae
2756 1314 3111 1371 Bononiensis
3149 1317 3425 1384 Ecclesiae,
3470 1333 3590 1387 qua:
3618 1319 3815 1373 videli'o

2229 1413 2316 1458 cet
2342 1403 2403 1457 Β.
2436 1405 2582 1460 Petri
2637 1405 2862 1476 apostoli
2909 1415 2992 1462 est
3045 1407 3300 1477 insignita
3335 1408 3619 1463 vocabulo.
3669 1409 3818 1476 Quo-

2230 1502 2348 1550 rum
2367 1498 2746 1568 prr-genies,ut
2768 1498 2970 1554 relator
2993 1501 3247 1564 asseruit,
3273 1501 3379 1556 huc
3401 1515 3572 1571 usque
3591 1501 3813 1572 leprosa

2228 1587 2332 1643 hoc
2361 1588 2616 1645 illationis
2654 1605 2865 1646 canone
2918 1594 3124 1646 consita
3174 1602 3302 1648 est:
3337 1604 3396 1648 ut
3440 1611 3508 1649 ex
3554 1596 3835 1665 operibus--

2229 1695 2747 1738 manuum'suarum
2797 1683 3030 1738 inferant
3063 1684 3318 1740 Ecclesiae
3345 1687 3655 1754 capisteria.
3693 1685 3834 1751 Sic,

2230 1773 2310 1828 sic
2332 1773 2587 1827 nimirum
2614 1775 2812 1845 duplici
2835 1791 3026 1844 patrne,
3057 1776 3239 1846 leprai,
3271 1776 3429 1832 simul
3457 1787 3511 1832 et
3536 1779 3822 1834 servitutis

561 1872 733 1938 ﬁam;
775 1882 836 1926 ω
859 1871 1247 1940 memmium“
1281 1873 1448 1927 solius
1476 1883 1685 1926 natura:
1713 1873 1982 1934 ordinent,
2007 1885 2132 1924 ver-
2163 1859 2210 1917 Β
2238 1863 2439 1918 addicti
2473 1864 2778 1934 suppliciis,
2813 1866 3092 1921 instruunt
3121 1867 3275 1929 alios,
3294 1876 3352 1920 ut
3372 1867 3484 1935 jam
3514 1878 3714 1923 temere
3746 1870 3821 1924 de

550 1965 858 2034 horumque
885 1964 1272 2029 conditionem,
1321 1966 1364 2019 si
1397 1965 1732 2034 estaliquid,
1760 1964 1997 2033 quandiu
2024 1972 2128 2028 est,

551 2073 661 2111 non
703 2068 881 2127 potest
931 2073 1039 2110 non
1086 2073 1237 2121 esse;
1285 2066 1340 2112 et
1382 2057 1426 2112 si
1478 2055 1602 2120 fuit,
1635 2071 1739 2110 non
1788 2063 1966 2126 potest
2023 2069 2131 2108 non

553 2147 749 2211 fuisse;
777 2158 832 2200 et
870 2147 913 2201 si
967 2141 1208 2200 l‘uturnm
1238 2160 1339 2207 est,
1378 2162 1484 2201 non
1531 2155 1710 2216 potest
1741 2163 1846 2200 non
1877 2160 1998 2200 esse
2040 2145 2128 2197 l'u-

552 2249 756 2290 turum.
789 2237 1040 2306 Alioquin
1078 2242 1265 2292 eontra
1308 2237 1476 2308 ipsius
1517 2236 1776 2291 naturalis
1827 2235 2136 2305 proprieta-

554 2325 628 2380 tis
676 2325 944 2391 ordinem,
970 2326 1346 2395 existendique
1378 2325 1680 2388 materiam,
1731 2324 1860 2393 quid
1886 2323 2128 2390 estquod

552 2417 696 2472 Deus
731 2431 835 2470 non
858 2418 1029 2486 possit
1073 2418 1354 2471 evertere?
1381 2416 1510 2486 quid
1551 2425 1638 2470 est
1681 2414 1823 2482 quod
1850 2413 1993 2468 Deus
2021 2427 2129 2467 non

554 2507 731 2562 valeat
780 2525 916 2564 nova
974 2509 1285 2564 conditione
1319 2508 1540 2564 creare?
1587 2506 1888 2562 Discutiant
1939 2506 2126 2574 itaque

546 2601 704 2667 j‘uxta
741 2600 1016 2653 moJulnm
1048 2615 1203 2654 suum
1250 2600 1552 2654 litterarum
1601 2597 1890 2660 duntaxat,
1942 2595 2140 2664 quibus

553 2689 1019 2763 adhuciudigent,
1062 2691 1364 2756 elementa;
1409 2706 1510 2746 nec
1547 2690 1741 2744 altiora
1783 2703 1842 2743 se
1877 2697 2140 2757 usurpent

555 2779 739 2835 divina
781 2783 1056 2851 mysteria.
1081 2780 1439 2850 Philosophus
1468 2781 1688 2850 quidam
1738 2779 1877 2849 (25),
1909 2778 2036 2832 dum
2061 2777 2140 2831 si-

557 2869 745 2923 derum
772 2884 982 2932 cursus,
1034 2869 1419 2938 stellaruinqu:
1446 2875 1655 2923 meatus
1693 2877 1962 2921 nocturno
1998 2876 2134 2920 tein-

559 2975 692 3032 pore
727 2963 1038 3028 rimaretur,
1069 2963 1123 3016 in
1164 2963 1413 3018 limosum
1463 2969 1686 3030 repente
1719 2959 1901 3028 lapsus
1929 2969 2012 3015 est
2042 2974 2142 3028 pu~

561 3064 731 3108 tenui.
791 3054 958 3124 Cujus
1007 3069 1194 3108 casum
1244 3064 1457 3123 poetata
1497 3064 1581 3108 est
1605 3051 1795 3115 Iamhi,
1835 3063 1956 3123 quae
1997 3051 2143 3106 illius

559 3156 679 3202 erat
709 3147 923 3211 ancilla,
968 3147 1153 3201 dicens
1196 3163 1211 3199 :
1247 3145 1506 3200 Dominus
1555 3160 1706 3200 meus
1750 3145 2030 3214 ignorabat
2087 3145 2140 3198 id

2235 1953 2412 2008 divina
2456 1956 2694 2024 potentia
2748 1970 2854 2010 non
2894 1956 3205 2027 loquantur.
3261 1958 3328 2012 Et
3364 1958 3535 2028 gallus
3587 1958 3816 2026 (Matth.

2235 2043 2385 2113 xxvi)
2421 2045 2512 2112 qui
2541 2044 2742 2098 dudum
2778 2056 3036 2116 arguerat
3077 2046 3294 2101 Petrum
3332 2047 3385 2101 iu
3420 2057 3564 2111 terra
3613 2061 3834 2118 negans.

2239 2141 2346 2186 tem
2363 2173 2380 2196 ,
2411 2142 2536 2188 tunc
2556 2136 2805 2204 probavit
2825 2135 3044 2190 Petrum
3065 2153 3187 2191 cum
3207 2153 3293 2203 eo,
3316 2154 3475 2207 quem
3499 2150 3823 2210 negaverat,

2240 2222 2293 2275 in
2323 2221 2461 2276 coelo
2492 2233 2827 2293 tegnantem.
2849 2224 2914 2278 Et
2938 2224 3079 2280 forte
3103 2242 3209 2282 non
3249 2227 3368 2281 sine
3391 2228 3574 2282 divino
3590 2228 3822 2295 judicio,

2240 2308 2548 2378 hujusmodi
2601 2311 2826 2368 canonis
2875 2313 3277 2370 illationesunt
3316 2316 3550 2382 multati,
3581 2326 3638 2371 ut
3679 2318 3832 2372 sicut

2242 2401 2483 2456 triticum
2512 2417 2542 2456 a
2585 2403 2918 2472 quisquiliis,
2945 2406 3238 2474 capisterio
3271 2406 3584 2472 ventilante,
3615 2409 3831 2463 discet:-

2242 2492 2418 2558 nitur;
2461 2493 2537 2547 ita
2593 2509 2693 2563 per
2727 2495 3082 2550 discretionis
3126 2498 3497 2567 magisterium
3529 2501 3742 2554 discant
3770 2511 3834 2554 ct-

2242 2601 2363 2655 qna:
2410 2587 2554 2641 velut
2599 2589 2923 2658 quisquilias
2976 2590 3200 2647 vitando
3243 2594 3552 2663 repellere,
3603 2603 3658 2652 et
3700 2612 3833 2666 qua:

2243 2677 2396 2745 quasi
2426 2677 2492 2731 ad
2519 2679 2698 2735 victus
2727 2682 3018 2740 utilitatem
3065 2685 3298 2740 debeant
3342 2688 3506 2741 verba
3555 2688 3824 2760 proferre.

2242 2768 2378 2823 Nam
2409 2771 2650 2839 perversi
2683 2773 2914 2842 quilibet
2957 2775 3224 2839 homines,
3257 2778 3382 2830 dum
3413 2778 3543 2846 quid
3577 2793 3670 2832 cor
3697 2794 3832 2847 sg-

2243 2863 2514 2933 gesserit,
2561 2871 2774 2934 agunt:
2817 2866 2946 2920 dum
2983 2867 3248 2936 quidquid
3291 2869 3476 2938 lingua
3502 2871 3695 2940 prurit,
3745 2872 3833 2924 in-

2245 2953 2489 3008 consulte
2549 2968 2614 3010 ae
2667 2957 2977 3024 procaciter
3005 2955 3259 3022 ellinunt;
3309 2959 3355 3013 si
3401 2959 3482 3015 cis
3534 2961 3834 3030 aliquando

2244 3039 2450 3110 ﬂagella
2481 3059 2587 3098 non
2608 3045 2852 3109 obviant,
2880 3045 3048 3101 Deum
3072 3049 3153 3102 \el
3190 3065 3296 3104 non
3319 3066 3459 3112 esse.
3484 3052 3564 3106 vel
3589 3054 3834 3107 humana

2247 3148 2356 3190 non
2394 3149 2592 3190 curare
2645 3146 2950 3195 autumant.
2990 3159 3008 3191 ι
3063 3141 3208 3196 Dixit
3258 3144 3402 3196 enim
3457 3144 3722 3213 insipiens
3775 3147 3832 3200 in

561 3240 706 3309 quod
747 3239 845 3295 sub
875 3206 1100 3310 pedibus
1131 3240 1247 3310 ejus
1263 3242 1482 3310 jacebat
1521 3241 1624 3294 vile
1685 3206 1875 3304 lutum,
1903 3249 1959 3294 et
1989 3240 2140 3294 inve-

2251 3225 2414 3280 corde
2445 3243 2544 3282 suo
2579 3245 2591 3281 :
2619 3227 2734 3282 Non
2761 3239 2843 3283 est
2871 3229 3011 3284 Deus
3044 3231 3216 3301 (Paul.
3241 3235 3383 3304 ιιιιι).
3425 3254 3442 3285 ι
3478 3235 3543 3289 Et
3568 3206 3828 3289 Iitcrnm:

565 3328 772 3399 stigare
805 3331 1052 3383 tentabat
1075 3347 1271 3384 arcana
1305 3330 1586 3384 caelorum.
1620 3328 1695 3383 Ex
1719 3331 1872 3399 cujus
1889 3331 2144 3384 nimirum

564 3416 852 3480 vocabulo,
884 3418 1177 3472 lambicum
1202 3427 1431 3472 metrum
1461 3433 1656 3472 nomen
1690 3419 1918 3487 accepit.
1957 3419 2146 3474 Anim.-

562 3509 860 3562 advertant
895 3510 1016 3574 hoc,
1050 3512 1143 3579 qui
1197 3509 1414 3564 modum
1455 3523 1566 3563 sua:
1612 3510 1934 3578 capacitatis
1982 3524 2145 3567 exce-

563 3602 788 3664 dunt,et
815 3603 882 3656 ad
909 3617 994 3667 ea,
1035 3617 1154 3672 qum
1178 3617 1340 3673 super
1367 3616 1427 3657 se
1448 3611 1598 3663 sunt,
1627 3601 1860 3670 superbe
1890 3602 2147 3657 tentanda

564 3701 953 3762 prorumpunt;
993 3699 1193 3745 nedum
1257 3692 1524 3745 adversus
1557 3691 1723 3745 Deum
1756 3690 1884 3760 quid
1921 3690 2150 3760 loquun-

566 3792 676 3847 tur,
725 3785 995 3852 ignorant,
1045 3783 1258 3837 incaute
1297 3797 1378 3844 se,
1431 3782 1863 3852 iusipienterque
1913 3783 2148 3849 locutos,

565 3875 731 3928 etiam
781 3889 877 3944 per
930 3874 1136 3928 illatam
1177 3873 1287 3928 sibi
1316 3873 1495 3944 digna:
1531 3875 1756 3930 ultionis
1796 3876 2148 3941 sententiam,

569 3964 802 4018 discant.
1027 3980 1043 4010 ί
1449 3987 1454 3995 π
1593 3996 1595 3998 -
1699 3961 1704 3965 ’
1939 3979 1941 3982 ‘

1030 4055 1223 4127 .633
1261 4054 1489 4112 CAPUT
1529 4054 1664 4112 XIII.
1724 4093 1728 4096 -

566 4160 648 4220 De
681 4163 784 4230 his,
815 4162 922 4234 ἰιιιὶ
963 4161 1243 4216 Dominum
1295 4163 1713 4232 blasphemantes
1762 4163 1908 4236 lepra
1952 4167 2156 4237 perfusi

1291 4247 1431 4288 sunt.
1533 4280 1535 4283 .
2045 4289 2047 4292 ι

572 4357 590 4384 .;
638 4325 930 4386 Prudentis
985 4333 1040 4380 et
1073 4326 1326 4380 honorati
1378 4327 1519 4395 apud
1567 4328 1825 4382 steculnm
1869 4326 2156 4395 cujusdam

569 4416 786 4472 diaconi
823 4416 985 4474 didici
1017 4418 1366 4480 narratione,
1388 4417 1531 4486 quod
1560 4420 1740 4473 refero
1767 4437 1779 4472 :
1811 4419 1868 4472 In
1900 4419 2159 4474 Bononiae

570 4506 838 4575 partibus,
884 4507 1082 4571 inquit,
1113 4506 1220 4560 duo
1266 4505 1486 4574 quidam
1515 4507 1641 4571 viri,
1672 4510 1764 4576 qui
1795 4517 1848 4562 et
1899 4509 2158 4564 amicitia:

573 4594 808 4650 invicem
853 4593 1080 4658 findere,
1113 4605 1165 4650 et
1208 4598 1700 4665 compaternitatis,
1729 4599 1774 4652 si
1809 4601 1911 4652 rite
1955 4601 2157 4665 recolo,

569 4686 978 4743 necessitudine
1003 4687 1348 4754 tenebantur,
1366 4688 1416 4741 in
1440 4690 1693 4743 convivio
1721 4691 2157 4757 discumbebant,

572 4779 774 4848 quibus
805 4779 856 4838 in
891 4791 1136 4834 mensam
1162 4778 1360 4833 allatus
1387 4787 1471 4834 est
1493 4779 1685 4850 gallus.
1725 4779 1880 4846 Quod
1908 4781 2160 4838 videlicet

570 4869 911 4939 pulmentum
935 4883 1076 4924 unus
1097 4868 1558 4939 illorumarrepto
1586 4870 1822 4932 cultello,
1843 4880 1900 4925 ut
1925 4887 2039 4926 mos
2053 4881 2156 4937 est,

572 4961 628 5016 in
659 4961 832 5015 frusta
860 4961 1120 5020 desecuit.
1169 4961 1356 5013 tritum
1390 4976 1605 5031 quoque
1637 4961 1790 5030 piper
1818 4977 1941 5016 cum
1981 4962 2156 5031 liqua.

573 5053 720 5108 mine
750 5053 1073 5122 supert'udit.
1102 5051 1220 5119 Quo
1242 5051 1414 5117 facto,
1436 5052 1573 5106 alter
1598 5054 1844 5120 protinus
1871 5055 1947 5107 ait
1967 5071 1994 5106 ι
2027 5055 2159 5109 Pro-

569 5141 717 5202 fecto
753 5153 1051 5212 couipater,
1083 5145 1163 5200 sic
1191 5143 1500 5214 explicuisti
1533 5145 1758 5212 gallum,
1783 5153 1845 5198 ut
1890 5144 2007 5214 ipse
2031 5159 2158 5199 san-

573 5239 698 5287 ctus
732 5231 951 5295 Petrus.
974 5233 1190 5290 etiamsi
1222 5235 1376 5298 velit,
1429 5234 1805 5304 redintegrare
1830 5250 1941 5290 non
1966 5236 2156 5304 possit.

575 5322 676 5387 Qui
707 5339 830 5378 mox
879 5324 1059 5378 intulit
1106 5325 1236 5379 ille:
1273 5324 1440 5380 Plane
1489 5339 1599 5381 non
1630 5326 1790 5381 modo
1825 5325 1886 5381 Β.
1931 5323 2156 5390 Petrus;

575 5413 678 5475 sed
711 5423 770 5469 et
791 5414 836 5467 si
861 5415 976 5482 ipse
1003 5413 1252 5470 Christus
1281 5415 1528 5484 imperet,
1555 5415 1730 5486 gallus
1768 5415 1854 5470 hic
1901 5424 2160 5486 perpetuo

569 5517 688 5568 non
719 5513 984 5573 resurget.
1013 5505 1095 5559 Ad
1120 5506 1260 5562 hanc
1289 5522 1476 5561 vocem
1515 5516 1738 5575 repente
1781 5503 1958 5575 gallus
1983 5509 2156 5572 vivus,

573 5820 580 5826 .
646 5769 759 5841 (23)
788 5737 1027 5839 Taletem
1051 5771 1190 5839 hunc
1229 5770 1468 5840 nonnulli
1501 5769 1666 5826 fuisse
1714 5778 2014 5824 autumant.
2045 5827 2052 5831 _

2255 3333 2274 3366 ι
2303 3315 2582 3381 Quomodo
2604 3317 2884 3384 scitDeus,
2915 3329 2970 3376 ct
2993 3322 3038 3376 si
3067 3335 3150 3377 est
3183 3325 3410 3380 scientia
3441 3327 3492 3381 iu
3519 3326 3734 3382 excelso
3756 3328 3778 3380 ἓ
3802 3347 3830 3380 ι

2249 3405 2424 3478 (Paul.
2487 3413 2682 3480 Lxxu.)
2734 3411 2965 3483 Ideoque
2995 3415 3236 3470 nonnulli
3282 3417 3336 3470 in
3387 3417 3504 3486 ipso
3557 3428 3833 3474 momento

2248 3499 2399 3567 pravi
2424 3503 2624 3568 operis,
2641 3502 2721 3555 vel
2745 3519 2776 3556 e
2800 3506 3028 3574 vestigio
3057 3516 3340 3577 postquam
3359 3510 3612 3578 nequiter
3637 3519 3831 3580 agunt,

2249 3601 2458 3644 motum
2508 3591 2676 3648 divini
2708 3591 2908 3650 luroris
2957 3597 3246 3652 incurrunt
3273 3638 3290 3664 ,
3329 3609 3603 3668 quatenus.
3629 3610 3683 3653 et
3730 3599 3834 3669 ipsi

2250 3694 2498 3750 superate
2526 3684 2802 3750 patientia:
2833 3687 3037 3742 diutius
3056 3703 3161 3743 nou
3188 3689 3446 3755 illudant;
3471 3699 3525 3745 et
3555 3691 3735 3749 ueteri
3763 3693 3836 3746 ab

2251 3773 2460 3840 agendo
2489 3773 2687 3830 similia
2715 3791 2776 3831 se
2796 3793 2894 3847 per
2917 3779 3408 3836 animadversionis
3433 3796 3623 3837 eorum
3651 3797 3837 3839 exent-

2252 3863 2336 3932 pla
2369 3877 2742 3934 compescant.

2734 3961 2904 4034 634
2939 3961 3170 4020 canor
3208 3963 3347 4021 xxv.

2255 4065 2334 4120 De
2363 4065 2456 4122 illo
2484 4086 2635 4138 quem
2669 4071 2932 4155 adulterio
2961 4077 3239 4156 commisso
3263 4117 3278 4141 ,
3329 4076 3591 4148 malignus
3619 4079 3838 4150 spiritus

2903 4156 3006 4198 ιιιιι
3012 4161 3114 4198 rem
3122 4157 3160 4198 ιι
3168 4185 3181 4198 .

2329 4230 2619 4300 Enimvero
2638 4251 2761 4292 cum
2785 4239 2924 4306 apud
2951 4237 3247 4296 l'armense
3276 4241 3531 4311 oppidum
3562 4243 3836 4315 degerem,

2259 4325 2442 4396 ibique
2482 4324 2784 4382 liberalium
2815 4330 3014 4407 artium
3064 4333 3256 4388 studiis
3307 4336 3836 4408 inSudarem..quid-

2261 4417 2385 4470 dam
2407 4433 2492 4471 me
2515 4419 2740 4488 contigit
2760 4435 2940 4484 nosse,
2975 4425 3120 4490 quod
3148 4439 3253 4478 non
3300 4426 3487 4485 inutile
3517 4429 3733 4484 videtur
3769 4425 3843 4484 ad

2263 4516 2606 4576 posterorum
2637 4508 2886 4574 notitiam
2911 4512 3037 4582 styli
3053 4513 3326 4570 currentis
3345 4516 3575 4574 articulo
3599 4521 3842 4574 tradere.

2184 4558 2235 4618 Β
2263 4558 2341 4646 λά
2373 4593 2722 4651 Occidentem
2775 4571 2911 4654 sane
2955 4558 3230 4670 prandet;
3475 4558 3575 4660 es:

2260 4697 2414 4742 extra
2447 4703 2631 4744 muros
2671 4691 2772 4744 sita
2809 4692 3055 4753 basilica.
3082 4695 3298 4764 gemino
3329 4697 3610 4752 beatorum
3639 4708 3847 4771 martyt-

2262 4793 2380 4833 rum
2408 4778 2654 4837 Gervasii
2677 4791 2731 4836 et
2752 4782 2984 4838 Protasii
3013 4785 3167 4840 titulo
3202 4787 3480 4842 decorata.
3512 4788 3685 4846 Nocte
3707 4804 3844 4859 quas

2262 4871 2406 4931 dam,
2435 4886 2556 4940 qua:
2593 4872 2844 4928 videlicet
2892 4876 3208 4932 earumdem
3255 4888 3558 4949 martyrum
3599 4880 3848 4936 uatalitia

2267 4961 2626 5028 praecedebat,
2645 4965 2728 5017 vir
2750 4964 2969 5032 quidam
2993 4967 3260 5023 maturius
3287 4969 3547 5035 surrexit,
3572 4973 3850 5042 bovesque

2259 5064 2395 5104 Suos
2428 5050 2481 5104 in
2529 5065 2728 5119 pascua
2770 5056 3060 5110 remotiora
3104 5058 3327 5113 deduxit
3357 5077 3371 5113 :
3397 5061 3486 5116 cui
3531 5062 3850 5118 conviciuus

2257 5231 2548 5288 insidiatus
2577 5243 2684 5301 est,
2723 5245 2783 5291 ut
2819 5235 2937 5306 ejus
2985 5253 3210 5295 uxorein
3256 5241 3501 5312 polluere
3542 5242 3848 5298 moliretur.

2257 5321 2462 5379 Eadem
2517 5325 2685 5397 igitur
2728 5339 2887 5388 nocte
2935 5330 3163 5394 callidus
3205 5334 3273 5388 ad
3316 5335 3537 5392 domum
3583 5336 3704 5407 ejus
3754 5347 3854 5390 ex.-

2261 5414 2506 5485 plorator
2527 5422 2777 5487 accessit,
2809 5433 2870 5479 et
2902 5426 3191 5480 occasione
3239 5436 3477 5496 reperta,
3509 5443 3614 5482 non
3642 5426 3850 5482 diutius

2257 5516 2551 5578 .uostquam
2582 5511 2684 5567 istc
2728 5527 2851 5568 cum
2878 5514 3168 5581 pascendis
3205 5513 3540 5572 animalibus
3567 5515 3730 5582 abiit,
3758 5512 3854 5570 ius
