4138 6320
301 426 409 482 61³1

1153 415 1682 491 orusc._x-xxv1.
1721 395 1792 461 -ς
1829 414 1917 470 nn
1957 413 2186 470 DlV'lNA
2225 411 2756 482 OMNIPOTENTlA;

3484 404 3588 461 6i8

298 535 622 593 febricitare
653 547 713 591 sc
749 531 1017 592 diabolica
1046 535 1448 591 machinatione
1483 531 1825 602 confingens,
1848 530 1900 584 in
1929 539 1982 598 Α
2007 528 2232 584 cebatur
2258 568 2273 591 ,
2323 527 2500 582 adhuc
2567 525 2739 580 videri
2819 538 2950 579 saxa
3017 521 3214 592 quibus
3266 519 3589 590 impegerat,

301 633 508 687 iactum
544 629 737 685 uxoris
768 629 912 686 illius
939 630 1026 684 vir
1058 628 1344 684 simulatus
1377 627 1621 682 intravit.
1659 625 1902 695 Cumque

301 724 456 779 velut
480 721 778 793 frigescens
809 722 1154 786 intremeret,
1177 719 1421 775 dentium
1444 718 1710 773 stridores
1740 716 1902 769 emit-

302 824 472 881 teret,
499 815 752 870 crebrius
774 812 1090 884 singultiret
1111 811 1342 879 ,iinl’elix
1374 809 1592 874 mulier,
1643 817 1902 876 tanquam

302 905 596 980 :egrotanti
629 905 750 961 viro
775 904 1134 975 compatiens,
1162 902 1327 973 cmpit
1356 901 1509 956 illum
1533 899 1674 955 ulnis
1695 899 1900 954 astrin-

295 1014 460 1070 gere,
489 997 665 1053 lodice
693 1005 1006 1068 contegere,
1045 1003 1101 1049 et
1143 995 1344 1065 quibus
1368 992 1585 1048 valebat
1613 990 1902 1062 impendiis

297 1090 622 1147 confovere.
651 1090 722 1145 At
768 1089 880 1158 ille,
917 1097 977 1144 ut
1027 1089 1268 1145 dolorem
1318 1094 1500 1142 mente
1551 1092 1898 1154 conceperat,

300 1183 521 1255 peperit
565 1183 946 1253 iniquitatem;
977 1181 1144 1237 violat
1195 1181 1382 1250 itaque
1412 1178 1648 1234 alienum
1696 1188 1898 1243 torum,

297 1274 522 1344 sibique
551 1282 809 1343 procurat
839 1273 1146 1337 interitum,
1178 1285 1416 1340 moxque
1452 1270 1702 1326 concitus
1744 1267 1898 1322 abiit.

298 1363 418 1420 Sed
453 1378 606 1430 ecce,
633 1363 724 1418 vix
763 1363 917 1418 brevi
952 1361 1212 1432 temporis
1238 1360 1424 1431 elapso
1444 1360 1641 1431 spatio,
1670 1359 1902 1414 maritus

299 1454 470 1519 redit,
505 1461 742 1509 stratum
786 1454 1005 1524 repetit.
1039 1451 1136 1508 Cui
1168 1453 1419 1521 protinus
1454 1467 1593 1507 uxor
1643 1459 1902 1521 expostu-

299 1547 450 1611 lans,
478 1557 535 1602 et
587 1547 942 1603 vehementer
989 1545 1353 1616 exprobrans,
1385 1545 1464 1600 ait
1497 1563 1509 1598 :
1541 1543 1757 1616 Optime
1805 1557 1903 1614 po-

298 1639 442 1696 .teris
483 1639 645 1694 hodie
687 1646 1009 1694 sanctorum
1057 1644 1401 1706 martyrum,
1459 1650 1582 1706 qua:
1631 1633 1727 1688 tibi
1790 1641 1903 1687 tam

294 1728 566 1799 contigua
618 1735 722 1791 est,
780 1725 1080 1782 Ecclesiam
1144 1724 1385 1796 ingredi;
1417 1731 1472 1778 et
1512 1739 1636 1778 cum
1687 1721 1901 1777 ueteris

294 1817 632 1876 Christianis
663 1817 862 1872 divinis
892 1816 1156 1870 interesse
1194 1813 1506 1885 mysteriis!
1543 1813 1787 1883 Cumque
1815 1812 1901 1867 vir

2009 620 2162 676 sanie
2194 619 2336 674 illitis
2365 626 2419 672 et
2463 631 2660 672 cruore
2693 616 2963 670 rubentia.
2988 614 3158 669 Porro
3189 622 3371 667 autem
3401 620 3456 666 et
3498 610 3591 665 hic

2006 711 2146 768 forte
2166 709 2422 768 credebat
2443 711 2612 764 Deum
2664 708 2749 763 vel
2776 708 2987 762 nescire
3009 707 3152 776 quod
3181 704 3394 760 occulte
3437 717 3591 758 com-

2008 806 2274 871 mittitur,
2308 803 2393 860 vel
2424 817 2768 873 nequaquam
2812 815 2972 870 posse
3016 809 3076 854 ut
3100 800 3167 854 de
3200 797 3408 854 scelera
3435 812 3591 852 com-

2007 894 2353 952 mittentibus
2387 893 2709 958 ulciscatur,
2737 891 2926 946 dicens
2954 889 3008 944 in
3055 888 3218 944 corde
3258 903 3396 943 suo:
3425 905 3443 938 ι
3474 885 3596 941 Non

2007 988 2211 1044 videbit
2241 986 2522 1052 Dominus,
2567 999 2670 1040 nec
2720 981 2984 1053 intelliget
3033 982 3175 1036 Deus
3206 979 3374 1035 Jacob
3418 978 3594 1051 (Psal.

2008 1078 2184 1149 3cm).
2221 1097 2240 1130 ι
2277 1076 2383 1133 Sed
2409 1076 2523 1131 sive
2550 1075 2648 1130 Dei
2679 1073 2932 1128 mandata
2963 1069 3248 1136 calcando,
3282 1070 3397 1124 sive
3423 1069 3598 1125 Deum

2008 1169 2439 1226 detractionibus
2471 1166 2823 1234 stimulando,
2848 1166 2971 1236 quis
3000 1171 3322 1236 arroganter
3342 1163 3596 1229 excedat,

2008 1277 2117 1318 non
2169 1261 2304 1316 levis
2355 1269 2440 1317 est
2478 1259 2757 1325 criminis;
2809 1266 2865 1314 et
2914 1258 2968 1313 in
3011 1257 3235 1327 paucis,
3271 1256 3386 1311 sive
3427 1270 3600 1326 prava

2010 1353 2519 1419 committentibus,
2567 1352 2682 1408 sive
2734 1349 2968 1421 superba
3016 1349 3400 1420 loquentibus,
3460 1362 3599 1418 quos

2010 1453 2234 1516 repente
2264 1444 2448 1500 divina
2480 1443 2752 1500 sententia
2801 1442 3058 1514 percutit,
3091 1441 3222 1512 quid
3271 1439 3477 1506 caeteri,
3507 1439 3601 1510 qui

2009 1537 2159 1592 velut
2183 1537 2452 1591 immunes
2467 1536 2738 1602 videntur,
2761 1536 2828 1590 ad
2855 1537 3045 1591 horam
3068 1542 3602 1601 mereantur,osten-

1974 1635 1977 1637 ’
2009 1630 2108 1686 dit.
2132 1629 2375 1695 Desinat,
2393 1645 2512 1696 oro,
2535 1630 2646 1700 jam
2671 1629 2887 1684 desinat
2905 1627 3153 1698 quisquis
3180 1626 3331 1698 ponit
3352 1641 3414 1682 os
3438 1641 3599 1682 suum

2011 1722 2066 1777 in
2100 1722 2256 1786 corio,
2283 1730 2341 1776 ut
2370 1721 2553 1792 lingua
2584 1721 2701 1792 ejus
2738 1729 2979 1775 transeat
3003 1735 3166 1790 super
3193 1728 3394 1774 terram
3422 1717 3596 1789 (Psal.

2011 1816 2203 1888 Lxxn).
2233 1817 2388 1884 Quod
2409 1815 2653 1888 profecto
2682 1815 2788 1871 tale
2815 1822 2919 1882 est,
2947 1813 3039 1884 qui
3069 1813 3148 1868 sic
3179 1812 3347 1868 Deum
3369 1813 3597 1883 deroga-

297 1910 576 1964 attonitus
611 1907 743 1978 quid
779 1906 871 1960 illa
913 1905 1233 1976 loqueretur
1261 1904 1587 1974 inquireret,
1620 1913 1902 1960 eventum-
1931 1905 1982 1965 B
2013 1910 2251 1966 tionibus
2292 1909 2520 1975 lacerat,
2555 1917 2617 1964 ut
2645 1917 2700 1965 et
2729 1917 2922 1965 contra
2948 1921 3164 1964 servum
3211 1904 3330 1977 ejus
3362 1906 3426 1962 de
3453 1903 3600 1962 illius

296 2018 414 2073 que
459 2001 538 2057 rei
581 2001 725 2056 sicut
769 2000 1076 2068 contigerat
1107 2013 1205 2068 per
1243 1997 1492 2053 ordinem
1537 1996 1900 2068 cognovisset,

297 2102 536 2164 uterque
580 2107 640 2148 se
690 2089 1165 2161 deprchendentes
1199 2089 1426 2154 irrisos,
1471 2104 1535 2144 ac
1586 2087 1904 2156 turpissima
1977 2144 1980 2148 ,

293 2186 676 2260 iudiiicatione
725 2182 982 2248 delusos,
1037 2180 1365 2237 intolerabili
1417 2180 1618 2236 doloris
1648 2181 1904 2251 angustia

298 2277 640 2336 consternati
668 2283 817 2331 sunt.
843 2275 1054 2330 Interea
1085 2274 1212 2328 dum
1249 2273 1480 2344 populus
1504 2273 1572 2329 ad
1596 2273 1904 2329 Ecclesiam

299 2372 437 2426 hinc
460 2369 585 2424 inde
615 2366 1013 2436 conflueret,'ut
1041 2374 1324 2420 nocturnae
1353 2365 1529 2420 laudis
1550 2363 1786 2421 cilicium
1810 2365 1905 2422 de-

303 2470 468 2516 votus
495 2459 745 2522 audiret,
795 2457 1012 2511 tandem
1046 2464 1101 2510 et
1136 2455 1234 2522 illi,
1260 2465 1538 2526 resumpto
1567 2457 1787 2527 spiritu,
1814 2456 1903 2512 ni-

301 2551 607 2607 hilominus
675 2557 1090 2613 convenerunt,
1148 2561 1310 2618 atque
1364 2548 1516 2603 omni
1563 2550 1903 2605 verecundia:

299 2645 510 2700 rubore
564 2643 890 2715 postposito,
927 2641 1208 2713 querelam
1243 2658 1399 2697 suam
1439 2659 1619 2698 coram
1649 2644 1904 2699 omnibus

298 2734 695 2804 deposuerunt,
744 2733 1052 2804 praesertim
1080 2731 1276 2787 mulier
1307 2733 1520 2788 laceros
1550 2733 1731 2788 crines
1759 2733 1905 2788 evel-

299 2824 446 2891 lens,
477 2834 532 2882 et
562 2825 820 2882 uberibus
867 2825 1125 2896 laerymis
1172 2840 1268 2879 ora
1318 2824 1496 2879 trist-ia
1527 2825 1862 2894 perfundens
1885 2865 1903 2892 ,

299 2917 565 2989 lugubres
586 2919 873 2973 emittebat
895 2917 1133 2973 ululatus
1160 2918 1215 2972 in
1244 2919 1476 2975 coelum:
1502 2939 1520 2972 ι
1553 2920 1801 2987 Domine,
1823 2929 1901 2987 ιιι,

300 3009 506 3078 inquit,
541 3009 708 3064 corda
738 3009 1021 3064 hominum
1062 3009 1229 3075 nosti,
1281 3019 1338 3063 tu
1384 3011 1740 3066 conscientiae
1770 3026 1905 3066 mea:

304 3100 466 3155 testis
517 3116 608 3166 es;
663 3101 790 3171 quia
834 3116 936 3171 ego
987 3102 1090 3156 hac
1139 3101 1483 3157 sanctissima
1525 3112 1690 3158 nocte
1736 3104 1906 3158 etiam

297 3193 514 3263 proprii
559 3191 780 3246 thalami
827 3191 1014 3248 viriles
1067 3191 1350 3262 amplexus
1384 3193 1677 3259 abborrui,
1727 3192 1904 3247 alieno

2012 2001 2446 2075 impossibilitate
2476 2000 2749 2074 confligat.

2601 2117 2832 2176 CAPUT
2888 2118 3006 2173 XV.

2014 2211 2290 2267 Concludit
2325 2213 2663 2268 asserendum
2701 2230 2810 2354 isse
2851 2213 3020 2268 Deum
3047 2228 3196 2283 posse
3235 2211 3376 2282 facta
3403 2212 3600 2285 infecta

2730 2300 2898 2338 acere.

2730 2300 2898 2338 acere.

2083 2379 2310 2447 Quando
2356 2379 2522 2450 igitur
2568 2378 2798 2449 quaastio
2833 2377 2936 2432 ista
2986 2378 3324 2448 proponitur,
3358 2385 3417 2432 ut
3447 2377 3599 2433 dica-

2013 2484 2104 2529 tur
2149 2493 2161 2528 :
2207 2474 2490 2541 Quomodo
2549 2483 2745 2544 potest.
2785 2473 2927 2529 Deus
2978 2473 3081 2529 hoc
3129 2488 3290 2545 agere
3349 2481 3409 2528 ut
3457 2472 3606 2544 quod

2011 2565 2216 2621 factum
2252 2567 2354 2621 fuit
2408 2566 2611 2622 factum
2664 2581 2769 2622 non
2811 2565 3020 2620 fuerit?
3060 2565 3405 2637 Respondeat
3455 2581 3602 2620 sanae

2011 2656 2137 2712 ﬁdei
2174 2656 2345 2712 frater
2395 2659 2521 2725 quia
2554 2657 2700 2727 quod
2747 2655 2952 2713 factum
2999 2665 3102 2722 est,
3137 2657 3180 2711 si
3226 2656 3427 2711 malum
3473 2656 3602 2724 fuit,

2011 2764 2123 2804 non
2151 2748 2373 2818 aliquid,
2409 2749 2503 2805 sed
2534 2749 2669 2804 nihil
2709 2749 2814 2803 fuit
2848 2767 2861 2802 :
2895 2765 2961 2805 ac
2983 2759 3268 2821 propterea
3298 2766 3406 2806 non
3437 2750 3606 2807 fuisse

2008 2839 2302 2895 dicendum
2325 2850 2430 2905 est,
2462 2839 2590 2909 quia
2616 2839 2911 2894 materiam
2951 2840 3220 2896 existendi
3253 2857 3358 2896 non
3390 2841 3602 2906 habuit,

2009 2931 2158 3000 quod
2185 2946 2367 2986 rerum
2411 2930 2609 2986 artifex
2661 2940 2720 2984 ut
2774 2932 2927 2987 fieret
2972 2947 3081 2987 non
3110 2933 3404 2988 mandavit.
3444 2933 3602 3001 Quod

2011 3023 2059 3076 si
2087 3023 2289 3078 bonum
2313 3023 2410 3078 fuit
2437 3024 2580 3092 quod
2605 3023 2807 3079 factum
2831 3033 2934 3090 est,
2960 3042 2989 3079 a
3019 3027 3129 3080 Deo
3167 3026 3352 3097 utique
3399 3025 3605 3081 factum

2012 3123 2116 3172 est.
2155 3133 2174 3168 ι
2209 3115 2545 3182 Dixitcnim,
2577 3125 2633 3171 et
2664 3115 2804 3171 facta
2831 3125 2975 3182 sunt,
3004 3117 3302 3182 mandavit,
3334 3126 3390 3172 et
3418 3128 3605 3175 creata

2013 3214 2137 3260 sunt
2165 3203 2338 3275 (Psal.
2373 3222 2525 3261 ann
2554 3248 2569 3273 ,
2592 3207 2860 3277 ﬁxum).
2895 3206 3090 3263 Omnia
3121 3209 3268 3264 enim
3301 3224 3396 3280 per
3425 3209 3605 3279 ipsum

295 3282 612 3355 praesertim
642 3283 859 3338 misceri
888 3283 1004 3338 viro
1041 3299 1126 3336 me
1147 3284 1367 3353 penitus
1388 3285 1667 3355 ignoravi;
1701 3292 1753 3338 te
1782 3297 1902 3349 oro,

2012 3272 2326 3364 facta-sunt,
2365 3305 2420 3352 et
2443 3272 2562 3353 sine
2589 3272 2708 3369 ipso
2727 3272 2932 3354 factum
2963 3309 3046 3355 est
3088 3298 3222 3354 nihil
3253 3272 3535 3372 (J'oanjt).
3577 3320 3598 3356 ι

301 3375 558 3441 Domine,
576 3392 682 3432 non
700 3376 935 3448 aspicias
961 3385 1183 3446 peccata
1207 3389 1350 3442 mea,
1374 3375 1468 3431 sed
1488 3376 1700 3446 placeat
1722 3391 1909 3431 coram

289 3469 366 3528 ‘te
421 3479 479 3526 ut
532 3480 848 3547 sanctorum
896 3479 1113 3525 tuorum
1163 3469 1448 3525 ulciscaris
1500 3469 1783 3540 injuriam.
1818 3468 1908 3538 ,ln

304 3575 612 3634 conspectu
643 3581 775 3636 ergo
823 3565 1009 3636 populi
1049 3565 1124 3619 tui
1157 3579 1304 3620 nunc
1352 3563 1581 3620 ostende
1609 3564 1864 3618 virtutem
1890 3604 1906 3630 ,

307 3665 367 3713 et
416 3657 484 3712 ad
517 3657 742 3728 gloriam
791 3657 1124 3713 sanctissimi
1154 3656 1391 3712 nominis
1446 3656 1522 3710 tui
1570 3657 1738 3726 prode
1773 3669 1911 3710 mea:

308 3749 637 3820 proditionis
692 3758 987 3805 auctorem.
1046 3748 1388 3804 Producatur
1428 3747 1480 3802 in
1534 3749 1810 3815 medium,
1854 3756 1911 3803 et

313 3839 712 3896 immanitatem
749 3839 1108 3896 crudelissimi
1161 3838 1384 3895 sceleris
1419 3838 1486 3896 de
1537 3853 1652 3894 sua:
1703 3837 1911 3894 fraudis

311 3933 536 4005 aufugio
575 3949 684 3989 non
722 3933 986 3988 lucretur.
1032 3953 1051 3984 ι
1090 3931 1335 4001 Cumque
1383 3930 1553 3986 multa
1580 3931 1666 3986 his
1710 3929 1912 3986 similia

309 4024 512 4080 mulier
561 4040 749 4080 amaro
796 4025 992 4094 spiritu
1040 4038 1150 4079 non
1187 4023 1360 4090 clam,
1417 4021 1515 4077 sed
1566 4020 1911 4077 vociferando

312 4118 691 4192 profunderet,
717 4129 772 4176 et
799 4119 1052 4190 populus,
1085 4120 1133 4174 ei
1157 4135 1256 4189 pro
1287 4132 1524 4173 mcerore
1554 4117 1909 4186 compatiens,

311 4215 460 4270 idem
490 4214 630 4269 votis
660 4222 715 4269 et
761 4213 1016 4284 precibus
1065 4211 1229 4284 635
1273 4211 1512 4267 divinam
1563 4209 1912 4265 clementiam

309 4303 663 4376 imploraret;
690 4313 883 4360 auctor
927 4303 1173 4371 sceleris,
1204 4303 1295 4359 ubi
1325 4302 1547 4369 latebat,
1579 4302 1912 4358 dannoniaco

319 4397 523 4467 spiritu
578 4408 800 4468 repente
844 4397 1166 4468 corripitur,
1213 4405 1268 4452 et
1313 4397 1369 4451 in
1402 4395 1644 4451 furorem
1682 4395 1912 4450 nimium

314 4495 486 4557 atque
516 4489 792 4544 vesaniam
823 4487 1044 4543 rabidus
1086 4487 1333 4544 eil‘ertur.
1365 4487 1598 4558 Moxque
1627 4487 1681 4542 in
1728 4485 1913 4543 Eccle-

316 4579 481 4644 siam,
530 4580 726 4650 p0pulo
762 4580 1204 4650 obstupescente,
1255 4581 1472 4636 noviter
1513 4579 1765 4650 prosiliit,
1796 4595 1912 4634 om-

318 4686 526 4741 nesque
553 4671 608 4726 in
641 4671 724 4726 sui
776 4666 1215 4738 admiratidnem,
1255 4668 1608 4740 semetipsum
1651 4670 1906 4728 laniando

319 4780 388 4822 ac
415 4765 792 4834 discerpendo,
823 4765 1113 4820 convertit.
1147 4767 1291 4820 Dans
1320 4764 1571 4819 fremitus
1600 4773 1652 4818 et
1677 4764 1904 4834 rugitus,

317 4859 557 4931 propriis
587 4872 645 4912 se
673 4856 926 4912 manibus
964 4857 1257 4913 crudeliter
1284 4857 1585 4922 lacerabat,
1621 4857 1780 4910 modo
1812 4871 1908 4910 vc-

320 4951 402 5007 lut
427 4951 613 5006 volans
637 4950 690 5004 in
713 4948 820 5004 alta
843 4949 1152 5018 prosiliens,
1178 4949 1338 5003 modo
1363 4964 1420 5004 se
1443 4964 1564 5003 cum
1589 4948 1910 5019 gravissimo

316 5040 528 5112 impetu
557 5041 610 5094 in
637 5041 745 5094 ima
785 5041 1130 5110 demergens,
1174 5039 1334 5093 modo
1367 5039 1420 5092 in
1452 5040 1717 5108 parietem
1746 5045 1910 5107 caput

317 5133 618 5199 incutiens,
645 5131 807 5186 modo
839 5147 896 5188 sc
927 5132 982 5185 in
1007 5130 1380 5200 pavimentum
1424 5131 1746 5186 insaniendo
1778 5146 1908 5200 pro-

316 5231 600 5288 sternens,
627 5222 811 5276 omnia
839 5221 1050 5276 viscera
1082 5235 1180 5277 sua
1222 5220 1610 5276 miserabiliter
1639 5235 1909 5290 conquas-

320 5314 497 5372 sabat.
543 5313 658 5368 lloc
685 5313 872 5384 itaque
899 5312 1060 5368 modo
1089 5312 1358 5381 malignus
1394 5311 1616 5380 spiritus
1641 5326 1767 5366 eum
1797 5310 1907 5366 coi-

320 5408 492 5461 littere
514 5419 620 5459 non
650 5404 910 5470 cessavit,
942 5403 1116 5459 donec
1138 5402 1412 5458 infelicem
1437 5403 1694 5468 animam,
1721 5417 1906 5458 coram

321 5495 520 5567 populo
544 5495 660 5566 qui)
685 5496 900 5562 aderat,
921 5495 988 5551 de
1023 5511 1253 5566 corpore
1279 5495 1425 5550 illius
1452 5494 1668 5550 evulsit.
1713 5492 1908 5548 Viden-

324 5598 405 5642 tes
429 5596 610 5643 autem
644 5588 738 5660 qui
766 5590 1014 5656 aderant,
1039 5589 1362 5644 immensam
1387 5588 1593 5644 auctori
1619 5587 1730 5642 Deo
1747 5587 1911 5658 justi-

323 5679 416 5736 tiae
438 5678 662 5752 gloriam
706 5679 982 5748 referunt;
1013 5681 1104 5752 qui
1143 5689 1197 5736 et
1225 5681 1443 5752 impune
1473 5695 1577 5736 non
1612 5695 1804 5750 passus
1832 5687 1916 5735 est

325 5771 484 5830 abire
511 5782 854 5844 peccantem,
881 5784 936 5830 et
964 5775 1310 5830 innocentem
1335 5773 1644 5830 consolatus
1665 5783 1751 5829 est
1791 5788 1911 5828 mu-

325 5860 542 5930 iierem.
579 5867 808 5935 Quando
833 5874 1014 5920 autem
1045 5865 1148 5921 hoc
1188 5865 1321 5921 mihi
1365 5867 1599 5925 relatum
1642 5864 1782 5946 forte
1829 5865 1912 5923 di-

825 5959 1096 6022 Pnaor.
1145 5957 1418 6034 (ηανξ

1939 4636 1992 4696 D

2012 3390 2190 3460 Atque
2220 3390 2339 3446 ideo
2389 3391 2496 3447 tale
2528 3399 2613 3447 est
2650 3391 2794 3462 quod
2822 3392 3024 3447 dicitur
3056 3411 3068 3446 :
3099 3392 3382 3460 Quomodo
3421 3391 3605 3448 facere

2012 3482 2158 3538 Deus
2188 3490 2367 3554 potest
2393 3491 2454 3538 ιιι
2476 3483 2620 3553 quod
2641 3482 2845 3538 factum
2877 3481 2979 3537 fuit
3018 3481 3220 3538 factum
3269 3497 3376 3538 non
3405 3480 3605 3539 fuerit?

2011 3577 2091 3632 Ac
2139 3575 2184 3631 si
2227 3575 2485 3630 dicatur:
2521 3575 2707 3631 Potest
2760 3576 2902 3630 Deus
2953 3589 3114 3645 agere
3160 3582 3240 3640 ut,
3291 3574 3434 3645 quod
3475 3573 3608 3631 fecit

2015 3668 2150 3739 ipse,
2183 3683 2289 3723 non
2317 3667 2544 3724 fecerit?
2571 3667 2836 3722 Nimirum
2866 3675 2948 3735 ut,
2977 3665 3122 3738 quod
3146 3666 3276 3722 fecit
3296 3667 3467 3733 Deus,
3493 3681 3604 3723 non

2013 3760 2206 3817 fecerit
2235 3763 2394 3817 Deus.
2429 3759 2555 3816 ideo
2576 3759 2960 3828 conspuendus
2989 3766 3074 3814 est
3115 3758 3207 3828 qui
3244 3757 3347 3813 hoc
3383 3757 3602 3825 asserit,

2013 3864 2072 3910 et
2095 3869 2204 3909 non
2229 3854 2585 3925 responsione
2611 3853 2831 3924 dignus,
2866 3854 2962 3908 sed
2991 3852 3060 3907 ad
3092 3853 3395 3909 cauterium
3425 3853 3605 3924 potius

2015 3945 2400 4010 destinandus;
2458 3945 2526 4000 ad
2578 3943 2940 4000 confutandos
2980 3954 3158 3998 tatnen
3217 3944 3504 4013 improbos
3548 3954 3605 3999 et

2015 4034 2255 4100 dicaces,
2297 4035 2575 4090 memoriae
2597 4033 3029 4090 commendanda
3057 4041 3185 4089 sunt
3208 4048 3328 4103 qua:
3349 4036 3602 4106 superius

2015 4127 2157 4182 dicta
2200 4137 2326 4181 sunt
2355 4142 2369 4179 :
2409 4141 2532 4196 quae
2568 4127 2827 4180 nimirum
2857 4140 2958 4180 nos
2999 4125 3298 4180 omittimus
3322 4125 3488 4198 636
3515 4127 3605 4182 hic

2015 4219 2180 4272 etiam
2211 4217 2488 4274 succincte
2516 4217 2887 4287 perstringere
2909 4255 2925 4282 ,
2976 4229 3046 4269 ne
3082 4215 3282 4285 legenti
3326 4215 3604 4271 fastidium

2016 4309 2195 4365 valeat
2238 4308 2362 4380 styli
2400 4307 2684 4379 prolixitas
2715 4322 2997 4378 generare.
3029 4305 3147 4362 Non
3189 4306 3333 4361 enim
3380 4306 3601 4372 librum,

2016 4399 2114 4456 sed
2140 4398 2422 4470 epistolam
2469 4397 2630 4454 edere
2667 4398 3070 4468 pr0posuimus.
3103 4397 3248 4454 inter
3275 4406 3475 4454 caetera
3523 4407 3606 4454 la-

2016 4506 2141 4547 men
2183 4491 2314 4547 illud
2340 4506 2506 4546 unum
2537 4490 2685 4561 quod
2709 4505 2740 4544 a
2768 4490 2926 4546 nobis
2957 4491 3162 4546 dictum
3190 4499 3296 4558 est,
3327 4492 3604 4548 memoria:

2017 4594 2219 4640 nostra:
2242 4599 2351 4639 non
2376 4583 2622 4650 excidat;
2653 4583 2912 4652 quoniam
2947 4581 3197 4638 Creatori
3222 4583 3464 4638 omnium
3493 4583 3605 4639 Deo

2017 4675 2197 4730 omnia
2234 4689 2392 4744 posse
2429 4682 2758 4729 coaeternum
2788 4681 2891 4737 est,
2921 4672 3062 4727 sicut
3091 4681 3149 4727 et
3195 4673 3380 4728 omnia
3420 4688 3600 4737 nosse,

2013 4768 2264 4836 quodque
2291 4765 2432 4818 intra
2463 4763 2744 4834 sapientiae
2779 4778 2892 4817 suae
2914 4762 3092 4816 sinum
3137 4763 3217 4816 sic
3255 4759 3436 4816 omnia
3467 4771 3605 4818 tem-

2014 4873 2171 4929 pora,
2222 4855 2499 4926 prmlcrita
2545 4853 2774 4917 scilicet,
2813 4851 3126 4920 praesentia,
3157 4859 3213 4905 et
3257 4849 3439 4906 futura
3473 4867 3606 4908 con-

2016 4948 2204 5012 cludit,
2238 4946 2371 5017 ﬁgit,
2405 4960 2468 4999 ac
2513 4943 2827 5014 perenniter
2858 4941 3038 5009 sistit,
3069 4949 3127 4996 ut
3177 4955 3354 5011 neque
3399 4957 3600 5000 novum

2017 5039 2218 5111 aliquid
2251 5039 2317 5093 ad
2360 5053 2419 5094 se
2445 5037 2682 5109 patiatur
2710 5034 2994 5100 accedere,
3027 5048 3128 5088 nec
3157 5048 3189 5088 a
3218 5048 3278 5088 se
3302 5033 3603 5107 quidquam

2022 5133 2399 5206 prtetereundo
2450 5129 2704 5185 transire.
2752 5128 3138 5183 Verumtamen
3203 5142 3325 5198 quin
3371 5136 3456 5184 est
3507 5127 3601 5186 illa

2022 5226 2219 5289 virtus,
2257 5238 2379 5293 quae
2403 5230 2660 5292 potestas,
2693 5233 2798 5288 qua
2844 5226 3022 5288 potest
3049 5217 3192 5274 Deus
3218 5219 3441 5276 omnia?
3481 5236 3604 5292 qua

2021 5315 2304 5388 sapientia,
2336 5328 2441 5384 qua
2472 5311 2622 5366 novit
2644 5309 3218 5380 omnia?lnquiramus
3243 5311 3560 5392 Apostoium
3585 5331 3602 5370 :

2026 5429 2045 5462 ‹
2078 5409 2352 5471 Christus,
2384 5406 2595 5476 inquit,
2627 5403 2722 5458 Dei
2752 5411 2836 5458 est
2879 5404 3085 5471 virtus,
3118 5413 3172 5460 et
3210 5404 3305 5460 Dei
3333 5406 3604 5476 sapientia

2021 5501 2068 5572 (ι
2103 5498 2228 5554 Cor.
2261 5495 2324 5569 ι).
2368 5517 2386 5549 ι
2430 5495 2507 5552 lbi
2537 5511 2669 5552 sane
2703 5511 2832 5552 vera
2871 5497 3166 5560 mternitas,
3215 5511 3343 5552 vera
3385 5504 3467 5552 est
3497 5496 3600 5553 im-

2018 5592 2319 5648 mortalitas
2354 5609 2367 5644 :
2395 5589 2466 5646 ibi
2493 5598 2756 5645 mternum
2782 5589 2911 5644 illud
2936 5589 3115 5655 hodie,
3147 5591 3290 5660 quod
3322 5605 3598 5660 nunquam

2020 5683 2214 5739 transit
2239 5697 2253 5736 :
2283 5682 2356 5738 ibi
2389 5696 2628 5752 praesens
2677 5682 3088 5752 sempiternum,
3116 5680 3355 5751 illudque
3385 5681 3604 5734 hodier-

2019 5792 2183 5842 num,
2224 5775 2368 5846 quod
2418 5782 2565 5828 tanta
2599 5772 2801 5843 jugitcr
2855 5773 3149 5828 stabilitate
3206 5771 3498 5842 defigitur,
3539 5781 3602 5826 ut

2022 5867 2256 5927 transire
2303 5866 2531 5948 nesciat,
2570 5880 2677 5950 nec
2715 5881 2772 5922 se
2829 5863 3119 5936 aliquando
3158 5864 3208 5917 in
3262 5861 3597 5932 prreteritum

3162 5956 3240 6015 20
