4142 5396
2123 315 2145 342 κ

587 389 689 446 619

1041 385 1099 442 S.
1137 383 1341 440 PETRI
1377 384 1659 440 DAMIANI
1693 384 1844 442 OPP.
1888 381 2124 441 TOMUS
2163 380 2297 438 SEU
2336 381 2517 439 PARS
2554 383 2641 441 lll.
2677 415 2748 426 —
2776 386 3140 444 OPUSCULA
3183 390 3410 448 VARIA.

3751 398 3857 457 6‘20

588 517 783 565 vertat.
834 506 914 562 Ad
962 489 1342 560 revincendam
1389 519 1520 575 ergo
1565 503 1834 559 dicacium
1884 502 2168 556 hominum
2195 519 2252 578 Δ
2276 507 2455 554 mutor
2484 499 2739 570 (Malaclt.
2770 504 2876 572 ιιι).
2908 523 2925 556 ι
2952 503 3019 559 Et
3040 505 3093 559 in
3126 507 3416 579 Evangelia
3448 527 3461 564 :
3495 527 3515 562 α
3550 510 3856 584 Antequam

591 600 998 675 impudentiam,
1037 597 1235 668 quibus
1289 596 1465 651 adhuc
1511 587 1799 665 propositae
1852 593 2169 663 quaestionis

587 697 854 757 absolutio
904 693 1154 764 superius
1185 691 1336 746 facta
1387 705 1496 744 non
1552 688 1788 754 sufﬁcit,
1840 703 1950 742 non
1989 688 2170 758 inepte

585 804 869 862 possumus
904 786 1086 842 dicere
1151 783 1276 853 quia
1325 791 1500 852 potest
1550 781 1692 837 Deus
1759 779 1942 835 facere
1975 780 2031 834 in
2080 779 2172 835 illa

586 882 890 943 invariabili
920 891 975 936 et
1000 876 1444 935 constantissima
1465 889 1679 942 semper
1701 872 2023 940 aeternitate
2049 887 2168 936 sua,

584 992 644 1038 ut
673 979 815 1052 quod
843 977 1045 1031 factum
1086 972 1286 1035 fuerat,
1317 969 1458 1039 apud
1487 969 1590 1022 hoc
1623 967 1862 1021 transire
1902 973 2164 1029 nostrum,

583 1075 789 1130 factum
838 1086 944 1125 non
989 1068 1092 1133 sit;
1141 1064 1348 1120 scilicet
1384 1071 1445 1116 ut
1492 1060 1740 1114 dicamus
1777 1073 1792 1111 :
1827 1057 2018 1124 Roma,
2049 1071 2172 1128 qua:

586 1167 884 1238 antiquitus
912 1159 1127 1218 condita
1166 1166 1270 1224 est,
1296 1164 1461 1227 potest
1487 1151 1630 1209 Deus
1656 1166 1817 1221 agere
1864 1160 1924 1206 ut
1952 1151 2172 1206 condita

585 1279 694 1318 non
744 1259 928 1314 fuerit.
974 1255 1089 1310 lloc
1138 1252 1280 1322 quod
1330 1249 1584 1313 dicimus,
1631 1254 1834 1316 potest,
1885 1245 2170 1315 praesentis

583 1354 835 1410 videlicet
867 1350 1142 1421 temporis,
1173 1359 1413 1415 congrue
1436 1342 1634 1399 dicitur
1654 1349 1914 1410 quantum
1935 1338 2171 1408 pertinet

584 1449 650 1503 ad
691 1443 1021 1502 immobilem
1064 1439 1159 1495 Dei
1209 1434 1597 1506 omnipotentis
1645 1431 2035 1494 aeternitatem;
2073 1429 2170 1483 sed

584 1548 844 1608 quantum
875 1534 943 1589 ad
964 1549 1082 1598 nos,
1102 1529 1190 1586 ubi
1213 1527 1526 1585 continuata
1552 1523 1842 1589 mobilitas,
1888 1531 1942 1576 et
1972 1534 2170 1590 perpes

582 1621 665 1690 est
694 1631 977 1695 transitus,
1023 1636 1081 1680 ut
1113 1639 1229 1680 mos
1265 1631 1366 1688 est,
1403 1619 1597 1690 potuit,
1619 1613 2036 1673 convenientius
2081 1613 2166 1667 di-

584 1738 852 1788 ceremus,
916 1727 975 1773 ut
1022 1719 1096 1772 ita
1145 1714 1514 1785 intelligamus
1583 1709 1686 1764 hoc
1735 1706 1881 1777 quod
1928 1704 2164 1760 dicitur:

579 1814 769 1872 Potest
799 1811 941 1867 Deus
977 1808 1179 1872 facere,
1211 1815 1271 1860 ut
1304 1804 1479 1859 Roma
1533 1816 1640 1855 non
1688 1797 1852 1853 fuerit
1885 1812 1992 1851 non
2038 1809 2169 1850 con-

2271 592 2546 647 Abraham
2583 592 2758 659 fieret,
2797 608 2896 664 ego
2933 611 3052 651 sum
3087 596 3267 668 (Joan.
3301 599 3441 672 vnt).
3491 622 3510 655 ›
3552 602 3669 658 Non
3710 607 3856 662 enim

2275 695 2516 742 mutatur
2554 688 2708 758 juxta
2766 689 3132 746 conditionem
3195 700 3436 749 nostram
3492 695 3561 753 de
3613 696 3858 756 futurum

2275 795 2395 836 esse
2419 781 2474 836 in
2508 795 2648 847 esse,
2681 781 2766 838 vel
2797 783 2862 838 de
2884 799 3004 838 esse
3029 783 3083 838 in
3119 782 3316 853 fuisse;
3355 788 3450 842 sed
3475 803 3690 862 semper
3714 793 3858 850 idem

2276 883 2377 940 est,
2411 884 2468 930 et
2499 891 2713 946 semper
2737 884 2820 931 est
2855 878 3000 947 quod
3019 887 3122 934 est.

2348 967 2501 1024 Sicut
2531 985 2658 1040 ergo
2715 970 2856 1024 Deus
2903 986 3044 1025 unus
3070 971 3340 1046 idemque
3387 987 3730 1046 semperest,
3781 980 3858 1035 ita

2277 1063 2418 1132 apud
2445 1079 2568 1118 eum
2591 1064 2789 1150 omnia
2819 1079 3010 1135 posse,
3043 1041 3424 1122 indefectivum
3459 1077 3620 1140 atque
3655 1073 3854 1145 imper—

2276 1155 2561 1210 transibile
2585 1169 2802 1226 semper
2845 1158 3018 1213 adest.
3054 1158 3122 1213 Et
3160 1159 3301 1215 sicut
3333 1163 3603 1220 veraciter
3638 1171 3696 1220 et
3728 1165 3855 1222 abs-

2276 1263 2383 1318 que
2437 1247 2542 1302 ulla
2579 1248 2793 1318 penitus
2840 1250 3268 1308 contradictione
3321 1254 3552 1311 dicimus
3596 1258 3721 1327 quia
3754 1260 3858 1317 hoc

2275 1354 2420 1393 nunc
2443 1347 2499 1393 et
2532 1353 2744 1409 semper
2797 1339 2939 1396 Deus
2989 1341 3092 1398 hoc
3115 1351 3199 1398 est
3236 1345 3379 1415 quod
3421 1355 3539 1402 crat
3584 1359 3709 1406 ante
3759 1367 3856 1405 sae-

2275 1431 2436 1496 cula,
2484 1431 2560 1485 ita
2599 1432 2952 1489 nihilominus
2998 1435 3268 1491 veraciter
3317 1437 3545 1494 dicimus
3584 1442 3708 1510 quia
3754 1443 3856 1499 hoc

2277 1539 2421 1577 nunc
2449 1533 2506 1578 ct
2541 1537 2754 1595 semper
2783 1532 2961 1594 potest
2985 1525 3128 1582 Deus
3174 1527 3317 1598 quod
3345 1539 3559 1598 poterat
3597 1542 3723 1588 ante
3757 1550 3857 1589 sae-

2275 1613 2416 1668 cula.
2449 1612 2505 1668 Si
2531 1629 2661 1684 ergo
2702 1629 2800 1684 per
2847 1616 3028 1671 omnia
3076 1625 3254 1688 potest
3299 1620 3441 1674 Deus
3479 1622 3740 1692 quidquid
3788 1625 3855 1679 ab

2276 1704 2434 1761 initio
2463 1706 2638 1775 potuit
2667 1715 2794 1761 ante
2831 1722 3014 1762 rerum
3053 1710 3440 1777 conditionem,
3464 1723 3524 1768 ut
3565 1731 3685 1785 quae
3712 1734 3856 1774 nunc

2274 1797 2420 1854 facta
2449 1810 2573 1854 sunt
2605 1800 2910 1857 nullatenus
2940 1802 3166 1868 ﬁerent;
3202 1814 3381 1875 potest
3417 1808 3580 1879 igitur
3611 1821 3669 1864 ut
3715 1811 3854 1868 facta

581 1910 717 1975 dita,
750 1907 852 1961 hoc
881 1903 1090 1958 scilicet
1133 1898 1432 1954 secundum
1479 1911 1604 1952 eum
1635 1893 1776 1964 apud
1802 1906 1963 1962 quem
1997 1910 2016 1941 ‹
2057 1904 2165 1943 ιιοιι
2195 1897 2245 1956 Β
2273 1891 2496 1945 minime
2525 1890 2774 1946 fuissent.
2815 1893 2982 1949 Posse
3016 1894 3282 1964 siquidem
3317 1896 3433 1966 ejus
3483 1899 3648 1955 fixum
3687 1915 3770 1959 est
3801 1913 3856 1960 et

581 2012 664 2058 est
688 1996 1070 2056 transmutatio
1096 2009 1196 2049 nec
1221 1990 1608 2047 vicissitudinis
1634 1985 1980 2044 obumbratio
2014 1983 2158 2052 (Jac.

578 2098 654 2168 ι).
688 2115 708 2148 ι
755 2092 908 2160 Quod
971 2088 1228 2144 nimirum
1272 2085 1414 2156 apud
1474 2097 1573 2137 nos
1631 2081 1707 2134 ita
1760 2086 1936 2144 sonat,
1991 2077 2165 2148 potuit

579 2187 740 2242 Deus.
766 2184 1038 2252 Quantum
1059 2179 1205 2236 enim
1228 2177 1297 2232 ad
1322 2174 1681 2232 aeternitatem
1703 2187 1881 2238 suam,
1903 2169 2166 2241 quidquid

577 2279 753 2352 potuit
780 2277 944 2340 Deus,
980 2275 1083 2329 hoc
1106 2272 1272 2327 etiam
1302 2277 1358 2323 et
1388 2274 1598 2338 potest;
1632 2265 1760 2335 quia
1780 2277 2019 2334 praesens
2047 2261 2166 2330 ejus

578 2375 632 2428 in
671 2370 1006 2443 prmteritum
1051 2379 1328 2435 nunquam
1374 2362 1424 2418 ei
1475 2359 1709 2416 vortitur
1764 2376 1776 2411 :

578 2481 685 2522 non
732 2465 788 2519 in
830 2478 973 2525 cras,
1021 2460 1104 2515 vel
1134 2459 1189 2513 in
1221 2454 1440 2528 aliquod
1493 2451 1753 2524 temporis
1787 2450 2166 2506 vicissitudine

577 2566 954 2633 permutatur;
1008 2554 1102 2610 sed
1143 2553 1282 2608 sicut
1323 2551 1438 2620 ipse
1483 2562 1698 2618 semper
1743 2543 2018 2614 est‘quod
2058 2551 2162 2608 est,

576 2654 654 2708 ita
702 2647 963 2720 quidquid
996 2646 1070 2701 illi
1117 2645 1309 2709 adest,
1362 2655 1578 2712 semper
1607 2639 1778 2693 adest.
1823 2635 2164 2708 Quapropter

577 2741 720 2799 sicut
749 2740 854 2794 rite
883 2751 1168 2808 possumus
1206 2735 1389 2789 dicere
1423 2749 1436 2784 :
1471 2728 1654 2784 Potuit
1684 2728 1826 2782 Deus
1865 2735 1926 2780 ut
1965 2725 2162 2792 Roma,

575 2845 867 2906 antequam
903 2831 1045 2886 facta
1099 2829 1328 2892 fuisset,
1381 2825 1524 2880 facta
1564 2838 1670 2876 non
1700 2820 1896 2886 fuerit;
1953 2820 2026 2873 ita
2081 2819 2163 2873 n-i-

577 2928 870 2985 hilominus
893 2937 1180 2997 possumus
1205 2928 1260 2974 et
1281 2931 1521 2988 congrue
1550 2914 1732 2970 dicere
1761 2929 1774 2964 :
1809 2911 1995 2966 Potest
2019 2910 2162 2966 Deus

575 3029 635 3075 ut
655 3018 852 3085 Roma,
878 3016 1043 3071 etiam
1067 3021 1356 3083 postquam
1387 3006 1530 3061 facta
1549 3013 1655 3070 est,
1673 3002 1820 3058 facta
1837 3017 1945 3057 non
1976 3001 2158 3056 fuerit.

575 3110 757 3167 Potuit
784 3105 1080 3163 secundum
1111 3116 1227 3166 nos,
1247 3105 1426 3170 potest
1448 3094 1746 3151 secundum
1771 3107 1849 3149 se.
1865 3091 2000 3146 lllud
2015 3091 2162 3146 enim

573 3216 754 3274 posse,
781 3197 926 3269 quod
959 3193 1194 3251 habebat
1231 3192 1376 3246 Deus
1417 3197 1710 3257 antequam
1758 3185 1932 3240 Roma
1985 3185 2159 3248 ﬁeret,

2272 1992 2560 2049 aeternum,
2599 1990 2658 2036 ut
2695 1983 2958 2053 quidquid
2988 2000 3225 2056 unquam
3256 1989 3460 2057 potuit,
3496 2005 3711 2063 semper
3735 2009 3854 2064 pos-

2271 2078 2365 2143 sit,
2395 2093 2496 2133 nec
2526 2079 2761 2134 varietas
2789 2088 3090 2152 temporum
3125 2082 3268 2153 apud
3294 2087 3654 2144 aeternitatem
3688 2091 3853 2147 ullum

2268 2171 2666 2226 vicissitudinis
2694 2172 2902 2227 invenit
2930 2173 3142 2240 locum;
3173 2175 3267 2230 sed
3295 2177 3437 2232 sicut
3467 2178 3606 2235 idem
3642 2197 3855 2254 semper

2205 2295 2230 2348 ι.
2271 2263 2493 2332 quodin
2518 2264 2787 2335 principio
2816 2275 2955 2334 erat,
2988 2267 3068 2324 sic
3094 2270 3258 2324 etiam
3285 2280 3457 2326 totum
3492 2282 3669 2343 potest
3694 2278 3853 2348 quid-

1831 2357 1950 2426 ejus
2003 2355 2165 2412 hodie
2199 2351 2212 2356 ”
2230 2351 2244 2353 ”

2271 2358 2402 2426 quid
2428 2368 2556 2412 ante
2585 2358 2781 2414 saecula
2811 2368 3042 2430 poterat.
3074 2359 3372 2433 Proposita:
3408 2365 3574 2437 igitur
3609 2368 3853 2439 disputa-

2269 2449 2405 2502 tioni
2426 2449 2732 2505 a‘dhibenda
2763 2459 2849 2505 est
2879 2451 3118 2508 clausula
3147 2471 3160 2506 :
3188 2453 3246 2509 Si
3275 2457 3456 2526 itaque
3483 2459 3662 2513 omnia
3693 2476 3853 2531 posse

2268 2549 2596 2596 coaeternum
2626 2549 2709 2597 est
2738 2543 2868 2610 Deo,
2894 2553 3074 2613 potest
3099 2545 3264 2617 igitur
3301 2547 3442 2604 Deus
3484 2558 3543 2604 ut
3565 2567 3683 2620 quae
3709 2553 3852 2609 facta

2268 2643 2394 2688 sunt
2421 2633 2564 2688 facta
2596 2650 2704 2689 non
2731 2633 2950 2690 fuerint.
2986 2634 3093 2691 Sed
3114 2638 3294 2692 omnia
3336 2655 3494 2710 posse
3526 2652 3852 2699 coa:ternum

2266 2737 2349 2784 est
2375 2728 2513 2796 Deo;
2538 2738 2718 2800 potest
2764 2730 2928 2801 igitur
2958 2730 3102 2787 Deus
3124 2742 3184 2786 ut
3213 2749 3333 2803 quae
3365 2733 3504 2789 facta
3553 2745 3677 2790 sunt
3708 2735 3851 2793 facta

2265 2839 2374 2879 non
2413 2823 2632 2878 fuerint.
2675 2823 3004 2880 Constanter
3035 2825 3199 2898 igitur
3236 2837 3292 2880 et
3336 2828 3570 2883 fideliter
3601 2845 3849 2886 asseren-

2266 2919 2392 2973 dum
2420 2928 2506 2975 est
2552 2919 2678 2990 quia
2723 2919 2887 2985 Deus,
2934 2920 3076 2976 sicut
3122 2921 3464 2990 omnipotens
3517 2923 3734 2991 dicitur,
3777 2925 3852 2979 ita

2264 3027 2495 3080 prorsus
2519 3013 2636 3068 sine
2664 3012 2772 3067 ulla
2808 3014 3128 3083 exceptione
3155 3013 3335 3068 omnia
3356 3015 3622 3070 veraciter
3655 3025 3848 3087 potest,

2266 3105 2379 3160 sive
2411 3107 2466 3161 in
2506 3106 2590 3161 his
2619 3122 2739 3176 quae
2773 3105 2916 3161 facta
2977 3118 3137 3172 sunt,
3190 3107 3303 3162 sive
3341 3107 3396 3161 in
3437 3108 3521 3164 his
3548 3124 3669 3179 quae
3707 3110 3852 3166 faeta

2267 3213 2373 3253 non
2401 3207 2552 3264 sunt,
2585 3206 2645 3253 ut
2682 3199 2811 3253 illud
2838 3198 3036 3254 Esther
3077 3198 3310 3269 elogium
3354 3199 3500 3255 velut
3547 3201 3853 3257 inviolabile

570 3264 908 3351 immutabile
952 3302 1166 3359 semper
1209 3285 1350 3357 apud
1400 3282 1763 3339 aeternitatem
1816 3279 1912 3334 Dei
1971 3287 2025 3332 et
2075 3278 2162 3331 in-

2266 3301 2500 3360 ponatur
2530 3292 2584 3344 in
2614 3291 2858 3360 opusculi
2890 3291 3238 3347 conclusione
3267 3293 3603 3362 signaculum
3635 3311 3648 3349 :
3687 3312 3706 3346 ι
3739 3294 3849 3351 Do-

575 3387 854 3446 transibile
891 3388 1225 3456 perseverat.
1257 3379 1326 3435 Et
1353 3385 1414 3432 ut
1451 3377 1519 3432 de
1543 3387 1866 3445 quacunque
1897 3387 1955 3424 re
1983 3369 2159 3440 possi-

577 3497 701 3538 mus
745 3481 929 3541 dcere
957 3477 1082 3547 quia
1129 3471 1307 3544 potuit
1339 3484 1463 3526 eam
1492 3468 1658 3534 Deus,
1685 3464 1964 3520 valeamus
1993 3463 2158 3518 etiam

579 3573 934 3628 nihilominus
991 3569 1172 3623 dicere
1219 3563 1344 3635 quia
1404 3568 1587 3634 potest
1632 3573 1754 3615 eam
1799 3557 1977 3623 Deus;
2031 3556 2158 3625 quia

571 3679 730 3736 posse
755 3663 892 3732 ejus,
924 3659 1068 3728 quod
1099 3655 1203 3712 sibi
1249 3654 1435 3723 utique
1463 3658 1794 3706 coaeternum
1832 3656 1945 3713 est,
1988 3645 2160 3699 fixum

577 3769 793 3824 semper
842 3758 1005 3819 atque
1052 3738 1326 3802 immdbiie
1371 3750 1474 3798 est.
1531 3740 1776 3795 Potuisse
1824 3739 1970 3794 enim
2015 3737 2156 3802 Dei,

576 3845 714 3916 apud
763 3857 862 3899 nos
892 3849 975 3897 est
1015 3836 1424 3901 tantummodo;
1453 3833 1596 3904 apud
1623 3834 1804 3903 ipsum
1832 3839 2012 3885 autem
2045 3843 2154 3884 non

574 3936 826 4006 potuisse,
861 3934 954 3989 sed
989 3933 1295 3995 immotum,
1327 3933 1587 3983 constans
1623 3933 1786 3994 atque
1836 3921 2158 3978 invariabile

576 4045 727 4100 posse
759 4040 973 4096 semper
1024 4032 1125 4080 est.
1160 4021 1532 4091 Quodcunque
1577 4017 1723 4073 enim
1765 4016 1940 4087 potuit
1988 4014 2154 4079 Deus,

577 4119 947 4175 indubitanter
988 4124 1042 4171 et
1077 4122 1290 4187 potest;
1333 4111 1477 4183 apud
1514 4123 1677 4181 quem
1703 4108 1982 4172 nimirum,
2017 4107 2160 4162 sicut

576 4226 685 4267 non
717 4219 802 4266 est
847 4225 956 4264 esse
989 4217 1038 4263 et
1076 4207 1272 4276 fuisse,
1327 4204 1422 4260 sed
1464 4203 1852 4272 sempiternum
1896 4215 2006 4254 esse
2020 4216 2041 4264 ;
2082 4199 2154 4254 ita

576 4309 974 4372 consequenter
1004 4315 1110 4356 non
1141 4307 1226 4354 est
1265 4298 1495 4367 potuisse
1524 4305 1573 4350 et
1609 4311 1784 4366 posse,
1825 4294 1920 4350 sed
1964 4295 2156 4349 immo-

574 4393 683 4450 bile
723 4405 939 4462 semper
988 4400 1044 4446 et
1089 4398 1411 4459 perpetuum
1459 4403 1629 4458 posse.
1678 4385 1831 4441 Sicut
1855 4385 1999 4440 enim
2049 4398 2156 4438 non

572 4482 734 4560 637
773 4483 849 4536 ait
882 4499 895 4536 :
938 4499 957 4533 ι
1001 4480 1113 4550 Ego
1149 4495 1270 4535 sum
1309 4479 1403 4550 qui
1441 4476 1520 4532 fui
1552 4487 1608 4532 et
1652 4492 1772 4532 sum
1807 4495 1819 4529 :
1864 4496 1883 4527 ι
1921 4475 2016 4530 sed
2054 4491 2154 4546 po-

575 4578 706 4644 tius,
742 4593 760 4627 (
795 4589 895 4646 ego
923 4587 1042 4629 sum
1083 4571 1176 4642 qui
1207 4584 1328 4626 sum
1357 4585 1373 4624 :
1412 4576 1467 4622 et
1499 4569 1592 4639 qui
1628 4577 1734 4636 est,
1788 4567 1935 4622 misit
1964 4581 2051 4622 me
2085 4567 2156 4622 ad

2261 3383 2430 3448 mine,
2469 3397 2566 3437 rex
2594 3383 2955 3452 omnipotens,
2997 3384 3055 3439 in
3101 3385 3306 3440 ditione
3348 3395 3438 3440 tua
3483 3397 3682 3444 cuncta
3724 3397 3855 3445 sunt

2260 3474 2457 3544 posita,
2494 3482 2550 3528 et
2594 3489 2702 3527 non
2748 3482 2834 3529 est
2884 3475 2980 3543 qui
3023 3475 3196 3545 possit
3236 3484 3340 3529 tuae
3376 3477 3629 3531 resistere
3658 3479 3854 3536 volun-

2262 3569 2380 3622 tati.
2411 3567 2493 3622 Tu
2514 3568 2658 3622 enim
2685 3566 2866 3622 fecisti
2891 3568 3090 3623 coelum
3139 3576 3197 3623 et
3223 3577 3447 3634 terram,
3489 3577 3545 3624 et
3587 3570 3853 3643 quidquid

2261 3659 2385 3715 εωΙί
2424 3659 2631 3713 ambitu
2671 3657 3008 3724 continetur;
3058 3659 3320 3715 Dominus
3366 3661 3608 3717 omnium
3661 3672 3718 3718 tu
3767 3681 3849 3735 es,

2261 3765 2364 3804 nec
2391 3757 2477 3804 est
2512 3748 2606 3818 qui
2630 3747 2850 3803 resistat
2877 3747 3150 3818 majestati
3178 3759 3282 3805 tua:
3319 3748 3534 3823 (Esther
3553 3751 3697 3824 xui).
3729 3772 3751 3805 ι

2848 3859 3079 3919 CAPUT
3115 3861 3257 3918 XVI.

2265 3977 2511 4033 Testatur
2565 3975 2875 4029 charitatem
2905 3992 3088 4047 “suam
3131 3992 3255 4047 erga
3303 3976 3517 4046 fratres'
3547 3982 3846 4035 monasterii

2331 4047 2669 4172 gasinemis,
2715 4055 2762 4100 et
2815 4045 3017 4102 virilem
3069 4045 3249 4102 eorum
3289 4045 3532 4105 uirtutem
3584 4067 3845 4106 commen-

2370 4128 2442 4172 at.

2370 4137 2442 4173 αι.

2331 4209 2719 4266 Verumtamen
2750 4209 2979 4281 quaestio
3031 4209 3155 4278 ista,
3208 4209 3338 4266 licet
3382 4211 3640 4268 adversus
3675 4213 3846 4270 Deum

2261 4303 2496 4359 inaniter
2526 4311 2852 4374 opponatur,
2891 4303 3054 4360 habet
3099 4302 3235 4359 alias
3281 4303 3549 4372 latebras;
3605 4306 3848 4362 continet

2261 4396 2441 4451 adhuc
2468 4397 2730 4452 obscuros
2761 4396 2914 4452 sinus
2953 4405 3118 4466 atque
3150 4411 3400 4454 recessus
3425 4416 3439 4451 :
3471 4413 3572 4455 nos
3597 4399 3847 4456 subtilius

2261 4490 2438 4545 adhuc
2493 4490 2681 4545 rimari
2729 4488 2933 4545 idcirco
2967 4489 3310 4556 desistimus,
3343 4490 3512 4562 638
3536 4492 3662 4561 quia
3693 4491 3846 4547 volu-

2262 4599 2388 4638 men
2411 4584 2648 4640 vitamus
2675 4593 2984 4654 extensum,
3014 4585 3107 4656 qui
3136 4586 3516 4656 proposuimus
3552 4588 3846 4658 epistolare

577 4687 675 4728 vos
714 4669 911 4742 (Exod.
943 4665 1058 4737 ιιι);
1099 4683 1119 4717 ›
1154 4664 1228 4719 ita
1267 4661 1460 4734 procul
1489 4661 1654 4717 dubio
1695 4675 2031 4731 consequens
2072 4667 2159 4717 est

2266 4677 2660 4748 compendium.
2705 4646 3182 4734 Prtesertim.dur-n
3220 4646 3380 4749 super
3403 4679 3506 4734 hac
3536 4646 3844 4750 disputandi

575 4778 636 4824 ιιι
666 4764 811 4820 dicat
842 4781 855 4816 :
889 4760 1004 4816 Non
1034 4773 1134 4830 ego
1171 4771 1288 4812 sum
1341 4755 1434 4826 qui
1467 4754 1616 4825 potui
1653 4761 1709 4808 et
1741 4767 1994 4824 possum;
2030 4752 2156 4818 sed,

577 4858 668 4929 qui
694 4852 1046 4911 immobiliter
1075 4858 1131 4905 et
1161 4846 1493 4903 aeternaliter
1537 4860 1778 4915 possum.
1830 4843 1963 4899 illud
2011 4844 2156 4899 enim

571 4964 752 5022 posse,
784 4945 928 5016 quod
959 4943 1099 5014 apud
1134 4941 1303 4996 Deum
1339 4949 1459 4995 erat
1493 4948 1617 4993 ante
1657 4938 1872 5003 saecula,
1911 4937 2040 4991 illud
2073 4945 2158 4992 est

577 5041 765 5105 hodie;
791 5045 845 5093 et
869 5036 1000 5091 illud
1033 5049 1212 5106 posse,
1251 5032 1395 5104 quod
1439 5031 1540 5087 sibi
1580 5041 1665 5086 est
1700 5029 1881 5095 hodie,
1919 5037 2037 5083 erat
2076 5029 2160 5082 ni-

577 5128 868 5183 hilominus
914 5133 1040 5180 ante
1099 5124 1321 5184 saecula;
1365 5132 1420 5178 et
1464 5121 1630 5176 fixum
1677 5127 1839 5184 atque
1886 5116 2158 5171 immobile

2262 4771 2492 4826 materia
2516 4787 2625 4827 non
2655 4769 2800 4826 aliud
2847 4771 3113 4840 attingere
3157 4771 3517 4837 decernimus,
3551 4772 3656 4828 nisi
3689 4779 3748 4825 ut
3778 4786 3844 4826 ex

2262 4863 2580 4932 impotentia
2604 4863 2701 4919 Dei
2739 4864 3045 4920 devolutam
3079 4878 3242 4935 super
3271 4878 3372 4919 nos
3397 4864 3723 4919 calumniam
3748 4878 3842 4920 ve-

2261 4956 2438 5011 ritatis
2460 4956 2870 5026 allegationibus
2898 4956 3239 5026 repellamus.
3282 4956 3389 5012 Sed
3418 4957 3545 5012 dum
3581 4958 3683 5012 ista
3711 4971 3844 5026 prae-

2266 5047 2574 5111 scribimus,
2599 5061 2707 5115 quo
2729 5061 2822 5102 cor
2847 5044 3144 5102 ferventius
3167 5056 3381 5112 aestuat,
3405 5048 3662 5104 cohibere
3684 5047 3842 5101 silen-

2263 5139 2358 5184 tin.
2412 5146 2471 5184 nt
2524 5129 2714 5184 salleni
2765 5137 2994 5184 scintilla
3043 5155 3146 5184 nnn
3179 5137 3375 5184 afﬂuat.
3426 5155 3532 5184 nnn
3581 5140 3838 5184 valemus-
