4138 6320
351 384 452 443 621

984 367 1259 440 ’orusc.
1301 368 1674 439 xxxvn.'—
1713 380 1802 436 nr;
1848 380 2076 437 vanus
2112 380 2358 439 SACRlS
2396 382 2954 452 QUASSTIONIBUS.

3518 400 3626 458 622

350 501 552 556 tialiter
595 496 804 564 habito,
849 495 1006 552 vobis
1061 511 1278 567 semper
1326 494 1545 551 assiste.
1589 493 1841 564 Alioquin
1889 494 1936 549 si
1963 503 2137 563 Artes
2180 495 2358 550 aditus
2395 495 2610 553 clausos
2647 508 2702 555 et
2734 501 3018 560 obseratos
3060 504 3287 563 invenit.
3333 508 3492 567 Mane
3534 529 3633 571 au.

347 600 639 664 propterea
690 605 799 645 non
849 603 970 645 sum
1042 588 1322 643 vobiscum
1382 586 1510 657 quia
1565 586 1936 658 corporalibus

346 682 521 740 oculis
552 696 649 738 vos
679 695 786 735 non
831 680 1079 749 intueor,
1116 694 1248 752 ergo
1275 693 1377 735 nec
1416 678 1519 748 ipsi
1549 677 1693 733 oculi
1726 685 1852 733 sunt
1881 677 1938 732 in

348 775 546 845 capite,
586 772 712 847 quia
743 778 908 842 caput
946 785 1174 827 cernere
1210 777 1515 841 nequeunt;
1554 769 1635 825 vel
1673 769 1776 842 ipsi
1800 768 1937 824 sibi-

345 876 457 925 met
479 865 622 923 oculi
649 865 902 921 absentes
938 873 1082 933 sunt,
1111 864 1236 936 quia
1277 878 1381 921 nec
1426 863 1714 936 quisquam
1735 878 1815 929 se,
1839 876 1939 919 nec

343 970 579 1033 uterque
614 974 674 1016 se
713 958 945 1015 invicem
977 967 1207 1029 possunt
1245 964 1435 1015 mutua
1480 955 1939 1031 contemplatione

346 1036 686 1125 conspicere.
734 1049 888 1107 Beati
936 1049 1204 1123 siquidem
1258 1050 1353 1121 qui
1408 1048 1687 1106 vobiscum
1727 1049 1937 1117 vivunt,

343 1146 492 1205 beati
551 1144 644 1217 qui
684 1144 836 1205 inter
870 1159 967 1200 vos
1002 1152 1058 1199 et
1104 1144 1159 1199 in
1206 1143 1410 1200 sanctis
1457 1144 1713 1215 operibus
1743 1142 1939 1199 vestris

344 1238 675 1294 moriuntur.
716 1236 817 1293 Pia
863 1236 1121 1291 nimirum
1169 1236 1273 1293 fide
1330 1235 1656 1292 credendum
1697 1243 1782 1291 est
1812 1234 1957 1317 quia

346 1328 490 1389 scala
516 1328 609 1385 illa
639 1344 761 1401 quae
798 1329 865 1383 de
885 1327 1084 1403 Casino
1115 1335 1298 1385 monte
1320 1326 1450 1383 olim
1477 1328 1531 1382 in
1571 1326 1768 1384 coelum
1794 1326 1939 1381 vide-

340 1418 506 1479 batur
534 1428 738 1486 erecta,
788 1420 966 1475 adhuc
1014 1418 1194 1490 palliis
1245 1426 1441 1486 strata,
1488 1417 1939 1489 lampadibusque

342 1521 597 1577 coruscat
632 1512 715 1586 (S.
748 1511 920 1569 Gneo.
951 1511 1047 1568 lib.
1077 1528 1119 1567 ιι
1152 1510 1362 1584 Dialog.
1393 1527 1442 1568 c.
1474 1511 1588 1578 '57).
1623 1510 1778 1568 Sicut
1811 1520 1939 1569 tunc

340 1609 559 1679 excepit
589 1607 804 1672 ducem,
848 1607 924 1662 ita
974 1620 1120 1662 nunc
1157 1606 1457 1663 exercitum
1500 1604 1821 1661 transmittit
1870 1605 1941 1663 ad

345 1700 594 1759 coelestia
623 1700 1073 1771 subsequentem;
1109 1714 1209 1755 nec
1231 1697 1299 1754 ab
1325 1697 1443 1769 ejus
1464 1698 1699 1770 glorioso
1722 1696 1941 1754 tramite

343 1792 656 1848 exorbitant
690 1790 1028 1865 declinantes
1059 1787 1172 1859 jam
1204 1789 1468 1856 defuncti,
1511 1791 1687 1861 cujus,
1719 1790 1847 1859 dum
1880 1790 1969 1849 in.

2043 594 2150 642 tem
2173 586 2339 653 facto,
2370 603 2478 645 non
2504 604 2673 659 parva
2704 591 2992 651 admiratio
3021 596 3163 653 inter
3212 598 3409 657 fratres
3446 618 3631 660 versa—

2038 676 2202 733 batur
2232 697 2245 732 :
2280 678 2539 735 nimirum
2561 693 2716 750 puer,
2748 684 2861 753 qui,
2895 693 3104 741 remota
3139 691 3284 745 omni
3330 692 3627 765 dubietate,

2039 768 2321 839 praeterito
2376 783 2605 841 vespere
2661 772 2719 829 in
2765 781 2938 830 strato
2988 791 3087 832 suo
3140 778 3277 848 ipsis
3320 782 3632 844 videntibus

2041 860 2358 932 quievisset,
2398 861 2632 931 qualiter
2669 863 2725 918 in
2759 865 3047 935 pistrinum
3086 868 3287 927 clausis
3324 871 3509 941 januis
3548 877 3636 934 in-

2040 954 2194 1026 gredi
2224 956 2510 1025 potuisset.
2538 958 2609 1014 Et
2632 960 2850 1032 quidem
2884 961 2951 1018 de
2969 965 3230 1033 apostolis
3262 966 3478 1039 legitur,
3504 989 3628 1030 cum

2041 1048 2308 1105 educendi
2350 1058 2536 1107 essent
2586 1052 2653 1108 de
2699 1054 2943 1113 custodia
3001 1055 3217 1126 publica
3252 1076 3265 1113 :
3304 1079 3322 1112 ε
3370 1060 3508 1129 Quia
3540 1081 3633 1125 ve.

2042 1141 2201 1198 niens
2233 1142 2460 1215 angelus
2512 1144 2747 1210 Domini,
2794 1161 2892 1215 per
2914 1157 3132 1205 noctem
3161 1152 3410 1222 aperiens
3432 1154 3632 1225 januas

2043 1233 2301 1299 carceris,
2328 1241 2383 1290 et
2408 1233 2644 1293 educens
2673 1250 2788 1303 eos,
2811 1236 2950 1293 dixit
2976 1255 2989 1292 :
3022 1239 3118 1305 lte,
3146 1250 3202 1296 et
3226 1250 3432 1300 stantes
3463 1246 3635 1316 loqui—

2040 1323 2174 1378 mini
2203 1323 2257 1379 in
2287 1324 2487 1396 templo
2509 1325 2672 1396 plebi,
2698 1328 2881 1383 omnia
2922 1331 3086 1387 verba
3126 1333 3250 1389 vitae
3294 1335 3635 1411 hujus.(Act.

2041 1414 2120 1484 v).
2162 1434 2180 1467 ›
2219 1415 2295 1471 De
2327 1415 2492 1472 Petro
2516 1426 2697 1473 autem
2751 1435 2942 1476 rursus
2998 1420 3231 1494 legitur:
3263 1444 3281 1478 ι
3318 1425 3454 1493 Quia
3511 1446 3638 1488 cum

2040 1507 2378 1576 praecederet
2402 1522 2527 1562 eum
2556 1507 2781 1578 angelus
2827 1511 2894 1566 de
2939 1528 3160 1568 carcere
3189 1516 3256 1570 ad
3279 1526 3491 1585 portam
3523 1518 3635 1576 fer-

2040 1613 2215 1664 ream,
2267 1597 2412 1654 ultro
2456 1608 2643 1668 aperta
2698 1609 2783 1655 est
2839 1602 2919 1659 eis
2957 1603 3097 1676 (Act.
3136 1604 3257 1678 xu).
3289 1626 3310 1660 ι
3346 1611 3424 1665 De
3468 1611 3636 1669 Paulo

2040 1691 2206 1745 etiam
2244 1708 2259 1745 :
2298 1709 2317 1742 ‹
2355 1690 2493 1757 Quia
2542 1693 2723 1748 subito
2770 1703 2930 1753 terrae
2977 1706 3156 1754 motus
3185 1698 3360 1756 factus
3404 1712 3489 1759 est
3522 1720 3638 1760 nia.-

2043 1800 2202 1855 gnus,
2259 1784 2334 1839 ita
2380 1793 2441 1838 ut
2493 1795 2843 1841 moverentur
2900 1787 3247 1846 fundamenta
3285 1796 3545 1861 carceris,
3584 1805 3641 1853 et

343 1885 448 1943 hoc
472 1886 666 1943 exsilio
700 1885 971 1951 viverent,
1021 1883 1249 1956 vestigia
1298 1893 1423 1939 sunt
1468 1883 1663 1940 secuti.
1697 1882 1811 1938 lloc
1854 1890 1937 1939 est
1963 1907 2014 1969 Β
2046 1874 2332 1932 confestim
2361 1885 2549 1946 aperta
2576 1887 2704 1933 sunt
2728 1880 2866 1934 ostia
2905 1883 3107 1948 oumia,
3155 1894 3213 1939 et
3257 1886 3639 1945 universorum

336 1980 520 2043 intimi
554 1978 785 2037 fervoris
835 1978 1149 2035 incendium
1178 1976 1308 2033 illud
1337 1972 1481 2048 quod
1511 1977 1642 2032 mihi
1670 1975 1935 2032 inexstin-

342 2071 620 2145 guibiliter
639 2068 833 2138 ﬂagrat
872 2069 928 2122 in
972 2068 1161 2134 corde,
1193 2067 1310 2123 haec
1366 2082 1560 2138 perpes
1594 2066 1773 2125 fabula
1815 2081 1936 2137 qua:

341 2178 464 2220 meo
492 2169 745 2218 versatur
774 2160 830 2215 in
856 2176 971 2215 ore.
1008 2159 1158 2215 Inter
1183 2168 1415 2215 caeteros
1452 2168 1632 2214 autem
1668 2158 1934 2213 virtutum

337 2253 503 2313 ﬂores
534 2269 671 2325 quos
701 2252 755 2308 in
790 2252 881 2307 illo
915 2266 1046 2321 agro
1081 2251 1265 2323 pleno,
1306 2250 1393 2306 cui
1432 2250 1707 2307 benedixit
1746 2250 1934 2305 Domi-

339 2363 445 2403 nus
477 2343 630 2421 (Gen.
663 2344 856 2415 xxvu),
889 2344 1089 2414 reperi,
1124 2342 1325 2409 fateor,
1371 2343 1473 2398 hoc
1510 2342 1642 2397 mihi
1684 2357 1791 2398 non
1822 2356 1939 2398 me-

342 2442 605 2499 diocriter
642 2439 845 2513 placuit
879 2439 1024 2510 quod
1078 2439 1153 2494 ibi
1203 2438 1419 2494 scholas
1467 2454 1794 2509 puerorum,
1842 2439 1936 2509 qui

339 2550 487 2607 sape
512 2535 745 2605 rigorem
773 2532 1082 2589 sanctitatis
1127 2541 1411 2598 enervant,
1443 2546 1549 2586 non
1597 2530 1812 2598 inveni;
1842 2531 1937 2588 sed

339 2643 531 2685 onmes
560 2635 654 2683 aut
699 2640 877 2692 senes,
902 2639 1027 2680 cum
1053 2624 1248 2694 quibus
1288 2625 1475 2696 utique
1515 2623 1711 2679 nobilis
1733 2625 1814 2679 vir
1846 2640 1935 2682 se-

340 2722 502 2779 debat
532 2722 587 2777 in
616 2720 791 2793 portis
829 2717 1088 2774 Ecclesia:
1120 2714 1304 2789 (Prov.
1357 2717 1533 2789 xxxx),
1572 2727 1666 2771 aut
1707 2716 1939 2785 juvenili

338 2810 556 2867 vivendi
602 2811 797 2866 decore
828 2808 1100 2865 laetantes.
1140 2807 1243 2875 Qui
1266 2809 1549 2874 nimirum,
1580 2819 1640 2863 ut
1683 2808 1779 2881 lilii
1813 2824 1939 2880 pro-

337 2906 652 2979 phetarum,
682 2904 862 2961 idonei
890 2912 1017 2960 sunt
1044 2902 1109 2957 ad
1134 2902 1306 2957 Eliam
1326 2918 1424 2974 per
1448 2905 1663 2960 deserta
1691 2919 1939 2975 quaeren-

341 2997 468 3053 dum
525 2994 634 3069 (IV
670 2994 799 3066 Reg.
842 2998 935 3067 n);
985 3004 1081 3050 aut
1127 3004 1276 3050 certe
1330 2993 1708 3053 adolescentia
1761 2997 1940 3055 adhuc

337 3084 473 3143 flore
523 3094 860 3157 vernantes,
922 3086 1015 3157 qui
1043 3126 1057 3149 ,
1108 3084 1266 3156 juxta
1319 3087 1625 3157 apostolum
1672 3088 1940 3147 Joannem

340 3179 394 3255 (Ι
418 3179 582 3236 Joan.
612 3179 699 3252 ιι),
731 3181 911 3236 vicere
957 3179 1276 3251 malignum.
1301 3178 1443 3236 Ecce
1479 3181 1628 3252 quod
1655 3196 1799 3237 nunc
1840 3196 1937 3241 oc-

2040 1968 2257 2024 vincula
2309 1968 2486 2025 soluta
2541 1978 2668 2025 sunt
2692 1970 2832 2042 (Act.
2863 1976 3000 2043 xvi).
3035 1993 3053 2023 ι
3090 1974 3262 2031 Porro
3291 1985 3472 2033 autem
3511 1991 3638 2035 cum

2033 2064 2230 2121 beatos
2257 2063 2530 2134 apostolos
2552 2064 2720 2120 etiam
2766 2066 2943 2136 angeli
2975 2068 3040 2123 de
3078 2069 3344 2125 custodiis
3375 2086 3488 2129 non
3508 2073 3640 2126 edn.

2039 2167 2249 2225 cerent,
2276 2158 2383 2215 nisi
2413 2158 2566 2227 prius
2585 2159 2786 2229 januas
2813 2160 3111 2229 aperirent,
3146 2162 3345 2218 mirum
3370 2175 3457 2219 est
3484 2165 3641 2222 valde

2039 2252 2312 2322 quomodo
2349 2267 2486 2323 puer
2523 2252 2609 2306 vel
2648 2252 2874 2323 magicis
2930 2254 3142 2309 artibus
3191 2255 3490 2323 hominum,
3552 2259 3641 2315 vel

2039 2345 2332 2416 praestigiis
2386 2346 2791 2402 immundorum
2848 2345 3159 2417 spirituum,
3195 2349 3641 2407 clausam‘undi-

2039 2456 2148 2510 que
2186 2440 2428 2505 domum,
2480 2454 2586 2494 non
2643 2440 2849 2508 apertis
2891 2439 3124 2507 foribus,
3175 2442 3388 2513 ingredi
3442 2446 3639 2515 potuit.

2040 2532 2175 2587 Nam
2207 2540 2263 2586 et
2300 2531 2418 2601 ipse
2442 2529 2610 2604 640
2647 2546 2782 2602 puer
2806 2518 3039 2588 sollicite
3066 2536 3383 2606 requisitus,
3414 2538 3516 2594 boc
3542 2540 3642 2595 add

2041 2626 2204 2681 debat
2259 2625 2386 2695 quia
2436 2626 2658 2695 quidam
2707 2627 2956 2682 homines
2997 2643 3120 2683 eum
3168 2642 3528 2699 assumentes,
3569 2634 3641 2690 ad

2041 2735 2299 2790 magnum
2339 2720 2651 2774 convivium
2683 2719 3048 2788 deduxerunt,
3096 2724 3186 2778 ubi
3237 2726 3489 2783 videlicet
3522 2744 3641 2783 om-

2040 2829 2139 2868 nes
2159 2813 2441 2884 epularum
2458 2812 2665 2868 delicia:
2681 2814 3034 2881 videbantur,
3050 2832 3283 2888 eumque
3307 2824 3642 2878 manducare

2040 2906 2307 2963 fecerunt.
2332 2906 2626 2962 Referebat
2664 2907 2830 2962 etiam
2882 2908 3028 2977 quod
3063 2924 3187 2963 eum
3217 2926 3389 2981 usque
3419 2912 3487 2965 ad
3514 2927 3635 2968 cas-

2041 3000 2228 3055 tellum
2294 3001 2440 3070 quod
2487 2999 2856 3070 supereminet
2917 3003 3251 3056 monasterio
3310 3002 3638 3071 deferentes,

2041 3105 2205 3161 super
2234 3092 2408 3160 ipsum
2452 3089 2877 3145 tintinnabulum
2904 3089 3047 3160 quod
3071 3091 3228 3161 juxta
3271 3091 3551 3147 basilicam
3581 3093 3640 3152 in

2041 3182 2257 3239 excelso
2288 3182 2556 3251 dependet
2576 3182 2976 3251 imposuerunt.

342 3273 519 3329 currit
544 3272 720 3329 dicam
744 3272 811 3328 ad
851 3270 1284 3328 consolationem
1309 3271 1475 3327 divini
1502 3272 1609 3329 mei
1634 3272 1808 3340 Petri,
1842 3271 2010 3349 quia
2110 3274 2227 3330 Hoc
2281 3282 2465 3329 autem
2516 3274 2720 3329 idcirco
2769 3274 3026 3330 duximus
3076 3273 3519 3344 describendum,
3579 3282 3641 3332 ut

339 3366 470 3424 olim
503 3367 639 3423 civis
664 3365 843 3423 fuerat
867 3365 1177 3439 Capuanus,
1217 3382 1363 3424 nunc
1383 3366 1440 3422 in
1463 3367 1657 3425 militia
1676 3375 1763 3425 est
1780 3377 1938 3425 aeter-

338 3463 399 3520 ni
420 3463 586 3536 Regis
614 3461 906 3533 ascriptus.

921 3552 1150 3611 CAPUT
1189 3552 1350 3615 XVII.

588 3647 671 3704 De
696 3664 858 3720 puero
890 3646 1085 3703 clausis
1109 3648 1312 3716 [oribus
1342 3647 1667 3707 intromissa.

409 3737 675 3795 Puerulus
730 3738 985 3809 quidam,
1043 3746 1203 3794 actate
1255 3739 1653 3809 quinquennis,
1703 3738 1939 3798 Hubaldi

341 3828 550 3885 scilicet
578 3828 903 3885 nobilissimi
931 3828 1054 3894 viri,
1084 3829 1175 3898 qui
1205 3843 1419 3886 mecum
1447 3831 1597 3901 degit
1640 3831 1698 3887 in
1728 3847 1935 3901 eremo,

340 3923 485 3980 filius
510 3964 524 3990 ,
567 3922 624 3978 in
660 3936 782 3978 meo
812 3922 1142 3979 monasterio
1171 3920 1346 3979 factus
1387 3920 1567 3977 fuerat
1610 3926 1935 3981 monachus.

340 4017 440 4074 llic
468 4017 760 4087 aliquando
787 4016 1123 4085 intempestae
1162 4016 1339 4073 noctis
1380 4014 1619 4083 silentio,
1651 4018 1937 4087 quiescen-

341 4109 488 4164 tibus
524 4106 806 4173 fratribus,
859 4108 975 4163 sive
1020 4121 1294 4178 egressus,
1357 4106 1473 4163 sive
1526 4105 1775 4163 sublatus
1823 4109 1934 4175 sit,

340 4202 548 4259 nescio.
575 4199 685 4259 Sed
706 4216 827 4257 cum
849 4201 1023 4271 pistor
1043 4200 1097 4255 in
1117 4198 1348 4269 pistrino
1369 4198 1602 4269 jaceret,
1621 4199 1936 4272 interrupto

339 4291 411 4347 ad
439 4293 632 4347 horam
658 4306 880 4357 somno,
926 4299 1174 4359 vestem,
1206 4305 1327 4361 qua:
1361 4289 1466 4346 sibi
1492 4293 1741 4347 cominus
1783 4292 1937 4362 adja-

340 4384 522 4463 cebat,
551 4384 769 4440 sibimet
796 4383 969 4440 voluit
995 4398 1383 4455 superponere,
1410 4394 1470 4440 ut
1496 4384 1668 4455 frigus
1692 4394 1932 4443 arceret.

338 4477 652 4535 Extendens
696 4478 880 4548 itaque
919 4478 1227 4544 brachium.
1273 4479 1639 4535 dormientem
1670 4479 1828 4550 juxta
1873 4494 1936 4537 se

341 4572 548 4643 reperit
573 4588 822 4644 puerum.
857 4572 1119 4644 Repente,
1161 4573 1500 4643 stupefactus
1529 4575 1698 4647 639
1738 4585 1793 4632 et
1818 4576 1933 4631 val-

2040 3371 2419 3442 unusquisque
2468 3379 2739 3434 nostrum,
2791 3369 2917 3425 dum
2961 3381 3018 3424 et
3057 3370 3204 3438 ipsos
3268 3386 3487 3440 pueros,
3540 3364 3639 3442 qui

2038 3479 2266 3538 peccare
2293 3464 2525 3518 necdum
2550 3470 2837 3527 noverunt,
2885 3462 3105 3534 maligni
3138 3463 3311 3518 hostis
3353 3462 3639 3532 subjacere

2039 3556 2254 3612 insidiis
2282 3555 2619 3620 considerat,
2651 3555 2766 3623 ipse
2792 3569 3009 3624 quoque
3045 3553 3188 3623 quod
3218 3554 3421 3624 patitur
3450 3567 3637 3623 aequa-

2040 3649 2263 3704 nimiter
2302 3648 2458 3703 ferat.
2493 3647 2673 3702 lllatas
2704 3661 2899 3717 nempe
2925 3661 2959 3700 a
2995 3646 3234 3717 maligno
3276 3647 3435 3702 hoste
3470 3646 3639 3702 mole-

2040 3742 2177 3797 stias
2210 3756 2333 3796 cum
2369 3748 2574 3810 quanta
2600 3738 2800 3795 debent
2831 3748 3051 3809 portare
3096 3739 3357 3808 patientia
3389 3747 3643 3809 peccato-

2040 3851 2148 3901 res,
2180 3851 2303 3890 cum
2338 3834 2555 3890 illorum
2581 3832 2872 3902 aliquando
2903 3832 3121 3887 fraudes
3150 3842 3203 3887 et
3233 3832 3334 3901 ipsi
3360 3831 3642 3902 perferant

2043 3927 2398 3982 innocentes?
2452 3926 2592 3995 Ergo
2636 3924 2805 3979 frater
2858 3924 2947 3980 ille
2988 3940 3149 3995 quem
3195 3926 3337 3980 Deus
3368 3925 3551 3979 visitat
3580 3924 3639 3980 in

2041 4017 2484 4072 tribulationibus
2540 4017 2730 4070 hortor
2778 4025 2835 4070 ut
2896 4017 3161 4086 gaudeat,
3215 4026 3270 4071 et
3320 4015 3639 4072 tentationis

2039 4108 2288 4178 impacta:
2326 4108 2520 4163 malleo
2548 4110 2742 4165 animm
2773 4122 2885 4162 sua:
2908 4108 3128 4177 purgari
3159 4107 3462 4178 rubiginem
3493 4107 3636 4163 fidu-

2038 4200 2254 4256 cialiter
2274 4201 2480 4256 credat.
2510 4199 2630 4254 Non
2651 4199 2795 4254 enim
2828 4207 2932 4264 cst,
2974 4208 3035 4252 ut
3064 4199 3181 4267 ipse
3205 4198 3451 4253 diabolus
3482 4199 3639 4269 fingit

2038 4291 2312 4357 terrendo,
2351 4292 2548 4347 futurae
2587 4290 3251 4358 damnationisoindicium,
3290 4291 3383 4346 sed
3417 4299 3635 4347 aeternae

2038 4386 2229 4445 salutis
2257 4386 2438 4455 potius
2461 4393 2859 4453 argumentum.
2886 4383 3123 4454 Spiritus
3154 4392 3397 4451 sanctus,
3427 4384 3520 4456 qui
3550 4391 3638 4439 est

2036 4478 2220 4533 lumen
2247 4485 2510 4532 aeternum
2552 4485 2607 4532 et
2636 4476 2886 4531 remissio
2915 4486 3285 4546 peccatorum,
3315 4490 3507 4531 omnes
3535 4489 3637 4534 vos

2040 4568 2309 4623 illumiuet
2354 4577 2409 4623 et
2438 4567 2701 4633 absolvat,
2748 4565 3099 4636 sedulamque
3149 4566 3255 4621 mei
3313 4565 3634 4621 memoriam

341 4663 410 4720 de
442 4665 790 4736 perterritus,
817 4663 1047 4721 festinus
1067 4664 1334 4733 exsurgit,
1359 4664 1639 4721 lucernam
1661 4666 1933 4732 accendit,
1960 4654 2015 4715 D
2044 4665 2101 4719 in
2133 4664 2339 4718 sanctis
2369 4661 2710 4717 orationibus
2734 4662 2932 4718 vestris
2960 4676 3059 4717 vos
3097 4661 3299 4717 habere
3332 4660 3632 4729 praecipiat.

341 4764 627 4828 totamque
651 4760 871 4815 domum
900 4756 1132 4815 sollicita
1154 4755 1469 4814 curiositate
1493 4758 1786 4825 circuiens,
1819 4773 1941 4814 om-

2373 4755 2457 4812 Sit
2483 4773 2671 4813 nomen
2698 4756 2912 4811 Domini
2942 4757 3308 4824 benedictum,

360 4920 3631 4957 mw

371 5067 737 5143 θυαε
821 5088 1683 5207 OPUSCULUM
1771 5088 2667 5209 TRICESIMUM
2780 5088 3564 5207 SEPTIMUM.

503 5297 611 5359 DE
663 5292 937 5359 vanus
980 5290 1255 5369 SACRIS
1306 5288 1957 5369 QUzESTlONIBUS,
2003 5286 2308 5369 JUNcrA
2352 5286 2553 5369 ama
2588 5287 2946 5369 EIUSDEM
2988 5287 3469 5352 ARGUMENTI

1162 5366 1739 5435 TRACTATIONE
1779 5367 2145 5432 PRIOREM
2188 5366 2796 5443 CONSEQUENTE.

1788 5491 2011 5510 ﬂ

341 5555 744 5613 ARGUIENTUI.
769 5586 836 5594 —
861 5553 1200 5622 Quzestiones
1239 5541 1500 5627 quasdam
1534 5552 1601 5609 ab
1624 5541 1902 5627 Alberico,
1932 5540 2312 5627 ex’Casinensi
2351 5553 2619 5627 monacho
2644 5553 2700 5611 S.
2737 5554 2802 5610 Β.
2828 5553 2892 5609 Ε.
2920 5555 3221 5623 cardinale,
3252 5555 3358 5612 sibi
3386 5555 3634 5627 proposi-

416 5639 502 5683 tas
530 5627 794 5682 discutit:
835 5635 970 5692 tum,
1012 5635 1227 5697 sumpta
1258 5626 1547 5681 occasione
1570 5666 1584 5693 ,
1634 5624 1752 5681 loca
1803 5626 2061 5683 nonnulla
2106 5632 2162 5683 in
2187 5627 2360 5683 sacris
2388 5625 2585 5681 litteris
2642 5636 2695 5681 et
2731 5640 2919 5682 carum
2970 5627 3359 5698 interpretibus
3386 5624 3631 5686 bbscura

416 5698 681 5756 declarat.

417 5814 692 5869 ALBRRICO
720 5813 1026 5867 venerando
1055 5812 1231 5875 fratri,
1282 5811 1498 5868 Pmnns
1536 5822 1792 5882 peccator
1819 5827 1933 5869 mo-

349 5907 559 5965 nacbus
584 5905 815 5963 salutem
852 5905 905 5961 in
942 5904 1187 5961 Domino.

2114 5810 2284 5868 Vetus
2344 5819 2533 5867 narrat
2593 5810 2819 5867 historia
2882 5811 3005 5881 quia
3064 5827 3186 5867 cum
3254 5811 3349 5867 filii
3404 5808 3628 5884 Joseph,

2043 5905 2300 5976 prraim
2341 5904 2549 5961 scilicet
2603 5915 2657 5961 ct
2701 5903 2969 5973 Manasse,
3024 5904 3216 5961 latiora
3266 5901 3630 5975 possessionis
