4138 6320
504 413 613 473 623

967 408 1027 466 S.
1066 407 1273 466 PETRI
1307 406 1591 464 DAMIANI
1635 403 1789 463 OPP.
1830 400 2067 460 TOMUS
2102 397 2231 455 SEU
2273 397 2453 453 PARS
2493 398 2657 455 111-
2687 396 3053 455 OPUSCULA
3094 394 3323 452 VARIA.

3685 397 3797 454 6‘24

503 528 789 600 exigerent
809 528 1001 596 spatia,
1026 522 1129 578 hoc
1154 529 1502 592 acceperunt,
1534 519 1696 574 Josue
1719 515 2086 589 praecipiente,
2119 514 2169 577 Α
2194 518 2382 566 carent
2435 511 2619 576 morti,
2647 501 3059 581 'promulgando
3104 507 3453 575 sententiam,
3506 507 3595 565 isti
3635 512 3801 580 puni-

504 633 847 691 responsum,
878 624 938 671 ut
967 614 1036 670 ad
1060 622 1314 669 montana
1345 612 1643 667 transirent
1665 609 1802 681 (los.
1822 607 1977 678 xvu),
2001 605 2099 661 sil-

502 726 699 769 varum
728 709 894 765 densa
932 706 1297 773 succiderent,
1347 704 1536 774 sicque
1561 702 1663 758 sibi
1701 700 1941 772 largiora
1971 712 2098 768 spa-
2202 718 2203 727 ι

505 805 584 863 tia
620 796 1151 877 propriis'manibus
1189 796 1580 869 procurarent.
1620 794 1724 862 Qui
1746 792 1915 850 "etiam
1941 789 2101 862 paulo

504 905 633 970 post
674 903 883 967 septem
939 892 1190 948 tribubus
1243 890 1419 946 dicit:
1472 906 1493 941 ι
1524 886 1820 958 Usquequo
1848 881 2102 939 marcetis

508 988 754 1060 ignavia,
806 994 864 1041 et
920 1000 1027 1041 non
1085 983 1302 1038 intratis
1358 982 1426 1037 ad
1472 978 1854 1051 possidendam
1901 984 2103 1031 terram

502 1095 670 1153 quam
700 1077 963 1147 Dominus
989 1077 1132 1131 Deus
1153 1082 1369 1144 patrum
1398 1081 1702 1128 vestrorum
1739 1069 1889 1125 dedit
1915 1065 2104 1124 vobis?

505 1172 647 1249 (las.
671 1156 849 1242 mn):
883 1189 903 1222 ι
931 1168 1011 1223 'I‘u
1035 1182 1271 1239 quoque,
1293 1165 1486 1230 frater,
1517 1165 1644 1219 dum
1674 1176 1761 1217 me
1781 1158 2105 1249 quihusdam

504 1246 926 1335 quaestiunculis
973 1257 1181 1327 pulsas,
1210 1265 1373 1325 atque
1403 1262 1463 1308 ut
1506 1253 1600 1309 tibi
1646 1251 1927 1307 solvantur
1954 1246 2104 1305 efﬁa-

507 1358 670 1430 gitas,
719 1368 845 1409 mox
872 1352 941 1408 ad
986 1359 1242 1407 montana
1294 1348 1581 1404 doctorum
1617 1354 1780 1416 atque
1829 1343 1897 1398 ad
1941 1341 2106 1398 silvas

506 1445 808 1505 mittendus
854 1460 917 1501 es
964 1442 1394 1513 Scripturarum,
1426 1439 1514 1495 ubi
1556 1438 1791 1505 scilicet,
1850 1436 2106 1519 continuo

508 1539 702 1599 labore
734 1537 1029 1601 desudans,
1067 1532 1409 1590 silvescentia
1448 1529 1621 1588 saltus
1668 1530 1890 1585 arbusta
1931 1525 2109 1583 succi-

509 1632 634 1699 das,
659 1630 829 1686 nodos
854 1638 911 1685 et
940 1626 1279 1683 dubietatum
1317 1634 1537 1681 truncos
1570 1621 1794 1687 evellas,
1847 1636 1911 1676 ac
1939 1633 2105 1674 nova-

510 1721 586 1779 lia
622 1721 718 1779 tibi
748 1719 897 1776 velut
925 1717 1250 1790 quibusdam
1300 1717 1533 1787 propriae
1560 1712 1830 1785 indaginis
1858 1709 2108 1766 manibus

511 1813 756 1871 excolas.

2205 610 2329 657 rent
2353 601 2645 673 irrogando
2675 602 2995 658 vindictam.

2752 691 3129 750 DUBITATIO
3163 690 3249 748 III.

2280 789 2451 849 Addis
2482 789 2649 847 etiam
2677 806 2691 842 :
2716 787 2827 845 Cur
2854 786 2949 843 ﬁlii
2984 786 3151 842 David
3179 784 3491 842 sacerdotes
3512 784 3680 843 fuisse
3707 786 3802 843 di-

2205 895 2422 952 cuntur,
2471 885 2565 956 qui
2595 883 2798 939 nullam
2846 890 2969 939 cum
2998 881 3124 936 ﬁliis
3148 882 3329 937 Aaron
3354 881 3806 953 consanguinita-

2208 988 2338 1046 tem,
2368 978 2473 1034 nisi
2503 978 2645 1035 sicut
2681 985 2891 1032 caetera;
2939 976 3114 1031 tribus
3139 1015 3154 1041 ,
3181 974 3437 1030 habuisse
3458 984 3759 1030 noscuntur
3778 975 3806 1029 2

2205 1070 2316 1127 Sed
2366 1069 2645 1127 sciendum
2678 1069 2826 1140 quia,
2870 1068 2998 1123 dum
3026 1067 3338 1123 sacerdotes
3368 1066 3708 1123 venerabiles
3737 1082 3807 1123 ac

2205 1165 2454 1235 magistri
2493 1165 2896 1221 constituantur
2938 1161 3102 1235 643
3155 1163 3211 1217 1η
3258 1162 3475 1233 populo,
3508 1162 3809 1232 aliquando

2205 1258 2428 1313 nomine
2462 1258 2806 1313 sacerdotum
2835 1255 3190 1325 designantur
3242 1253 3515 1324 principes
3561 1254 3648 1310 vel
3698 1254 3806 1311 do-

2208 1358 2411 1405 ctores.
2443 1347 2601 1404 Sicut
2645 1346 2772 1402 alibi
2803 1346 3076 1416 reperitur
3105 1363 3118 1398 :
3163 1344 3442 1413 Irajarites
3469 1353 3589 1399 erat
3612 1359 3812 1400 sacer-

2208 1442 2307 1497 dos
2332 1441 2522 1506 David,
2557 1438 2611 1494 id
2632 1447 2735 1505 est,
2767 1438 3066 1507 magister;
3094 1436 3169 1491 ita
3187 1451 3402 1506 quoque
3427 1451 3551 1492 cum
3574 1435 3810 1491 dicitur:

2216 1550 2235 1584 ι
2269 1531 2391 1587 Filii
2423 1540 2605 1587 autem
2627 1530 2797 1586 David
2817 1538 2977 1584 erant
3007 1528 3320 1585 sacerdotes
3349 1525 3434 1598 (ΙΙ
3452 1525 3579 1597 Reg.
3610 1528 3763 1597 vui),
3787 1544 3810 1579 ο

2210 1625 2290 1681 sic
2311 1623 2718 1694 intelligendum
2741 1631 2827 1678 est
2853 1636 2918 1677 ac
2946 1621 2994 1677 si
3040 1620 3185 1677 dicat
3213 1621 3339 1691 quia
3384 1620 3630 1692 magistri
3651 1628 3819 1676 erant

2208 1717 2440 1773 fratrum
2468 1732 2711 1781 suorum,
2748 1716 2833 1771 vel
2876 1724 3025 1771 certe
3061 1715 3337 1787 principes
3371 1714 3515 1769 inter
3559 1720 3815 1781 caeteros,

2213 1808 2357 1865 sicut
2380 1809 2544 1865 habet
2573 1808 2796 1878 antiqua
2830 1807 3139 1863 translatio.
3192 1804 3328 1860 Nam
3354 1804 3445 1860 ubi
3488 1819 3633 1862 nova
3672 1804 3817 1859 dicit

584 1903 677 1960 Sic
705 1904 871 1977 igitur
897 1904 1098 1959 humus
1122 1901 1365 1958 caelestis
1405 1899 1607 1970 eloquii
1638 1899 1873 1969 propria:
1897 1894 2111 1952 subtili-
2137 1895 2187 1955 B
2214 1901 2420 1958 editio:
2478 1918 2497 1953 ι
2531 1899 2627 1955 ﬁlii
2674 1899 2845 1955 David
2875 1907 3033 1955 erant
3067 1898 3377 1955 sacerdotes
3403 1937 3418 1964 ,
3456 1915 3475 1948 ι
3528 1898 3586 1951 in
3633 1896 3814 1951 veteri

510 1997 643 2055 tatis
668 2005 753 2053 est
777 1995 1062 2052 sarrienda
1102 1994 1395 2066 ligonibus,
1426 2001 1485 2047 ut
1522 2007 1631 2047 non
1673 1990 1743 2044 ab
1768 1989 1961 2044 alienis
1992 2003 2109 2042 ma-

508 2088 675 2145 nibus
697 2087 953 2143 alimenta
982 2085 1330 2158 praestolatus
1361 2083 1603 2145 esurias,
1629 2080 1747 2146 sed,
1780 2080 1965 2135 uberis
1990 2094 2115 2149 pro-

512 2190 713 2235 ventus
766 2178 979 2248 copiam
1021 2176 1245 2247 proprio
1283 2174 1468 2229 labore
1514 2180 1862 2238 convectans,
1900 2185 2028 2225 mox
2059 2170 2115 2224 in

510 2269 877 2344 spiritualium
929 2268 1243 2325 deliciarum
1288 2266 1560 2322 afﬂuentia
1612 2262 2001 2320 delectabiliter
2035 2262 2115 2316 vi-

512 2378 655 2430 vas;
687 2362 909 2418 interim
952 2369 1156 2428 tamen,
1182 2363 1311 2415 dum
1339 2369 1443 2414 tua:
1464 2358 1659 2414 desunt
1697 2354 1901 2426 fruges,
1930 2362 2116 2410 nostra

513 2456 637 2524 tibi,
688 2470 797 2511 non
836 2454 1015 2510 dicam
1054 2454 1341 2518 horreum,
1389 2466 1497 2506 non
1548 2458 1721 2515 certe,
1759 2446 1906 2518 quod
1934 2446 2116 2501 minus

511 2556 624 2615 est,
657 2554 848 2614 tunna,
900 2546 995 2602 sed
1024 2544 1283 2616 perexilis
1330 2542 1522 2598 saltem
1559 2540 1672 2596 bati
1717 2553 1969 2594 mensura
1993 2552 2117 2592 suc-

513 2652 736 2710 currat,
788 2641 1101 2710 nostrisquc
1149 2637 1406 2710 segetulis
1451 2636 1645 2692 saltem
1696 2642 1971 2702 utcunque
2024 2640 2116 2685 tua

516 2742 854 2805 temperetur
882 2739 1117 2804 egestas.
1145 2730 1242 2784 Est
1267 2729 1413 2784 enim
1437 2727 1693 2798 quiddam
1717 2723 1952 2779 medium
1976 2723 2118 2777 inter

515 2826 803 2898 splendide
827 2825 1034 2891 vivere,
1085 2839 1149 2878 ac
1176 2822 1334 2877 famis
1366 2820 1547 2891 inOpia
1577 2817 1821 2873 funditus
1866 2815 2113 2870 interire.

518 2916 617 2974 Vis
652 2916 838 2987 itaque
886 2924 948 2970 ut
992 2931 1100 2971 non
1142 2913 1301 2969 modo
1342 2912 1486 2983 quod
1541 2909 1739 2979 quaeris
1792 2907 2112 2974 edisseram,

518 3009 616 3068 sed
659 3018 716 3066 et
762 3008 1008 3081 apicibus
1050 3007 1300 3073 tradam;
1362 3012 1631 3074 quatenus
1672 3002 1751 3056 sic
1809 2998 2117 3071 ignorantia

518 3110 733 3175 pereat,
778 3110 838 3157 ut
869 3101 1123 3172 deinceps
1162 3098 1363 3154 oblivio
1390 3112 1497 3152 non
1526 3096 1772 3165 obrepat.

1112 3191 1277 3262 QUIE
1286 3191 1438 3248 STIO
1475 3190 1516 3246 Ι.

2218 1997 2446 2068 legitur:
2484 2015 2502 2049 ι
2536 1995 2632 2052 lilii
2656 2004 2839 2052 autem
2864 1994 3035 2049 David
3069 1993 3344 2065 principes
3371 1998 3530 2048 erant
3555 1988 3692 2049 aulas
3722 2004 3819 2046 re-

2224 2093 2344 2164 gite.
2385 2112 2404 2145 ›
2840 2088 2845 2093 ’

2759 2180 3131 2238 DUBITATIO
3180 2180 3271 2237 IV.

2222 2284 2223 2287 ‘
2291 2278 2423 2333 Illud
2464 2285 2726 2347 praeterea
2776 2284 2829 2331 te
2868 2291 2975 2331 non
3028 2273 3331 2346 intelligere
3358 2272 3635 2345 perhibes,
3668 2273 3824 2344 quod

2220 2370 2481 2441 scriptum
2527 2376 2610 2425 est
2636 2388 2649 2422 :
2684 2388 2701 2420 ι
2728 2367 2971 2423 Tertium
3001 2383 3217 2439 quoque
3247 2366 3350 2422 fuit
3394 2366 3596 2421 bellum
3621 2366 3673 2420 in
3696 2364 3824 2422 Gob

2219 2472 2410 2518 contra
2441 2460 2810 2527 Philistbaeos,
2834 2461 2888 2515 in
2917 2475 3024 2531 quo
3049 2457 3646 2530 percussitAdeodatus
3675 2457 3826 2512 ﬁlius

2221 2552 2404 2609 Saltus
2426 2553 2804 2625 polymitarius
2855 2552 3279 2608 Bethlehcmitcs
3309 2549 3524 2607 Goliath
3549 2548 3824 2605 Getheum

2221 2646 2305 2720 (Il
2354 2646 2484 2717 Reg.
2516 2647 2654 2718 xxx).
2688 2666 2707 2699 ι
2736 2646 2889 2715 Quod
2914 2646 3175 2702 nimirum
3208 2645 3367 2701 facile
3398 2643 3539 2700 valet
3566 2642 3822 2714 intelligi.

2219 2736 2356 2793 Nam
2389 2737 2505 2794 Gob
2533 2738 2927 2808 interpretatur
2962 2737 3132 2791 lacus.
3188 2738 3256 2793 Et
3307 2737 3445 2792 sicut
3474 2735 3825 2806 periclitatur

2222 2829 2315 2899 qui
2339 2829 2393 2883 in
2416 2829 2598 2884 lacum
2625 2828 2842 2884 leonum
2875 2822 3131 2896 mittitur,
3157 2828 3237 2884 sic
3263 2827 3432 2882 David
3459 2828 3614 2898 quasi
3642 2827 3827 2883 leonis

2221 2935 2281 2975 se
2333 2920 2585 2976 dentibus
2635 2920 2901 2987 tradidit,
2955 2934 3079 2974 cum
3138 2918 3193 2973 in
3236 2919 3443 2974 rabiem
3488 2916 3707 2973 Golith
3761 2931 3824 2972 se

2217 3010 2568 3080 prteliaturus
2616 3010 2903 3066 immersit.
2958 3009 3104 3065 Idem
3150 3008 3321 3064 David
3355 3008 3666 3064 Adeodatus
3686 3005 3820 3075 jure

2220 3099 2442 3170 dicitur,
2468 3103 2729 3173 quoniam
2757 3117 2787 3156 a
2829 3102 2941 3159 Deo
2984 3110 3068 3157 est
3094 3101 3301 3158 electus
3339 3101 3393 3155 in
3417 3116 3662 3173 regnum.
3714 3099 3824 3168 Qui

2220 3197 2384 3252 etiam
2416 3196 2561 3251 ﬁlius
2593 3196 2779 3252 Saltus
2799 3205 3047 3262 vocatur,
3069 3196 3197 3267 quia
3229 3195 3295 3251 de
3320 3196 3536 3265 pascuis
3557 3194 3823 3260 saltuum,

593 3289 709 3360 Age
736 3288 921 3358 igitur.
963 3286 1103 3355 Quid
1133 3295 1238 3352 est,
1285 3285 1482 3356 inquis,
1516 3284 1658 3354 Quod
1692 3282 1890 3337 dicitur
1918 3297 1931 3334 :
1972 3299 1989 3332 ι
2026 3279 2118 3334 Fi-
2145 3283 2190 3347 C
2222 3288 2314 3342 ubi
2339 3302 2467 3341 oves
2495 3286 2696 3351 alebat,
2728 3285 2954 3341 eductus
2978 3286 3309 3355 agnoscitur.
3359 3283 3472 3340 Nec
3508 3285 3625 3340 sine
3653 3299 3825 3341 causa

521 3378 630 3438 lius
659 3379 819 3435 unius
862 3378 987 3433 anni
1035 3387 1151 3434 erat
1192 3376 1342 3440 Saul,
1393 3391 1516 3431 cum
1548 3388 1776 3445 regnare
1821 3372 2115 3442 ccepisset;

525 3471 735 3528 duobus
758 3478 940 3526 autem
966 3470 1124 3524 annis
1150 3468 1395 3541 regnavit
1433 3482 1599 3538 super
1630 3464 1830 3520 Israel?
1861 3483 1880 3515 ι
1907 3462 1959 3535 (Ι
1988 3461 2119 3533 Reg.

524 3561 675 3634 xm.)
725 3559 839 3617 Hoc
868 3560 1108 3616 nonnulli
1145 3558 1370 3629 intelligi
1418 3559 1498 3612 sic
1540 3557 1875 3611 arbitrantur
1912 3572 1928 3610 :
1982 3553 2122 3620 Quia

524 3652 643 3723 regi
674 3651 804 3707 Saul
833 3652 889 3706 in
925 3651 1148 3706 exordio
1175 3650 1329 3723 regni
1375 3648 1459 3703 sui
1487 3647 1630 3702 filius
1659 3654 1776 3701 erat
1812 3644 2118 3711 anniculus,

524 3747 622 3819 qui
661 3757 899 3802 teneram
943 3745 1116 3801 adhuc
1156 3744 1316 3799 unius
1344 3742 1472 3797 anni
1512 3740 1762 3811 vagiebat
1810 3739 2121 3804 infantiam,

526 3837 739 3897 scilicet
768 3836 1033 3900 lsboseth,
1076 3844 1131 3889 et
1180 3834 1272 3889 hic
1300 3833 1510 3889 duobus
1536 3831 1694 3885 annis
1731 3838 1854 3901 post
1896 3837 2123 3884 mortem

526 3928 705 3998 patris
729 3927 976 3999 regnavit
1000 3940 1163 3996 super
1193 3924 1379 3979 Israel.
1418 3924 1525 3978 Sed
1556 3922 1815 3993 quoniam
1854 3921 1944 3976 hic
1974 3937 2005 3975 a
2031 3921 2124 3975 do-

531 4021 796 4079 ctioribus
817 4019 949 4074 viris
977 4032 1169 4074 sensus
1189 4015 1522 4086 exploditur,
1549 4029 1581 4068 a
1612 4014 1769 4069 nobis
1792 4013 1959 4067 etiam
1984 4011 2125 4067 alius

529 4111 880 4184 inquiratur:
917 4110 1061 4182 quod
1089 4111 1163 4166 ita
1187 4109 1247 4163 Β.
1280 4107 1640 4178 Hieronymus
1685 4107 1841 4162 docet
1871 4104 2123 4175 intelligi,

531 4204 789 4277 quoniam
814 4205 893 4260 sic
912 4212 1031 4260 erat
1054 4203 1334 4268 innocens,
1369 4208 1625 4271 tanquam
1653 4213 1788 4270 puer
1808 4198 1967 4253 unius
1997 4196 2127 4251 anni

532 4309 659 4354 cum
685 4310 913 4367 regnare
942 4294 1126 4365 coepit,
1171 4301 1229 4349 et
1255 4292 1466 4349 duobus
1493 4290 1652 4346 annis
1679 4289 1735 4344 in
1775 4287 2013 4357 ejusdem
2037 4287 2124 4342 in-

530 4388 798 4447 nocentiae
831 4386 1176 4457 simplicitate
1206 4384 1527 4454 permansit.
1574 4380 1682 4436 Sed
1728 4380 1820 4449 qui
1856 4387 1985 4434 tunc
2009 4385 2130 4434 erat

530 4495 605 4538 ex
633 4479 943 4535 humilitate
977 4478 1155 4546 ﬁlius,
1201 4475 1545 4546 postmodum
1575 4488 1672 4544 per
1699 4470 2010 4542 superbiam
2046 4468 2126 4523 fa-

535 4578 659 4632 ctus
687 4578 772 4627 est
800 4584 1011 4627 servus.

1064 4718 1069 4723 ,
1103 4658 1471 4716 DUBITATIO
1508 4659 1569 4714 II.

610 4756 823 4827 Quaeris
848 4755 1015 4824 etiam
1043 4753 1136 4824 qui
1182 4761 1339 4808 erant
1364 4750 1582 4807 Cerethi
1639 4760 1695 4806 et
1721 4750 2001 4817 Phelethi,
2033 4752 2127 4823 qui

536 4851 829 4911 bellatores
851 4849 1103 4925 dicuntur
1129 4846 1296 4901 fuisse
1313 4844 1514 4901 David?
1536 4843 1592 4915 (Ι
1604 4842 1731 4915 Reg.
1752 4860 1890 4912 xxx;
1912 4844 1974 4899 11
1997 4842 2127 4916 Reg.

539 4942 962 5017 vm).'Legitur
1016 4939 1071 4993 in
1121 4938 1261 4993 libro
1308 4937 1532 4992 Numeri
1584 4937 1787 4991 dixisse
1838 4936 2124 4992 Dominum

541 5034 713 5106 Moysi
738 5049 753 5085 :
786 5052 805 5085 ‹
835 5031 1114 5102 Congrega
1141 5029 1271 5084 mihi
1298 5028 1638 5099 septuaginta
1674 5028 1819 5084 viros
1849 5028 1915 5083 de
1951 5029 2127 5083 senio—

540 5122 695 5181 ribus
718 5121 903 5188 Israel,
929 5115 1084 5207 quos.
1113 5112 1193 5174 tu‘
1221 5120 1363 5175 nosti
1388 5118 1559 5197 quod
1598 5133 1757 5175 senes
1784 5118 1966 5189 populi
2016 5119 2127 5173 sint
2186 5114 2189 5117 ’

541 5228 613 5270 ac
654 5213 939 5284 magistri;
990 5220 1044 5267 et
1081 5211 1246 5267 duces
1290 5227 1384 5267 eos
1429 5212 1497 5267 ad
1540 5212 1737 5268 ostium
1795 5209 2132 5266 tabernaculi

540 5303 807 5373 fmderis,
853 5301 1127 5375 faciesque
1167 5305 1251 5360 ibi
1289 5302 1670 5372 stare'tecum,
1707 5312 1763 5360 et
1795 5304 2035 5360 auferam
2066 5307 2132 5359 de

541 5398 742 5472 spiritu
808 5402 922 5463 tuo,
978 5395 1299 5467 tradamque
1354 5397 1454 5465 eis,
1504 5405 1564 5451 ut
1613 5404 1915 5452 sustentent
1953 5404 2131 5450 tecum

546 5511 689 5554 onus
708 5493 910 5568 populi,
947 5503 1003 5551 et
1028 5508 1138 5574 non
1164 5502 1220 5549 tu
1248 5492 1395 5551 solus
1439 5492 1681 5565 graveris
1709 5489 1898 5570 (Num.
1926 5505 2018 5556 x1;
2064 5488 2130 5544 ΙΙ

548 5589 685 5646 Par.
717 5576 895 5661 xviri).
927 5606 946 5640 ›
986 5587 1067 5642 Ex
1096 5586 1323 5643 istorum
1367 5587 1551 5657 itaque
1578 5585 1746 5655 stirpe
1768 5585 1885 5641 dua:
1912 5597 2131 5655 proces-

550 5698 738 5745 serunt
766 5685 1139 5758 cognationes,
1165 5700 1394 5755 quarum
1425 5700 1533 5739 una
1572 5682 1811 5751 Cercthi,
1853 5682 2022 5739 altera
2051 5682 2133 5737 di-

550 5780 773 5834 cebatur
789 5776 1057 5834 Phelethi.
1093 5776 1159 5831 Et
1179 5776 1397 5832 Cerethi
1421 5775 1661 5844 quidem,
1684 5778 1816 5852 dans
1832 5776 2129 5846 judicium;

550 5866 815 5941 Plielethi,
844 5869 1068 5943 puniens
1099 5870 1485 5939 interpretatur
1513 5882 1526 5919 :
1559 5878 1615 5922 ut
1652 5885 1788 5940 quos
1818 5869 1897 5923 illi
1924 5867 2134 5940 adjudi-

2224 3376 2367 3432 idem
2391 3375 2561 3430 David
2589 3376 2964 3447 polymitarius
2991 3376 3209 3442 dicitur,
3238 3376 3367 3445 quia
3408 3386 3585 3431 mater
3606 3374 3725 3445 ejus
3754 3377 3823 3433 de

2226 3480 2427 3536 genere
2460 3465 2741 3521 Beselehel
2764 3466 3000 3533 exstitit,
3028 3467 3119 3536 qui
3152 3465 3562 3520 tabernaculum
3596 3466 3825 3522 fmderis

2226 3560 2282 3614 in
2308 3559 2523 3615 deserto
2563 3559 2891 3625 construxit,
2938 3550 3134 3630 inquo
3179 3559 3345 3614 etiam
3377 3558 3635 3615 nonnulla
3667 3560 3827 3632 poly-

2226 3652 2441 3707 mitaria
2483 3653 2800 3723 operatione
2834 3652 3137 3707 contexuit.
3162 3651 3584 3708 Bethlehemites
3607 3669 3827 3724 quoque

2226 3760 2334 3800 non
2358 3740 2657 3814 incongrue
2682 3743 2901 3809 dicitur,
2918 3743 3043 3813 quia
3059 3743 3125 3798 de
3149 3742 3506 3799 Noemiduxit
3529 3744 3822 3814 originem,

2226 3842 2283 3889 et
2330 3834 2396 3889 de
2430 3832 2748 3889 Bethlehem
2798 3832 3017 3887 fuerant
3067 3844 3309 3903 tempore
3361 3832 3521 3889 famis
3564 3849 3822 3905 egressae,

2229 3937 2394 3996 atque
2443 3926 2511 3981 ad
2539 3925 2787 3981 eamdem
2824 3924 3142 3981 Bethlehem
3190 3934 3315 3981 sunt
3361 3924 3645 3982 reﬁorente
3674 3936 3828 3998 post-

2230 4019 2451 4075 modum
2496 4020 2750 4075 ubertate
2792 4018 3053 4074 reductae.
3103 4017 3256 4085 Quod
3287 4025 3469 4073 autem
3505 4019 3827 4076 Adeodatus

2230 4124 2354 4164 cum
2397 4109 2652 4164 omnibus
2694 4109 2809 4163 suis
2836 4108 2923 4164 his
2953 4107 3237 4178 adjectivis
3278 4110 3393 4181 ipse
3428 4110 3621 4180 procul
3655 4110 3826 4167 dubio

2231 4201 2301 4256 sit
2351 4200 2543 4267 David,
2594 4200 2880 4272 sequentia
2933 4201 3249 4267 declarant,
3293 4202 3384 4257 ubi
3425 4203 3670 4258 dicitur:
3726 4221 3745 4253 ι
3779 4202 3827 4257 li

2230 4304 2464 4365 quatuor
2493 4294 2604 4349 uati
2646 4302 2771 4348 sunt
2796 4293 2863 4349 de
2888 4292 3107 4364 Arapha
3136 4294 3191 4349 in
3232 4291 3394 4360 Geth,
3430 4303 3486 4350 et
3505 4293 3829 4351 ceciderunt

2231 4386 2288 4441 in
2341 4403 2563 4442 manum
2590 4387 2759 4443 David
2804 4394 2860 4442 et
2896 4402 3177 4442 servorum
3207 4386 3325 4457 ejus
3355 4386 3438 4460 (11
3469 4388 3594 4459 Reg.
3627 4389 3762 4459 ut).
3800 4408 3821 4441 ι
3914 4411 3921 4421 ·

2232 4477 2378 4534 Sane
2404 4480 2533 4550 quid
2561 4480 2727 4534 etiam
2750 4494 2847 4551 per
2886 4480 3002 4535 haec
3026 4481 3252 4551 mystice
3277 4480 3631 4552 signiﬁcetur,
3660 4496 3830 4551 expo-

2232 4587 2436 4637 nerem,
2481 4573 2585 4630 nisi
2611 4574 2755 4645 quod
2796 4575 3142 4644 perspicuum
3170 4582 3277 4641 est,
3327 4575 3637 4646 epistolaris
3687 4576 3825 4631 mihi

2152 4651 2208 4713 Ι)
2232 4662 2473 4721 brevitas
2496 4666 2834 4736 prohiberet.
2880 4664 3043 4720 Juxta
3094 4667 3387 4737 mysticum
3423 4667 3631 4722 scilicet
3662 4666 3828 4721 intel-

2230 4753 2449 4820 lectum,
2503 4755 2617 4810 haec
2664 4756 2848 4811 omnia
2897 4755 3209 4811 referuntur
3246 4759 3315 4811 ad
3367 4756 3667 4812 Christum.
3702 4757 3827 4828 Ipse

2231 4853 2374 4907 enim
2402 4852 2713 4908 Adeodatus
2748 4860 2852 4918 est,
2895 4852 2961 4908 de
2994 4868 3102 4921 quo
3125 4861 3180 4908 et
3220 4868 3318 4923 per
3346 4852 3540 4908 Isaiam
3574 4852 3820 4907 dicitur:

2236 4964 2253 4997 ι
2285 4944 2428 4999 Puer
2451 4954 2611 4999 natus
2654 4953 2736 4999 est
2770 4945 2948 5011 nobis,
2992 4945 3138 5001 ﬁlius
3160 4946 3317 5001 datus
3350 4954 3436 5001 est
3480 4945 3637 5000 nobis
3658 4943 3822 5015 (Isai.

2230 5035 2328 5107 ιι).
2355 5033 2517 5107 rQui
2556 5033 2905 5091 ﬁliuS‘Saltus
2943 5051 3051 5090 non
3088 5037 3384 5108 incongrue
3420 5037 3639 5103 dicitur,
3687 5054 3825 5108 quo-

2233 5127 2377 5181 niam
2407 5142 2474 5181 ex
2504 5123 2705 5182 Judaeis
2755 5129 3056 5184 secundum
3103 5143 3322 5184 carnem
3370 5130 3521 5185 nasci
3568 5130 3823 5202 dignatus

2232 5227 2330 5281 est,
2381 5218 2473 5287 qui
2520 5218 2645 5274 dum
2680 5218 2886 5274 nullum
2938 5218 3176 5274 fructum
3209 5213 3507 5290 spiritualis
3558 5220 3822 5290 germinis

2228 5313 2544 5379 attulerunt,
2574 5313 2720 5368 velut
2744 5322 2984 5385 agrestes
3008 5315 3229 5370 arbores
3266 5330 3371 5371 non
3401 5316 3455 5369 in
3480 5313 3643 5371 horto
3667 5315 3822 5386 plan-

2234 5414 2377 5472 tataa,
2418 5406 2513 5462 sed
2555 5406 2611 5461 in
2636 5405 2776 5461 saltu
2825 5415 2985 5471 natae,
3033 5406 3250 5463 steriles
3291 5407 3638 5473 exstiterunt.
3664 5407 3819 5464 Unde

2231 5496 2429 5567 legitur
2452 5538 2468 5564 ,
2506 5515 2525 5549 ‹
2556 5495 2672 5553 Vox
2691 5497 2977 5553 clamantis
3006 5498 3059 5551 in
3082 5498 3299 5555 deserto
3326 5499 3460 5571 (Ira.
3498 5500 3610 5572 xc),
3659 5522 3679 5553 ι
3714 5501 3821 5556 hoc

2233 5595 2317 5642 est
2346 5587 2401 5642 in
2426 5586 2759 5643 infructuosa
2796 5585 3102 5643 Judaeorum
3130 5591 3347 5660 populo.

2306 5679 2685 5752 Polymitarius
2708 5696 2924 5751 quoque
2950 5680 3283 5753 Redemptor
3310 5692 3496 5739 noster
3516 5683 3710 5739 merito
3735 5683 3822 5737 di-

2234 5774 2395 5840 citur,
2418 5776 2542 5846 quia
2570 5775 2716 5831 velut
2742 5777 2965 5831 textrini
2993 5775 3175 5847 ope’ris
3199 5778 3377 5834 studio
3404 5788 3580 5843 vacat,
3611 5778 3736 5832 dum
3761 5787 3818 5831 et

2234 5882 2291 5923 se
2328 5868 2439 5925 suis
2480 5866 2724 5927 ﬁdelibus
2769 5868 2972 5939 induit,
3023 5879 3077 5927 ct
3128 5885 3193 5927 ex
3240 5869 3348 5928 illis
3376 5870 3604 5945 justitite
3654 5870 3818 5936 vesti;
