4142 5396
312 334 318 341 ’
370 350 475 407 625

1042 357 1284 416 orusc.
1326 344 1597 415 xxxv";
1630 390 1700 401 -
1739 360 1828 416 ne
1868 359 2095 417 vanus
2132 358 2376 417 sacms
2413 356 2965 428 QUESTIONIBUS.

3530 351 3638 410 626

369 471 550 517 menta
578 465 839 523 contexit.
871 468 949 525 De
972 471 1085 526 suis
1108 473 1308 544 quippe
1340 475 1582 530 vestibus
1604 492 1700 547 per
1721 476 1948 547 Aposto-
1975 482 2022 541 Λ
2050 485 2106 532 et
2130 477 2293 531 boves
2343 474 2552 545 argenti
2599 473 2747 529 siclis
2796 471 3206 543 quinquaginta.
3255 466 3316 524 In
3344 467 3482 526 libro
3506 482 3640 528 vero

367 550 477 608 lum
499 555 696 611 dicitur
725 576 737 612 :
774 560 876 616 «Ut
901 563 1180 619 exhiberet
1200 564 1297 620 sibi
1327 566 1612 636 gloriosam
1631 569 1947 638 Eet-lcsiam,

368 660 476 700 non
507 646 794 705 habentem
839 653 1106 709 maculam
1139 672 1313 727 neque
1358 674 1546 727 rugam
1578 658 1792 731 (Ep/tes.
1824 661 1898 732 v).
1923 681 1943 715 ι

366 737 432 791 Ει
456 753 553 809 per
592 738 916 812 Prophetam
943 764 956 798 :
997 765 1015 797 ‹
1050 747 1311 803 Omnibus
1339 748 1423 805 his
1451 751 1598 806 velut
1626 762 1947 810 ornamento

362 831 614 889 vestieris
665 833 826 906 (Iani.
875 840 1044 911 xux).
1078 860 1095 893 ι
1156 840 1232 897 De
1270 834 1471 897 Christi
1524 860 1652 900 vero
1700 846 1945 902 fidelibus

361 920 647 980 Psalmista
679 928 862 983 canit:
921 949 939 981 ι
977 931 1297 991 Sacerdotes
1346 937 1424 991 tui
1472 937 1947 1009 induanturjusti-

363 1015 514 1070 tiam.
554 1036 576 1073 ι
630 1017 697 1073 Et
743 1035 841 1091 per
903 1015 1241 1081 Ezechielem
1298 1028 1558 1086 Dominus
1609 1013 1945 1103 improperat

357 1109 556 1165 animae
631 1128 792 1183 quam
860 1116 1235 1185 spiritualibus
1309 1120 1639 1178 indumentis
1690 1126 1945 1180 decenter

358 1201 592 1267 ornavit,
626 1202 718 1258 sed
758 1219 879 1259 cum
907 1206 1019 1275 ipsa
1053 1209 1300 1265 ntmchiae
1343 1211 1594 1267 sordibus
1623 1213 1825 1284 polluta
1848 1214 1946 1271 de-

356 1292 566 1347 seruit:
620 1312 639 1346 ‹
672 1295 872 1351 Vestivi
901 1309 971 1364 te,
1023 1300 1222 1371 inquit,
1271 1301 1841 1376 “discoloribus,
1889 1320 1945 1367 et

356 1382 591 1439 calceavi
614 1394 666 1440 te
696 1387 1010 1459 hyacintho,
1052 1401 1106 1447 et
1132 1394 1278 1449 cinxi
1307 1404 1358 1449 te
1384 1398 1579 1468 bysso,
1614 1407 1670 1453 et
1702 1400 1849 1456 indui
1891 1411 1942 1457 te

355 1475 665 1545 subtilibus,
695 1491 749 1535 et
776 1485 964 1538 ornavi
995 1492 1045 1540 te
1081 1499 1436 1556 ornamento;
1468 1510 1486 1541 ι
1522 1499 1577 1546 et
1606 1493 1767 1562 paulo
1788 1505 1939 1566 post:

359 1587 377 1619 ι
411 1568 479 1623 Et
503 1574 696 1628 vestita
724 1589 783 1630 es
812 1574 1009 1648 bysso,
1047 1588 1102 1634 et
1140 1582 1423 1653 polymito,
1462 1594 1517 1641 et
1565 1588 1753 1643 multis
1793 1590 1940 1646 colo-

352 1659 502 1717 ribus
531 1661 748 1735 (Ezech.
798 1670 933 1740 1m).
967 1690 986 1723 ι
1024 1671 1163 1739 Quid
1216 1690 1344 1747 ergo
1374 1678 1571 1733 mirum
1614 1681 1681 1751 si.
1706 1682 1940 1738 Redem-

351 1758 699 1821 ptor'noster
732 1758 1122 1832 Polymitarius
1162 1766 1396 1837 dicitur,
1442 1771 1535 1841 qui
1582 1773 1804 1830 virtutis
1839 1775 1936 1832 de-

350 1858 478 1900 core
506 1847 767 1920 polymito
814 1853 993 1909 induit
1030 1858 1293 1925 animam,
1333 1877 1495 1931 quam
1538 1867 1772 1936 sponsali
1816 1867 1939 1938 jure
1968 1866 2015 1927 B

349 1939 618 2032 sortitur?
662 1942 780 2014 Ipse
808 1955 894 2000 est
936 1948 1085 2003 enim
1135 1949 1229 2005 Dei
1277 1955 1562 2024 sapientia,
1615 1958 1680 2013 de
1711 1976 1815 2030 qua
1842 1976 1941 2032 per

350 2025 693 2087 Salomonem
727 2035 925 2092 dicitur
954 2057 967 2092 :
1017 2059 1035 2091 ‹
1064 2038 1199 2107 Quia
1248 2046 1498 2113 quaesivit
1540 2025 1744 2104 lanam—
1767 2061 1820 2106 et
1842 2025 1939 2107 tli-

347 2135 502 2189 num,
541 2132 595 2178 et
616 2136 838 2195 operata
868 2139 951 2185 est
972 2132 1201 2190 consilio
1226 2151 1482 2192 manuum
1506 2154 1727 2195 suarum
1753 2142 1936 2212 (Prov.

346 2213 522 2283 xxxr).
564 2233 583 2265 ι
629 2216 795 2286 Cujus
838 2221 986 2291 digiti
1032 2226 1503 2295 apprehenderunt
1532 2230 1729 2299 fusum,
1783 2233 1938 2304 cujus

346 2318 534 2362 omnes
556 2309 838 2367 domestici
869 2318 1052 2372 vestiti
1080 2331 1207 2375 sunt
1236 2321 1541 2393 duplicibus
1559 2343 1572 2393 ;
1590 2327 1746 2397 cujus
1768 2330 1933 2386 etiam

344 2407 472 2450 caro
492 2400 731 2471 stragula
753 2406 923 2461 vestis
944 2407 1085 2464 facta
1112 2419 1195 2467 est
1221 2412 1273 2468 in
1299 2416 1568 2484 passione.
1613 2418 1718 2475 Sed
1745 2423 1935 2478 eadem

343 2488 538 2561 byssus
575 2504 629 2549 et
660 2499 861 2568 regalis
903 2516 1140 2573 purpura
1175 2506 1551 2566 indumentum
1584 2513 1729 2569 illius
1766 2526 1851 2571 est
1880 2518 1934 2573 in

343 2586 762 2675 resurrectione.
794 2590 894 2657 Qui
919 2594 1084 2649 etiam
1100 2596 1523 2658 Bethlehemites
1542 2602 1665 2673 jure
1687 2618 1933 2675 vocatur,

343 2671 470 2740 quia
496 2674 548 2727 in
568 2674 881 2735 Bethlehem
903 2685 968 2739 de
991 2684 1215 2758 Virgine
1238 2700 1399 2747 natus
1426 2671 1755 2765 agnoscitur.
1782 2671 1935 2766 Quod

341 2772 524 2817 autem
556 2768 756 2823 dicitur
784 2772 910 2841 quia
944 2776 1160 2832 tertium
1214 2780 1410 2836 bellum
1439 2782 1538 2838 fuit
1567 2786 1619 2839 in
1647 2785 1785 2855 Goh,
1835 2791 1937 2846 hoc

341 2854 661 2945 intelligitur
701 2865 829 2932 quia
859 2881 1019 2923 verus
1065 2869 1235 2927 David
1285 2873 1537 2932 Salvator
1589 2878 1778 2945 lsracl,
1811 2892 1936 2938 ante

340 2944 537 3018 legem,
590 2959 644 3007 et
695 2956 797 3011 sub
837 2956 972 3029 lege,
1027 2976 1090 3016 ac
1127 2967 1468 3033 postmodum
1526 2970 1577 3023 itt
1623 2974 1935 3044 evangelica

342 3041 518 3109 gratia
566 3042 752 3102 fideles
781 3063 997 3121 semper
1044 3053 1334 3113 bellatores
1369 3057 1558 3115 habuit
1594 3103 1608 3125 ,
1656 3041 1936 3135 per‘quos

340 3142 529 3188 contra
560 3135 923 3207 Philisthaaos,
957 3143 1011 3200 id
1039 3156 1138 3210 est,
1178 3148 1441 3206 adversus
1480 3153 1745 3222 malignos
1776 3157 1936 3226 spiri-

2052 568 2500 639 Paralipomenon
2546 564 2619 619 ita
2656 563 2888 634 legitur;
2922 579 2941 612 ‹
2980 562 3131 618 Dedit
3180 576 3310 633 ergo
3340 559 3511 615 David
3534 559 3638 617 Or-

2050 678 2157 718 nan
2184 676 2282 734 pro
2317 660 2435 715 loco
2463 657 2625 719 siclos
2655 656 2772 711 auri
2799 654 3089 724 justissimi
3119 656 3374 728 ponderis
3412 669 3641 713 sexcen-

2051 763 2153 819 tos,
2179 763 2234 809 et
2260 752 2545 808 aedificavit
2576 749 2647 805 ibi
2676 749 2848 805 altare
2891 748 3122 805 Domino
3169 749 3216 821 (Ι
3251 747 3398 804 Petr.
3433 748 3573 821 XXI).
3610 768 3635 804 ι

2050 847 2141 903 Sic
2169 848 2335 918 igitur
2372 854 2600 916 utraque
2647 845 2867 900 sibimet
2895 841 3177 914 Scriptura
3199 843 3407 910 divisit,
3452 850 3516 897 ut
3543 840 3641 900 illa

2046 938 2230 1005 boum,
2262 939 2365 995 ista
2388 939 2554 996 solius
2576 954 2718 994 area:
2745 944 2993 992 numeret
3016 936 3270 1006 pretium.
3300 935 3407 991 Res
3429 936 3639 1007 itaque,

2046 1031 2243 1101 quibus
2283 1032 2442 1101 pretii
2477 1048 2732 1088 mensura
2779 1030 3100 1102 praefigitur,
3151 1029 3494 1099 discrepant;
3539 1027 3640 1086 sed

2047 1122 2344 1193 Scriptura:
2379 1132 2581 1180 sanctae
2619 1124 2836 1180 sibimet
2862 1124 3097 1179 invicem
3128 1137 3236 1178 non
3265 1130 3598 1193 repugnant.

2483 1245 2646 1319 355
2687 1244 3056 1303 DUBITATIO
3096 1245 3184 1301 v1.

2115 1357 2249 1413 Illud
2279 1368 2548 1430 prieterea
2593 1359 2989 1416 consulendum
3034 1360 3260 1432 putasti,
3311 1358 3460 1432 quod
3498 1358 3635 1431 legi-

2048 1458 2170 1504 tur:
2222 1450 2347 1505 Fuit
2376 1462 2560 1506 autem
2608 1452 2682 1507 ibi
2732 1452 2981 1522 praelium
3016 1453 3324 1523 dispersum
3365 1466 3530 1525 super
3556 1451 3640 1507 fao

2041 1525 2181 1597 ciem
2233 1544 2412 1599 omnis
2462 1553 2641 1610 terrae,
2698 1554 2751 1600 et
2821 1545 2992 1600 multo
3038 1545 3223 1616 plures
3276 1554 3433 1601 erant
3500 1558 3638 1615 quos

2044 1630 2467 1706 consumpserat
2508 1637 2679 1692 saltus
2712 1639 2777 1692 de
2818 1638 3038 1710 populo,
3072 1654 3235 1710 quam
3289 1639 3328 1693 ii
3368 1653 3506 1709 quos
3527 1651 3636 1701 vo-

2043 1735 2263 1780 raverat
2310 1726 2522 1795 gladius
2555 1726 2638 1796 (II
2692 1727 2821 1800 Reg.
2867 1730 3048 1802 xvm).
3098 1730 3177 1785 De
3216 1746 3323 1801 qua
3354 1731 3635 1788 sententia

2045 1820 2099 1874 in
2140 1819 2281 1875 libro
2332 1819 2725 1875 llebraicarum
2770 1821 3132 1892 quzcstiouum
3174 1822 3292 1876 hmo
3325 1821 3386 1875 Β.
3436 1819 3634 1879 Hiero~

2042 1913 2191 1983 nymi
2228 1913 2390 1968 verba
2423 1920 2591 1968 sunt:
2631 1933 2648 1964 ι
2680 1912 2887 1967 Saltum
2913 1915 3082 1980 hunc,
3104 1913 3304 1983 inquit,
3332 1914 3426 1984 qui
3446 1914 3636 1986 plures

2042 2006 2449 2075 consumpsisse
2474 2021 2635 2075 quam
2683 2004 2893 2074 gladius
2921 2021 3148 2061 vorasse
3175 2006 3393 2077 legitur,
3426 2005 3634 2065 bestias

2040 2080 2424 2161 ferocissimas,
2454 2112 2574 2168 qua:
2605 2096 2658 2151 in
2689 2096 2832 2152 saltu
2856 2106 3048 2165 erant,
3077 2097 3290 2153 Hebraei
3318 2105 3633 2165 autumant,

2041 2207 2071 2245 a
2119 2189 2315 2260 quibus
2344 2189 2530 2260 plures
2577 2190 2885 2260 consumpti
2936 2206 3100 2260 quam
3148 2202 3179 2245 a
3224 2189 3402 2261 gladio
3445 2189 3633 2248 vorati

2041 2283 2262 2340 fuerint.
2293 2305 2311 2337 ι
2349 2285 2545 2341 Verum
2573 2286 2686 2351 hic,
2712 2294 2771 2341 ut
2796 2285 3015 2351 dicitur,
3037 2284 3386 2341 Hebraeorum
3411 2283 3517 2339 fuit
3543 2283 3635 2339 in-

2044 2380 2322 2447 tellectus;
2358 2380 2517 2435 nobis
2550 2391 2729 2435 autem
2759 2380 2976 2435 videtur
3028 2378 3155 2450 quia
3205 2378 3393 2435 vesani
3426 2377 3635 2449 quiquo

2040 2477 2097 2523 et
2122 2468 2391 2535 infruniti,
2433 2471 2525 2539 qui
2575 2485 2697 2525 cum
2751 2470 2991 2526 Absalon
3026 2469 3427 2541 perduelliones
3456 2468 3632 2525 exsti-

2045 2569 2244 2627 terant,
2272 2561 2386 2617 Dco
2416 2563 2699 2618 deserente
2728 2563 2935 2627 caecati,
2959 2561 3195 2618 arbustis
3219 2561 3634 2618 occurrentibus

2039 2653 2448 2725 impingebant;
2479 2662 2642 2725 atque
2680 2655 2801 2710 ideo
2832 2655 3048 2711 dicatur
3091 2655 3216 2725 quia
3272 2655 3456 2726 plures
3485 2654 3634 2711 ceci-

2040 2743 2221 2799 derint
2263 2744 2407 2801 saltu
2458 2755 2810 2801 consumente
2858 2748 3169 2817 perempti,
3226 2762 3392 2817 quam
3440 2747 3477 2802 ii
3524 2747 3621 2819 qui

2040 2836 2217 2908 gladio
2254 2836 2454 2892 fuerint
2500 2838 2806 2895 trucidante
2846 2839 3045 2894 vorati.
3094 2838 3249 2907 Quod
3299 2840 3375 2894 ita
3424 2840 3630 2911 debere

2040 2927 2267 2998 intelligi
2299 2944 2405 2983 non
2444 2929 2756 3000 ambigitur,
2790 2930 2835 2985 si
2873 2931 2992 3000 ipsa
3039 2929 3165 3001 styli
3208 2929 3631 2999 consequentia,

2038 3017 2123 3072 vel
2152 3018 2440 3090 superficie
2469 3028 2622 3075 tenus
2650 3021 2983 3076 attendatur.
3006 3019 3142 3075 Nam
3169 3030 3455 3092 postquam
3485 3036 3635 3094 prim

2039 3111 2247 3167 mittit:
2284 3131 2303 3165 ‹
2337 3111 2506 3168 Multo
2548 3114 2730 3184 plures
2782 3123 2941 3170 erant
2970 3130 3105 3185 quos
3149 3115 3320 3170 saltus
3363 3122 3646 3174 consum-i

339 3235 427 3282 tus
453 3229 756 3289 dimicavit.
793 3236 877 3292 Ad
904 3204 1009 3294 hoc
1036 3204 1219 3310 itaque
1250 3204 1741 3301 tertiuinliellpum'
1962 3230 2006 3293 Ο
2036 3204 2336 3310 “iunge
2375 3204 2587 3277 mpmo’
2620 3208 2854 3310 quani“
2902 3222 3038 3310 quos
3084 3215 3375 3310 vim???“
3415 3207 3633 3279 gladius

340 3320 490 3375 venit
513 3321 568 3376 in
597 3322 735 3393 Gob,
782 3328 875 3398 qui
903 3328 1295 3401 interpretatur
1323 3334 1518 3403 lacus‘,
1549 3337 1675 3407 quia
1701 3338 1947 3407 Redems

336 3416 463 3480 ptor
483 3424 695 3504 noster,
725 3417 852 3474 dum
881 3421 1031 3477 velut
1052 3422 1182 3479 forti
1218 3437 1429 3482 armato
1452 3429 1648 3486 fortior
1677 3447 1932 3504 superve-

338 3504 419 3557 nit
447 3502 598 3577 (Luc.
640 3508 744 3581 ιι),
802 3512 917 3582 ipse
962 3530 1061 3585 per
1097 3532 1156 3572 se
1184 3519 1347 3574 etiam
1377 3536 1549 3593 usque
1595 3523 1665 3579 ad
1717 3502 1928 3581 inferna

338 3594 637 3655 descendit.
667 3599 823 3659 Unde
849 3620 949 3675 per
973 3607 1320 3666 Psalmistam
1357 3612 1491 3668 dicit
1521 3632 1534 3669 :
1574 3633 1592 3668 ι
1626 3614 1929 3673 Posuerunt

338 3702 428 3744 me
454 3688 509 3746 in
541 3689 662 3746 lacu
688 3692 955 3764 inferiori,
993 3698 1046 3753 in
1080 3702 1336 3769 tenebris,
1385 3714 1443 3759 et
1492 3708 1687 3763 umbra
1734 3710 1928 3765 mortis

337 3778 514 3873 (_Psal.
526 3786 797 3873 txxxvu).
815 3806 835 3840 ι
853 3787 1471 3859 lllicpercussitGoliath
1485 3797 1784 3868 Gethazum,
1800 3803 1928 3873 quia

339 3870 468 3925 dum
494 3871 790 3930 eleCtorum
820 3878 1030 3935 animas
1051 3880 1119 3936 de
1143 3883 1400 3952 gehennae
1423 3887 1675 3944 claustris
1704 3870 1924 3961 eripuit,

339 3962 623 4034 antiquum
648 3963 895 4033 hostem,
946 3971 1039 4040 qui
1066 3986 1229 4042 super
1268 3989 1361 4031 eos
1398 3977 1736 4045 tyrannidem
1765 3994 1924 4036 exer-

340 4054 521 4121 cebat,
561 4054 745 4111 lethali
774 4058 997 4116 vulnere
1025 4064 1312 4121 sauciarit.

888 4153 1256 4215 DUBl'l‘ATlO
1299 4160 1362 4216 γ.

414 4237 624 4306 Quaeris
654 4243 817 4297 etiam
847 4259 947 4300 cur
993 4246 1046 4302 in
1078 4247 1377 4320 Scripturis
1414 4254 1586 4310 sacris
1621 4255 1692 4311 sit
1718 4256 1821 4313 ista
1844 4257 1925 4314 di-

341 4331 591 4399 versitas,
618 4344 677 4388 ut
706 4334 762 4388 in
784 4335 924 4393 libro
961 4336 1167 4411 Regum
1191 4342 1401 4414 legatur
1432 4346 1599 4401 David
1630 4350 1923 4407 redemisse

345 4436 524 4477 aream
557 4422 759 4481 Ornam
784 4426 1017 4485 Jehusaei
1062 4431 1146 4503 (Il
1180 4432 1308 4504 Reg.
1340 4437 1513 4510 xxxv),
1544 4438 1705 4494 simul
1736 4449 1791 4496 et
1828 4440 1924 4497 bo-

341 4525 433 4567 ves
454 4514 822 4584 quioﬂ‘erendi
853 4530 1009 4574 erant
1033 4521 1088 4575 in
1117 4522 1511 4591 holocaustum,
1541 4528 1687 4585 siclis
1711 4531 1920 4600 argenti

342 4610 712 4664 tantummodo
741 4613 1174 4685 quinquaginta;
1209 4630 1334 4670 cum
1377 4618 1432 4673 in
1470 4618 1925 4692 Paralipomenon
1952 4608 2004 4667 Ῑ)

339 4712 439 4770 pro
460 4699 575 4755 sola
606 4717 729 4758 area
757 4703 971 4760 dedisse
996 4717 1249 4763 narretur
1273 4711 1394 4766 auri
1425 4723 1709 4770 sexcentos
1731 4715 1930 4771 siclos?

340 4789 428 4864 (II
459 4789 590 4848 Par.
620 4795 727 4867 tu.)
770 4797 879 4855 Sed
910 4801 1193 4857 sciendum
1241 4813 1325 4860 est
1354 4807 1542 4876 procul
1588 4808 1776 4882 dubio}
1799 4810 1928 4881 quia

340 4886 393 4941 in
444 4886 583 4942 libro
635 4888 840 4961 Regum
895 4892 1064 4949 boves
1111 4900 1482 4955 tantummodo
1535 4903 1928 4975 quinquaginta

337 4978 487 5034 siclis
515 4982 722 5046 argenti
747 5000 1099 5054 comparasse
1120 4988 1289 5046 David
1314 4992 1547 5063 legitur;
1586 4998 1775 5066 quanti
1798 5011 1929 5052 vero

336 5087 522 5127 aream
557 5079 985 5158 comparaverit,
1012 5079 1123 5136 illic
1148 5084 1372 5140 omnino
1406 5086 1619 5144 siletur.
1649 5089 1925 5159 Paralipo-

257 5208 265 5212 .
334 5181 531 5221 menon
562 5182 687 5222 vero
729 5169 873 5229 liber
918 5160 991 5228 de.
1018 5175 1190 5232 bobus
1221 5192 1251 5232 e
1282 5181 1563 5237 contrario
1611 5191 1778 5251 tacet,
1827 5181 1924 5239 sed

331 5266 566 5326 emptam
596 5267 864 5334 sexcentis
895 5264 1018 5318 auri
1060 5267 1206 5323 siclis
1237 5286 1420 5327 aream
1448 5276 1718 5341 perhibet.
1767 5275 1923 5343 Quod

329 5346 487 5396 ῙἎΩΗΕ
513 5351 820 5396 ΠΕΓνίΛΡΙΙΙΡ
888 5356 935 5396 αἱ
968 5356 1018 5396 in
1047 5369 1276 5396 Illrnnnn
1322 5364 1458 5396 Ιῖινηιη
1486 5365 1599 5396 ἶηιυι
1627 5370 1918 5396 ..ΛαιιΑ--ι-νη

2037 3298 2092 3353 in
2126 3299 2214 3354 die
2238 3297 2361 3367 illa;
2399 3320 2418 3352 ι
2464 3310 2662 3373 praesto
2698 3300 2977 3374 subjungit
3014 3318 3029 3358 :
3063 3322 3082 3355 ‹
3112 3304 3326 3361 Accidit
3353 3312 3537 3360 autem
3568 3311 3635 3359 ut

2036 3400 2351 3446 occurreret
2391 3391 2628 3449 Absalon
2677 3395 2852 3450 servis
2898 3395 3071 3451 David
3118 3397 3315 3452 sedens
3349 3396 3405 3451 in
3434 3395 3583 3452 mulo
3606 3413 3648 3451 :.

2036 3500 2267 3557 cumque
2294 3486 2571 3559 ingressus
2611 3486 2806 3546 fuisset
2839 3490 3018 3546 malus
3063 3492 3251 3548 subter
3290 3491 3646 3548 condensam

2038 3594 2300 3651 quercum
2351 3590 2405 3637 et
2433 3597 2712 3653 magnam,
2755 3583 2985 3641 adhaesit
3013 3593 3178 3655 caput
3217 3584 3334 3655 ejus
3362 3582 3623 3655 quercui;

2036 3680 2112 3737 et,
2167 3672 2258 3728 illo
2305 3688 2569 3744 suspenso
2617 3674 2762 3731 inter
2807 3675 3009 3733 cmlum
3057 3683 3113 3731 et
3160 3674 3645 3741 terratermulus

2038 3764 2124 3820 cui
2153 3764 2429 3821 insederat
2458 3766 2777 3837 pertransiit
2810 3766 2894 3839 (11
2916 3766 3045 3840 Reg.
3078 3768 3260 3837 xvm).
3298 3786 3320 3821 ι

2565 3888 2935 3947 DUBITATIO
2986 3889 3098 3945 VII.

2104 4000 2240 4055 Illud
2269 4008 2554 4070 praeterea,
2582 4003 2727 4072 quod
2755 4002 3008 4072 inquiris,
3038 3986 3169 4073 quid
3201 4000 3406 4057 factum
3452 4000 3525 4060 sit
3558 4003 3628 4060 de

2034 4105 2161 4146 arca
2197 4091 2409 4145 Domini
2459 4101 2514 4147 et
2561 4091 2918 4146 tabernaculo
2967 4090 3215 4158 foederis,
3265 4106 3388 4161 quae
3434 4091 3624 4149 fabre-

2032 4180 2176 4236 facta
2203 4189 2332 4235 sunt
2356 4180 2411 4235 in
2439 4181 2675 4236 deserto.
2709 4178 2866 4235 Sicut
2891 4179 3051 4249 hujus
3078 4182 3156 4237 rei
3184 4195 3323 4251 pene
3351 4181 3425 4236 nil
3459 4179 3627 4238 oﬂicit

2032 4271 2338 4345 ignorantia
2359 4312 2374 4338 ,
2408 4273 2482 4327 ita
2512 4274 2604 4328 vix
2634 4272 2841 4343 aliquid
2886 4272 3137 4329 utilitatis
3185 4274 3451 4345 probatur
3488 4268 3644 4374 εσυ-ἑ

2034 4364 2180 4421 ferre
2215 4364 2449 4420 notitia:
2485 4372 2890 4431 verumtamen,
2912 4365 3054 4420 sicut
3105 4363 3406 4438 Scriptura:
3453 4366 3627 4423 tradit

2032 4448 2353 4521 auctoritas,
2389 4455 2446 4510 in
2478 4465 2662 4513 monte
2690 4456 2937 4523 Abarim,
2985 4458 3077 4515 ubi
3119 4457 3336 4530 Moyses
3373 4446 3643 4531 sepultus:

2032 4547 2347 4618 agnoscitur
2377 4547 2557 4619 (Deut.
2608 4548 2833 4621 xxxiv),
2866 4517 3277 4606 tabernaculum
3307 4517 3469 4607 simul
3494 4517 3643 4606 cum‘

2030 4654 2183 4705 arca,
2208 4654 2310 4694 nec
2340 4654 2448 4694 non
2479 4649 2535 4696 et
2562 4641 2734 4696 altare
2762 4641 2973 4696 incensi
2997 4642 3337 4697 reconditum
3368 4633 3643 4699 Ieremia!

2028 4730 2309 4800 prophetae
2336 4732 2600 4800 .manibus
2646 4733 2943 4789 invenitur.
2988 4732 3145 4800 Quod
3174 4732 3411 4791 evidenti
3441 4726 3641 4800 decla-Q

2030 4790 2185 4879 ἰηιιῖιτ
2230 4790 2465 4892 indicio,
2496 4826 2541 4880 si
2579 4825 2804 4884 secundi
2850 4823 2977 4880 libri
3024 4826 3460 4885 Maehabaeorum
3500 4790 3650 4913 (ηιξ-ξ

2029 4923 2223 4985 genter
2248 4917 2561 4973 attendatur
2586 4918 2872 4975 exordium
2899 4932 2914 4968 :
2955 4935 2975 4968 ‹
3010 4917 3167 4985 Erat,
3194 4918 3393 4991 inquit,
3420 4918 3478 4974 in
3508 4917 3637 4987 ipsa

2031 5007 2328 5078 scriptura,
2361 5010 2635 5078 quomodo
2675 5007 3087 5065 tabernaculum
3128 5019 3185 5066 et
3226 5025 3414 5071 arcam
3464 5009 3659 5099 jussit:

2027 5104 2320 5173 propheta,
2351 5101 2535 5156 divino
2552 5114 2815 5174 responso
2846 5096 2912 5151 ad
2946 5101 3213 5172 sefacto,
3246 5103 3504 5163 comitari
3544 5119 3645 5163 se-

2028 5203 2175 5257 cum,
2225 5203 2510 5263 usqueqtlo
2541 5193 2681 5247 exiit
2732 5190 2786 5244 in
2828 5198 3075 5247 montem
3107 5192 3162 5250 in
3204 5210 3372 5265 quem
3414 5193 3645 5264 Moyses

2028 5285 2282 5342 ascendit
2341 5287 2400 5334 et
2444 5277 2585 5333 vidit
2635 5280 2731 5336 Dei
2791 5275 3142 5354 claritatem;
3190 5294 3248 5342 et
3294 5286 3524 5346 veniens
3564 5284 3655 5345 ibi

2512 5369 2550 5396 ἶ.
2601 5372 2779 5396 In...”
2816 5369 3083 5396 nnn‘.-_---
3150 5387 3186 5396 _.
3223 5380 3294 5396 Α..
3428 5394 3437 5396 -
3464 5373 3641 5396 Α--Ι---.-

2346 5369 2550 5396 ξηεσιιηῖι
2601 5372 2779 5396 In...”
2816 5368 3083 5396 nnn‘.-_---

2032 5366 2229 5396 In..-_._-
2243 5392 2257 5396 _
2277 5391 2295 5396 -
