4138 6320
529 546 653 627 ,δεῖ

989 547 1047 602 S.
1091 546 1295 603 PETRI
1334 544 1619 602 DAMlANl
1658 544 1808 601 OPP.
1851 539 2086 599 TOMUS
2142 535 2272 594 SEU
2310 534 2490 591 PARS
2524 534 2609 589 lll.
2651 561 2720 571 --
2761 525 3126 585 OPUSCULA
3165 522 3395 580 VARIA.

3726 521 3845 577 628

550 661 742 726 serint,
764 658 893 729 quia
916 674 1179 729 nusquam
1208 660 1487 729 Scriptura
1511 664 1929 721 commemorat,
1946 662 2134 710 nostra
2164 654 2212 713 Α
2314 651 2643 704 Potestatem
2674 660 2802 716 ergo
2825 645 2968 700 Deus
2991 640 3192 697 Christi
3223 636 3666 710 persecutoribus
3693 650 3846 708 pra-

529 766 771 825 ,qnoque
802 750 1103 820 disquirere
1133 751 1423 806 curiositas
1454 767 1560 804 non
1587 756 1903 820 praesumat.

1089 842 1459 898 DUBlTATlO
1502 842 1626 896 Vlll.

620 933 754 989 lllud
784 936 948 990 etiam
984 934 1159 1000 Isaiae,
1190 936 1331 1005 quod
1362 935 1457 989 tibi
1500 935 1642 1006 petis
1670 933 1867 1004 exponi
1898 954 1911 987 :
1948 953 1966 985 ‹
1997 932 2140 988 Pro-

548 1035 673 1100 pter
710 1028 890 1084 scelus
936 1029 1119 1100 populi
1158 1031 1274 1097 ,ιιιοί
1304 1030 1551 1099 percussi
1581 1046 1727 1094 eum,
1759 1040 1813 1084 et
1844 1030 1995 1083 dabit
2033 1028 2138 1083 im-

547 1121 697 1190 pium
724 1137 824 1193 pro
847 1121 1145 1191 sepultura,
1176 1131 1232 1175 et
1265 1123 1487 1176 divitem
1520 1137 1619 1193 pro
1650 1132 1825 1178 morte
1852 1137 1947 1175 sua
1976 1120 2137 1193 (Isai.

553 1211 715 1284 ιιιι),
759 1232 779 1265 ι
813 1222 873 1267 ut
902 1212 1057 1268 nobis
1092 1213 1331 1278 videtur,
1360 1214 1469 1269 tale
1500 1223 1604 1270 est.
1637 1213 1798 1268 Pater
1826 1212 1994 1285 646
2018 1230 2137 1269 om-

547 1307 803 1378 nipotens
830 1306 1027 1363 Filium
1046 1318 1270 1379 propter
1291 1308 1469 1379 populi
1487 1311 1568 1364 sui
1598 1319 1821 1378 peccata
1847 1310 2137 1379 percussit,

546 1401 675 1470 quia
702 1401 849 1455 illum
868 1442 881 1465 ,
913 1413 973 1455 ut
1002 1412 1187 1457 DOSll'a
1214 1412 1432 1472 peccata
1464 1403 1687 1471 deleret,
1721 1404 1901 1460 crucis
1928 1404 2140 1474 patibu-

544 1489 657 1545 lum
683 1492 866 1549 subire
888 1493 1189 1548 constituit.
1208 1494 1289 1548 Ad
1321 1495 1424 1549 hoc
1451 1496 1593 1549 enim
1617 1504 1700 1550 est
1725 1494 1894 1549 Filius
1923 1511 1952 1548 a
1978 1494 2142 1550 Patre

542 1585 799 1651 traditus,
833 1595 1105 1642 utservus
1128 1587 1283 1642 ﬁeret
1306 1586 1617 1655 absolutus;
1653 1587 2139 1658 sicutApostolus:

549 1696 567 1728 ί
588 1677 688 1743 Qui
713 1680 955 1749 proprio,
972 1679 1170 1752 inquit,
1190 1681 1330 1736 Filio
1352 1697 1458 1736 non
1479 1682 1737 1751 pepercit,
1755 1682 1848 1737 sed
1866 1697 1964 1753 pro
1985 1682 2141 1738 nobis

542 1768 793 1823 omnibus
823 1770 1047 1824 tradidit
1067 1770 1213 1825 illum
1244 1771 1422 1844 (Rom.
1444 1772 1628 1841 vm).»
1654 1772 1856 1829 Adhoc
1877 1772 2139 1828 innocens

539 1858 750 1914 vulneri
761 1861 858 1917 bus
872 1870 955 1917 est
967 1874 1342 1932 percussus,nt
1356 1874 1608 1935 peccator
1623 1864 1853 1919 exsultet
1869 1880 1897 1919 a
1916 1880 2137 1919 suorum

540 1952 824 2009 vulnerum
857 1955 1028 2011 livore
1055 1966 1301 2013 sanatus.
1352 1957 1505 2012 Sicut
1536 1972 1630 2026 per
1661 1958 1909 2012 eumdem
1940 1958 2133 2012 Isaiam

2238 743 2376 806 buit,
2408 742 2505 796 sed
2535 749 2592 794 ut
2619 754 2744 795 cum
2777 743 3166 808 persequentes
3204 732 3518 787 occiderent
3544 744 3653 783 non
3678 744 3846 784 man-

2239 835 2406 890 davit.
2450 833 2603 889 Unde
2654 832 2764 886 illic
2810 829 3094 900 praemittit
3123 827 3407 896 propheta,
3444 823 3674 878 dicens:
3707 840 3728 874 ι
3762 819 3847 879 Ut

2238 934 2578 997 perverteret
2615 923 2890 978 hominem
2919 922 2971 975 in
2998 920 3204 989 judicio
3230 932 3347 982 suo,
3376 914 3641 971 Dominus
3672 913 3845 983 igno-

2240 1020 2382 1073 ravit
2436 1018 2651 1091 (Tliren.
2709 1018 2825 1086 ιιι).
2861 1036 2879 1067 ι
2922 1014 3272 1070 Perverteret
3320 1010 3519 1080 quippe
3567 1007 3842 1062 Dominus

2242 1110 2293 1165 in
2320 1110 2526 1179 judicio
2552 1108 2849 1173 hominem,
2875 1106 2919 1162 si
2942 1102 3298 1162 condemnari
3328 1099 3651 1171 praeciperet
3674 1097 3844 1152 inno-

2242 1212 2481 1258 centem.
2515 1202 2622 1257 Sed
2651 1201 2797 1256 aliud
2828 1208 2913 1255 est
2936 1198 3318 1259 condemnare,
3342 1193 3484 1248 aliud
3514 1208 3545 1246 a
3575 1191 3843 1247 condem-

2242 1295 2481 1350 uationis
2507 1293 2774 1365 supplicio
2805 1308 2913 1347 non
2947 1291 3191 1359 eripere;
3223 1286 3369 1351 aliud
3396 1286 3449 1340 in
3481 1290 3708 1340 conatus
3738 1296 3838 1337 sa-

2242 1390 2474 1460 crilegos
2517 1374 2762 1443 furentes
2816 1384 3114 1457 impellere,
3168 1382 3311 1437 aliud
3354 1392 3696 1449 nequaquam
3738 1392 3840 1433 ac—

2242 1483 2382 1553 ccpti
2435 1481 2639 1537 furoris
2683 1478 2950 1536 insaniam
2996 1477 3292 1532 refrenare.
3335 1472 3498 1546 647
3533 1471 3688 1528 Unde
3719 1470 3840 1527 illic

2242 1592 2350 1632 non
2382 1576 2702 1647 ignorando,
2735 1574 2826 1629 sed
2858 1570 3197 1643 reprobando
3225 1567 3612 1639 subjungitur:
3650 1583 3669 1618 ί
3697 1563 3844 1633 ριιῆ

2244 1678 2327 1725 est
2365 1670 2467 1725 iste
2509 1670 2601 1740 qui
2640 1668 2776 1723 dixit
2820 1675 2880 1722 ut
2929 1667 3103 1730 ﬁeret,
3153 1663 3382 1718 Domino
3417 1676 3523 1716 non
3567 1656 3843 1730 iubente!

2244 1761 2433 1835 (Ιὺὶίί.)
2471 1780 2489 1812 ›
2555 1760 2786 1815 Domino
2839 1757 2972 1812 dicit
3020 1772 3126 1811 non
3168 1752 3425 1822 iubente,
3486 1766 3592 1806 non
3648 1757 3844 1806 tamen

2241 1852 2583 1922 prohibente.
2614 1850 2731 1905 Non
2772 1863 2902 1919 ergo
2948 1845 3387 1918 persecutoribus
3424 1843 3568 1898 Deus
3622 1847 3683 1895 ut
3715 1838 3845 1895 Sal-

2241 1954 2486 2000 vatorem
2540 1952 2787 1998 nostrum
2836 1940 3216 2009 cruciﬁgerent
3255 1936 3457 2004 jussit,
3506 1933 3631 2005 quia
3690 1930 3843 1987 nihil

539 2043 770 2099 dicitur:
795 2048 950 2118 «lpse
966 2058 1145 2104 autem
1161 2049 1476 2106 vulneratus
1491 2050 2136 2121 estpropteriniquitates
2163 2040 2212 2102 B
2241 2040 2295 2095 in
2346 2055 2410 2094 eo
2434 2038 2577 2109 quod
2605 2034 2938 2108 puniendum
2971 2040 3117 2089 esset
3150 2029 3378 2086 invenit.
3409 2026 3523 2082 Non
3559 2034 3742 2080 tamen
3768 2037 3843 2080 ne

541 2144 779 2202 nostras,
815 2138 1036 2192 attritus
1082 2142 1175 2194 est
1204 2148 1425 2209 propter
1470 2141 1676 2196 scelera
1720 2148 1941 2207 nostra,
1983 2142 2136 2211 cujus

538 2223 711 2281 livore
754 2229 929 2282 sanati
974 2246 1160 2285 sumus
1210 2230 1367 2300 (Isai.
1404 2232 1596 2300 1.111).:
1654 2232 1759 2285 Sed
1806 2231 2138 2302 Redemptor

540 2321 728 2371 noster
768 2332 867 2385 pro
891 2319 1101 2373 duobus
1133 2320 1367 2388 populis,
1423 2322 1610 2391 gentili
1658 2322 1913 2377 videlicet
1950 2331 2005 2391 et
2032 2322 2130 2376 Ju-

544 2407 701 2462 daico
728 2410 837 2477 pati
869 2412 1123 2481 dignatus
1152 2423 1256 2477 est,
1292 2429 1523 2484 quorum
1552 2415 1690 2469 alter
1736 2415 1954 2486 impius,
1985 2390 2137 2471 .alter

542 2498 694 2555 dives
724 2502 923 2557 merito
951 2504 1252 2559 dicebatur.
1282 2504 1352 2559 Et
1390 2506 1608 2575 gentilis
1650 2506 1869 2576 quidem
1906 2508 2136 2576 populus

545 2592 747 2664 impius
795 2605 935 2661 erat,
987 2597 1113 2666 quia
1164 2598 1323 2653 idolis
1372 2600 1616 2655 serviens
1663 2601 1922 2670 pietatem
1968 2600 2132 2656 divini

549 2685 729 2741 cultus
759 2687 1059 2758 ignorabat.
1101 2688 1230 2744 Haec
1255 2698 1438 2745 autem
1480 2691 1654 2762 pietas
1686 2691 1875 2748 Grmce
1912 2693 2130 2759 dicitur,

539 2778 834 2848 Orco-idem;
879 2781 1138 2839 Judaicus
1185 2799 1316 2839 vero
1360 2785 1587 2855 populus
1616 2785 1768 2855 dives
1818 2787 2130 2854 exstiterat;

539 2872 691 2940 quia,
722 2875 850 2928 dum
906 2874 1147 2931 Sabbata
1168 2918 1181 2941 ,
1217 2843 2130 2947 circumcisionem,\neomcnias,

538 2978 840 3037 omnesque
887 2969 1243 3025 caeremonias
1291 2970 1486 3026 divinae
1528 2971 1664 3042 legis
1714 2973 1956 3044 accepit,
2010 2981 2132 3027 tan-

538 3071 702 3125 quam
745 3058 980 3128 copiosis
1028 3060 1272 3116 thesauri
1305 3062 1541 3117 coelestis
1573 3062 1777 3117 divitiis
1813 3063 2128 3118 abundavit.

538 3144 745 3213 Quibus
775 3149 1079 3205 exuberare
1104 3151 1313 3207 divitiis
1339 3152 1655 3208 Corinthios
1697 3151 1809 3222 jam
1839 3168 2133 3209 conversos

536 3239 739 3296 Paulus
776 3243 1118 3312 exsultabat,
1151 3261 1276 3302 cum
1304 3246 1550 3301 diceret:
1589 3266 1607 3300 ι
1635 3246 1854 3302 Gratias
1890 3263 1992 3317 ago
2022 3247 2133 3302 Deo

538 3348 665 3391 meo
703 3351 924 3408 semper
961 3353 1063 3406 pro
1104 3338 1262 3395 vobis
1289 3339 1343 3395 in
1376 3340 1553 3412 gratia
1582 3340 1704 3408 Dei,
1734 3355 1855 3410 quae
1890 3341 2016 3396 data
2044 3347 2130 3396 est

536 3428 694 3486 vobis
747 3430 801 3484 in
852 3429 1074 3487 Christo
1124 3431 1290 3500 Jesu;
1334 3432 1463 3505 quia
1512 3434 1571 3489 in
1626 3434 1883 3489 omnibus
1932 3433 2130 3490 divites

533 3515 665 3572 facti
699 3518 834 3574 estis
863 3520 915 3574 in
947 3520 1072 3587 illo,
1106 3522 1163 3577 in
1190 3523 1339 3577 omni
1367 3523 1559 3590 verbo,
1587 3532 1642 3579 et
1672 3522 1727 3578 in
1762 3523 1910 3579 omni
1945 3525 2128 3580 scien-

538 3607 635 3671 tia,
661 3608 736 3662 ita
760 3620 819 3663 ut
846 3610 983 3666 nihil
1011 3613 1168 3669 vobis
1193 3614 1335 3669 desit
1362 3615 1416 3669 in
1446 3614 1556 3669 ulla
1583 3616 1758 3684 gratia
1787 3614 1851 3685 (Ι
1880 3615 2001 3670 Cor.
2029 3616 2125 3687 1).»

539 3696 795 3753 Salvator
830 3714 964 3772 ergo
990 3712 1197 3768 noster,
1231 3718 1331 3774 pro
1367 3713 1546 3760 morte
1568 3720 1732 3776 quam
1766 3706 1820 3760 in
1852 3720 1910 3761 se
1947 3720 2131 3762 susce-

534 3790 638 3859 pit,
681 3789 817 3846 duos
848 3792 915 3847 de
961 3801 1137 3848 morte
1167 3795 1526 3851 resuscitatos
1571 3795 1721 3851 Patri
1748 3795 1979 3867 populos
2006 3796 2131 3852 red-

536 3882 697 3950 didit,
727 3884 986 3955 gentilem
1018 3886 1245 3953 scilicet,
1280 3889 1375 3959 qui
1422 3888 1763 3945 daemonibus
1804 3888 1936 3944 olim
1965 3888 2131 3960 impie

535 3976 829 4042 serviebat,
852 3987 909 4034 et
933 3977 1240 4047 Iudaicum,
1264 3981 1382 4052 qui,
1401 3984 1653 4054 quamvis
1675 3984 2014 4039 occidentem
2041 3983 2131 4039 lit-

532 4075 709 4124 teram
750 4076 982 4139 tenens,
1019 4082 1075 4128 et
1137 4074 1508 4132 viviﬁcantem
1554 4077 1808 4147 spiritum
1854 4076 2126 4145 nesciens,

534 4158 732 4218 divinae
761 4169 946 4220 tamen
972 4161 1109 4237 legis
1142 4164 1362 4223 divitias
1394 4168 1730 4239 possidebat.

1073 4255 1446 4315 DUBlTATlO
1482 4258 1574 4315 1X.

602 4342 890 4404 Postremo
933 4350 1079 4420 quod
1117 4352 1319 4422 quaaris
1363 4352 1497 4408 illud
1546 4351 1798 4409 Jeremiae
1849 4353 2129 4424 prOpheta:

534 4434 665 4505 quid
702 4436 811 4491 sit:
852 4456 872 4489 ι
900 4437 983 4493 Ex
1023 4455 1119 4495 ore
1156 4440 1425 4497 Altissimi
1471 4458 1580 4499 non
1631 4444 1984 4515 egredientur
2026 4458 2129 4499 nec

529 4522 702 4589 liena,
743 4540 842 4581 nec
893 4527 1036 4583 mala
1081 4527 1310 4597 (Thren.
1357 4546 1452 4599 ιιι;
1504 4533 1665 4603 Apoc.
1703 4535 1809 4605 v);
1845 4554 1866 4587 ›
1918 4534 2126 4590 famosa

535 4613 765 4681 quaestio
813 4623 895 4672 est
925 4633 1063 4688 pene
1103 4620 1269 4676 totius
1298 4620 1579 4678 Ecclesiae.
1620 4623 1666 4678 A
1702 4624 1950 4694 plurimis
1980 4625 2126 4680 enim

532 4708 818 4776 quaeritur,
848 4717 905 4765 et
934 4710 1167 4769 celebris
1197 4713 1371 4769 currit
1397 4729 1497 4784 per
1523 4731 1619 4771 ora
1651 4716 1967 4772 multorum.
1993 4717 2124 4787 Sed,

2243 2133 2657 2203 cruciﬁgeretur
2713 2126 2976 2191 inhibuit,
3046 2125 3194 2195 quia,
3257 2137 3358 2192 pro
3410 2118 3595 2174 mundi
3652 2116 3844 2172 salute

2240 2237 2551 2293 passurum,
2600 2218 2909 2274 nullatenus
2954 2230 3078 2271 eum
3124 2228 3193 2267 ex
3240 2211 3531 2282 impiorum
3572 2208 3842 2263 manibus

2239 2318 2512 2373 liberavit.
2552 2314 2708 2370 Unde
2738 2313 2874 2367 bene
2907 2325 3033 2366 mox
3064 2307 3320 2363 additur:
3366 2324 3386 2357 ι
3414 2304 3496 2358 Ex
3524 2317 3619 2357 ore
3658 2301 3840 2357 Altis-

2241 2411 2362 2464 simi
2395 2424 2501 2463 non
2531 2406 2881 2476 egredientur
2911 2418 3012 2459 nec
3048 2402 3211 2466 bona,
3254 2413 3357 2454 nec
3384 2396 3524 2453 mala
3552 2394 3771 2466 (Ibid.).
3815 2416 3837 2442 ι

2238 2500 2387 2554 Bona
2443 2499 2642 2569 quippe
2699 2495 3095 2567 procederent,
3171 2491 3217 2547 si
3268 2505 3391 2547 eum
3444 2489 3512 2544 de
3563 2485 3843 2557 supplicio

2239 2590 2381 2661 quod
2432 2589 2776 2659 irrogabatur
2822 2586 3085 2656 eriperet;
3121 2581 3263 2639 mala
3308 2596 3474 2646 vero,
3524 2578 3572 2634 si
3619 2578 3842 2634 crimen

2238 2682 2292 2736 in
2325 2696 2391 2736 eo
2421 2680 2511 2751 qui
2546 2678 2825 2750 suppliciis
2878 2674 3270 2748 adjudicandus
3326 2671 3492 2727 fuerit
3534 2669 3836 2740 reperiret.

2240 2773 2297 2828 In
2332 2774 2589 2845 passione
2617 2787 2746 2843 ergo
2777 2769 2979 2826 Christi
3026 2784 3090 2823 ex
3123 2782 3220 2823 ore
3243 2763 3511 2820 Altissimi
3555 2776 3655 2818 nec
3681 2762 3840 2817 bona

2238 2867 2612 2938 egrediuntur,
2644 2879 2744 2919 nec
2774 2862 2939 2927 mala,
2974 2860 3111 2930 quia
3131 2859 3295 2914 Pater
3335 2873 3463 2913 eum
3506 2871 3611 2912 nec
3633 2868 3700 2910 ex
3730 2869 3839 2926 po-

2238 2968 2437 3014 testate
2476 2957 2694 3023 liberat,
2725 2970 2827 3010 nec
2869 2969 2939 3009 ex
2983 2952 3117 3023 legis
3165 2950 3423 3021 aequitate
3462 2948 3835 3016 condemnat;

2238 3051 2364 3121 quia
2413 3048 2543 3103 licet
2587 3063 2692 3102 non
2723 3046 2958 3117 reperiat
2987 3052 3363 3115 peccatorem,
3404 3056 3504 3111 pro
3544 3040 3719 3095 salute
3751 3047 3841 3094 ta-

2236 3160 2361 3200 men
2390 3144 2577 3198 mundi
2606 3143 2657 3196 in
2691 3141 2947 3210 passione
2973 3139 3208 3209 positum
3236 3152 3343 3192 non
3376 3135 3539 3205 eripit
3567 3134 3838 3188 innocen-

2239 3244 2367 3291 tem.
2420 3233 2595 3289 Nullis
2649 3232 2796 3287 videt
2846 3230 3087 3302 peccatis
3117 3227 3436 3292 obnoxium,
3493 3240 3594 3281 nec
3642 3232 3836 3280 tamen

2236 3330 2415 3385 reddit
2450 3328 2744 3400 impiorum
2782 3325 3035 3380 manibus
3065 3322 3395 3389 absolutum,
3442 3330 3503 3375 ut
3528 3319 3654 3374 dum
3678 3317 3839 3374 subit

2161 3410 2209 3474 C
2242 3422 2501 3476 innocens
2545 3433 2787 3490 poenam,
2835 3416 2925 3486 qui
2965 3422 3221 3485 peccator
3261 3420 3348 3468 est
3394 3418 3705 3467 revertatur
3759 3407 3835 3490 a_d

2236 3512 2472 3568 veniam.
2496 3510 2563 3565 Et
2586 3506 2712 3563 dum
2740 3522 2903 3573 unus,
2930 3506 3023 3578 qui
3047 3520 3153 3560 non
3180 3504 3362 3569 debet,
3393 3501 3552 3557 solvit
3579 3480 3833 3554 omnium

2237 3606 2442 3671 debita,
2481 3619 2693 3668 omnes,
2741 3602 2835 3673 qui
2874 3600 2973 3656 sub
3012 3597 3266 3670 originali
3299 3604 3528 3652 vetustae
3554 3591 3837 3651 cautionil

2234 3696 2425 3753 fenore
2455 3697 2780 3751 tenebantur
2806 3691 3041 3758 astricti,
3082 3687 3300 3746 rescissi
3326 3684 3672 3758 chirographi
3705 3682 3839 3740 red—

2233 3790 2434 3846 dantur
2462 3784 2672 3862 legibus
2698 3785 2953 3843 absoluti.

2789 3874 3162 3937 DUBITATIO
3197 3874 3268 3931 Χ.

2304 3982 2362 4037 ln
2389 3978 2495 4035 hoc
2518 3977 2704 4043 etiam,
2733 3973 2877 4044 quod
2905 3982 2959 4027 tu
2990 3986 3095 4027 non
3126 3970 3457 4041 interrogas,
3495 3978 3596 4037 ego
3626 3962 3832 4034 saepius

2234 4069 2497 4136 dubitavi,
2529 4084 2627 4124 cur
2676 4062 2847 4121 David
2891 4061 3027 4119 Joab
3066 4070 3122 4118 et
3149 4059 3354 4126 Semei,
3400 4057 3599 4129 quibus
3649 4055 3829 4110 iratus

2233 4173 2376 4231 erat,
2428 4163 2555 4218 dum
2608 4159 2906 4222 adviveret,
2940 4155 3240 4211 clementer
3278 4151 3534 4217 indulsit;
3581 4147 3831 4203 moriens

2234 4264 2416 4312 autem
2470 4250 2769 4317 Salomoni,
2815 4248 3038 4304 sibimet
3088 4247 3142 4301 in
3172 4251 3388 4316 sceptra
3436 4239 3587 4311 regia
3639 4251 3833 4293 succe-

2234 4348 2404 4413 denti,
2432 4342 2735 4415 perdendos
2765 4354 2889 4397 esse
2914 4338 3193 4395 mandavit
3238 4356 3256 4389 ι
3314 4334 3418 4401 Τιι,
3451 4332 3645 4403 inquit,
3679 4328 3831 4384 nosti
3914 4320 3931 4331 “

2234 4455 2353 4511 quae
2395 4438 2587 4494 fecerit
2624 4436 2754 4491 mihi
2803 4432 2941 4490 Joab
2992 4432 3135 4488 ﬁlius
3185 4429 3413 4496 Sarviaa,
3465 4442 3587 4499 qua:
3633 4422 3835 4479 fecerit

2233 4532 2444 4587 duobus
2491 4527 2827 4600 principibus
2876 4526 3153 4582 exercitus
3213 4521 3417 4587 Israel,
3469 4519 3657 4575 Abner
3716 4514 3831 4570 ﬁlio

2233 4621 2361 4689 Ner,
2394 4630 2451 4677 et
2492 4620 2706 4676 Amasae
2731 4619 2842 4674 ﬁlio
2869 4617 3079 4685 Jether,
3116 4630 3252 4687 quos
3292 4612 3521 4678 occidit,
3549 4618 3606 4666 et
3635 4607 3831 4665 eﬂ‘udit

2232 4715 2554 4788 sanguinem
2603 4712 2729 4769 belli
2778 4712 2833 4767 in
2885 4724 3041 4782 pace.
3073 4728 3094 4762 ι
3150 4708 3332 4778 Atque
3374 4703 3535 4775 paulo
3570 4708 3695 4772 post
3733 4698 3833 4754 ad-

530 4812 595 4855 eo
626 4800 891 4873 largiente
944 4804 1036 4874 qui
1067 4807 1244 4876 aperit
1273 4783 1473 4863 librum
1534 4817 1590 4863 et
1634 4807 1797 4865 solvit
1846 4783 2122 4882 signacula
2148 4783 2207 4849 Ῑ)
2234 4783 2409 4866 didit:
2445 4826 2464 4861 ι
2490 4807 2684 4864 Facies
2711 4818 2841 4877 ergo
2872 4804 3030 4875 juxta
3061 4798 3385 4871 sapientiam
3416 4805 3590 4859 tuam,
3633 4802 3689 4848 et
3714 4805 3828 4847 non

527 4893 665 4963 ejus,
711 4897 829 4953 haec
871 4897 1032 4955 facile
1060 4902 1291 4973 quaestio
1320 4903 1571 4969 solvitur,
1606 4906 1653 4960 si
1695 4921 1803 4960 non
1828 4922 1896 4961 ex
1938 4907 2118 4977 nobis,

527 4986 621 5040 sed
676 5002 745 5044 ex
800 4989 891 5047 illo
949 4990 1279 5049 conﬁdentia
1332 5007 1714 5066 praesumatur.
1764 4996 2121 5069 Omnipotens

525 5074 710 5141 Pater,
763 5089 819 5135 et
860 5083 1209 5141 innocentem
1259 5084 1458 5143 Filium
1519 5089 1810 5161 impiorum
1863 5093 2117 5150 manibus

529 5166 789 5238 tradidit,
821 5180 877 5228 et
916 5183 1099 5232 tamen
1128 5193 1159 5232 a
1194 5187 1346 5235 recto
1380 5179 1607 5252 justitia:
1650 5183 1871 5239 tramite
1896 5198 2005 5239 non
2037 5198 2119 5240 re-

525 5258 719 5327 cessit;
760 5264 1020 5331 quoniam
1050 5268 1174 5323 inde
1209 5269 1482 5340 justitiam
1515 5271 1772 5329 reﬁorere
1810 5275 2114 5345 constituit,

523 5348 670 5448 pride
695 5346 846 5448 illum
876 5354 945 5411 ad
968 5364 1187 5448 tempus
1210 5360 1494 5430 injustitite
1531 5364 1816 5436 subjacere
1846 5367 2116 5438 permisit.

520 5435 680 5542 Sicut
706 5441 931 5542 in_libro
959 5445 1253 5519 Sapientia:
1292 5454 1526 5526 legitur:
1567 5477 1586 5510 ι
1616 5435 1751 5513 Cum
1783 5435 1882 5527 sis,
1917 5460 2116 5531 inquit,

514 5535 717 5604 justus,
755 5535 903 5607 juste
954 5544 1139 5599 omnia
1191 5547 1437 5619 disponis
1487 5548 1635 5622 (Sap.
1680 5550 1841 5624 xu):
1878 5571 1897 5605 ι
1938 5554 2114 5626 ipsum

519 5632 879 5730 quoque—qui
925 5651 1031 5692 non
1075 5638 1239 5696 debet
1282 5643 1494 5713 puniri,
1543 5647 1892 5703 condemnas.
1951 5648 2115 5705 Pater

517 5722 707 5792 itaque
734 5722 934 5783 Filium
963 5740 1198 5788 mortem
1230 5734 1414 5789 subire
1442 5737 1711 5806 permisit,
1737 5748 2112 5796 verumtamen

520 5820 582 5865 ut
628 5832 753 5873 eum
800 5823 1159 5893 perimerent,
1190 5828 1631 5897 peremptoribus
1680 5844 1787 5884 non
1822 5832 2111 5902 praecepit;

521 5907 761 6013 alioquin
810 5917 1165 5989 inculpabiles
1212 5924 1560 5980 exstitissent
1590 5926 1719 5981 dum
1746 5924 2129 5993 ministerim

520 6006 821 6075 impietatis
845 6013 1181 6069 ascriberent
1206 6015 1429 6084 pietatis
1459 6019 1694 6075 auctori.

2233 4902 2466 4961 dedoces
2491 4901 2747 4957 canitiem
2779 4897 2897 4967 ejus
2930 4895 3159 4968 paciﬁce
3193 4893 3263 4950 ad
3293 4891 3497 4948 inferos
3524 4885 3656 4961 (ΙΙΙ
3689 4884 3826 4956 Reg.

2230 4996 2319 5067 ιι).
2377 5014 2396 5046 ι
2430 4993 2508 5048 De
2547 4991 2728 5048 Semei
2769 5004 2985 5060 quoque
3014 4988 3095 5045 sic
3122 4987 3238 5042 ait:
3271 5002 3292 5037 ι
3343 4983 3526 5039 Habes
3555 4988 3612 5034 et
3641 4974 3829 5067 Semei

2230 5066 2373 5157 apud
2405 5094 2458 5140 te
2498 5082 2668 5139 ﬁlium
2707 5081 2849 5138 Cera
2899 5080 2992 5135 ﬁlii
3045 5077 3263 5135 Gemini
3304 5075 3370 5131 de
3416 5070 3698 5134 Bahurim,
3731 5066 3831 5136 qui

2226 5176 2513 5235 maledixit
2535 5175 2673 5232 mihi
2706 5173 3093 5231 maledictione
3121 5170 3389 5242 pessima,
3436 5164 3654 5237 quando
3679 5161 3829 5218 ibam

2222 5272 2292 5328 ad
2315 5279 2526 5336 castra;
2561 5288 2582 5322 ι
2616 5267 2812 5325 deinde
2838 5266 3169 5339 quibusdam
3198 5259 3541 5332 interpositis
3572 5254 3823 5312 addidit:

2224 5384 2243 5419 ι
2274 5366 2627 5435 Deducesque
2678 5378 2846 5419 canos
2892 5360 3009 5431 ejus
3058 5375 3184 5417 cum
3224 5357 3490 5428 sanguine
3534 5352 3603 5408 ad
3656 5348 3830 5405 infer-

2221 5476 2351 5515 num
2384 5457 2597 5531 (Μήτι).
2634 5477 2655 5511 ι
2690 5457 2831 5524 Quid
2875 5466 2960 5511 est
3007 5454 3155 5511 enim
3186 5453 3332 5524 quod
3361 5466 3456 5506 eos
3508 5445 3681 5503 David
3704 5456 3828 5498 mo-

2218 5553 2365 5609 riens
2396 5553 2617 5608 damnat
2646 5551 2844 5621 quibus
2898 5546 3132 5601 vivendo
3159 5548 3503 5617 pepercerat,
3534 5551 3660 5594 cum
3689 5549 3827 5606 pro-

2222 5647 2369 5703 fecto
2414 5646 2647 5701 rationis
2692 5645 2825 5699 ordo
2896 5642 3159 5712 deposcat
3208 5648 3269 5694 ut
3314 5638 3368 5693 in
3417 5630 3827 5706 perduelliones

2222 5741 2310 5793 vel
2354 5737 2629 5809 quoslibet
2670 5735 2923 5791 inimicos
2972 5733 3163 5788 vivens
3211 5729 3561 5789 sententiam
3592 5719 3827 5779 ultionis

2227 5830 2528 5898 exsereret,
2560 5829 2803 5887 moriens
2835 5836 3019 5884 autem
3047 5827 3129 5883 eis
3158 5822 3593 5881 misericorditer
3629 5814 3815 5875 indul-

2223 5931 2377 5996 geret
2394 5922 2419 5978 ἲ

2294 6012 2407 6075 Sed
2433 6013 2717 6073 sciendum
2764 6023 2850 6079 est
2892 6014 3021 6090 quia
3066 6027 3165 6089 per
3210 6024 3439 6082 regnum
3480 6002 3676 6075 David,
3721 5995 3817 6077 qui
