4138 6320
336 382 444 443 629

1007 398 1249 460 orusc.
1298 403 1561 462 xxxvn.
1601 436 1671 447 —
1712 407 1799 463 DE
1841 402 2068 464 vanus
2108 409 2349 469 SACRlS
2389 393 2938 485 QUESTlONtBUé.

3485 434 3595 493 630

338 508 419 556 tot
458 507 926 572 persecutionibus
961 524 1016 570 et
1037 521 1295 575 aerumnis
1341 523 1583 589 attritus,
1615 534 1692 580 tot
1718 523 2267 593 adver-Ajustitiam
2317 530 2539 588 indicat.
2578 536 2710 603 Quia
2761 555 2899 595 unus
2952 539 3203 613 idemque
3255 538 3591 619 Redemptor

338 591 590 619 ,Ἅιδη-ι..-
625 604 671 619 ,ι
708 597 889 619 ξμμγοιγ
1153 608 1165 619 .
1406 613 1458 619 ---
1563 616 1594 619 __
1884 618 1889 619 ,

337 591 592 651 sitatibus
621 604 676 652 et
708 597 900 672 inepiis
930 620 1048 660 cum
1085 608 1197 665 suis
1223 613 1684 672 commilitonibus
1725 626 1808 674 est
1837 618 1915 674 af-

335 682 540 753 ﬂictus,
583 689 687 745 hoc
729 707 969 762 praesens
1015 702 1269 758 sacculum
1322 706 1650 780 designatur,
1706 712 1759 767 in
1808 730 1915 784 quo

337 791 462 833 cum
489 780 601 836 suis
628 786 888 843 membris
918 789 1162 850 Christus
1191 794 1461 870 afﬂigitur,
1497 802 1790 875 multisque
1815 780 1914 862 tri-

338 870 706 932 bulationibus
748 879 983 938 Ecclesia
1018 886 1307 945 laceratur.
1334 891 1580 963 Regnum
1609 912 1738 954 vero
1766 899 1915 956 Salo-

338 966 538 1033 monis,
571 968 661 1038 qui
689 971 890 1030 divitiis
920 983 973 1030 et
1005 978 1175 1050 gloria
1206 994 1400 1041 cuneta
1450 988 1711 1060 regalium
1741 992 1914 1065 digni-

340 1060 514 1112 tatum
555 1058 681 1129 jura
729 1070 1081 1138 transcendit,
1123 1076 1307 1132 omnia
1354 1058 1671 1152 principalis
1700 1084 1913 1155 imperii

332 1146 551 1220 fastigia
578 1160 872 1226 superavit,
903 1160 1095 1219 futurae
1122 1168 1244 1225 vittc
1266 1146 1552 1229 denuntiai
1581 1146 1830 1248 gloriam,
1855 1180 1912 1235 in

336 1255 441 1313 qua
468 1245 717 1305 Christus
766 1266 892 1310 vere
915 1256 1171 1326 paciﬁcus
1204 1272 1409 1319 aeterna
1437 1282 1560 1322 cum
1588 1245 1703 1325 suis
1729 1271 1911 1341 quiete

331 1337 652 1409 perfruitur,
699 1359 763 1400 ac
803 1347 1039 1406 caelestis
1063 1354 1299 1411 convivii
1327 1357 1557 1430 dapibus
1587 1361 1911 1421 solemniter

331 1429 600 1499 epulatur.

406 1519 555 1578 Unus
580 1523 763 1595 igitur,
791 1528 1039 1603 idemque
1067 1534 1395 1611 Redemptor
1423 1553 1628 1614 noster,
1662 1557 1716 1604 et
1741 1550 1910 1624 648

328 1626 474 1666 nunc
496 1614 665 1673 David
694 1629 801 1688 est,
830 1631 885 1678 et
913 1631 1039 1682 tunc
1069 1626 1322 1688 Salomon
1351 1634 1487 1703 erit;
1516 1639 1639 1708 quia
1666 1648 1721 1695 et
1746 1614 1908 1700 £16.13

330 1711 586 1774 tanquam
626 1712 949 1770 manufortis
997 1732 1096 1788 per
1137 1725 1382 1779 membra
1430 1742 1524 1781 sua
1565 1737 1754 1786 contra
1786 1733 1905 1789 dia-

326 1793 507 1849 bolmn
546 1813 787 1871 pugnare
826 1820 931 1860 non
980 1807 1176 1864 desinit
1213 1830 1226 1866 :
1259 1823 1312 1868 et
1356 1823 1505 1883 tunc,
1539 1821 1712 1890 sopita
1741 1836 1901 1892 pror-

2018 624 2221 684 noster,
2251 626 2306 673 et
2331 636 2474 676 nunc
2524 626 2678 694 quasi
2719 626 2885 684 David
2916 632 3268 701 reproborum
3295 637 3593 707 pravitates

2016 708 2393 776 aequanimiter
2418 713 2633 782 tolerat,
2677 724 2730 770 et
2756 721 3098 788 postmodum
3138 734 3392 796 tanquam
3442 729 3596 791 Salo—

2015 809 2141 851 mon
2166 795 2217 852 in
2250 799 2420 869 gloria
2469 819 2565 859 sua
2593 807 2815 864 veniens
2843 826 2936 867 eos
2965 813 3119 882 quasi
3162 818 3370 875 vibrato
3401 821 3595 892 judicii

2016 887 2098 942 sui
2131 900 2389 949 mucrone
2420 898 2668 954 trucidat.
2688 899 2813 958 Haec
2835 903 3115 962 alternitas
3140 908 3305 967 divini
3329 916 3595 974 examinis

2014 977 2327 1051 frequenter
2358 986 2411 1041 in
2465 990 2667 1047 eisdem
2702 992 2872 1049 David
2917 986 3265 1057 sermonibus
3299 1003 3592 1076 invenitur,

2015 1068 2152 1124 sicut
2205 1072 2293 1128 ille
2328 1092 2341 1128 :
2387 1096 2406 1128 ‹
2442 1076 2871 1139 Miscricordiam
2899 1126 2915 1152 ,
2968 1086 3183 1158 inquit,
3232 1099 3288 1145 et
3330 1068 3594 1163 judicium

2013 1162 2245 1218 cantabo
2273 1163 2388 1233 tibi,
2408 1165 2634 1226 Domine
2655 1169 2825 1243 (Psal.
2849 1175 2920 1247 c).
2952 1174 3064 1232 »ιΕι
3088 1197 3100 1233 :
3122 1198 3139 1231 ι
3170 1162 3598 1243 Misericordiam

2012 1261 2067 1309 et
2095 1254 2379 1314 veritatem
2409 1261 2581 1333 diligit
2605 1264 2746 1321 Deus
2778 1264 2952 1340 (Psal.
3001 1272 3253 1345 Lxxxni).
3284 1275 3597 1336 Misericor-

2012 1342 2099 1399 dia
2125 1352 2179 1400 et
2202 1348 2403 1406 veritas
2432 1353 2789 1412 obviaverunt
2818 1359 2920 1416 sibi
2949 1358 3123 1432 (Psal.
3166 1342 3409 1438 Lsxxw).
3446 1388 3465 1422 ι
3504 1368 3598 1431 Sic

2008 1434 2192 1507 itaque
2220 1440 2345 1497 dum
2376 1444 2744 1504 misericordia
2785 1453 3025 1520 veritati,
3061 1458 3215 1526 quasi
3244 1434 3414 1518 David
3455 1477 3597 1533 prte—

2006 1529 2234 1597 ponitur
2263 1531 2582 1605 Salomoni,
2633 1550 2693 1595 ut
2731 1558 2868 1612 quos
2904 1546 2991 1615 pie
3037 1548 3204 1603 David
3245 1567 3343 1622 per
3386 1553 3597 1611 miseri-

2010 1620 2251 1676 cordiam
2292 1626 2544 1693 sustinet,
2581 1627 2835 1688 Salomon
2878 1620 3433 1710 perjudiciumjuste
3463 1658 3595 1700 con-

2009 1712 2247 1771 demnet.
2274 1716 2343 1772 Et
2369 1722 2663 1778 notandum
2688 1726 2829 1793 quod
2858 1744 2956 1798 per
2985 1729 3138 1798 Joab,
3170 1734 3261 1802 qui
3285 1735 3397 1792 suis
3416 1737 3594 1794 homi-

2012 1805 2210 1861 cidium
2261 1812 2508 1869 manibus
2559 1821 2921 1888 perpetravit,
2976 1824 3051 1879 illi
3099 1829 3449 1899 designantur
3494 1831 3591 1902 qui

2559 1882 2574 1886 _
2659 1882 2672 1888 _
2908 1882 2919 1888 ,
3215 1882 3245 1899 υ
3498 1882 3589 1902 ι--

322 1900 417 1941 sus
449 1890 593 1943 omni
631 1893 812 1950 carnis
841 1908 894 1951 et
946 1900 1170 1969 Spiritus
1198 1911 1594 1979 controversia,
1627 1929 1747 1969 cum
1778 1933 1901 1974 cor-
1929 1882 1977 1944 Β
2007 1897 2149 1951 mala
2178 1898 2384 1955 “dum
2412 1921 2425 1956 ³
2458 1918 2556 1973 per
2602 1907 2778 1965 semei
2828 1928 2956 1969 vero
2982 1957 2996 1983 ν
3049 1918 3137 1986 qui
3182 1921 3295 1990 regi
3350 1931 3589 1980 malum'

323 1990 456 2045 pore
492 1995 621 2048 suo,
655 1987 796 2054 quod
840 1998 923 2043 est
968 1991 1226 2064 Ecclesia,
1276 2008 1335 2055 ut
1384 2019 1573 2061 revera
1617 1996 1895 2080 paciﬁcus,

318 2077 523 2127 aeterna
580 2078 966 2148 tranquillitate
1032 2091 1304 2160 regnabit.
1367 2094 1518 2153 Nunc
1589 2077 1645 2157 in
1707 2077 1897 2163 electis

317 2159 473 2229 suis,
528 2167 683 2234 quasi
737 2168 908 2227 David
960 2176 1331 2239 calamitatum
1399 2186 1640 2248 fascibus
1694 2199 1899 2264 premi-

319 2258 432 2318 tur,
485 2260 923 2323 persecutionum
954 2281 1018 2321 ac
1044 2268 1273 2329 diversis
1315 2277 1704 2339 adversitatum
1742 2301 1897 2356 pres-

316 2343 464 2399 suris
488 2357 731 2420 urgetur,
765 2353 1201 2419 tribulationibus
1235 2375 1288 2421 et
1313 2374 1569 2430 aerumnis
1596 2343 1889 2449 atteritur;

314 2438 659 2502 postmodum
707 2452 961 2515 tanquam
1007 2448 1262 2512 Salomon
1310 2461 1629 2521 exuberanti
1675 2469 1893 2528 divitia-

313 2539 440 2581 rum
498 2528 881 2591 immortalium
926 2543 1078 2611 copia
1126 2548 1381 2616 potietur.
1435 2552 1588 2611 Nune
1629 2556 1817 2627 David,
1860 2578 1893 2618 a

310 2616 455 2676 facie
484 2623 718 2682 Absalon
750 2627 984 2703 fugiens,
1032 2637 1216 2694 decem
1268 2646 1597 2705 concubinas
1642 2651 1699 2705 in
1731 2654 1891 2710 domo

311 2710 568 2784 relinquit
612 2717 699 2791 (II
728 2720 854 2794 Reg.
887 2727 1004 2799 xv),
1038 2744 1172 2799 quas
1204 2732 1437 2793 Ahsalon
1480 2756 1578 2810 per
1622 2742 1892 2802 incestum

310 2805 541 2877 turpiter
565 2809 764 2881 foedat;
793 2819 919 2887 quia
954 2819 1282 2895 Redemptor
1309 2805 1498 2887 noster
1530 2834 1657 2890 dum
1687 2836 1894 2906 ejectus

309 2894 378 2951 de
407 2898 625 2958 civitate
658 2902 883 2964 Judaica
922 2911 976 2964 in
1016 2894 1289 2972 desertum
1321 2922 1561 2989 gentium
1613 2894 1891 3000 properat,

310 2987 565 3061 relinquit
590 2994 643 3049 in
685 2997 845 3054 domo
880 3000 1013 3071 legis
1051 3002 1287 3076 JUdiBOS,
1335 3028 1439 3068 non
1471 3016 1701 3076 viriliter
1746 3023 1893 3080 ince-

308 3076 518 3147 dentes,
567 3086 663 3142 sed
713 3090 963 3147 muliebri
1017 3102 1429 3159 conversatione
1477 3108 1739 3167 viventes.
1786 3115 1891 3183 Qui

306 3169 563 3229 nimirum
594 3191 693 3247 per
714 3180 898 3237 decem
929 3187 1260 3246 concubinas
1292 3210 1400 3249 non
1428 3197 1725 3273 incongrue
1756 3205 1892 3277 ﬁgu-

306 3271 521 3333 rantur,
557 3270 668 3339 qui,
715 3273 842 3331 dum
882 3281 1155 3337 enerviter
1199 3285 1385 3343 decem
1436 3289 1571 3362 legis
1600 3270 1888 3369 praecepta

305 3361 636 3429 custodiunt,
661 3379 769 3420 non
798 3377 1007 3425 castum
1030 3367 1365 3434 matrimonii
1389 3394 1669 3439 merentur
1696 3403 1887 3445 ascen-

304 3449 435 3510 dere
465 3457 793 3530 thalamum;
826 3467 943 3533 sed,
992 3470 1198 3541 absque
1230 3472 1353 3531 ﬁdei
1403 3480 1739 3540 cohaerentes
1783 3502 1884 3541 an-

304 3545 465 3614 nulo,
522 3554 823 3610 sortiuntur
880 3574 978 3629 pro
1040 3564 1289 3639 conjugio
1356 3572 1683 3642 pellicatum.
1739 3577 1886 3646 Quas

302 3634 539 3697 Absalon
586 3645 875 3706 lasciviens
908 3653 1131 3725 polluit,
1182 3634 1310 3730 quia
1356 3634 1627 3739 malignus
1660 3634 1884 3741 spiritus

305 3735 564 3802 reprobas
597 3739 885 3812 impiorum
933 3749 1159 3808 animas.
1183 3757 1339 3825 quasi
1364 3761 1739 3827 prostituendo
1765 3782 1883 3822 cor-

302 3832 523 3901 rumpit.
549 3832 624 3890 De
653 3838 847 3907 quibus
873 3842 1130 3913 scriptum
1159 3855 1241 3903 est
1272 3866 1286 3903 :
1318 3868 1336 3900 (
1362 3849 1499 3918 Quia
1538 3854 1710 3912 David
1733 3868 1885 3928 post-

299 3926 519 3981 modum
567 3946 671 3986 non
698 3942 781 3987 est
816 3933 1087 4005 ingressus
1125 3941 1191 3995 ad
1220 3957 1335 4008 eas,
1374 3945 1469 3999 sed
1498 3957 1654 4003 erant
1682 3951 1881 4009 clausa:

302 4032 473 4087 usque
522 4020 575 4074 in
627 4022 768 4079 diem
815 4028 1005 4084 mortis
1052 4045 1161 4086 sua:
1220 4032 1275 4087 in
1330 4035 1592 4094 viduitate
1635 4041 1879 4100 viventes

300 4105 406 4174 (ΙΙ
438 4107 561 4183 Reg.
595 4114 707 4186 xx).
740 4135 758 4167 ‹
810 4116 1173 4178 Perdiderunt
1217 4124 1360 4181 enim
1412 4128 1613 4196 virum,
1661 4133 1728 4188 tle
1769 4149 1879 4204 quo

298 4216 397 4271 per
426 4203 617 4260 Isaiam
662 4207 899 4266 dicitur:
948 4231 967 4265 ‹
997 4213 1261 4280 Quoniam
1300 4232 1627 4290 acceperunt
1666 4234 1874 4294 septem

298 4292 551 4351 mulieres
580 4298 756 4354 virum
792 4318 955 4359 unum
991 4304 1145 4375 (Isai.
1178 4309 1275 4381 iv),
1307 4329 1327 4362 ι
1361 4311 1430 4368 de
1458 4314 1654 4382 quibus
1692 4324 1748 4371 et
1775 4333 1876 4389 per

298 4380 638 4443 Salomonem
685 4389 879 4448 dicitur
923 4413 935 4448 :
990 4416 1009 4449 ι
1060 4398 1195 4466 Quia
1222 4380 1575 4476 septingentae
1612 4418 1741 4465 sunt
1775 4380 1875 4468 re-

295 4475 436 4543 ginae
466 4476 596 4551 (24).
626 4502 645 4534 ›
679 4481 1019 4555 Acceperunt
1046 4490 1230 4562 itaque
1254 4475 1492 4567 septem,
1521 4515 1641 4572 quae
1673 4501 1873 4561 amise-

298 4577 423 4623 runt
449 4570 650 4627 decem.
685 4575 969 4634 Coelestem
1015 4582 1212 4652 quippe
1254 4602 1513 4655 sponsum
1538 4570 1736 4650 sancta
1766 4596 1870 4653 sibi

294 4662 682 4722 confoederavit
724 4669 997 4737 Ecclesia,
1047 4676 1346 4744 septiformi
1385 4682 1594 4741 scilicet
1639 4686 1873 4758 Spiritus

293 4752 435 4809 dono
460 4758 684 4828 repleta.
715 4761 885 4829 Quem
925 4780 1181 4836 sponsum
1212 4785 1510 4848 synagoga,
1549 4752 1871 4848 quat—Deca-

292 4841 399 4914 logi
431 4850 680 4906 mandata
727 4867 1074 4928 perceperat,
1123 4841 1379 4934 perdidit,
1424 4841 1694 4941 viduaque
1740 4889 1868 4943 per-

293 4937 511 5003 mansit,
541 4941 688 5010 quia,
715 4945 839 4999 dum
885 4947 940 5002 in
982 4950 1143 5006 domo
1187 4958 1431 5014 consueti
1471 4960 1609 5018 ritus
1636 4971 1691 5019 et
1716 4964 1866 5037 lega-

290 5021 425 5082 lium
487 5036 929 5093 cmremoniarum
994 5041 1342 5103 immobiliter
1401 5053 1673 5122 perstitit,
1741 5072 1866 5114 cum

289 5136 418 5195 rege
443 5123 610 5182 David
643 5129 697 5184 in
735 5130 948 5189 deserta
990 5138 1269 5208 gentilium
1308 5143 1457 5200 exire
1483 5151 1830 5219 contempsit.

359 5215 529 5274 David
562 5234 691 5293 ergo
724 5224 909 5283 vivens
940 5228 1134 5287 tolerat
1170 5247 1306 5302 quos
1342 5235 1397 5290 in
1444 5237 1552 5294 ﬁne
1601 5215 1861 5300 condem-

286 5315 402 5374 nat,
449 5312 575 5381 quia
612 5312 783 5372 Judex
836 5318 1056 5376 humani
1107 5326 1321 5393 generis
1374 5326 1659 5401 Christus,
1700 5350 1862 5405 quem

286 5396 379 5453 ille
404 5399 668 5472 signabat,
699 5406 806 5464 illis
836 5425 981 5467 nunc
1003 5413 1426 5473 misericorditer
1445 5423 1640 5490 parcit,
1665 5425 1863 5493 quibus

287 5489 344 5544 in
377 5493 482 5549 ﬁne
508 5498 690 5554 surculi
717 5504 1042 5560 sententiam
1067 5504 1226 5576 justas
1251 5508 1613 5570 damnationis
1650 5515 1861 5588 inﬂigit.

286 5580 459 5641 David
511 5588 692 5663 itaque
764 5594 1191 5655 misericordiam
1246 5614 1546 5676 praerogat;
1607 5606 1863 5667 Salomon

358 5748 474 5823 (24)
509 5752 576 5809 lll
602 5755 679 5812 Re
721 5797 736 5813 .
766 5774 842 5815 χι.
877 5758 988 5817 Hoc
1017 5776 1122 5817 non
1188 5777 1250 5817 er
1291 5762 1628 5822 Salomonem
1659 5764 1858 5823 dictum

358 5828 396 5886 ιο
423 5824 519 5880 εθιι
546 5841 643 5886 Det
673 5773 1009 5886 gerinturam
1043 5833 1112 5886 de
1139 5776 1445 5886 galomone.
1478 5836 1583 5886 Per
1609 5837 1852 5886 Salomo-

268 5828 396 5907 ναι,
423 5824 519 5880 sed
546 5841 643 5897 per
673 5824 1009 5902 Scripturam
1043 5833 1112 5890 de

1232 5849 1445 5893 omone.
1478 5836 1583 5894 Per
1609 5837 1852 5895 Salomo-
1918 5908 1921 5911 _

2006 1990 2167 2047 modo
2211 1995 2588 2065 maledixerat,
2621 2001 2693 2056 illi
2732 2003 2943 2076 ﬁgurati
2991 2020 3115 2065 sunt
3175 2013 3265 2083 qui
3299 2030 3464 2085 prava
3507 2017 3590 2072 lo-

2005 2090 2262 2151 quuntur.
2298 2085 2430 2142 Nam
2462 2099 2516 2145 et
2570 2091 2605 2145 ii
2657 2094 2749 2164 qui
2787 2099 3034 2169 nequiter
3070 2114 3268 2172 agunt,
3311 2115 3365 2160 et
3391 2106 3464 2162 illi
3491 2108 3589 2178 qui

2003 2179 2342 2235 sermonibus
2381 2183 2625 2252 reprobis
2656 2203 2720 2242 ac
2756 2188 2908 2247 falsis
2937 2193 3214 2266 insistunt,
3247 2199 3303 2253 in
3333 2209 3590 2258 extremas

2004 2266 2357 2327 discussionis
2407 2277 2659 2334 examine
2705 2282 2895 2351 procul
2948 2284 3112 2344 dubio
3161 2290 3584 2363 damnabuntur,

2001 2361 2145 2415 sicut
2170 2362 2335 2437 659
2370 2367 2513 2423 idem
2537 2371 2613 2425 ait
2644 2391 2657 2425 :
2706 2394 2724 2426 ‹
2758 2373 2931 2433 Odisti
2958 2396 3146 2438 omnes
3174 2384 3266 2454 qui
3292 2397 3587 2455 operantur

2002 2450 2347 2523 iniquitatem
2373 2477 2388 2525 ;
2436 2463 2631 2532 perdes
2663 2481 2756 2523 eos
2797 2471 2887 2540 qui
2918 2450 3214 2543 loquuntur
3242 2480 3587 2536 mendacium

2002 2544 2171 2615 (Paul.
2200 2552 2261 2621 1).
2287 2573 2306 2603 ›
2331 2552 2435 2608 Sed
2469 2573 2536 2611 ne
2555 2556 2668 2627 jam
2693 2559 2937 2621 fortassis
2958 2568 3263 2639 epistolaris
3283 2573 3585 2642 compendii

1999 2633 2162 2692 limen
2191 2644 2438 2709 excedat,
2474 2648 2683 2706 calamo
2716 2652 3001 2710 silentium
3030 2657 3362 2729 imperamus
3384 2701 3401 2729 ,
3433 2677 3503 2717 ne
3529 2670 3587 2719 et

2000 2727 2099 2798 ipsi
2126 2733 2518 2806 redarguamur
2563 2741 2845 2814 indociles,
2878 2747 3001 2803 dum
3049 2759 3102 2805 te
3135 2749 3329 2809 docere
3355 2753 3581 2810 nitimur

1997 2824 2344 2889 quaestiones.

2342 3036 2989 3107 ARGUMENTATIO
3030 3048 3223 3111 ALIA

2237 3154 2318 3197 DE
2355 3157 2558 3202 VARIIS
2589 3159 2803 3206 SACRIS
2838 3164 3333 3218 QUESTIONIBUS.

1921 3241 1970 3307 C
1998 3253 2392 3345 Ancnuazvruu.
2415 3293 2483 3347 -τ-
2502 3263 2646 3319 idem
2670 3265 2782 3347 fere
2807 3281 3179 3347 argumentum
3203 3284 3285 3330 est
3313 3274 3470 3347 hujus
3490 3295 3580 3335 ar-

2063 3334 2504 3408 gumentationis,
2540 3338 2683 3405 quod
2715 3334 3051 3408 superioris:
3091 3346 3226 3400 duas
3253 3334 3398 3403 enini
3440 3334 3576 3405 alias

2062 3402 2131 3485 ab
2183 3404 2372 3485 eodem
2422 3402 2675 3485 Alberico
2732 3402 2954 3482 rogatus
3007 3416 3331 3485 quaestiones
3374 3402 3580 3477 enodat

2059 3469 2247 3527 beatus
2276 3472 2467 3530 Petrus
2498 3469 2812 3535 Damianus:

2058 3561 2330 3621 Αωειιιαο
2360 3566 2515 3623 fratri
2552 3570 2895 3641 charissima,
2932 3573 3149 3635 Purnus
3177 3589 3430 3650 peccator
3444 3597 3577 3646 Amo-

1988 3657 2194 3713 nachus
2224 3660 2472 3717 salutem.

2553 3754 2925 3815 DUBITATIO
2971 3760 3012 3815 l.

2056 3836 2315 3898 Dubitare
2358 3852 2409 3899 te
2436 3845 2715 3917 perhibes,
2744 3846 3116 3921 dilectissime,
3150 3871 3246 3911 cur
3276 3873 3380 3913 non
3412 3862 3575 3921 modo

1986 3926 2282 4001 Scriptum
2309 3932 2523 3992 Veteris
2562 3934 2920 4008 Testamenti,
2963 3945 3057 3999 sed
3104 3954 3157 4000 et
3183 3946 3425 4018 plerique
3472 3951 3571 4008 do-

1983 4030 2161 4078 ctores
2184 4023 2454 4095 Ecclesiae,
2485 4028 2672 4085 decem
2712 4033 2991 4089 mensibus
3019 4049 3269 4093 asserunt
3294 4040 3569 4098 hominem

1981 4113 2037 4168 in
2068 4122 2309 4173 materno
2341 4127 2494 4175 utero
2518 4121 2848 4190 coalescere,
2883 4139 2980 4180 nec
3008 4126 3149 4182 intra
3186 4145 3379 4186 novem
3410 4147 3566 4189 men-

1981 4198 2118 4263 sium
2158 4211 2393 4282 spatium
2439 4212 2715 4269 fateantur
2748 4217 2938 4284 exirer
2982 4219 3060 4274 De
3108 4221 3322 4290 quibus,
3366 4239 3433 4278 ne
3469 4241 3569 4296 per

1978 4300 2147 4355 multa
2190 4318 2472 4374 vagemur,
2517 4303 2712 4363 sufﬁcit
2748 4309 2796 4364 si
2831 4325 2997 4364 unum
3027 4310 3290 4367 duntaxat
3329 4328 3569 4384 appona-

1977 4409 2099 4449 mus
2127 4396 2452 4468 exemplum.
2492 4396 2584 4455 Ait
2612 4401 2759 4456 enim
2794 4401 2849 4457 in
2892 4400 3030 4459 libro
3076 4403 3365 4474 Sapientiae
3410 4407 3563 4463 Salo-

1976 4500 2142 4542 mon:
2194 4506 2214 4540 (
2258 4486 2389 4545 Sum
2416 4491 2636 4563 quidem
2664 4502 2722 4548 et
2763 4508 2864 4567 ego
2890 4494 3135 4550 mortalis
3169 4497 3330 4554 homo
3371 4497 3566 4553 similis
3616 4520 3631 4531 -

1980 4579 2262 4651 omnibus,
2322 4592 2378 4638 et
2428 4599 2497 4641 ex
2540 4600 2738 4656 genere
2782 4594 2998 4644 terreno
3061 4585 3205 4643 illius
3269 4588 3361 4659 qui
3411 4589 3563 4659 prior

1978 4672 2156 4731 factus
2207 4683 2310 4743 est,
2350 4677 2407 4732 in
2450 4688 2638 4735 ventre
2680 4681 2873 4737 matris
2922 4681 3184 4753 ﬁguratus
3226 4697 3346 4740 sum
3393 4697 3560 4749 caro;

1976 4767 2162 4821 decem
2201 4767 2470 4824 mensium
2520 4778 2761 4841 tempore
2810 4771 3128 4843 coagulatus
3174 4786 3291 4827 sum
3340 4772 3396 4825 in
3436 4785 3563 4826 san-

1973 4860 2138 4931 guine
2177 4876 2245 4916 ex
2289 4862 2496 4919 semine
2549 4862 2786 4919 hominis
2826 4872 2885 4919 et
2930 4861 3323 4919 delectamento
3361 4861 3558 4917 somnii

1976 4951 2362 5018 convenientis,
2394 4962 2451 5010 et
2472 4968 2575 5026 ego
2601 4961 2763 5010 natus
2794 4951 2979 5025 accepi
3002 4966 3342 5054 communem
3376 4966 3559 5054 aerem

1977 5042 2136 5115 (Sap.
2165 5042 2302 5115 vn);
2336 5063 2357 5098 )
2382 5059 2505 5100 cum
2533 5053 2589 5100 et
2613 5044 2803 5101 beatus
2822 5043 3060 5100 Joannes
3077 5041 3341 5115 Baptista,
3367 5050 3422 5097 et
3443 5041 3561 5113 ipse

1881 5143 1893 5155 '
1975 5147 2166 5196 auctor
2200 5145 2256 5194 et
2288 5137 2566 5195 institutor
2590 5145 2799 5195 natura:
2825 5136 3095 5204 Christus,
3113 5136 3203 5193 sic
3228 5134 3370 5191 intra
3393 5147 3560 5191 nove-

1974 5228 2188 5285 narium
2216 5229 2328 5284 nati
2362 5228 2567 5285 fuerint
2593 5229 2861 5286 mensium
2892 5242 3132 5295 cursum,
3158 5234 3222 5284 ut
3243 5241 3313 5283 ex
3345 5226 3558 5282 decimo

1975 5337 2162 5377 mense
2201 5336 2271 5378 ne
2303 5324 2679 5380 tenuissimum
2724 5323 2941 5394 quidem
2977 5321 3253 5394 attigerint
3290 5328 3553 5377 atomum.

1974 5412 2110 5468 Nam
2138 5411 2375 5471 Joannes
2406 5415 2625 5487 quidem
2651 5424 2945 5487 conceptus
2978 5422 3081 5482 est,
3115 5415 3254 5471 sicut
3276 5412 3556 5479 scribitur,

1971 5522 2071 5564 vni
2115 5505 2235 5562 Kal.
2286 5506 2565 5576 Octobris,
2620 5518 2676 5565 et
2722 5517 2882 5564 natus
2927 5517 3010 5564 est
3049 5524 3147 5564 vm
3191 5504 3558 5562 Kalendarum

1972 5603 2122 5660 Julii.
2151 5602 2401 5659 Salvator
2429 5610 2612 5658 autem
2640 5609 2826 5659 noster
2853 5608 3144 5672 conceptus
3179 5605 3264 5658 est
3305 5597 3360 5654 in
3397 5601 3556 5651 utero

1972 5782 2099 5825 nem
2129 5775 2321 5839 autem
2346 5765 2544 5839 dicitur
2577 5785 2591 5820 :
2628 5767 2904 5839 sexaginta
2934 5771 3053 5821 sunt
3097 5758 3288 5833 regina:
3327 5764 3374 5810 et
3412 5759 3554 5807 octo-

1964 5841 2113 5910 ginta
2138 5837 2439 5894 concubina:
2468 5833 2653 5906 (Cant.
2682 5833 2781 5909 Vl):
