4142 5396
549 434 648 497 631

1009 439 1067 496 s.
1099 392 1301 497 partu
1338 430 1620 498 DAMIANI
1653 398 1803 500 opp.
1844 396 2081 500 'rouus
2122 435 2257 495 seu
2292 435 2472 496 rans
2508 435 2593 495 m.
2624 422 2696 482 —‘-
2721 436 3085 499 OPUSCULA
3121 438 3350 496 vxmx.

3709 431 3825 500 652

547 550 796 625 virginali
828 552 943 608 "vni
988 538 1367 610 Kalendarum.
1392 555 1593 626 Aprili,
1640 562 1696 611 et
1736 563 1899 610 natus
1936 562 2021 609 est
2061 551 2130 608 ad
2159 552 2207 613 Δ
2231 564 2369 607 cem.
2412 549 2539 607 Haec
2562 550 2779 608 interim
2811 552 2906 609 tibi
2948 553 3146 608 solutio
3174 568 3335 623 super
3362 552 3635 625 proposita
3663 568 3821 624 quaa-

546 646 776 702 salutem
826 646 1010 702 mundi
1045 664 1139 703 vnt
1171 648 1533 705 Kalendarum
1562 649 1824 704 Januarii.
1854 648 1913 703 ln
1940 646 2135 718 quibus

542 737 800 793 nimirum
842 739 1088 812 utrisque
1135 742 1577 811 conceptionibus
1623 752 1675 799 et
1721 741 2134 805 nativitatibus,

544 827 690 885 servi
724 829 931 886 scilicet
974 848 1039 888 ac
1077 832 1313 900 Domini,
1362 835 1442 890 sic
1487 851 1679 890 novem
1718 849 1932 891 menses
1977 848 2136 904 repe-

541 920 761 975 riuntur
821 921 1059 993 impleti,
1114 926 1428 982 ut.decimi
1485 926 1787 983 nullatenus
1847 927 2135 982 videantur

542 1010 783 1083 incepti;
837 1030 1146 1086 quanquam
1188 1018 1233 1073 si
1269 1018 1558 1090 diligenter
1590 1027 1801 1090 tempus
1845 1027 2136 1088 utrumque

541 1106 923 1176 perpenditur,
964 1108 1173 1164 duobus
1203 1109 1392 1165 diebus
1441 1111 1643 1166 diutius
1677 1127 1843 1182 quam
1899 1109 2135 1167 Joannes

540 1192 688 1251 intra
714 1205 960 1253 materna
998 1200 1206 1256 viscera
1249 1201 1514 1257 mansisse
1551 1202 1810 1258 Dominus
1838 1203 2128 1259 invenitur.

540 1281 676 1338 Cum
710 1284 876 1357 igitur
901 1287 1144 1359 plerique
1195 1290 1441 1347 homines
1470 1291 1611 1346 intra
1641 1307 1832 1348 novem
1864 1292 2133 1349 mensium

542 1391 761 1432 cursum
800 1378 1002 1450 absque
1030 1380 1137 1435 ulla
1168 1397 1391 1452 prorsus
1419 1383 1773 1454 ambiguitate
1803 1393 2129 1452 nascantur;

543 1469 672 1540 quid
699 1478 782 1526 est
810 1473 951 1541 quod
1002 1487 1099 1543 per
1128 1474 1317 1530 decem
1347 1490 1563 1531 menses
1592 1474 1646 1530 in
1673 1485 1830 1531 utero
1855 1476 2132 1546 coagulari

538 1563 576 1614 a
604 1560 919 1618 doctoribus
943 1563 1341 1632 perhibentur?

574 1722 577 1723 γ
612 1650 719 1706 Sed
749 1653 801 1707 in
832 1664 1092 1735 quantum
1125 1657 1284 1712 nobis
1305 1658 1465 1713 datur
1485 1656 1730 1730 intelligi,
1758 1672 1973 1714 menses
1993 1656 2131 1729 apud

538 1748 751 1818 Veteres
778 1747 999 1819 triginta
1035 1751 1411 1807 tantummodo
1442 1752 1652 1807 dierum
1683 1767 1908 1808 numero
1936 1766 2135 1824 suppu-

540 1838 833 1909 tabantur;
885 1842 988 1899 ista
1037 1860 1168 1902 vero
1216 1848 1424 1919 regula,
1471 1864 1589 1918 quae
1620 1866 1763 1906 nunc
1802 1858 2037 1914 tenetur,
2073 1856 2133 1903 ut

2235 642 2410 699 stione
2460 642 2712 711 suﬁiciat,
2764 646 2935 703 donec
2987 646 3250 716 potiorem
3308 655 3360 701 te
3405 662 3435 701 a
3484 646 3825 717 sapientibus

2235 735 2423 791 audire
2449 737 2747 808 contingat.

2786 829 3036 888 DUBITA
3045 828 3156 888 TlO
3196 831 3260 887 ll.

2424 918 2504 974 De
2524 920 2608 975 die
2628 921 2886 992 passionis
2910 931 2959 977 et
2984 923 3378 978 resurrectionis
3412 922 3628 979 Christi.

2305 1013 2560 1070 Dubietas
2584 1015 2747 1070 etiam
2777 1015 2843 1070 de
2864 1016 3115 1086 passione
3137 1031 3199 1071 ac
3220 1016 3618 1071 resurrectione

2234 1104 2379 1170 nica,
2412 1120 2532 1176 quae
2563 1106 2809 1161 videlicet
2838 1107 2941 1162 hoc
2971 1122 3114 1162 anno
3139 1108 3212 1162 ita
3242 1124 3339 1179 per
3364 1109 3544 1163 omnia
3571 1108 3818 1175 veniunt,

2234 1195 2375 1250 sicut
2403 1206 2531 1252 tunc
2575 1196 2883 1267 specialiter
2931 1213 3054 1253 cum
3086 1197 3345 1253 Dominus
3382 1206 3465 1253 est
3504 1197 3818 1254 cruciﬁxus.

2233 1285 2467 1357 Inquiris
2488 1288 2630 1342 enim
2660 1296 2837 1343 utrum
2866 1304 3007 1352 raro,
3038 1305 3105 1344 an
3131 1290 3326 1345 crebro
3345 1290 3423 1345 sic
3451 1289 3687 1346 veniant.
3710 1287 3820 1345 Alii

2235 1378 2501 1448 siquidem
2532 1394 2589 1435 se
2636 1397 2910 1451 nunquam
2950 1381 3053 1437 hoc
3082 1381 3317 1448 vidisse,
3362 1381 3451 1437 alii
3491 1381 3687 1451 szepius
3714 1381 3823 1437 hoc

2234 1470 2288 1525 in
2315 1472 2428 1527 vita
2470 1488 2565 1527 sua
2601 1474 2894 1545 contigisse
2926 1475 3294 1538 conﬁrmant;
3340 1484 3398 1530 tu
3429 1490 3579 1541 vero,
3610 1475 3703 1545 qui
3729 1487 3825 1530 ve-

2235 1565 2415 1621 ritatis
2446 1568 2630 1623 studes
2672 1582 2795 1624 esse
2833 1568 3147 1638 discipulus,
3183 1577 3346 1624 tanta:
3376 1568 3628 1623 varietati
3662 1567 3825 1623 times

2237 1661 2495 1717 adhibere
2528 1662 2708 1729 ﬁdem,
2750 1678 2817 1717 ne
2867 1662 3071 1717 scilicet
3101 1662 3153 1716 in
3190 1661 3665 1734 compugnantium
3700 1674 3827 1716 sen-

2236 1753 2530 1808 tentiarum
2559 1755 2860 1810 traducaris
2890 1770 3134 1810 errorem

2309 1843 2414 1899 Sed
2456 1845 2669 1900 noveris
2702 1846 2989 1917 quoniam,
3021 1845 3074 1901 in
3105 1854 3363 1917 quantum
3410 1862 3479 1903 ex
3532 1846 3825 1902 traditione

543 1927 635 1984 'alii
682 1946 899 1989 menses
952 1936 1173 2008 triginta
1226 1922 1719 2007 contineant'dies,
1773 1941 1862 1996 alii
1912 1931 2207 2011 trigintaB
2235 1936 2649 2006 prmcedentium
2704 1937 3029 2008 scriptorum
3081 1937 3332 2009 colligere
3379 1953 3687 2008 possumus,
3735 1936 3825 1992 hic

538 2034 729 2089 unum,
763 2026 829 2080 ab
859 2025 1002 2082 illius
1032 2029 1270 2097 Romuli,
1303 2031 1396 2102 qui
1432 2031 1736 2087 Romanam
1778 2034 1966 2089 urbem
2002 2047 2131 2088 con-

538 2112 705 2181 didit,
760 2118 1098 2176 institutione
1138 2123 1444 2191 descendit.
1496 2124 1758 2181 Romulus
1807 2125 1951 2179 enim
2004 2141 2127 2181 cum

537 2204 703 2270 acris,
735 2208 828 2262 sed
855 2211 1085 2280 agrestis
1109 2212 1275 2284 650
1300 2222 1446 2268 esset
1471 2214 1692 2285 ingenii,
1727 2216 1852 2271 dum
1882 2216 2043 2286 coepti
2065 2230 2130 2272 ac

536 2294 660 2350 novi
690 2306 891 2354 statum
921 2303 1201 2359 ordinaret
1247 2305 1481 2376 imperii,
1518 2307 1668 2362 illum
1698 2307 1841 2363 diem
1870 2308 2130 2380 cujusque

535 2390 743 2446 mensis
771 2396 1136 2452 constituebat
1171 2398 1408 2467 initium,
1442 2401 1494 2455 in
1525 2417 1632 2472 quo
1661 2418 1812 2459 novae
1840 2403 1980 2460 lunae
2007 2420 2133 2461 con-

535 2480 770 2549 Spiceret
806 2493 1032 2554 ortum;
1073 2500 1133 2543 ut
1180 2490 1271 2545 ille
1313 2493 1653 2562 potissimum
1697 2496 1813 2551 dies
1860 2496 2128 2552 Kalendas

535 2573 807 2644 ediceret,
854 2595 961 2650 quo
1014 2598 1154 2638 nova
1204 2583 1328 2639 luna
1382 2587 1635 2655 primitus
1683 2588 1965 2644 illuxisset.
2018 2589 2127 2644 Sed

534 2668 659 2736 quia
685 2672 845 2727 modo
881 2674 1107 2741 tardius,
1147 2678 1308 2731 modo
1340 2677 1571 2736 celerius
1603 2680 1725 2735 luna
1756 2682 1929 2736 videri
1970 2680 2126 2748 salet,

533 2759 758 2832 contigit
783 2770 841 2817 ut
863 2779 986 2819 cum
1017 2767 1229 2823 tardius
1257 2770 1527 2839 apparuit,
1564 2772 1872 2839 praecedens
1925 2772 2127 2827 mensis

530 2851 733 2922 plures,
767 2871 889 2911 cum
921 2872 1052 2913 vero
1080 2858 1340 2921 celerius.
1368 2862 1483 2917 dies
1513 2860 1785 2933 acciperet
1816 2866 2125 2933 pauciores.

535 2941 689 2999 Unde
740 2945 938 3002 factum
974 2958 1056 3004 est
1086 2959 1146 3005 ut
1186 2951 1276 3007 alii
1314 2968 1531 3008 menses
1559 2955 1780 3025 triginta
1816 2972 2001 3020 unum,
2034 2956 2125 3013 alii

531 3033 751 3105 triginta
781 3036 893 3092 dies
930 3041 1305 3097 tantummodo
1339 3044 1686 3099 sortirentur.
1717 3044 1847 3112 Quae
1875 3046 2128 3102 videlicet

531 3125 714 3195 regula
737 3129 954 3184 nuncin
983 3132 1366 3202 supputatione
1388 3134 1678 3200 mensium,
1702 3143 1763 3189 ut
1785 3134 2123 3205 conjieimus,

532 3217 675 3288 apud
712 3234 813 3275 nos
839 3237 904 3277 ex
934 3222 1077 3278 illius
1103 3223 1442 3280 institutione
1479 3235 1714 3281 tenetur.

2234 2027 2527 2083 Dominica:
2558 2028 2826 2097 passionis
2879 2027 3137 2083 articulus
3158 2070 3172 2095 ,
3206 2042 3271 2082 ex
3316 2044 3381 2083 eo
3415 2037 3655 2098 tempore
3713 2040 3823 2098 quo

2232 2118 2493 2175 Dominus
2534 2131 2619 2175 est
2666 2120 2719 2175 in
2756 2136 2917 2177 cruce
2964 2136 3281 2191 suspensus,
3334 2120 3493 2193 651
3545 2134 3824 2191 nunquam

2231 2211 2304 2266 ita
2339 2226 2525 2267 rursus
2569 2212 2750 2266 evenit
2777 2212 2880 2267 nisi
2912 2212 3098 2277 semel,
3138 2220 3191 2266 ct
3224 2226 3369 2268 nunc
3395 2211 3633 2267 secundo
3669 2226 3825 2281 repe-

2231 2303 2382 2357 titur.
2415 2302 2545 2359 Post
2570 2303 2873 2373 passioncm
2906 2304 3103 2374 quippe
3143 2303 3359 2359 Domini
3387 2303 3825 2375 quingentesimo

2231 2392 2511 2465 trigesimo
2567 2395 2727 2449 tertio
2770 2409 2911 2449 anno
2960 2393 3231 2465 paschalis
3275 2392 3589 2448 solemnitas
3631 2393 3825 2449 eodem

2232 2503 2439 2552 mense,
2472 2496 2526 2542 et
2552 2487 2661 2552 die,
2699 2496 2753 2541 et
2790 2486 2935 2551 luna,
2964 2487 3261 2557 eodemque
3304 2495 3683 2552 concurrente,
3730 2483 3824 2557 qui

2230 2580 2439 2649 primus
2470 2578 2692 2651 quintus
2716 2588 2818 2645 est,
2848 2579 3091 2650 contigit,
3122 2580 3318 2650 quibus
3338 2581 3517 2650 primo
3541 2596 3693 2636 novae
3723 2580 3831 2635 Do—

2231 2669 2446 2724 minica:
2513 2670 2930 2725 resurrectionis
3001 2685 3144 2725 anno
3194 2671 3538 2741 contigerat;
3599 2680 3655 2727 et
3721 2671 3825 2729 hoc

2230 2775 2372 2815 anno
2421 2761 2669 2816 similiter
2715 2760 2795 2827 ﬁt,
2831 2769 2890 2815 ut
2939 2761 2993 2814 in
3030 2777 3196 2816 unum
3240 2772 3432 2817 cuncta
3467 2771 3819 2819 concurrant.

2232 2851 2385 2908 Sicut
2410 2853 2554 2907 enim
2583 2861 2710 2909 tunc
2738 2868 2859 2908 cmn
2892 2853 3152 2909 Dominus
3185 2864 3480 2925 pateretur,
3520 2865 3576 2910 et
3620 2855 3822 2915 mensis

2229 2953 2346 2999 erat
2376 2943 2624 3008 Martius,
2668 2953 2724 2999 et
2763 2945 2878 3000 dies
2921 2960 2951 2998 a
3009 2944 3265 3001 Kalendis
3310 2946 3512 3016 Aprilis
3564 2956 3820 3016 octavus,

2230 3035 2364 3092 feria
2404 3047 2521 3092 erat
2570 3048 2744 3103 sexta,
2798 3047 2851 3094 et
2900 3038 3026 3092 luna
3069 3040 3275 3094 decima
3315 3048 3539 3108 quarta;
3602 3041 3674 3095 ita
3725 3055 3825 3111 per

2230 3131 2436 3196 omnia,
2475 3138 2530 3185 et
2555 3130 2985 3200 quingentesimo
3010 3130 3287 3201 trigesimo
3315 3132 3476 3187 tertio
3505 3146 3647 3187 anno
3674 3141 3828 3202 post—

2229 3222 2446 3278 modum
2474 3223 2724 3292 contigit,
2749 3232 2803 3277 ct
2829 3223 2932 3278 hoc
2955 3237 3118 3289 anno,
3143 3225 3232 3292 qui
3264 3222 3581 3278 millesimus
3603 3237 3827 3295 sexage

604 3306 711 3365 Sed
739 3313 995 3382 quoniam
1032 3315 1176 3371 hanc
1219 3317 1437 3387 gentilis
1474 3317 1709 3373 hominis
1755 3318 2018 3389 regulam,
2060 3326 2121 3374 ut
2151 3295 2197 3359 Ο
2229 3314 2399 3369 simus
2439 3313 2662 3382 quintus
2702 3321 2817 3378 est,
2864 3313 3115 3368 similiter
3160 3314 3328 3368 venit.
3386 3312 3826 3384 Composuerunt

528 3400 690 3459 nobis
711 3403 944 3473 videtun,
970 3415 1185 3464 veteres
1214 3410 1384 3465 sancti
1409 3424 1517 3465 non
1547 3418 1860 3478 tenuerant,
1881 3412 2119 3469 tricenos

529 3494 868 3552 solummodo
898 3499 1013 3555 dies
1040 3501 1267 3573 singulis
1294 3502 1597 3573 quibusque
1639 3504 1918 3560 mensibus
1951 3505 2121 3561 ascri-

528 3584 749 3641 bebant.
786 3589 940 3644 Unde
971 3590 1201 3647 suﬁiciat
1244 3592 1422 3660 nobis,
1463 3601 1521 3647 ut
1571 3595 1734 3649 unius
1765 3595 2003 3651 doctoris
2039 3596 2121 3650 in-

531 3690 778 3734 seramus
837 3682 1157 3751 exemplum.
1220 3682 1424 3740 Beatus
1487 3685 1729 3755 loquitur
1779 3687 2120 3759 Augustinus

531 3766 647 3839 (lib.
693 3784 746 3826 tv
780 3769 860 3825 De
890 3770 1103 3840 Trinit.,
1144 3789 1264 3846 cap.
1297 3775 1370 3843 5;
1417 3783 1474 3831 et
1520 3776 1617 3833 lib.
1652 3794 1859 3834 Lxxxm
1889 3778 2117 3847 Qucum,

531 3869 723 3929 quaest.
754 3859 877 3935 56):
908 3861 1259 3935 quadraginta
1294 3875 1350 3922 et
1381 3883 1478 3924 sex
1499 3868 1655 3925 annis
1682 3870 2009 3926 aediﬁcatum
2039 3879 2122 3927 est

528 3952 791 4023 templum
805 3954 926 4021 hoc,
945 3965 997 4010 et
1012 3962 1065 4010 tu
1084 3958 1135 4011 in
1155 3959 1475 4017 triduoillud
1492 3960 1819 4017 reaediﬁcas?
1832 3960 2015 4034 (Joan.
2033 3962 2119 4036 ιι.)

531 4043 635 4113 Qui
661 4046 912 4103 videlicet
940 4065 1196 4106 numerus
1218 4052 1261 4107 si
1286 4068 1383 4124 per
1403 4054 1677 4110 senarium
1702 4054 1938 4120 ducitur,
1962 4071 2123 4112 omne

533 4143 747 4206 tempus
783 4152 890 4208 quo
922 4138 1183 4197 Dominus
1235 4142 1289 4196 in
1337 4144 1528 4198 matris
1581 4153 1737 4200 utero
1780 4145 1981 4200 mansit
2017 4145 2120 4200 im-

528 4228 726 4298 pletur.
764 4229 902 4287 Nam
927 4234 1250 4306 quadragies
1283 4237 1463 4292 sexies
1486 4237 1627 4304 seni,
1658 4238 1877 4293 ducenti
1912 4248 2143 4309 septua-I

530 4317 678 4386 ginta
715 4334 808 4375 sex
841 4322 957 4378 dies
994 4323 1151 4393 ﬁunt,
1194 4326 1285 4397 qui
1330 4326 1540 4383 dierum
1597 4343 1856 4385 numerus
1892 4330 2125 4402 complet

530 4422 726 4463 novem
756 4426 990 4478 menses,
1027 4423 1081 4467 et
1118 4431 1213 4470 sex
1260 4417 1376 4474 dies
1402 4435 1417 4485 ;
1447 4420 1539 4491 qui
1572 4419 1825 4477 videlicet
1866 4430 2123 4491 tanquam

500 4496 718 4552 ‘decem
760 4514 974 4555 menses
1010 4504 1347 4571 parientibus
1392 4509 1609 4565 feminis
1658 4510 2016 4581 imputantur.
2064 4512 2125 4567 ln

533 4589 733 4657 quibus
753 4590 1008 4646 nimirmn
1032 4595 1215 4650 verbis
1248 4596 1622 4653 indubitanter
1649 4601 1958 4656 ostenditur
1980 4604 2124 4672 quod

2222 3412 2404 3459 autem
2445 3404 2753 3475 paschalem
2791 3420 3007 3459 cursum
3040 3413 3274 3474 quatuor
3299 3405 3497 3459 eruditi
3526 3406 3653 3470 viri,
3687 3406 3822 3478 Hip-

2220 3494 2461 3566 polytus,
2512 3494 2806 3560 Eusebius,
2862 3494 3190 3563 Theophilus
3237 3503 3293 3549 et
3342 3493 3629 3562 Prosper:
3697 3507 3830 3566 post

2222 3601 2359 3655 quos
2390 3586 2661 3641 Victorius
2707 3587 2929 3640 natione
2967 3586 3288 3656 Aquitanus,
3316 3585 3827 3656 scrupulusissimul

2220 3679 2473 3735 videlicet
2501 3679 2815 3745 calculator,
2858 3687 3078 3751 rogatus
3108 3695 3138 3734 a
3184 3690 3376 3736 saneto
3422 3680 3626 3737 Hilario
3671 3682 3826 3743 urbis

2222 3770 2409 3827 Romae
2442 3770 2717 3842 episcopo,
2762 3784 2875 3825 rem
2916 3770 3243 3841 diligentius
3274 3771 3618 3837 instauravit,
3670 3787 3825 3830 eum-

2222 3863 2455 3933 demque
2492 3877 2711 3917 cursum
2755 3861 3066 3918 cautissima
3111 3862 3242 3918 satis
3278 3862 3624 3935 indagatione
3673 3877 3823 3919 com-

2222 3952 2424 4023 posuit.

2293 4042 2558 4100 Produxit
2601 4044 2784 4116 itaque
2812 4058 3076 4100 annorum
3125 4044 3294 4100 series
3324 4059 3495 4114 usque
3547 4038 3618 4099 ad
3645 4058 3818 4101 annos

2223 4136 2550 4208 quingentos
2582 4135 2802 4208 triginta
2834 4138 3007 4192 duos:
3042 4138 3112 4191 ita
3147 4145 3206 4191 ut
3249 4137 3681 4208 quingentesimo
3722 4139 3822 4194 tri-

2224 4228 2430 4299 gesimo
2480 4227 2640 4283 tertio
2686 4244 2848 4294 anno,
2894 4227 3209 4283 solemnitas
3263 4228 3534 4297 paschalis
3576 4229 3822 4299 incipiat,

2225 4318 2413 4373 eodem
2443 4318 2652 4373 scilicet
2686 4333 2890 4384 mense,
2924 4318 3029 4384 die,
3063 4317 3221 4384 feria,
3252 4326 3308 4372 et
3350 4317 3496 4386 luna,
3524 4320 3825 4388 eodemque

2225 4418 2601 4474 concurrente,
2629 4410 2827 4479 quibus
2856 4410 3033 4481 primo
3062 4423 3205 4464 anno
3236 4409 3527 4465 Dominica:
3554 4410 3819 4479 passionis

2225 4514 2290 4554 ac
2318 4501 2730 4555 resurrectionis
2759 4501 3029 4556 illuxerat.
3071 4499 3184 4555 Hoc
3210 4501 3372 4556 etiam
3399 4518 3562 4568 anno,
3608 4503 3660 4557 in
3708 4518 3821 4573 quo

2225 4604 2373 4645 nunc
2394 4589 2647 4657 vivimus,
2675 4591 2742 4646 ad
2761 4593 3010 4647 emndem
3032 4593 3278 4647 ordinem
3306 4592 3583 4648 Dominica
3610 4595 3815 4664 passio,

532 4678 753 4748 triginta
780 4679 1117 4739 solummodo
1147 4684 1262 4739 dies
1291 4687 1591 4758 quibusque
1635 4690 1912 4747 mensibus
1949 4693 2121 4749 ascri-
2148 4678 2200 4738 D
2224 4696 2345 4753 qua:
2368 4682 2630 4752 postridie
2668 4683 2986 4740 celebranda
3024 4693 3129 4750 est,
3161 4685 3338 4740 redire
3370 4687 3630 4743 videmus.
3668 4688 3808 4743 Dum

535 4768 757 4825 buntur.
806 4771 1048 4843 Triginta
1098 4778 1296 4848 quippe
1341 4779 1385 4833 si
1436 4782 1622 4837 novies
1670 4782 2119 4853 multiplicemur,

536 4860 750 4917 ducenti
786 4866 1124 4936 septuaginta
1168 4867 1321 4923 ﬁunt.
1357 4869 1413 4925 ln
1450 4872 1695 4930 ducentis
1738 4891 1866 4947 ergo
1906 4886 2122 4948 septua-

534 4951 681 5018 ginta
734 4953 1057 5039 tricenarius
1112 4973 1371 5015 numerus
1423 4964 1611 5020 novies
1660 4966 1972 5035 invenitur,
2028 4968 2120 5039 qui

531 5039 684 5106 juxta
717 5044 859 5099 beati
880 5047 1116 5105 doctoris
1146 5051 1304 5119 hujus
1333 5056 1718 5122 testimonium,
1746 5075 1940 5115 novem
1969 5076 2124 5116 men-

2222 4772 2389 4843 igitnr
2407 4774 2569 4847 652
2598 4790 2771 4832 annus
2800 4776 2900 4832 iste
2928 4778 3161 4846 primum
3192 4778 3339 4833 illum
3370 4779 3664 4835 Dominica:
3692 4794 3817 4850 pas-

2223 4865 2392 4920 sionis
2430 4881 2494 4921 ac
2544 4867 2957 4922 resurrectionis
3003 4869 3251 4923 ordinem
3301 4880 3576 4939 renovat,
3627 4869 3815 4941 procul

2226 4958 2411 5022 dubio,
2450 4972 2572 5012 cum
2611 4957 2731 5024 illa,
2782 4973 2942 5029 quam
2984 4959 3247 5026 diximus,
3298 4962 3527 5016 Victorii
3576 4962 3814 5017 calculao

2224 5052 2370 5107 tione
2399 5053 2709 5109 concordat.
2747 5054 2969 5110 Interim
3001 5069 3151 5122 vero,
3175 5056 3300 5111 dum
3325 5072 3412 5112 res
3455 5057 3634 5114 valeat
3683 5071 3816 5110 emi-
