4138 6320
409 383 514 444 635

1045 388 1285 449 OPUSC.
1329 389 1610 452 XXXVIII.
1651 430 1721 440 ——
1757 394 1843 456 DE
1893 398 2361 462 PROCESSIONE
2401 403 2711 464 SPlRlTUS
2751 409 3014 468 SANCTI.

3557 412 3661 469 654

405 504 612 573 gesimo
641 502 871 574 septimo
897 518 1058 572 anno,
1093 508 1343 564 similiter
1367 513 1632 579 paschalis
1671 515 1981 572 solemnitas
2010 524 2058 581 Λ
2087 534 2213 589 ceps
2237 530 2459 576 ventura
2485 532 2587 587 est,
2620 534 2677 577 ut
2704 526 2882 580 omnia
2907 526 2992 579 illa
3024 526 3178 581 simul
3207 536 3525 599 congruant,
3558 530 3658 585 hoc

401 604 632 650 ventura
685 603 808 662 est;
859 605 915 651 et
957 601 1293 667 postmodum
1337 603 1508 658 tribus
1544 605 1750 661 vicibus
1794 607 1883 662 ﬁet
1925 617 1982 663 ut

399 683 607 740 Pascha
643 701 740 755 per
767 688 1012 743 ordinem
1043 693 1389 762 nonagesimo
1419 697 1608 764 quinto
1647 713 1786 752 anno
1818 699 1978 753 simili

399 780 562 833 modo
591 794 804 850 semper
842 783 1074 849 eveniat,
1105 785 1306 840 eisdem
1333 788 1602 855 omnibus,
1632 805 1750 859 qua:
1793 805 1979 861 supra-

398 870 564 934 dicta,
595 871 754 925 simul
783 875 1246 931 convenientibus.
1275 877 1378 933 Sed
1418 879 1469 933 in
1506 880 1608 934 isto
1632 881 1818 949 quinto
1844 898 1974 937 con-

398 969 670 1028 currente,
697 964 786 1031 qui
818 980 959 1018 nunc
987 974 1090 1030 est,
1119 983 1391 1038 mmquam
1432 972 1736 1040 paschalem
1773 972 1977 1028 festivi-

395 1061 572 1132 tatenr
602 1056 821 1110 evenire
851 1058 1096 1128 contigit,
1134 1059 1202 1113 ab
1237 1061 1347 1130 ipsa
1394 1062 1563 1132 prima
1593 1064 1842 1132 passione
1871 1064 1974 1119 Do-

391 1126 630 1211 minica,
669 1147 770 1200 nisi
807 1150 1070 1203 (ιιιιιιτιχτιι
1116 1166 1232 1205 eam
1277 1152 1445 1207 solam
1493 1168 1653 1222 quam
1698 1154 1968 1210 Victorius

391 1234 592 1304 posuit,
615 1242 671 1290 et
692 1251 834 1290 nunc
863 1240 1095 1294 secundo
1128 1241 1408 1309 repetitur,
1438 1251 1494 1298 et
1522 1257 1795 1312 nunquam
1822 1243 1970 1298 dein-

2087 620 2169 665 est
2200 613 2417 677 mensis,
2449 615 2584 674 dies.
2629 615 2784 679 feria,
2825 625 2879 670 et
2918 617 3064 681 luna,
3110 627 3317 688 epacta,
3364 609 3658 690 eodemque

2085 716 2241 757 versu
2271 704 2405 773 cycli
2436 705 2959 771 dceemnovennalis,
2987 708 3088 762 nisi
3117 709 3362 764 similiter
3398 711 3661 780 quingen-

2084 793 2277 848 tesimo
2304 795 2578 865 trigesimo
2608 796 2767 850 tertio
2797 812 2955 850 anno.
2988 796 3090 851 Sed
3124 814 3241 852 cum
3269 800 3376 869 jam
3404 799 3651 854 saeculum

2083 883 2184 937 hoc
2231 899 2327 938 suo
2363 885 2432 938 sit
2477 886 2583 939 ﬁne
2628 887 3003 954 claudendum,
3057 889 3378 954 superﬂuum
3430 899 3511 944 cst
3559 907 3656 960 per

2081 975 2252 1046 longa:
2275 977 2647 1033 calculationis
2674 980 3046 1048 ephemeridas
3067 980 3364 1052 producere
3382 982 3653 1038 volumina

2077 1069 2416 1125 saeculorum.

2410 1199 2492 1256 Sit
2523 1218 2707 1257 nomen
2740 1202 2952 1256 Domini
2987 1203 3324 1258 benedictum.

395 1452 3636 1480 MM

474 1595 826 1672 653-654
909 1618 1760 1736 OPUSCULUM
1848 1619 2739 1735 TRICESIMUM
2820 1618 3555 1736 OCTAVUM.

646 1833 1395 1926 CONTRAIERROREM
1439 1839 1902 1902 GRKECORUM
1944 1841 2051 1900 DE
2093 1837 3028 1906 PROCESSIONEISPIRITUS
3073 1839 3405 1902 SANCTI.‘

382 2133 782 2217 Ancugsmuu.
811 2167 880 2178 --
909 2133 988 2191 Ad
1018 2131 1384 2217 patriarcliatn
1532 2136 2020 2217 scribens,_con_tra
2051 2135 2360 2217 graecorum
2398 2136 2648 2217 ltmrcsim
2681 2135 2936 2217 disputat,
2977 2136 3066 2217 qui
3105 2134 3361 2217 Spiritum
3394 2143 3638 2217 sanctum

453 2223 483 2260 a
535 2207 695 2262 Patre
741 2218 979 2271 tantum,
1018 2204 1134 2262 non
1190 2225 1218 2262 a
1265 2209 1400 2286 Filio
1427 2208 1781 2286 ,ριςσιτράειίκΔ
1823 2208 1985 2286 impie
2029 2208 2602 2286 aﬂirniaba_nt.uliauc
2647 2207 2955 2286 opinio-trem
3002 2207 3271 2260 luculente
3327 2204 3639 2286 redarguit,

454 2283 1108 2358 contrariumqueverum
1145 2294 1264 2333 esse
1299 2274 1641 2358 ﬁrmissimis
1684 2274 1983 2358 rationibus
2019 2289 2075 2358 et
2111 2280 2534 2358 auctoritatibus
2569 2274 2779 2358 probat.
2826 2277 3029 2332 Idcirco
3072 2274 3356 2358 autemnad
3400 2276 3634 2358 patriar-

455 2348 624 2420 cham
671 2343 822 2402 illuni
879 2349 946 2403 de
1005 2349 1108 2403 hac
1160 2365 1217 2404 re
1271 2350 1496 2416 scribit,
1555 2351 1709 2420 quia,
1763 2360 1820 2406 ut
1875 2352 1988 2406 haac
2025 2351 2142 2420 ipsa
2179 2350 2405 2420 quaestio
2435 2351 2538 2406 sibi
2563 2343 2969 2415 enuclearctur,
3021 2363 3052 2402 a
3098 2346 3354 2418 pontiﬁce
3398 2343 3642 2401 ltoinauo

455 2419 838 2487 postulaverat.

455 2533 658 2587 Domao
680 2533 739 2587 L.
763 2535 1076 2590 beatissimo
1098 2535 1438 2605 patriarchae,
1463 2536 1676 2593 Psrnus
1702 2545 1956 2607 peccator
1983 2549 2030 2610 Β
2061 2538 2153 2592 sed
2178 2536 2338 2592 Pater
2365 2549 2517 2590 meus
2549 2536 2639 2605 qui
2681 2544 2765 2591 est
2794 2535 2846 2590 in
2871 2532 3406 2605 coelis(Matl/r.xvn).
3434 2551 3449 2584 ι
3487 2531 3641 2588 Hunc

377 2625 676 2680 monachus
701 2626 1035 2681 servitutem.

452 2715 756 2786 Religiosns
803 2717 1087 2786 episcopus
1145 2718 1464 2787 Popiliensis
1509 2719 1768 2775 Ecclesia:
1821 2720 1954 2775 mihi

380 2805 566 2860 retulit
595 2807 849 2876 quoniam
875 2823 938 2861 ex
972 2823 1066 2862 ore
1110 2808 1367 2864 dominici
1398 2813 1836 2867 reverendissimi
1862 2827 1957 2882 pa-

379 2898 631 2952 triarcltm
660 2898 952 2954 Gradensis
982 2900 1210 2966 audivit,
1238 2902 1594 2971 qutestionem
1626 2919 1723 2958 vos
1765 2903 1953 2958 catho-

377 2986 494 3041 lica:
525 2987 645 3042 ﬁdei
675 2988 832 3044 valde
873 2992 1237 3046 necessariam
1276 2993 1586 3063 apostolicae
1633 2996 1747 3049 sedi
1775 2997 1946 3052 sacris

375 3078 634 3133 insertam
665 3080 860 3136 litteris
889 3083 1211 3150 destinasse,
1255 3093 1415 3155 atque
1447 3096 1507 3142 ut
1541 3102 1569 3139 a
1607 3089 1952 3144 sanctissimo

375 3185 512 3238 papa
558 3170 866 3226 Alexandro
911 3173 1129 3229 invictis
1170 3175 1572 3246 Scripturarum
1629 3180 1953 3236 testimoniis

373 3261 779 3318 evidentissime
795 3265 1114 3332 solveretur,
1134 3267 1482 3324 sacerdotalis
1498 3269 1655 3326 oﬂicii
1673 3270 1951 3342 vigilantia

374 3350 675 3418 postulasse
708 3370 721 3406 :
761 3369 858 3407 cur
877 3355 1131 3410 videlicet
1156 3355 1392 3426 Spiritus
1418 3367 1640 3414 sanctus
1667 3361 1808 3429 apud
1841 3361 1950 3416 La-

377 3445 518 3500 tinos
545 3461 574 3499 a
601 3445 761 3500 Patre
785 3447 1000 3502 dicatur
1033 3448 1279 3518 Filioque
1305 3453 1622 3520 procedere,
1659 3469 1780 3507 cum
1807 3455 1950 3524 apud

373 3534 592 3591 Grmcos
639 3553 668 3590 a
711 3538 822 3592 solo
862 3540 1156 3607 procedere
1202 3540 1364 3596 Patre
1400 3543 1686 3598 credatur?
1720 3543 1797 3598 De
1843 3559 1949 3614 qua

369 3626 626 3681 nimirum
667 3629 964 3696 quaestione
1021 3631 1163 3699 quod
1214 3632 1418 3697 sentio,
1471 3633 1766 3688 auxiliante
1830 3635 1949 3703 ipso

371 3714 574 3785 Spiritu
600 3727 788 3774 sancto
829 3719 894 3773 de
923 3735 1029 3789 quo
1051 3721 1252 3788 agitur,
1277 3723 1492 3791 aperire
1520 3724 1946 3792 praesumo.Non

370 3809 512 3876 quod
542 3810 670 3863 mihi
703 3793 864 3879 super
901 3813 1001 3866 hoc
1031 3812 1245 3881 negotio
1285 3813 1370 3866 vel
1407 3829 1436 3867 a
1470 3816 1623 3870 vobis
1653 3815 1855 3884 aliquid
1879 3815 1950 3870 sit

2063 2629 2205 2686 enim
2237 2617 2586 2698 pt‘m‘czetel'is
2616 2628 2935 2682 mortalibus
2963 2626 3029 2681 de
3061 2633 3172 2681 toto
3203 2633 3469 2680 terrarum
3498 2624 3634 2680 orbe

2061 2721 2318 2776 Conditor
2337 2720 2484 2774 orbis
2507 2720 2686 2788 elegit,
2710 2719 2794 2774 cui
2825 2717 3136 2772 cathedram
3161 2714 3454 2786 magisterii
3486 2713 3631 2784 prine

2059 2811 2306 2881 cipaliter
2336 2811 2389 2865 in
2425 2810 2666 2865 Ecclesia
2698 2818 2882 2864 tenere
2915 2817 3175 2876 perpetuo
3215 2803 3479 2875 privilegii
3506 2801 3628 2870 jure

2059 2905 2353 2968 concessit;
2381 2913 2438 2956 ut
2460 2903 2704 2972 quisquis
2726 2901 2964 2956 divinum
2989 2898 3191 2969 aliquid
3219 2913 3281 2953 ac
3303 2895 3628 2966 profundum

2057 3013 2218 3053 nosse
2275 2995 2586 3062 desiderat,
2637 2996 2703 3049 ad
2753 2992 2912 3062 hujus
2963 2990 3310 3062 przcceptoris
3357 2985 3636 3041 oraculum

2061 3089 2474 3157 doctrinamque
2511 3095 2786 3152 recurrat;
2838 3100 2937 3138 nec
2984 3083 3060 3138 illi
3109 3080 3387 3136 humiliter
3439 3075 3638 3132 offerre

2056 3183 2198 3251 quod
2225 3180 2538 3236 solvendum
2572 3187 2655 3234 est
2678 3178 2996 3245 erubescat},
3025 3174 3238 3230 etiamsi
3263 3181 3317 3227 et
3341 3173 3451 3243 ipse
3479 3169 3622 3240 quod

2057 3273 2317 3344 quaeritur
2368 3287 2476 3326 non
2514 3272 2748 3343 ignorat.
2803 3268 3058 3338 Nunquid
3105 3265 3250 3322 enim
3295 3263 3518 3334 angelus
3570 3262 3636 3316 de

2055 3364 2190 3420 cmlo
2219 3364 2440 3419 veniens
2468 3364 2748 3419 nesciebat
2779 3361 2974 3416 docere
2996 3357 3327 3421 Cornelium,
3356 3371 3514 3426 quem
3547 3353 3627 3408 vi-

2055 3456 2264 3520 delicet,
2289 3466 2349 3511 ut
2375 3456 2503 3525 quid
2525 3455 2627 3510 sibi
2653 3454 2919 3525 agendum
2950 3459 3094 3507 esset
3124 3445 3632 3513 addisceret,dcsti-

2052 3547 2200 3601 navit
2230 3548 2296 3601 ad
2325 3545 2580 3602 Petrum?
2611 3563 2628 3596 ι
2665 3544 2843 3608 Mitte,
2876 3543 3078 3612 inquit,
3117 3541 3266 3595 viros
3301 3539 3503 3608 Joppen
3529 3578 3543 3601 ,
3572 3543 3629 3590 et

2053 3637 2259 3693 accersi
2331 3637 2606 3692 Simonem
2664 3636 2755 3706 qui
2802 3633 3214 3706 cognominatur
3257 3630 3472 3685 Petrus.
3534 3626 3631 3682 Hic

2052 3729 2356 3799 hospitatur
2381 3729 2520 3798 apud
2545 3727 2820 3784 Simonem
2852 3725 3137 3796 quemdam
3178 3723 3500 3786 coriarium,
3535 3719 3624 3775 cui

2053 3828 2139 3874 est
2173 3819 2364 3873 domus
2387 3818 2540 3886 juxta
2569 3833 2750 3881 mare;
2783 3817 2872 3871 hic
2916 3817 3056 3871 dicet
3085 3813 3180 3868 tibi
3231 3812 3358 3882 quid
3389 3821 3439 3865 te
3464 3823 3631 3879 opor-

369 3897 690 3966 injunctum,
733 3901 815 3956 vel
847 3903 914 3957 ab
945 3903 1272 3959 auctoritate
1303 3905 1471 3975 ipsius
1506 3905 1733 3961 Romani
1761 3908 1945 3977 ponti-
1977 3932 2019 3994 C
2054 3917 2164 3963 teat
2202 3909 2378 3963 facere
2411 3909 2547 3973 (Act.
2575 3909 2651 3977 κ).
2677 3927 2696 3959 ›
2723 3906 2945 3960 Poterat
2972 3905 3130 3974 plane
3157 3911 3379 3956 sanctus
3404 3898 3629 3969 angelus

369 3989 488 4045 ﬁcis
538 3991 705 4047 fuerit
757 3993 1102 4063 imperatum.
1153 3995 1289 4050 Nam
1345 4012 1452 4066 quo
1477 4007 1637 4067 pacto
1675 4014 1945 4054 summum

368 4083 641 4152 negotium
669 4084 921 4153 imperito
948 4086 1151 4142 homini
1182 4087 1499 4156 dignaretur
1525 4088 1826 4160 injungere,
1852 4091 1945 4160 qui

371 4183 449 4228 tot
476 4176 678 4230 sanctis
719 4192 784 4232 ac
819 4179 1165 4246 peritissimis
1195 4179 1328 4233 viris
1363 4193 1547 4234 secum
1579 4180 1790 4251 jugiter.
1817 4197 1948 4238 con~

365 4264 711 4320 versantibus
739 4281 846 4320 non
875 4266 1166 4337 ambigitur
1192 4267 1625 4322 abundare?Sed
1651 4269 1800 4339 quia,
1819 4269 1946 4326 licet

369 4353 589 4424 ignarus
611 4357 736 4422 sim,
765 4366 819 4412 et
845 4358 1054 4414 inutilis
1084 4374 1276 4414 servus
1314 4361 1368 4415 in
1404 4361 1564 4416 domo
1593 4362 1806 4418 Domini
1837 4363 1943 4419 mei

364 4442 524 4511 Jesu,
581 4447 685 4502 illis
734 4447 898 4503 etiam
959 4448 1038 4504 eis
1099 4449 1375 4520 obsequiis
1439 4451 1803 4522 importunum
1855 4467 1943 4508 me

365 4536 500 4592 libet
525 4539 804 4610 ingerere,
841 4541 908 4597 ad
938 4557 1056 4611 quae
1085 4557 1246 4597 nemo
1273 4558 1360 4598 me
1395 4544 1648 4616 dignatus
1691 4553 1774 4601 est
1816 4560 1942 4616 pro-

362 4643 579 4686 vocare.

877 4726 1104 4784 CAPUT
1142 4727 1429 4785 PRIMUM.

645 4815 722 4871 De
760 4820 1071 4872 auctoritate
1106 4817 1331 4872 Romani
1369 4819 1651 4889 pontiﬁcis.

435 4907 742 4963 Laudabilis
769 4908 926 4977 plane
949 4910 1254 4965 sanctitatis
1277 4920 1469 4966 vestrae
1508 4911 1827 4980 prudentia,
1883 4920 1938 4967 et

359 5000 502 5068 digni
521 4999 722 5055 favoris
743 5009 827 5056 est
849 5001 1138 5055 attollenda
1161 5003 1464 5071 prmconiis,
1482 5020 1602 5072 quae
1623 5005 1936 5060 solvendam

359 5090 533 5144 sancti
549 5088 783 5159 Spiritus
805 5091 1155 5161 quaestionem
1173 5131 1186 5156 ,
1202 5095 1389 5146 nonad
1410 5092 1573 5147 alium
1596 5095 1901 5164 quempiam
1916 5134 1932 5159 ,

358 5182 451 5236 sed
479 5183 545 5235 ad
566 5181 782 5237 Petrum
807 5183 1114 5252 Specialiter
1138 5181 1560 5255 [attulit],quem
1582 5185 1818 5241 coelestia
1847 5202 1934 5240 sa-

2051 4001 2321 4055 hominem
2340 3999 2536 4053 docere
2557 3997 2810 4068 gentilem
2830 3996 2957 4066 quid
2987 3996 3087 4050 sibi
3108 4000 3437 4062 competeret
3454 3993 3520 4046 ad
3542 4005 3628 4045 sa-

2048 4089 2246 4156 lutem;
2281 4089 2373 4144 sed
2404 4087 2563 4156 hujus
2604 4103 2871 4158 usurpare
2903 4086 3120 4140 nolebat
3144 4084 3376 4139 oﬂicium
3403 4123 3419 4149 ,
3470 4083 3626 4153 cujus

2049 4181 2273 4236 docendi
2306 4189 2532 4234 noverat
2559 4178 2726 4233 fuisse
2752 4178 3122 4233 commissum.

2058 4292 2073 4299 -
2117 4272 2254 4340 Quid
2301 4288 2429 4342 ergo
2485 4272 2680 4326 mirum
2718 4271 2762 4325 si
2818 4270 3103 4336 sacerdos,
3157 4268 3286 4324 licet
3336 4268 3626 4324 sanctitate

2046 4364 2391 4433 conspicuus,
2412 4363 2540 4416 licet
2566 4361 2794 4432 eloquiis
2824 4360 3021 4416 divinis
3042 4361 3390 4415 vehementer
3416 4359 3622 4414 instru-'

2046 4463 2188 4522 ctus,
2222 4455 2288 4510 ad
2317 4453 2683 4525 apostolorum
2725 4453 2985 4524 principis
3022 4453 3390 4524 magisterium
3432 4452 3619 4521 misit,

2044 4549 2111 4603 ad
2141 4562 2297 4618 quem
2325 4547 2486 4602 etiam
2517 4547 2736 4617 angelus
2763 4545 2987 4601 docendi
3009 4546 3182 4616 gratia
3204 4545 3468 4616 primitias
3495 4558 3621 4614 gen-

2044 4644 2177 4698 tium
2209 4641 2518 4696 Cornelium
2541 4640 2868 4696 destinavit?
2905 4638 3056 4693 Pauli
3087 4639 3249 4693 etiam
3293 4638 3358 4691 ad
3400 4635 3620 4691 Galatas

2043 4734 2158 4787 lucc
2179 4733 2343 4786 verba
2374 4739 2498 4786 sunt
2525 4746 2538 4784 :
2577 4748 2594 4780 ι
2628 4728 2825 4784 Paulus
2847 4727 3124 4798 apostolus
3154 4740 3327 4795 neque
3349 4725 3417 4779 ab
3445 4723 3619 4778 homi-

2040 4823 2222 4888 nibus,
2246 4837 2417 4892 neque
2441 4837 2536 4892 per
2558 4822 2853 4883 hominem,
2870 4819 2966 4872 sed
2992 4833 3088 4886 per
3111 4816 3292 4871 Jesum
3316 4815 3615 4881 Christum,

2041 4924 2096 4968 et
2120 4913 2290 4967 Deum
2317 4912 2552 4974 Patrem,
2582 4910 2672 4981 qui
2696 4907 2976 4963 suscitavit
3002 4901 3124 4960 eum
3155 4923 3183 4959 a
3209 4905 3437 4959 mortuis
3465 4903 3612 4975 (Gal.

2042 5003 2102 5074 ι).
2135 5023 2153 5054 ι
2184 4985 2282 5056 llic
2309 5003 2511 5071 itaque,
2543 5001 2633 5071 qui
2658 5016 2760 5055 non
2791 5000 2859 5054 ab
2891 4997 3221 5062 hominibus,
3266 4996 3360 5052 sed
3401 4995 3468 5049 ab
3498 4995 3617 5065 ipso

2039 5093 2274 5158 Christo,
2307 5101 2362 5147 et
2390 5094 2500 5147 Deo
2527 5092 2687 5145 Patre
2723 5090 2897 5144 fuerat
2939 5089 3119 5144 factus
3145 5088 3417 5159 apostolus
3448 5085 3613 5160 655

2039 5195 2199 5255 atque
2229 5186 2296 5239 ab
2331 5193 2552 5238 auctore
2587 5183 2864 5251 sapientia:
2909 5179 3241 5237 sulIicientur
3274 5182 3568 5236 instructus
3593 5219 3609 5247 ,

356 5275 574 5342 picutia)
605 5283 659 5330 et
708 5276 961 5345 potentia:
1009 5276 1190 5330 claves
1237 5276 1511 5346 accepisse
1563 5278 1933 5332 indubitanter
1959 5297 2008 5355 ι)
2034 5278 2099 5332 ad
2142 5277 2284 5331 Petri
2317 5285 2493 5330 tamen
2526 5275 2896 5344 magisterium
2937 5273 3105 5337 venit,
3127 5283 3312 5327 etnon
3343 5271 3395 5325 id
3429 5280 3612 5325 trans-

355 5365 622 5434 agnoscit.
655 5364 765 5421 Nec
795 5366 1021 5422 decebat
1053 5374 1211 5420 tanta:
1239 5366 1534 5437 dignitatis,
1567 5376 1623 5420 et
1652 5368 1930 5436 sapientia:

353 5457 530 5511 virum
563 5457 630 5511 ab
679 5459 781 5514 alio
822 5460 1060 5530 mysterii
1098 5460 1334 5516 cmlestis
1383 5473 1580 5514 arcana
1619 5460 1924 5528 requirere,

353 5550 458 5604 nisi
491 5551 559 5604 ab
607 5552 698 5606 illo
747 5554 1086 5622 potissimum
1118 5569 1278 5623 quem
1315 5569 1418 5608 non
1451 5568 1579 5607 caro
1612 5554 1785 5622 potuit
1846 5552 1930 5608 vel

353 5645 574 5714 Sanguis
601 5645 902 5708 instruere,
946 5643 1039 5699 sed
1079 5645 1165 5698 cui
1207 5645 1348 5699 Deus
1371 5645 1482 5714 ipse
1513 5660 1610 5714 per
1632 5659 1688 5698 se
1714 5659 1809 5697 sua
1847 5659 1930 5698 se-

333 5745 506 5790 .creta
521 5738 774 5807 dignatus
796 5732 1132 5807 est'apcrirc.
1157 5758 1172 5788 ι
1197 5737 1392 5791 Beatus
1410 5753 1488 5802 es,
1515 5738 1712 5808 inquit,
1739 5737 1926 5792 Simon

352 5822 610 5906 Barjona,
660 5831 785 5902 quia
814 5829 1303 5919 caro.et.sa‘ngnis‘
1341 5845 1444 5920 non
1485 5829 1739 5888 rcvclavit
1789 5828 1926 5898 tibi,

2037 5387 2194 5426 cursu
2222 5412 2237 5437 ,
2278 5369 2371 5423 sed
2423 5384 2522 5437 per
2550 5367 2811 5437 plurimos
2839 5369 2953 5423 dies
2988 5366 3125 5436 apud
3162 5383 3284 5420 cum
3315 5365 3369 5419 in
3401 5363 3610 5420 cmlesﬁ

2038 5459 2219 5513 schola
2250 5457 2565 5527 permansit.
2596 5476 2614 5508 (
2654 5454 2808 5521 Veni,
2840 5457 3034 5526 inquit,
3068 5454 3495 5526 Hierosolymam
3528 5453 3608 5508 vi-

2038 5553 2164 5607 dere
2195 5552 2433 5618 Petrum,
2465 5560 2522 5605 ct
2554 5552 2723 5604 mansi
2773 5550 2912 5620 apud
2964 5567 3086 5604 eum
3137 5549 3252 5603 dies
3297 5547 3607 5618 quindecim

2038 5643 2246 5715 (Ibid.).
2268 5663 2285 5694 ι
2311 5642 2412 5696 Per
2428 5643 2714 5713 mysticum
2738 5639 3313 5698 scilicet‘heddomadis
3334 5648 3387 5694 et
3409 5639 3616 5709 ogdoa-r

2037 5734 2119 5788 dis
2145 5733 3060 5808 numerum,Veterislnstrutnenti,
3093 5730 3254 5787 simul
3276 5744 3340 5785 ac
3363 5727 3497 5783 Novi
3527 5726 3610 5782 di-

2034 5827 2166 5883 dicit
2189 5836 2606 5884 sacramentum.
