4138 6320
496 458 605 557 S55

925 456 983 512 S.
1023 455 1229 512 PETRI
1266 453 1552 512 DAMIANI
1587 453 1737 511 OPP.
1779 452 2014 510 TOMUS
2055 451 2187 509 SEU
2225 450 2405 507 PARS
2439 450 2522 506 ΙΙΙ.
2562 480 2634 492 -
2659 447 3025 507 OPUSCULA
3067 446 3293 505 VARIA.

3650 445 3762 504 636

571 580 799 651 Dignum
828 590 957 646 ergo
984 574 1086 629 fuit
1112 582 1170 628 ut
1200 574 1267 630 ad
1309 574 1493 630 sedem
1517 571 1659 627 illius
1679 583 1862 627 vestra
1888 582 2076 626 sancta
2104 574 2153 631 Λ
2183 568 2459 640 Scriptura
2488 610 2502 633 ,
2538 579 2590 622 et
2618 569 2683 622 de
2716 566 2880 621 Patre
2914 566 3131 636 proprie
3174 564 3488 635 procedere,
3530 570 3587 618 et
3633 579 3762 619 cum

498 673 784 749 prudentia
850 669 1161 726 solvendam
1228 667 1481 739 dirigeret
1549 667 1944 738 quazstionem,
2011 667 2079 722 ad

501 780 659 838 quem
698 772 754 820 et
778 764 998 835 ignarus
1026 762 1151 817 tldei
1175 762 1263 815 vir
1296 762 1566 833 angelitus
1616 762 1897 815 mittitur:
1938 767 1994 814 et
2051 775 2083 814 a

501 874 610 930 quo
659 856 933 928 apostolus
981 856 1176 920 etiam,
1235 855 1325 923 qui
1373 856 1483 925 jam
1537 869 1566 908 a
1619 854 1729 908 Deo
1784 854 2084 908 instructus

450 1020 453 1025 ν
501 948 714 1015 fuerat,
754 948 968 1018 plenius
1008 947 1275 1002 eruditur.
1316 945 1381 999 Et
1426 946 1551 1017 quia
1596 960 1694 1015 per
1734 944 1953 1015 Moysen
2003 944 2085 999 di-

502 1040 686 1097 citur:
723 1058 743 1092 ι
780 1040 1003 1096 Habetis
1051 1039 1228 1095 Aaron
1295 1047 1349 1094 et
1407 1038 1484 1095 Ur
1519 1040 1830 1103 vobiscum;
1874 1039 1921 1093 si
1955 1038 2084 1107 quid

502 1142 694 1189 natum
732 1131 897 1188 fuerit
934 1132 1284 1203 quaestionis,
1339 1131 1591 1187 referetis
1635 1132 1704 1187 ad
1745 1145 1843 1187 eos
1885 1129 2084 1201 (Exod.

502 1226 676 1297 xxrv).
708 1244 727 1278 ι

573 1317 730 1371 Adsit
767 1316 974 1371 utinam
1019 1316 1239 1382 Aaron,
1294 1316 1346 1370 id
1390 1324 1513 1383 est,
1562 1331 1717 1370 mons
1754 1314 2087 1370 fortitudinis

504 1409 779 1476 Christus;
823 1410 963 1464 adsit
1004 1418 1060 1464 et
1098 1407 1195 1473 Ur,
1240 1409 1379 1480 ignis
1406 1407 1497 1462 ille
1525 1407 1811 1473 videlicet,
1860 1406 1951 1476 qui
2005 1414 2089 1460 est

505 1500 643 1571 ipse,
674 1501 739 1556 de
761 1516 867 1571 quo
897 1500 1206 1563 scribimus,
1236 1499 1473 1570 Spiritus
1504 1507 1743 1563 sanctus,
1780 1506 1837 1552 ut
1866 1512 1963 1566 per
1988 1511 2088 1551 nos

505 1592 691 1656 etiam,
724 1591 1003 1645 minimum
1033 1589 1290 1645 videlicet
1319 1590 1576 1645 Romana:
1614 1588 1873 1643 Ecclesiae
1918 1602 2087 1642 mem-

504 1682 687 1749 brum,
714 1682 857 1753 quod
886 1682 1174 1739 nonnullos
1207 1682 1362 1749 latet,
1393 1682 1623 1751 aperiat,
1656 1689 1710 1734 et
1747 1678 1907 1748 hujus
1936 1693 2085 1748 quae-

456 1812 461 1821 κ
508 1774 703 1830 stionis
729 1776 928 1830 nodum
956 1774 1109 1845 quasi
1132 1775 1404 1845 quoddam
1436 1773 1649 1845 mystici
1676 1772 1797 1827 libri
1841 1771 2089 1841 signacu-

502 1865 613 1920 lum
641 1866 809 1922 clavis
838 1866 1005 1921 David
1036 1866 1285 1922 Christus
1306 1866 1572 1922 absolvat.

1131 1957 1358 2015 CAPUT
1394 1959 1457 2014 ll.
1488 1996 1497 2001 -

788 2050 921 2117 Qua:
956 2052 1023 2104 sit
1061 2052 1210 2120 origo
1248 2049 1552 2106 Grczcorum
1591 2052 1800 2104 erroris.

572 2143 631 2197 In
669 2142 863 2214 primis
913 2158 1041 2214 ergo
1086 2143 1330 2198 dicamus
1383 2143 1525 2197 unde
1574 2142 1887 2211 ignorantiae
1934 2140 2090 2194 istius

504 2240 712 2296 oriatur
734 2239 912 2309 origo,
941 2248 999 2293 ut
1026 2247 1082 2293 et
1110 2238 1283 2294 Graeci
1307 2239 1420 2293 fere
1449 2253 1659 2303 omnes,
1686 2246 1740 2291 et
1769 2236 2088 2291 Latinorum

506 2333 727 2404 quidam
760 2333 1084 2405 perhibeant
1116 2331 1379 2402 Spiritum
1414 2339 1661 2387 sanctum
1700 2346 1805 2384 non
1845 2344 1875 2383 a
1908 2328 2048 2382 Filio
2072 2366 2087 2392 ,

507 2431 602 2483 sed
634 2444 663 2481 a
692 2426 806 2483 solo
828 2424 992 2482 Patre
1022 2426 1337 2497 procedere.
1371 2423 1488 2480 Hoc
1525 2424 1668 2478 enim
1703 2439 1767 2477 ex
1796 2421 2091 2476 Dominicis

507 2530 789 2581 autumant
820 2520 1027 2586 verbis,
1054 2519 1251 2589 quibus
1280 2518 1394 2571 ait:
1433 2535 1450 2568 ι
1480 2516 1597 2570 Νοιι
1638 2515 1781 2569 enim
1816 2529 1913 2568 vos
1960 2513 2091 2567 estis

507 2619 600 2689 qui
630 2614 911 2687 loquimini
938 2631 951 2668 :
980 2611 1075 2668 sed
1097 2612 1318 2682 spiritus
1346 2607 1528 2663 Patris
1555 2608 1743 2670 vestri,
1780 2604 1873 2674 qui
1911 2603 2090 2673 loqui-

508 2721 596 2767 tur
639 2712 691 2765 in
741 2707 892 2764 vobis
931 2704 1148 2777 (Matth.
1182 2703 1259 2775 x)‘.
1294 2721 1311 2755 ι
1365 2702 1431 2756 Et
1468 2701 1660 2756 iterum
1698 2718 1710 2753 :
1746 2716 1764 2749 ι
1806 2697 1945 2752 Ecce
1994 2709 2093 2767 ego

506 2803 667 2859 mitto
712 2798 1040 2871 promissum
1092 2794 1269 2849 Patris
1320 2792 1424 2846 mei
1459 2792 1511 2845 in
1552 2805 1649 2844 vos
1680 2788 1831 2861 (Luc.
1861 2787 2030 2857 χχιι).
2068 2806 2086 2838 ι

510 2896 579 2951 Et
607 2894 734 2951 illud
761 2912 774 2948 :
811 2911 830 2944 ι
865 2890 999 2948 Cum
1025 2888 1237 2944 venerit
1265 2885 1602 2949 Paraclctus,
1649 2897 1809 2952 quem
1842 2896 1941 2952 ego
1967 2880 2094 2935 mit-

508 2998 621 3045 tam
647 2987 802 3042 vobis
830 3001 857 3038 a
889 2984 1071 3048 Patre,
1114 2980 1376 3050 Spiritum
1421 2976 1702 3039 veritatis,
1739 2974 1833 3044 qui
1873 2990 1902 3027 ιι
1934 2973 2096 3027 Patre

507 3079 772 3151 procedit,
804 3075 891 3130 ille
923 3072 1289 3137 testimonium
1323 3068 1632 3139 perhibebit
1670 3066 1736 3120 de
1781 3079 1869 3119 me
1905 3062 2090 3133 (Joan.

508 3174 618 3243 xv).
656 3191 674 3224 )
710 3170 787 3224 De
822 3182 929 3236 quo
954 3180 1170 3221 rursum
1205 3162 1281 3217 ait
1310 3180 1321 3215 :
1359 3179 1377 3211 ι
1405 3159 1519 3230 Ego
1541 3159 1744 3228 rogabo
1773 3155 2016 3219 Patrem,
2041 3161 2096 3208 et

510 3268 676 3321 alium
708 3261 1051 3318 Paraclctum
1081 3259 1231 3314 dabit
1267 3254 1443 3317 vobis,
1469 3261 1530 3306 ut
1573 3259 1790 3306 maneat
1814 3249 2092 3303 vobiscum

2181 662 2340 717 Patre
2383 669 2437 715 et
2464 661 2601 716 Filio
2623 675 2839 731 semper
2869 674 3008 717 esse.
3031 679 3051 712 ι
3077 660 3146 715 Et
3166 660 3362 714 iterum
3391 675 3405 713 :
3434 676 3452 709 ι
3473 658 3549 713 De
3572 655 3766 725 Patre,

2182 758 2378 827 inquit,
2431 756 2618 822 Filius,
2651 764 2707 812 et
2737 756 2975 827 Spiritus
3011 763 3230 811 sanctus
3262 753 3481 824 proprie
3529 760 3585 806 et
3635 764 3771 807 vero

2183 849 2251 904 de
2274 848 2435 903 Patre
2460 841 2725 916 procedit.
2765 865 2784 899 ι

2254 942 2614 996 Veruntamen
2678 941 2793 997 haec
2846 948 2901 996 et
2943 939 3048 995 alia
3101 936 3406 1007 hujusmodi
3454 935 3773 993 testimonia

2185 1031 2613 1102 Scripturarum,
2641 1031 2755 1087 sive
2782 1038 3092 1087 sanctorum
3122 1030 3293 1085 verba
3320 1029 3624 1093 doctorum,
3655 1041 3774 1084 non

2183 1124 2540 1195 praeiudicant
2564 1123 2847 1180 catholicae
2872 1123 3031 1189 ﬁdei,
3062 1137 3168 1193 qua
3206 1121 3471 1191 Spiritum
3516 1128 3775 1176 sanctum

2186 1216 2376 1272 sicuta
2401 1215 2565 1270 Patre
2587 1216 2882 1282 credimus,
2916 1215 2992 1270 ita
3030 1213 3382 1270 nihilominus
3434 1220 3490 1267 et
3545 1226 3578 1265 a
3628 1210 3780 1266 Filio

2184 1306 2481 1375 procedere
2508 1306 2877 1376 perhibemus.
2907 1305 3042 1361 Nam
3069 1321 3193 1360 cum
3220 1304 3306 1359 vel
3334 1304 3449 1373 ipse
3484 1301 3776 1368 Dominus,

2186 1394 2272 1450 vel
2329 1396 2503 1452 sancti
2557 1412 2772 1466 quoque
2832 1396 3084 1453 doctores
3138 1395 3398 1452 Ecclesiae
3430 1435 3446 1461 ,
3506 1393 3781 1464 Spiritum

2188 1496 2435 1542 sanctum
2473 1503 2503 1542 a
2543 1489 2706 1543 Patre
2748 1490 3047 1559 procedere
3104 1488 3449 1544 concorditer
3483 1496 3735 1545 asseraut
3758 1526 3783 1555 ,

2189 1597 2455 1651 nusquam
2489 1590 2670 1637 tamen
2700 1582 3012 1652 perhibent,
3049 1582 3193 1652 quod
3219 1597 3251 1636 a
3282 1580 3420 1637 Filio
3451 1596 3556 1638 non
3584 1595 3766 1651 prece

2192 1672 2310 1738 dat;
2331 1673 2442 1726 imo
2463 1688 2585 1727 cum
2614 1673 2815 1728 dicitur
2838 1672 3075 1743 Spiritus
3099 1682 3322 1730 sanctus
3344 1688 3377 1728 a
3401 1672 3564 1729 Patre
3584 1686 3785 1744 proce-

2191 1764 2340 1829 dere,
2370 1779 2399 1817 a
2429 1763 2567 1819 Filio
2592 1779 2807 1835 quoque
2836 1766 3132 1835 procedere
3181 1764 3329 1820 credi
3379 1779 3608 1821 necesse
3648 1771 3736 1819 est
3761 1803 3782 1831 ,

2192 1856 2318 1926 quia
2359 1855 2521 1912 Pater
2555 1866 2609 1911 et
2639 1856 2807 1912 Filius
2866 1858 3026 1912 unius
3064 1856 3414 1925 ejusdemque
3459 1856 3788 1912 substantia

2117 1942 2164 2005 B
2192 1949 2566 2020 proculdubio
2596 1958 2698 2004 est.
2732 1950 2865 2005 Nam
2894 1966 3015 2006 eum
3059 1950 3228 2006 Filius
3265 1951 3409 2006 dicat
3439 1967 3452 2004 :
3494 1967 3513 2002 ι
3558 1950 3670 2020 Ego
3724 1955 3790 2004 et

2191 2043 2357 2097 Pater
2400 2059 2566 2096 unum
2616 2059 2804 2099 sumus
2853 2042 3034 2115 (Joan.
3069 2043 3164 2116 x);
3203 2063 3222 2096 ι
3278 2043 3551 2114 quomodo
3598 2051 3791 2114 potest

2193 2130 2427 2202 Spiritus
2457 2141 2676 2188 sanctus
2704 2134 2771 2189 ab
2792 2148 2858 2188 eo
2887 2133 3032 2204 quod
3056 2148 3221 2189 unum
3251 2141 3357 2199 est,
3381 2141 3436 2189 et
3459 2134 3785 2204 procedere,

2192 2230 2245 2276 et
2282 2236 2387 2276 non
2417 2223 2747 2292 procedere?

2265 2311 2371 2367 Sed
2402 2327 2488 2367 res
2530 2311 2836 2378 iueﬁ‘abilis,
2868 2328 2987 2384 quae
3027 2312 3174 2368 nullo
3215 2311 3356 2367 valet
3396 2312 3647 2367 humanae
3681 2328 3787 2367 ra-

2194 2404 2360 2458 tionis
2405 2404 2620 2474 ingenio
2662 2405 2903 2475 concipi,
2943 2404 3091 2460 nullo
3127 2412 3303 2475 potest
3342 2404 3541 2459 mentis
3580 2404 3791 2460 intuitu

2194 2496 2279 2551 vel
2309 2497 2747 2552 consideratione
2776 2497 3048 2563 discerni,
3077 2512 3146 2553 ex
3179 2497 3487 2552 divinorum
3518 2498 3794 2552 duntaxat

2195 2591 2533 2662 eloquiorum
2562 2593 2718 2647 debet
2743 2592 3028 2647 sententiis
3053 2592 3253 2662 colligi.
3288 2590 3422 2645 Nam
3447 2631 3463 2658 ,
3510 2591 3655 2647 sicut
3706 2591 3793 2647 ait

2195 2684 2511 2754 Apostolus:
2534 2701 2551 2735 ι
2584 2683 2820 2753 Spiritus
2840 2693 3061 2739 sanctus
3083 2684 3265 2738 omnia
3294 2670 3590 2749 scrutatur,
3614 2683 3793 2739 etiam

2197 2772 2466 2845 profunda
2508 2776 2623 2829 Dei.
2676 2774 2809 2841 Quis
2841 2774 2988 2830 enim
3032 2773 3138 2830 scit
3166 2774 3449 2830 hominum
3491 2788 3613 2844 quae
3654 2781 3792 2829 sunt

2197 2866 2459 2931 hominis,
2488 2867 2592 2922 nisi
2624 2866 2847 2935 spiritus
2875 2865 3140 2932 hominis,
3171 2866 3265 2936 qui
3304 2865 3359 2920 in
3387 2867 3507 2936 ipso
3530 2866 3650 2921 est?
3703 2865 3797 2923 Ita

2197 2965 2253 3010 et
2279 2971 2399 3023 qua:
2434 2958 2528 3013 Dei
2557 2966 2705 3025 sunt,
2736 2973 2897 3012 nemo
2934 2957 3207 3028 cognovit,
3236 2956 3344 3013 nisi
3385 2955 3624 3027 Spiritus
3666 2956 3797 3013 Dei.

2198 3051 2309 3107 Nos
2337 3060 2517 3107 autem
2560 3051 2812 3121 spiritum
2842 3050 3001 3119 hujus
3043 3051 3229 3105 mundi
3275 3066 3384 3106 non
3427 3050 3747 3120 accepimus
3774 3088 3792 3117 ,

2199 3146 2294 3199 sed
2326 3145 2575 3212 spiritum
2604 3144 2695 3213 qui
2726 3159 2794 3198 ex
2823 3143 2932 3198 Deo
2977 3152 3082 3207 est,
3118 3152 3178 3197 ut
3199 3142 3438 3198 sciamus
3471 3157 3591 3211 quae
3618 3157 3652 3196 a
3677 3142 3796 3199 Deo

2200 3235 2397 3290 donata
2428 3244 2553 3289 sunt
2586 3234 2767 3298 nobis,
2799 3250 2919 3304 quae
2968 3244 3024 3289 et
3051 3234 3325 3305 loquimur
3370 3248 3480 3289 non
3514 3233 3584 3289 in'
3611 3233 3797 3290 doctis

510 3318 919 3424 {,Iaetenmm’
971 3355 1235 3426 spiritum
1278 3349 1525 3407 vernalis
1567 3347 1749 3419 (ιοηη,
1780 3344 1917 3415 xw),
1955 3364 1972 3395 ,
2030 3342 2097 3396 Ει
2124 3318 2169 3380 C
2203 3329 2450 3382 humana:
2473 3327 2754 3394 sapientia:
2779 3326 2982 3392 verbis,
3024 3326 3121 3381 sed
3164 3327 3218 3380 iu
3261 3324 3510 3380 doctrina
3560 3325 3795 3396 spiritus

510 3454 638 3511 alibi
677 3451 848 3507 dicit:
890 3469 908 3501 ι
944 3445 1260 3501 Paraclctus
1315 3450 1495 3497 autem
1548 3438 1783 3510 Spiritus
1829 3444 2093 3502 sanctus,

510 3561 672 3616 quem
708 3544 886 3597 mittet
908 3539 1071 3595 Pater
1101 3538 1155 3591 in
1181 3535 1398 3590 nomine
1436 3547 1578 3598 meo,
1625 3529 1713 3585 ille
1751 3543 1849 3584 vos
1883 3525 2098 3583 docebit

510 3637 692 3692 omnia
722 3633 934 3703 (Ibid.).
962 3651 981 3681 ι
1017 3630 1083 3684 Et
1115 3629 1309 3683 iterum
1337 3641 1352 3681 :
1390 3643 1408 3676 ι
1448 3623 1504 3679 Si
1529 3639 1659 3696 ergo
1686 3638 1802 3687 vos,
1833 3637 1956 3676 cum
1980 3620 2099 3675 sitis

509 3727 660 3791 mali,
695 3724 897 3780 nostris
926 3724 1065 3778 bona
1094 3720 1221 3775 data
1270 3717 1401 3772 dare
1455 3714 1578 3770 ﬁliis
1627 3714 1825 3769 vestris
1850 3754 1864 3778 ,
1895 3719 2099 3781 quanto

512 3819 685 3891 magis
718 3817 879 3872 Pater
899 3822 1081 3869 vester
1109 3811 1176 3867 de
1210 3811 1348 3865 coelo
1388 3808 1538 3864 dabit
1579 3806 1844 3877 Spiritum
1896 3803 2100 3859 bonum

510 3911 822 3984 petentibus
857 3907 951 3963 se?
980 3924 997 3958 ι
1030 3903 1245 3968 (Matth.
1280 3901 1401 3972 vn.)

584 4003 682 4059 His
707 4003 889 4071 itaque
936 4006 992 4053 et
1016 3994 1325 4065 bujusmodi
1366 4008 1470 4047 non
1516 3990 1688 4046 solmn
1716 3986 2057 4057 evangelicis
2082 4027 2095 4051 ,

514 4098 611 4156 sed
641 4105 698 4151 et
725 4094 845 4150 allis
871 4091 1278 4163 Scripturarum
1309 4084 1636 4140 testimoniis
1657 4088 1909 4137 asserunt
1931 4078 2102 4148 Spiri-

516 4200 628 4245 tum
655 4195 902 4245 sanctum
933 4194 1276 4253 nequaquam
1310 4194 1338 4231 a
1364 4176 1536 4240 Filio,
1573 4174 1665 4229 scd
1690 4189 1719 4227 a
1747 4173 1864 4228 solo
1891 4179 2099 4226 tantum

513 4280 676 4337 Patre
702 4277 1017 4352 procedere.
1049 4273 1182 4327 Nam
1209 4280 1263 4326 et
1284 4268 1423 4340 apud
1445 4267 1654 4322 Latium
1680 4264 1878 4333 linguae
1900 4261 2099 4315 Docto-

515 4392 604 4432 res
629 4372 898 4444 satpetalc
929 4367 1057 4440 quid
1086 4367 1377 4436 reperitur,
1434 4361 1578 4433 quod
1636 4358 1763 4414 huic
1819 4354 2100 4412 sententiae

517 4478 814 4536 congruere
867 4462 1133 4513 videatur.
1184 4457 1385 4512 Beatus
1429 4455 1588 4525 plane
1643 4451 2003 4520 Hieronymus
2046 4447 2099 4500 in

516 4556 854 4627 expositione
899 4552 1045 4616 ﬁdei,
1074 4567 1236 4621 quam
1266 4548 1331 4604 ad
1365 4548 1614 4619 Alypium
1653 4553 1706 4599 et
1735 4544 2098 4613 Augustinum

515 4653 798 4722 episcopos
834 4645 1023 4710 mittit,
1055 4646 1197 4699 inter
1221 4653 1421 4697 caetera
1451 4642 1522 4696 sit
1544 4640 1619 4693 ait
1647 4658 1660 4692 :
1698 4657 1714 4688 ι
1745 4636 2026 4692 Credimus
2045 4642 2101 4689 et

517 4750 572 4804 in
606 4746 868 4817 Spiritum
895 4750 1143 4798 sanctum
1168 4738 1455 4793 Dominum
1480 4749 1667 4790 verum
1692 4748 1757 4788 ex
1788 4731 1953 4786 Patre
1973 4734 2098 4800 p’ro-

517 4843 822 4906 cedentem,
847 4837 1110 4909 aequalem
1136 4851 1234 4907 per
1258 4832 1438 4888 omnia
1470 4829 1615 4885 Patri
1641 4838 1693 4884 et
1717 4826 1875 4882 Filio.
1914 4845 1932 4879 ι
1983 4824 2096 4880 Au-

516 4935 764 5007 gustinus
797 4933 962 4988 etiam
985 4929 1243 4983 adversus
1271 4924 1561 4980 Maximum
1603 4919 1916 4975 haereticum
1948 4916 2099 4970 iuve-

517 5037 655 5091 ctus,
681 5027 793 5080 ait:
825 5043 844 5076 ι
881 5024 955 5078 De
979 5022 1143 5077 Patre
1167 5028 1252 5075 est
1269 5018 1461 5085 Filius,
1485 5016 1551 5069 de
1580 5013 1740 5068 Patre
1760 5020 1843 5066 est
1865 5010 2102 5081 Spiritus

519 5129 761 5179 sanctus.
785 5137 803 5173 ι
829 5119 1029 5174 Beatus
1050 5115 1212 5171 etiam
1241 5114 1351 5195 beo
1376 5128 1513 5183 papa
1539 5110 1592 5164 in
1615 5116 1869 5179 argentea
1895 5102 2098 5171 tabula,

521 5226 641 5281 quae
668 5219 793 5264 ante
823 5208 1252 5266 sacratissimum
1286 5220 1483 5275 corpus
1516 5201 1658 5257 beati
1689 5199 1843 5253 Pauli
1875 5195 2106 5268 apostoli

519 5302 737 5357 videtur
756 5308 955 5364 erecta,
987 5298 1130 5356 inter
1151 5305 1378 5352 caeteras
1407 5309 1518 5350 sua:
1548 5292 1671 5347 ﬁdei
1700 5288 1971 5361 symbolas
1996 5287 2103 5341 ait:

526 5411 546 5446 ι
565 5394 629 5449 Et
655 5394 709 5448 in
725 5392 985 5462 Spiritum
1017 5400 1262 5447 sanctqu
1284 5388 1592 5452 Dominum,
1617 5392 1671 5442 et
1691 5383 2104 5447 viviticatorem,

518 5487 686 5560 656
712 5501 781 5541 ex
809 5485 971 5541 Patre
996 5484 1410 5557 procedentem,
1451 5497 1572 5538 cum
1623 5478 1816 5545 Patre,
1863 5484 1918 5531 et
1966 5470 2104 5527 Filio

521 5582 923 5639 eoadorandum
952 5589 1007 5636 et
1032 5578 1462 5651 gloriﬁcandum.
1514 5596 1532 5628 ι
1570 5576 1626 5630 In
1657 5573 1861 5629 Niemni
1888 5587 2103 5644 quoque

520 5675 734 5731 concilii
764 5672 1006 5747 symbolo
1033 5672 1230 5729 dicitur
1257 5687 1273 5727 :
1310 5690 1330 5724 ι
1360 5668 1645 5725 Credimus
1670 5676 1725 5723 et
1750 5667 1807 5721 in
1837 5665 2104 5737 Spiritum

523 5776 794 5833 sanctum,
834 5768 927 5837 qui
950 5768 1017 5823 de
1039 5764 1202 5821 Patre
1229 5762 1477 5835 procedit
1500 5761 1739 5831 proprie,
1766 5768 1822 5816 et
1846 5759 1988 5814 Deus
2018 5764 2105 5814 est

525 5874 687 5914 verus
714 5860 855 5914 sicut
881 5858 1084 5922 Filius;
1118 5877 1137 5910 ›
1178 5864 1236 5910 et
1269 5855 1547 5923 aliquanto
1574 5860 1699 5923 post
1727 5870 1741 5908 :
1786 5871 1806 5904 ι
1843 5851 2107 5921 Quodque

529 5956 585 6007 et
624 5949 890 6024 Spiritum
934 5955 1199 6024 sanctum,
1231 5962 1423 6006 verum
1472 5946 1644 6005 Deum
1692 5946 2000 6002 invenimus
2049 5944 2109 6001 in

2128 4680 2221 4739 υς

2203 3419 2288 3489 (II
2317 3419 2439 3473 Cor.
2470 3420 2553 3492 ιι).
2584 3439 2602 3472 ι
2631 3419 2923 3475 Enimvero
2949 3419 3221 3488 quomodo
3246 3418 3412 3474 Pater
3442 3416 3797 3474 ineﬁ'ahiliter

2200 3513 2393 3569 Filium
2431 3514 2637 3584 gignat,
2670 3513 2938 3583 quomodo
2961 3513 3199 3582 Spiritus
3240 3522 3465 3568 sanctus
3504 3526 3536 3565 a
3576 3511 3788 3579 Patre,

2201 3607 2284 3660 vel
2321 3615 2553 3675 utroque
2597 3607 2890 3676 procedat,
2944 3604 3179 3675 qualiter
3233 3595 3462 3660 intuitus
3522 3604 3798 3659 humanus

2203 3698 2514 3767 attingeret,
2547 3697 2653 3751 nisi
2681 3711 2779 3765 per
2808 3711 3011 3768 organa
3034 3695 3423 3766 prophetarum
3457 3694 3540 3750 vel
3584 3708 3684 3764 per
3709 3693 3797 3748 in.

2203 3797 2482 3841 carnalem
2502 3786 2735 3841 Verbum
2756 3801 2913 3841 suum
2930 3786 3073 3842 Deus
3091 3785 3437 3855 omnipotens
3458 3784 3561 3840 hoc
3583 3792 3793 3839 morta-

2202 3879 2344 3934 libus
2373 3879 2677 3934 revelaret?
2709 3897 2726 3931 ι
2746 3879 2839 3934 Est
2861 3879 3006 3934 enim
3035 3878 3192 3944 ﬁdes,
3227 3878 3370 3934 sicut
3396 3876 3534 3933 dicit
3557 3876 3795 3946 Aposto-

2202 3974 2318 4039 lus,
2355 3973 2743 4043 sperandarum
2783 3972 3091 4028 substantia
3134 3985 3354 4037 rerum,
3404 3976 3793 4041 argumentum

2201 4082 2309 4123 non
2354 4066 2728 4137 apparentium
2770 4064 2959 4138 (Hebr.
2996 4063 3100 4135 xx).
3136 4083 3157 4117 ι
3211 4063 3333 4119 Stat
3374 4062 3521 4118 enim
3565 4060 3797 4116 Joannis

2203 4159 2292 4214 illa
2345 4159 2614 4214 sententia
2640 4198 2655 4223 ,
2710 4172 2817 4227 qua
2875 4156 3009 4212 dicit
3041 4174 3056 4211 :
3096 4174 3116 4207 ι
3144 4154 3489 4219 Charissimi,
3528 4169 3673 4208 nunc
3701 4153 3799 4207 ﬁlii

2200 4250 2296 4304 Dei
2325 4264 2532 4315 sumus,
2555 4256 2611 4304 et
2638 4249 2876 4304 nondum
2902 4247 3155 4319 apparuit
3174 4246 3304 4317 quid
3328 4246 3565 4310 erimus;
3591 4244 3801 4299 scimus

2202 4343 2481 4412 quoniam,
2505 4356 2627 4397 cum
2650 4339 3204 4412 apparuerit,similes
3225 4339 3275 4393 ei
3298 4339 3523 4404 erimus,
3538 4334 3799 4406 quoniam

2201 4434 2510 4490 videbimus
2530 4450 2655 4489 eum
2688 4434 2848 4489 sicuti
2875 4441 2959 4488 est
2987 4432 3072 4503 (ll
3098 4429 3263 4487 Joan.
3293 4431 3401 4503 nt).
3434 4450 3454 4484 ι
3501 4432 3586 4486 Ad
3638 4445 3800 4485 com-

2199 4527 2643 4595 prehendendum
2703 4542 2832 4598 ergo
2888 4538 3163 4581 summum
3227 4535 3284 4580 et
3334 4523 3605 4580 ineﬁ'abile
3653 4536 3803 4577 verae

2205 4617 2326 4673 ﬁdei
2352 4627 2774 4685 sacramentum,
2792 4634 2899 4675 non
2929 4620 3179 4674 humanae
3200 4618 3473 4688 opinionis
3496 4629 3802 4685 sequamur

2208 4711 2538 4783 indaginem,
2572 4714 2666 4769 sed
2696 4713 2869 4768 solam
2905 4713 3297 4784 amplectamur
3326 4712 3567 4769 cmlestis
3597 4709 3807 4780 eloquii

2207 4808 2528 4874 veritatem,
2569 4816 2629 4862 ut
2682 4808 2787 4864 hoc
2833 4808 3178 4879 potissimum
3235 4807 3301 4863 de
3353 4805 3464 4862 Deo
3498 4804 3805 4869 credatur,

2208 4902 2351 4971 quod
2387 4900 2674 4966 divinitus;
2711 4907 2769 4956 et
2812 4900 2866 4955 in
2895 4900 2981 4956 bis
3021 4915 3144 4973 quae
3172 4913 3383 4955 summa
3409 4907 3465 4953 et
3489 4899 3803 4967 incompre-

2208 4993 2493 5049 hensibilis
2526 4993 2738 5049 Veritas
2774 4992 3041 5063 perhibet,
3074 4991 3201 5048 ﬁdei
3246 4999 3450 5047 nostrae
3491 4990 3808 5045 constantia

2210 5104 2319 5145 non
2346 5087 2582 5144 vacillet.
2863 5070 2867 5074 ’

2818 5180 3045 5240 CAPUT
3079 5180 3164 5239 111.
3342 5238 3351 5246 .

2304 5274 2459 5342 Quod
2498 5272 2729 5346 Spiritus
2758 5284 2971 5329 sanctus
3010 5292 3042 5328 a
3079 5273 3243 5328 Patre
3279 5272 3439 5329 simul
3475 5282 3524 5328 et
3561 5270 3708 5326 Filio

2865 5346 3134 5416 procedat.

2279 5461 2449 5519 Porro
2510 5470 2689 5517 autem
2744 5460 2887 5532 quod
2956 5474 2989 5515 a
3038 5458 3199 5515 Patre
3248 5458 3507 5531 procedat
3561 5455 3810 5527 Spiritus

2211 5565 2449 5623 sanctus,
2486 5556 2628 5611 nulla
2678 5569 2854 5626 neque
2917 5554 3058 5624 apud
3109 5552 3350 5619 Graecos,
3397 5549 3563 5624 657
3624 5561 3827 5619 neque

2213 5656 2353 5725 apud
2381 5654 2605 5710 Latinos
2628 5651 2856 5724 quaestio
2883 5658 3005 5707 est:
3035 5663 3136 5707 nec
3173 5663 3260 5705 res
3301 5645 3632 5703 testimoniis
3657 5641 3806 5699 indi-

2212 5756 2321 5819 get,
2346 5764 2467 5805 cum
2487 5748 2592 5803 hoc
2627 5747 2822 5817 ipsum,
2852 5752 2908 5800 et
2927 5758 2990 5800 ea
3014 5757 3135 5814 quae
3153 5756 3314 5811 supra
3340 5739 3621 5811 posuimus
3645 5777 3658 5800 ,
3685 5733 3805 5790 evi-

2215 5843 2402 5899 denter
2427 5840 2671 5910 exempla
2704 5838 3001 5894 declarent.
3027 5835 3189 5903 Quod
3207 5842 3388 5889 autem
3413 5846 3444 5887 a
3470 5831 3635 5885 Patre
3666 5842 3802 5899 pro-

2215 5937 2391 6004 cedat,
2427 5934 2666 5991 simulet
2695 5930 2911 6001 aFilio,
2963 5930 3104 5986 unde
3150 5926 3358 5983 scilicet
3411 5922 3641 5995 qumstio
3692 5924 3803 5992 est,
