4138 6320
290 446 397 503 637

956 442 1199 503 OPUSC.
1242 444 1525 503 XXXVIII.
1565 476 1634 490 —-
1672 446 1761 504 DE
1800 447 2274 507 PROCESSIONE
2316 449 2633 507 SPlRlTUS
2679 448 2945 506 SANCTI.

3467 451 3569 509 638

292 562 604 636 evangelica
660 578 760 619 nos
803 562 962 619 docet
1018 567 1315 621 auctoritas
1348 608 1362 632 ,
1422 583 1543 623 cum
1615 568 1876 623 Dominus
1906 576 1953 635 Α
1983 570 2196 626 nienter
2233 582 2510 627 ostensum
2544 579 2627 626 est
2656 571 2799 639 quod
2826 568 3061 639 Spiritus
3107 561 3328 623 sanctus
3372 580 3564 637 procea

292 659 426 714 dicit
460 675 475 712 :
516 676 535 710 ‹
564 656 879 713 Paracletus
907 666 1088 713 autem
1144 658 1382 729 Spiritus
1435 668 1676 725 sanctus,
1721 674 1883 729 quem

293 750 475 804 mittet
506 749 666 829 Pater
687 749 738 803 in
763 750 981 804 nomine
1000 765 1140 814 meo,
1174 750 1264 805 ille
1307 765 1404 805 vos
1425 751 1641 806 docebit
1703 750 1887 807 omnia

291 838 476 909 (Joan.
510 838 647 910 ιιιν).
679 859 698 892 ι
735 839 801 897 Et
822 840 948 895 alibi
991 859 1003 894 :
1072 858 1091 892 ι
1128 841 1262 896 Cum
1302 844 1511 899 venerit
1551 841 1882 908 Paracletus,

290 946 453 1000 quem
478 945 580 1001 ego
608 931 818 985 mittam
846 931 998 987 vobis
1037 949 1066 987 a
1121 932 1283 989 Patre
1310 934 1492 1004 (Joan.
1543 936 1656 1006 xv).
1688 955 1709 988 ι
1753 933 1887 990 Cum

291 1037 427 1092 ergo
448 1021 791 1079 Paracletum
819 1033 875 1080 et
903 1023 1068 1079 Pater
1094 1025 1277 1080 mittat
1299 1027 1351 1081 in
1383 1028 1604 1083 nomine
1655 1026 1801 1094 Filii,
1834 1035 1890 1083 et

290 1114 465 1171 Filius
493 1115 676 1170 mittat
703 1132 732 1170 a
765 1115 957 1182 Patre;
988 1126 1140 1188 patet
1166 1117 1411 1189 proiecto
1444 1161 1458 1185 ,
1500 1120 1625 1189 quia
1650 1120 1794 1174 sicut
1820 1120 1889 1173 ab

294 1214 549 1277 utroque,
584 1208 675 1276 qui
701 1208 885 1277 procul
916 1209 1080 1264 dubio
1110 1226 1275 1264 unum
1316 1218 1459 1274 sunt,
1520 1211 1776 1277 mittitur,
1814 1210 1891 1264 ita

296 1297 651 1353 nihilominus
680 1308 734 1353 et
781 1300 849 1354 ab
897 1307 1125 1368 utroque
1170 1301 1434 1368 procedit.
1487 1301 1554 1355 Et
1604 1302 1696 1371 qui
1751 1315 1891 1371 saepe

298 1387 538 1459 Spiritus
563 1388 821 1444 Veritatis
849 1390 1068 1455 dicitur,
1099 1406 1225 1446 cum
1288 1392 1473 1460 utique
1526 1391 1776 1447 Christus
1822 1391 1894 1445 sit

297 1480 536 1547 Veritas,
559 1485 650 1551 qui
676 1480 914 1551 Spiritus
935 1493 1018 1537 est
1045 1482 1328 1548 Veritatis,
1355 1482 1593 1551 Spiritus
1634 1491 1717 1538 est
1766 1496 1892 1551 pro-

297 1571 387 1628 cul
419 1572 584 1627 dubio
606 1572 749 1627 Filii.
783 1571 937 1629 Unde
959 1582 1014 1627 et
1044 1573 1171 1628 alibi
1196 1574 1329 1628 dicit
1354 1592 1366 1627 :
1405 1593 1424 1625 ‹
1464 1574 1557 1628 Ille
1585 1588 1671 1628 me
1695 1572 1892 1628 clariﬁ-

298 1662 468 1727 cabit,
497 1663 623 1733 quia
656 1664 720 1719 de
747 1678 867 1718 meo
920 1664 1153 1735 accipiet
1191 1665 1374 1735 (Joan.
1419 1665 1553 1734 xvi).
1599 1685 1618 1718 ›
1670 1665 1745 1719 De
1773 1678 1893 1719 meo

298 1758 506 1813 scilicet
527 1759 774 1828 accipiet,
802 1760 929 1829 quia
953 1768 1009 1815 et
1036 1760 1201 1815 inme
1230 1770 1331 1816 est.
1365 1760 1521 1815 Unde
1570 1770 1627 1816 et
1666 1762 1719 1815 in
1753 1761 1893 1816 Isaia

298 1864 404 1904 vox
424 1848 607 1904 Patris
631 1848 699 1904 ad
726 1849 920 1904 Filium
954 1869 967 1904 :
1008 1868 1026 1901 ι
1062 1850 1299 1920 Spiritus
1339 1866 1493 1906 meus
1513 1891 1527 1916 ,
1555 1852 1751 1921 inquit,
1799 1852 1891 1921 qui

1989 662 2065 715 dit
2099 660 2167 715 ab
2204 660 2338 731 ipso.
2362 660 2528 715 Isaias
2557 675 2771 730 quoque
2798 675 2919 715 cum
2949 659 3015 714 de
3054 657 3191 712 Filio
3238 656 3329 711 Dei
3374 656 3561 725 loque-

1987 761 2158 817 retur,
2183 751 2421 821 adjecit:
2459 770 2479 804 ‹
2514 750 2786 806 Pereutiet
2814 760 3013 805 terram
3041 750 3193 822 virga
3225 750 3337 805 oris
3362 749 3441 805 sui
3466 789 3482 814 ,
3513 755 3571 804 et

1987 845 2180 914 spiritu
2222 844 2486 899 labiorum
2518 858 2740 899 suorum
2794 841 3086 897 interﬁciet
3133 841 3355 910 impium
3412 838 3571 912 (Isai.

1989 938 2088 1004 xu).
2131 956 2147 988 ι
2176 935 2274 990 Cui
2301 935 2586 992 sententiae
2617 933 2911 991 concinens
2940 931 3141 988 Paulus
3170 933 3222 986 in
3247 931 3487 1003 Epistola
3507 929 3576 986 ad

1991 1024 2503 1082 Thcssalonieenses
2548 1027 2663 1081 ait:
2730 1044 2749 1078 ι
2789 1024 2941 1080 Tunc
2972 1022 3302 1079 revelabitur
3341 1023 3429 1079 ille
3476 1023 3581 1079 ini-

1988 1133 2145 1188 quus,
2186 1135 2347 1189 quem
2394 1118 2656 1175 Dominus
2706 1115 2866 1173 Jesus
2912 1115 3201 1171 iuterliciet
3222 1115 3417 1186 spiritu
3467 1114 3580 1171 oris

1991 1214 2094 1279 sui,
2118 1225 2174 1268 ct
2209 1213 2451 1267 destruet
2502 1211 2862 1267 illustratione
2900 1211 3167 1266 adventus
3191 1210 3273 1266 sui
3307 1208 3357 1281 (1
3395 1208 3577 1263 Thess.

1993 1307 2073 1377 ιι).
2117 1326 2134 1357 ›
2171 1305 2324 1372 Quod
2354 1290 2598 1359 etiam'in
2630 1304 2769 1359 libro
2814 1303 2959 1359 beali
3014 1301 3115 1359 Job
3163 1304 3392 1374 mystice
3443 1300 3582 1355 desi-

1992 1409 2210 1467 gnatur,
2239 1412 2361 1451 cum
2393 1396 2591 1451 dicitur
2623 1411 2637 1449 :
2673 1414 2690 1447 ι
2725 1395 2921 1451 Audiet
2962 1395 3294 1449 auditionem
3350 1393 3407 1447 in
3468 1400 3582 1447 ter-

1995 1502 2117 1542 rore
2152 1486 2301 1541 vocis
2330 1485 2464 1556 ejus,
2498 1494 2555 1540 et
2582 1501 2775 1541 sonum
2824 1486 2887 1541 de
2941 1500 3035 1540 ore
3091 1483 3237 1539 illius
3285 1482 3584 1554 proceden—
3686 1515 3692 1522 -

1996 1587 2104 1633 tem
2139 1577 2261 1649 (Job
2292 1576 2520 1648 xxxv").
2555 1595 2574 1628 ι
2614 1575 2688 1633 Os
2736 1576 2970 1644 denique
2992 1574 3174 1629 Patris
3231 1572 3283 1627 in
3315 1572 3420 1627 hoc
3464 1570 3585 1627 loco

1996 1672 2314 1742 intelligitur
2344 1669 2533 1738 Filius,
2587 1685 2684 1740 per
2706 1684 2866 1740 quem
2890 1668 3141 1724 videlicet
3187 1667 3344 1723 nobis
3391 1665 3587 1720 divina:

1996 1765 2132 1837 legis
2155 1765 2364 1820 sanctio
2386 1763 2799 1835 promulgatur;
2833 1778 3000 1819 sonus
3022 1776 3153 1817 vero
3209 1761 3277 1816 de
3319 1759 3464 1814 illius
3491 1772 3588 1814 ore

1999 1859 2316 1927 procedens,
2346 1856 2580 1927 Spiritus
2603 1866 2825 1912 sanctus
2845 1866 2949 1923 est,
2973 1855 3087 1925 qui,
3120 1870 3149 1909 a
3174 1853 3313 1908 Filio
3336 1852 3586 1917 veniens,

298 1950 385 1997 est
410 1942 463 1996 in
494 1950 565 2009 te,
596 1951 651 1998 et
692 1944 854 1998 verba
885 1959 1024 2009 mea,
1050 1959 1173 2014 quae
1216 1945 1370 2015 posui
1396 1946 1451 2000 in
1471 1959 1568 1999 ore
1607 1953 1703 2000 tuo
1737 1984 1753 2010 ,
1782 1959 1892 1999 non
1920 1941 1969 2000 B
1998 1948 2327 2003 mirabiliter
2358 1947 2572 2013 sonuit,
2601 1964 2724 2004 eum
2775 1962 2939 2018 super
2981 1946 3251 2017 apostolos
3296 1942 3585 2014 repentino

307 2034 571 2089 recedant
603 2033 669 2089 de
695 2050 791 2091 ore
817 2044 928 2102 tuo,
953 2044 1008 2090 et
1033 2036 1099 2090 de
1127 2050 1223 2091 ore
1247 2036 1472 2091 seminis
1514 2036 1590 2091 tui
1632 2049 1805 2105 usque
1833 2035 1889 2090 in

295 2126 749 2200 mternumUsai.
790 2129 925 2201 ux).
975 2147 994 2181 ι
1056 2128 1173 2199 Ipse
1226 2129 1484 2184 nimirum
1538 2129 1774 2199 Spiritus
1810 2136 1896 2183 est

299 2219 391 2275 illa
423 2220 599 2276 virtus
621 2235 742 2290 qum
787 2222 854 2275 de
885 2220 976 2276 illo
1030 2223 1253 2286 exibat,
1304 2221 1447 2277 sicut
1493 2222 1548 2277 in
1598 2221 1896 2295 Evangelia

300 2310 520 2383 legitur,
547 2318 601 2366 et
621 2310 853 2366 sanabat
899 2326 1091 2366 omnes
1122 2310 1275 2382 (Luc.
1306 2311 1407 2382 vn).

370 2401 440 2456 Et
492 2400 689 2456 iterum
738 2400 805 2456 de
842 2400 1070 2455 muliere
1123 2401 1270 2456 ﬂuxu
1316 2402 1596 2474 sanguinis
1621 2400 1894 2456 liberata:

305 2512 326 2546 ε
355 2493 468 2564 Ego
490 2492 613 2548 novi
635 2491 891 2548 virtutem
919 2492 985 2546 de
1011 2509 1096 2547 me
1127 2494 1305 2547 exisse
1323 2492 1476 2563 (Luc.
1509 2492 1655 2563 vui).
1686 2511 1705 2544 ι
1740 2490 1898 2546 Unde

300 2595 358 2641 et
389 2583 679 2656 Apostolus
715 2586 780 2640 ad
828 2584 1087 2640 Galatas:
1144 2604 1163 2637 (
1200 2585 1490 2652 Quoniam,
1537 2584 1735 2653 inquit,
1768 2583 1900 2640 estis

303 2677 398 2733 lilii
442 2678 561 2746 Dei,
591 2678 740 2733 misit
771 2679 912 2733 Deus
944 2677 1208 2748 Spiritum
1240 2676 1359 2731 Filii
1417 2677 1499 2731 sui
1535 2677 1590 2731 in
1619 2677 1783 2731 corda
1809 2690 1902 2730 ve-

302 2782 418 2830 stra
446 2772 796 2835 clamantem,
827 2772 976 2826 Abba
1026 2770 1192 2824 Pater
1241 2770 1385 2842 (Gul.
1409 2770 1508 2843 IV).
1546 2790 1563 2822 ι
1605 2770 1672 2824 Ει
1724 2769 1897 2825 alibi:

306 2887 328 2920 ί
359 2867 461 2935 Qui
488 2867 750 2938 Spiritum
778 2867 981 2923 Christi
1015 2883 1121 2921 non
1164 2867 1343 2929 habet,
1376 2867 1466 2921 hic
1493 2882 1600 2920 non
1631 2874 1714 2921 est
1760 2865 1899 2936 ejus.

302 2961 443 3018 Ecce
476 2961 589 3028 hic,
615 2977 741 3018 cum
766 2962 895 3017 dicit
915 2962 1206 3033 Apostolus
1234 2981 1245 3015 :
1297 2981 1316 3013 ι
1355 2961 1590 3031 Spiritus
1640 2959 1766 3017 Filii
1795 2960 1900 3027 sui,

304 3052 390 3109 vel
421 3052 660 3124 Spiritus
689 3054 889 3109 Christi
918 3052 1088 3123 (Rom.
1116 3052 1266 3123 vin),
1300 3071 1318 3104 ι
1377 3051 1622 3121 nunquid
1653 3051 1804 3104 addit
1848 3058 1906 3104 et

305 3147 504 3214 Patris,
532 3157 591 3204 ut
615 3149 780 3213 dicat,
807 3148 1045 3219 Spiritus
1075 3146 1275 3202 Christi
1307 3157 1363 3201 et
1404 3145 1607 3200 Patris.
1651 3144 1905 3214 Nunquid

306 3242 457 3313 quia,
484 3241 853 3312 praetermisso
877 3240 1057 3295 Patris
1081 3239 1372 3306 vocabulo,
1404 3238 1644 3308 Spiritus
1668 3237 1791 3291 Filii
1826 3237 1906 3292 di-

306 3304 636 3404 citum-jure
689 3334 1043 3403 consequitur
1070 3341 1131 3387 ut
1157 3333 1334 3389 Patris
1361 3304 1488 3389 esse
1524 3331 1761 3402 Spiritus
1814 3331 1906 3385 de-
1932 3304 1978 3369 (ἶ

306 3426 575 3496 negetur?
598 3426 738 3480 idem
763 3440 980 3496 quoque
1000 3426 1291 3495 Apostolus
1315 3429 1382 3481 ad
1399 3426 1776 3496 Philippenses
1791 3423 1901 3477 ait:

314 3537 336 3571 ι
373 3517 500 3574 Scio
529 3517 674 3573 enim
700 3516 827 3587 quia
874 3517 980 3572 hoc
1026 3516 1161 3571 mihi
1220 3516 1503 3585 proveniet
1561 3517 1615 3569 in
1675 3516 1904 3571 salutem

307 3627 407 3681 per
430 3620 664 3666 vestram
695 3613 1023 3681 orationem,
1060 3622 1116 3668 et
1170 3612 1732 3668 subministrationem
1778 3612 1904 3683 Spi-

309 3700 450 3758 ritus
473 3698 598 3757 Jesu
630 3700 828 3761 Christi
870 3701 1096 3774 (Philip.
1152 3702 1214 3774 ι).
1248 3722 1267 3755 ι
1323 3700 1460 3758 Hinc
1509 3710 1594 3757 est
1633 3702 1776 3771 quod
1809 3702 1911 3757 Sa-

310 3792 516 3861 pientia
545 3791 663 3857 Dei,
694 3808 813 3859 quae
836 3793 1026 3863 procul
1064 3794 1230 3849 dubio
1277 3793 1529 3849 Christus
1579 3802 1682 3859 est,
1728 3793 1859 3848 dicit
1888 3811 1902 3846 :

316 3902 338 3936 ί
368 3882 603 3955 Spiritus
629 3901 781 3941 meus
802 3902 964 3957 super
986 3886 1093 3942 mel
1122 3887 1316 3953 dulcis,
1347 3897 1403 3943 et
1462 3887 1753 3943 haereditas
1785 3900 1907 3941 mea

312 3991 477 4048 super
504 3977 608 4033 mel
634 3988 689 4033 et
714 3977 894 4032 favum
920 3977 1115 4046 (Eccli.
1141 3982 1319 4047 xxiv).
1350 3998 1368 4032 ι

385 4064 557 4122 Sicuti
588 4083 717 4140 ergo
747 4084 870 4124 eum
901 4067 1047 4134 Filii,
1073 4068 1160 4124 vel
1189 4068 1391 4125 Christi
1419 4068 1657 4137 Spiritus
1684 4067 1908 4132 dicitur,

315 4172 424 4213 non
452 4160 635 4214 statim
686 4162 1040 4233 consequitur
1075 4169 1134 4216 ut
1168 4176 1292 4217 eum
1354 4159 1626 4230 possimus
1676 4173 1706 4211 a
1749 4157 1912 4211 Patre

315 4247 656 4320 disjungere;
703 4252 777 4306 ita
803 4269 927 4309 cum
983 4254 1201 4320 dicitur,
1261 4251 1497 4322 Spiritus
1546 4250 1745 4315 Patris,
1803 4265 1910 4305 non

316 4353 441 4395 eum
464 4355 754 4411 possumus
784 4358 813 4397 a
847 4343 985 4400 Filio
1021 4359 1300 4415 separare.
1352 4344 1551 4398 Beatus
1597 4343 1762 4397 etiam
1805 4340 1912 4395 Pe-

317 4441 441 4488 trus
460 4432 537 4488 ait
561 4452 574 4488 :
608 4452 626 4486 ι
664 4434 739 4491 De
760 4452 865 4507 qua
890 4436 1067 4493 salute
1096 4438 1471 4506 exquisierunt
1496 4447 1660 4506 atque
1686 4434 1912 4490 scrutati

316 4536 447 4583 sunt
472 4525 775 4599 Prophetas,
813 4530 905 4599 qui
953 4530 1017 4584 de
1061 4529 1242 4585 futura
1278 4530 1333 4584 in
1380 4530 1536 4585 nobis
1574 4530 1744 4601 gloria
1789 4543 1915 4598 pro-

318 4620 697 4691 pbetaverunt,
738 4629 1045 4677 scrutantes
1085 4622 1139 4676 in
1198 4623 1344 4692 quod
1379 4621 1463 4675 vel
1500 4621 1659 4692 quale
1702 4629 1914 4691 tempus

315 4713 650 4786 signiﬁcaret
670 4715 798 4784 quia
854 4714 909 4769 in
938 4714 1021 4770 eis
1045 4722 1164 4770 erat
1219 4713 1457 4783 Spiritus
1494 4713 1721 4777 Christi,
1769 4726 1911 4781 prae-

318 4805 575 4861 nuntians
618 4793 711 4861 eas
759 4821 881 4877 quae
934 4806 990 4861 in
1052 4804 1272 4861 Christo
1324 4814 1451 4860 sunt
1500 4804 1808 4875 passiones,
1858 4811 1916 4858 et

316 4899 647 4970 posteriores
674 4898 875 4970 glorias
919 4898 972 4968 (Ι
1011 4898 1150 4954 Petr.
1175 4899 1237 4970 ι).
1278 4917 1297 4951 ι
1335 4897 1491 4966 Quod
1534 4906 1715 4953 autem
1755 4910 1915 4952 eum-

319 4990 443 5045 dem
491 4988 751 5061 Spiritum
809 4991 983 5046 Filius
1028 4991 1082 5045 in
1138 4991 1432 5061 discipulos
1480 4991 1714 5057 miserit,
1769 4991 1912 5046 idem

319 5081 512 5138 Petrus
563 5082 619 5137 in
653 5082 880 5139 Actibus
921 5082 1293 5154 apostolorum
1331 5082 1583 5152 perhibet
1615 5122 1630 5147 ,
1677 5082 1911 5137 dicens:

326 5193 343 5226 ι
376 5175 575 5230 Dextra
602 5176 769 5249 igitur
797 5176 895 5232 Dei
917 5176 1209 5242 exaltatus,
1236 5184 1290 5231 et
1343 5175 1703 5244 promissione
1744 5174 1916 5245 Spiri-

324 5275 412 5324 tus
440 5269 611 5325 sancti
676 5276 901 5340 accepta
954 5283 986 5322 a
1036 5269 1216 5335 Patre,
1272 5264 1464 5322 eﬂ‘udit
1520 5268 1625 5337 hoc
1670 5267 1916 5332 donum,

321 5358 464 5430 quod
482 5374 577 5412 vos
590 5359 783 5414 videtis
798 5368 853 5414 et
866 5358 1061 5414 auditis
1075 5358 1214 5428 (Act.
1232 5358 1313 5427 ιι).
1338 5376 1356 5409 ι
1379 5357 1514 5412 Hinc
1526 5355 1780 5426 estquod,
1796 5369 1919 5411 cum

322 5451 715 5506 resurrexisset
738 5465 772 5504 a
798 5450 1050 5513 mortuis.
1084 5457 1140 5505 et
1162 5448 1504 5520 apparuisset
1531 5446 1833 5517 discipulis,
1861 5454 1924 5501 ut

323 5558 447 5598 eum
468 5543 535 5600 de
564 5559 624 5600 se
651 5544 951 5615 procedere
976 5550 1229 5613 patenter
1248 5541 1579 5606 ostenderet,
1606 5537 1921 5605 insutilavit,

323 5647 381 5695 et
429 5639 545 5695 ait:
603 5658 622 5693 ι
652 5638 895 5710 Accipite
954 5637 1219 5709 Spiritum
1259 5642 1508 5691 sanctum
1537 5632 1718 5706 (Joan.
1750 5631 1866 5699 xx).
1898 5650 1919 5686 ›

399 5753 512 5811 Nec
534 5770 666 5811 sane
691 5754 989 5826 putandum
1011 5762 1096 5811 est
1117 5753 1261 5824 quod
1288 5750 1449 5807 ﬂatus
1488 5749 1576 5805 ille
1603 5763 1917 5820 corporeus,

330 5846 425 5918 qui
448 5854 579 5902 tunc
604 5862 787 5904 aerem
804 5848 1095 5920 percussit,
1119 5846 1355 5917 Spiritus
1369 5850 1592 5900 sanctus
1613 5838 1800 5908 fuerit,
1824 5839 1921 5896 sed

327 5951 434 6020 per
487 5953 786 6015 congruam
840 5939 985 5997 hanc
1024 5938 1475 6009 signiﬁcationem
1516 5938 1684 6013 658
1727 5951 1922 5994 conve-

1940 4677 1992 4737 D

1996 2041 2181 2097 sonitu
2214 2042 2266 2095 in
2318 2040 2623 2112 linguarum
2671 2041 2938 2095 varietate
2993 2038 3291 2095 descendit.
3339 2056 3359 2088 ‹
3391 2035 3590 2091 Factus

1996 2141 2095 2193 est,
2124 2131 2321 2202 inquit,
2346 2140 2570 2201 repente
2610 2132 2675 2184 de
2719 2130 2857 2186 coelo
2907 2144 3073 2185 sonus
3127 2139 3381 2198 tanquam
3432 2125 3593 2180 adve-

1995 2222 2200 2279 nientis
2232 2222 2468 2293 Spiritus
2496 2222 2835 2277 vehementis
2880 2221 3021 2293 (Act.
3073 2219 3153 2290 n).
3195 2238 3212 2271 ι
3270 2217 3370 2273 llic
3402 2229 3593 2286 netupe

1998 2313 2305 2385 sonus,qui
2336 2313 2402 2367 de
2451 2327 2547 2367 ore
2599 2312 2800 2369 Clu-isti
2843 2311 3058 2381 prodiit,
3111 2311 3226 2380 ipse
3272 2318 3355 2364 est
3404 2305 3594 2378 procul

1999 2404 2160 2461 dubio
2182 2405 2396 2477 gladius
2426 2404 2753 2479 bisacutus,
2797 2417 2958 2471 quem
3009 2400 3248 2455 Joannes
3286 2400 3338 2454 in
3384 2399 3595 2469 Apoca-

1998 2496 2138 2569 lypsi
2178 2513 2246 2553 ex
2286 2498 2493 2553 eisdem
2520 2496 2679 2552 labiis
2701 2495 2852 2550 exire
2884 2494 3167 2563 conspexit
3214 2491 3397 2563 (Apoc.
3424 2490 3484 2562 ι).
3517 2489 3596 2545 De

2000 2598 2177 2660 quoet
2204 2606 2301 2661 per
2324 2589 2663 2645 Psalmistam
2694 2586 2895 2641 dicitur
2926 2603 2938 2639 ε
2975 2605 2991 2636 ‹
3025 2584 3207 2649 Verbo,
3228 2582 3438 2637 Domini
3469 2578 3594 2636 cmli

2000 2681 2201 2737 ﬁrmati
2249 2691 2397 2747 sunt,
2421 2691 2474 2735 et
2496 2680 2687 2749 spiritu
2712 2677 2824 2731 oris
2851 2678 2969 2748 ejus
2994 2677 3170 2730 omnis
3203 2675 3377 2730 virtus
3405 2687 3595 2727 eorum

2004 2771 2177 2847 (Psul.
2206 2775 2404 2845 xxxii).
2443 2793 2461 2826 ι
2493 2772 2629 2839 Quia
2661 2784 2812 2840 ergo,
2850 2768 2992 2823 sicut
3019 2768 3220 2821 dictum
3266 2773 3372 2831 cst,
3398 2779 3459 2819 os
3488 2763 3596 2817 Pa-

2006 2867 2102 2921 Iris
2126 2867 2291 2921 Filius
2320 2874 2419 2928 est,
2456 2864 2688 2933 Spiritus
2712 2862 2825 2917 oris
2854 2860 2949 2914 Dei
3001 2860 3077 2915 nil
3116 2859 3261 2914 aliud
3292 2858 3599 2929 intelligen-

2005 2959 2125 3023 dus,
2150 2973 2306 3028 quam
2340 2957 2579 3027 Spiritus
2605 2954 2833 3010 Christi.

2612 3044 2840 3101 CAPUT
2876 3045 2962 3100 IV.

2180 3146 2391 3198 Amovet
2422 3142 2829 3206 dubitationem,
2852 3157 2970 3211 qua:
2998 3138 3143 3193 nasci
3169 3146 3390 3208 poterat.

2080 3234 2233 3302 Quod
2260 3235 2305 3289 si
2335 3234 2620 3303 quaeritur,
2647 3247 2772 3286 cum
2822 3231 2889 3285 de
2950 3228 3251 3285 substantia
3279 3226 3477 3298 {Patris
3530 3225 3604 3282 sit

2010 3326 2200 3392 Filius,
2226 3327 2290 3380 de
2312 3326 2612 3381 substantia
2642 3322 2821 3378 Patris
2848 3323 2919 3379 sit
2951 3321 3304 3379 nihilominus
3331 3331 3387 3375 et
3434 3318 3604 3391 Spiri-

2011 3432 2096 3476 tus
2119 3427 2363 3483 sanctus,
2404 3434 2502 3473 cur
2532 3434 2671 3473 unus
2697 3417 2887 3483 Filius,
2915 3425 2964 3471 et
2997 3416 3136 3471 alius
3159 3430 3266 3470 non
3295 3416 3365 3469 sit
3391 3410 3604 3469 Filius!

2009 3530 2116 3570 non
2149 3513 2445 3583 incongrue
2474 3510 2870 3581 respondetur:
2897 3510 2973 3566 De
2998 3509 3161 3564 Patre
3189 3515 3273 3564 est
3302 3506 3472 3562 Filius
3496 3546 3511 3572 ,
3536 3505 3604 3561 de

2008 3608 2171 3664 Patre
2192 3617 2276 3663 est
2299 3607 2535 3678 Spiritus
2561 3618 2782 3664 sanctus
2806 3625 2821 3674 ;
2852 3608 2944 3664 sed
2968 3607 3057 3663 ille
3087 3607 3306 3677 genitus
3333 3614 3437 3671 est,
3496 3604 3603 3660 iste

2008 3702 2333 3773 procedens,
2359 3702 2587 3772 ideoque
2612 3700 2699 3755 ille
2739 3700 2909 3756 Filius
2936 3710 3022 3757 est
3054 3700 3255 3764 Patris,
3280 3702 3346 3754 de
3393 3713 3500 3768 quo
3550 3702 3607 3751 et

2011 3793 2224 3863 genitus
2251 3800 2335 3848 est
2361 3809 2376 3858 ;
2404 3793 2505 3847 iste
2529 3801 2712 3847 autem
2737 3790 2975 3861 Spiritus
3004 3791 3307 3860 utriusque,
3346 3787 3606 3859 quoniam

2011 3886 2078 3939 de
2119 3894 2352 3955 utroque
2378 3885 2646 3954 procedit.
2683 3884 3074 3939 Verumtamen
3100 3892 3155 3937 et
3183 3882 3274 3936 illa
3301 3879 3605 3953 generatio,

2012 3987 2066 4032 et
2092 3979 2195 4033 ista
2228 3979 2510 4050 processio
2536 3994 2641 4032 non
2681 3976 2842 4031 modo
2867 3974 3178 4040 ineﬂ'abilis,
3219 3975 3315 4029 sed
3365 3983 3422 4028 et
3447 3986 3607 4043 pror-

2014 4085 2106 4123 sus
2142 4069 2706 4140 ineomprehensibilis
2735 4076 2836 4123 est.
2888 4067 2995 4123 Sed
3046 4068 3098 4120 in
3130 4067 3215 4122 his
3243 4080 3363 4136 qua:
3407 4070 3609 4119 nostrae

2014 4163 2214 4215 nientis
2244 4163 2361 4217 acie
2386 4170 2677 4232 penetrare
2715 4176 2820 4214 non
2852 4172 3137 4228 possumus
3158 4196 3173 4221 ,
3211 4156 3318 4210 illis
3350 4170 3447 4225 per
3471 4166 3610 4223 quos

2018 4251 2254 4323 Spiritus
2276 4262 2500 4307 sanctus
2533 4252 2743 4306 locutus
2772 4258 2876 4314 est,
2904 4248 3065 4303 ﬁdem
3089 4255 3318 4312 certam,
3349 4253 3607 4314 tanquam

2016 4345 2060 4399 si
2084 4359 2171 4399 res
2195 4345 2395 4399 nostris
2423 4344 2729 4414 subjaceret
2750 4341 3033 4398 obtutibus
3067 4381 3081 4407 ,
3132 4339 3478 4395 adhibemus.
3540 4337 3609 4391 Et

2018 4454 2333 4511 quanquam
2382 4438 2538 4495 nobis
2567 4438 2747 4508 ignota
2793 4438 2903 4495 sint
2960 4450 3175 4491 arcanae
3227 4431 3611 4505 profunditatis

2017 4538 2228 4594 occulta
2258 4537 2535 4609 mysteria,
2566 4549 2671 4590 non
2700 4544 2879 4590 tamen
2917 4533 3230 4590 dubitamus
3279 4532 3332 4586 in
3359 4543 3423 4585 eo
3466 4526 3610 4598 quod

2019 4635 2280 4692 Dominus
2306 4633 2592 4703 loquitur:
2641 4646 2749 4686 non
2810 4630 3135 4700 ambigimus
3186 4628 3241 4681 in
3283 4639 3349 4681 eo
3398 4634 3612 4693 quoque

2019 4730 2161 4799 quod
2188 4728 2245 4783 in
2275 4727 2664 4798 prophetarum
2688 4722 2963 4777 vaticiniis
2990 4719 3291 4775 invenitur.

2643 4812 2869 4869 CAPUT
2904 4811 2968 4865 V.

2401 4909 2617 4963 Amovet
2639 4905 2803 4960 aliam
2826 4902 3225 4958 dubitationem.

2094 5004 2199 5059 Sed
2227 5003 2318 5057 hie
2344 5001 2479 5057 mihi
2509 4999 2761 5056 fortassis
2786 4997 3041 5067 objicitur
3073 5012 3087 5048 :
3140 4991 3256 5047 Non
3309 4987 3612 5059 intelligitis

2022 5097 2398 5167 Evangelium,
2428 5095 2653 5151 nescitis
2684 5091 2814 5163 quid
2862 5089 2963 5144 sibi
2995 5086 3165 5153 velint
3208 5081 3427 5139 oracula
3490 5088 3618 5150 pro-

2025 5192 2335 5263 phetarum,
2366 5205 2486 5259 qum
2509 5187 2717 5243 scilicet
2746 5182 2890 5237 aliud
2913 5193 3055 5249 stupe
3076 5175 3414 5248 praetendunt
3442 5171 3494 5225 in
3526 5169 3615 5263 lit-

2021 5260 2262 5337 terarum
2311 5279 2622 5350 superﬁcie,
2683 5274 2827 5329 aliud
2877 5271 3159 5327 continent
3212 5268 3265 5322 in
3320 5260 3615 5335 spiritualis

2020 5373 2392 5445 intelligentia;
2412 5370 2658 5425 veritate.
2689 5366 2771 5421 Ad
2795 5365 2937 5437 quod
2963 5377 3063 5417 nos
3105 5359 3266 5416 facile
3317 5355 3614 5428 responde-

2024 5483 2144 5523 mus
2170 5466 2295 5536 quia
2346 5464 2500 5518 fuere
2527 5460 2875 5531 quamplures
2923 5454 3206 5527 apostolici
3249 5460 3305 5507 et
3358 5446 3616 5505 catholici

2028 5563 2156 5629 viri,
2186 5562 2251 5617 de
2275 5574 2504 5631 quorum
2543 5555 2755 5611 scilicet
2808 5551 3105 5624 approbata
3148 5547 3350 5618 pietate
3378 5550 3435 5598 et
3481 5554 3613 5595 san-

2028 5653 2218 5709 ctitate
2245 5666 2341 5721 per
2369 5657 2587 5704 ostensa
2622 5645 2911 5700 multarum
2938 5644 3093 5714 signa
3118 5639 3378 5693 virtutum
3404 5632 3479 5687 nil
3500 5644 3621 5685 om-

2027 5746 2158 5801 nino
2180 5744 2440 5799 remansit
2466 5741 2798 5811 ambiguum.
2846 5738 2911 5792 Hi
2964 5735 3221 5790 nimirum
3261 5727 3616 5784 orthodoxam

2024 5837 2194 5911 659
2217 5836 2376 5892 ﬁdem
2421 5836 2604 5891 verbis
2631 5830 2966 5903 simplicibus
2999 5829 3390 5895 exposuerunt,
3441 5823 3497 5911 et
3522 5813 3618 5868 lit-

2026 5907 2461 5992 teris‘exaratam
2505 5928 2570 5985 ad
2616 5920 2951 5999 posteritatis
2997 5915 3336 5994 _memoriam
3380 5907 3627 5992 relique:
