4138 6320
629 388 731 448 659

1091 397 1148 452 S.
1181 396 1385 456 PETRI
1420 401 1703 462 DAMIANI
1737 405 1885 462 OPP.
1928 404 2164 464 TOMUS
2205 403 2337 465 SEU
2374 407 2554 467 PARS
2590 411 3145 476 lll.—~OPUSCULA
3181 396 3421 478 VARIA:

3770 427 3886 483 640

590 500 595 511 '
624 513 772 559 runt.
798 502 1014 561 Illorum
1041 508 1199 578 plane
1227 510 1328 568 fuit
1378 530 1442 569 ex
1473 517 1781 588 apostolicis
1812 531 1867 575 et
1920 519 2193 591 proplieti-
2218 523 2272 599 ,Α
2299 535 2397 590 per
2416 521 2826 599 insumationem
2854 545 3007 586 suam
3032 532 3363 607 deditsso
3389 535 3665 611 discipulis
3703 539 3883 612 Spiri-

624 596 703 649 cis
729 600 1011 655 sententiis
1049 601 1149 657 ista
1177 604 1481 673 discutere;
1509 610 1667 666 nobis
1712 620 1893 666 autem
1925 613 1998 667 nil
2050 612 2195 669 aliud

617 694 812 752 restat,
838 687 942 743 nisi
981 693 1218 760 praeﬁxis
1266 697 1528 753 duntaxat
1551 716 1737 756 eorum
1782 703 2191 779 deﬁnitionibus

618 776 861 833 obedire.
892 778 1001 835 Illis
1042 799 1233 855 nempe
1291 788 1373 843 vis
1418 776 1783 848 necessitatis
1825 795 2085 861 incubuit,
2133 786 2196 849 llt

616 866 731 923 haec
763 871 1035 928 subtiliter
1082 891 1144 931 ac
1175 878 1459 948 diligenter
1499 883 1852 953 inquirerent,
1886 896 1941 941 et
1985 896 2188 943 certam

615 958 738 1013 ﬁdei
765 963 1004 1032 regulam
1036 967 1360 1039 deﬁuirent;
1389 974 1546 1030 nobis
1571 986 1750 1033 autem
1783 995 1845 1035 ea
1880 989 2086 1037 tantum
2101 983 2187 1038 via

612 1052 963 1121 gradiendum
992 1068 1076 1112 est
1120 1075 1220 1130 per
1244 1078 1405 1132 quam
1434 1066 1688 1124 videlicet
1743 1073 1915 1126 nostri
1957 1089 2189 1144 prieces-

609 1157 733 1199 sere
757 1145 1009 1214 majores.

678 1236 833 1304 Quod
855 1256 985 1312 ergo
1014 1242 1089 1298 illi
1118 1252 1247 1303 tunc
1287 1265 1354 1304 ex
1386 1254 1710 1323 evangelicis
1751 1271 1814 1312 ac
1850 1258 2185 1327 preplieticis

606 1327 692 1383 vel
710 1331 871 1386 etiam
910 1338 1218 1404 apostolicis
1261 1340 1499 1401 fontibus
1545 1347 2184 1421 inhianter‘llauserunt,

607 1418 708 1473 hoc
732 1422 887 1478 nobis
911 1428 1266 1496 propinantes
1295 1433 1349 1489 ill
1397 1446 1643 1506 posteros
1684 1440 1913 1498 ﬁdeliter
1943 1418 2184 1499 transfu;
2254 1454 2261 1463 ‘

604 1508 815 1589 derunt,
845 1514 1059 1572 dicente
1087 1520 1413 1580 Psallnista:
1465 1548 1484 1579 (
1514 1528 1571 1583 In
1600 1531 1849 1587 ecclesiis
1877 1534 2182 1592 benedicite

602 1590 713 1655 Deo
746 1601 971 1661 Domino
1000 1609 1064 1663 de
1086 1608 1329 1669 fontibus
1356 1617 1521 1674 Israel
1558 1620 1733 1691 (Psal.
1774 1626 2013 1698 LXXVII);
2052 1590 2097 1679 »ί
2127 1590 2182 1683 ei

600 1705 698 1746 nos
721 1696 1010 1763 puritatem
1030 1694 1190 1769 ~ﬁdei,
1224 1722 1342 1776 quae
1362 1724 1460 1778 per
1490 1726 1583 1766 cos
1611 1712 1664 1767 in
1708 1715 1863 1770 nobis
1919 1726 2177 1788 tanquam

596 1796 695 1850 per
718 1787 959 1844 veritatis
988 1791 1188 1850 rivulos
1230 1797 1423 1865 inﬂuit,
1467 1816 1656 1857 secure
1696 1804 1809 1874 jam
1873 1815 1928 1860 et
1976 1787 2176 1880 absque

2299 618 2410 665 tum
2440 623 2684 670 sanctum
2714 618 2895 687 (Joan.
2926 624 3039 693 xx).
3074 643 3091 675 ι
3124 624 3184 678 Β.
3210 627 3373 681 etiam
3417 627 3651 701 Cyrillus
3672 631 3743 686 de
3769 632 3882 689 hac

2296 702 2479 757 eadem
2495 704 2729 775 Spiritus
2751 713 3097 779 processione
3115 724 3305 771 contra
3328 716 3631 776 Nestorium
3651 722 3733 778 sic
3759 724 3843 777 ait
3858 739 3879 780 :

2298 812 2316 844 ι
2357 794 2611 861 Quamvis
2633 800 2775 854 enim
2800 803 2852 856 in
2884 819 2980 859 sua
3004 807 3075 861 sit
3118 808 3417 865 substantia
3452 810 3683 882 Spiritus
3704 882 3705 885 η
3730 813 3877 883 ejus,

2290 892 2344 938 et
2368 884 2700 958 intelligatur
2730 892 2781 945 in
2810 908 3041 963 persena
3069 900 3371 968 proprietas
3396 943 3410 968 ,
3434 902 3590 973 juxta
3633 904 3687 960 id
3716 907 3877 976 quod

2291 975 2523 1045 Spiritus
2552 990 2652 1049 est,
2678 994 2729 1039 et
2760 1000 2865 1041 non
2886 987 3073 1057 Filius,
3103 1002 3338 1049 attamen
3367 995 3573 1052 alienus
3624 975 3749 1052 noni
3774 1007 3866 1055 est

2288 1067 2493 1124 abillo.
2535 1069 2667 1127 Nam
2722 1073 2956 1145 Spiritus
3011 1082 3309 1151 appellatus
3356 1092 3439 1140 est
3474 1084 3754 1153 Veritatis,
3814 1098 3875 1145 et

2292 1155 2501 1215 Veritas
2530 1160 2778 1223 Christus
2807 1178 2909 1224 est.
2935 1170 3088 1227 Unde
3125 1182 3181 1230 et
3202 1174 3271 1231 ab
3300 1175 3404 1233 isto
3432 1178 3698 1247 similiter,
3726 1180 3873 1239 sicut

2289 1256 2343 1302 et
2370 1263 2399 1302 a
2428 1251 2537 1307 Deo
2559 1257 2824 1322 procedit.
2858 1279 2877 1313 ι

2888 1373 3114 1434 CAPUT
3145 1378 3235 1435 VI.

2601 1483 2778 1540 Aliam
2807 1487 2929 1542 item
2957 1502 3155 1547 amovet
3176 1493 3570 1553 dubitationem.

2352 1589 2458 1645 Sed
2483 1591 2658 1650 adhuc
2679 1596 2928 1655 fortassis
2965 1602 3279 1673 inquiritur,
3333 1622 3456 1664 eum
3509 1610 3747 1682 Spiritus
3795 1612 3865 1674 de

2289 1679 2454 1738 Patre
2491 1688 2751 1755 procedat
2787 1686 2841 1746 et
2885 1693 3043 1761 Filio,
3101 1713 3198 1752 cur
3261 1700 3401 1755 idem
3449 1679 3622 1760 Fili—us
3664 1708 3865 1766 dixerit

2278 1777 2403 1845 quia
2434 1778 2498 1833 de
2525 1779 2687 1837 Patre
2716 1786 3004 1854 procedit?
3034 1788 3172 1856 Quid
3223 1793 3366 1847 enim
3409 1809 3588 1851 causa:
3643 1798 3747 1854 fuit
3804 1810 3864 1858 ut

595 1871 701 1926 ullo
734 1874 925 1933 timore
952 1882 1276 1953 percipimus
1304 1906 1319 1942 :
1348 1900 1403 1945 et
1430 1867 1790 1962 tanquam'ab
1837 1898 1949 1967 ipsa
1975 1867 2176 1969 prin‘ci-
2203 1901 2253 1962 B
2280 1879 2385 1918 non
2413 1867 2657 1969 f"°f"?‘.‘
2685 1872 2750 1926 de
2772 1872 2994 1969 “1"”?
3026 1893 3111 1933 me
3135 1881 3512 1949 procedil’sed
3546 1887 3729 1956 pmius
3778 1889 3860 1946 di.

593 1964 698 2033 pali
725 1964 897 2023 divini
930 1969 1095 2029 fontis
1122 1978 1352 2049 origine,
1378 1998 1477 2038 nos
1532 1986 1673 2040 hanc
1721 1986 1937 2044 haurire
1977 1994 2173 2061 gaude-

593 2072 735 2112 mus.
765 2059 1065 2122 Audiamus
1085 2082 1215 2138 ergo
1262 2073 1390 2142 quid
1434 2076 1500 2131 de
1546 2081 1894 2146 processione
1940 2059 2172 2152 spiritus

593 2148 769 2205 sancti
794 2150 847 2206 in
874 2165 1026 2211 sexto
1054 2158 1193 2215 libro
1218 2162 1283 2216 de
1318 2162 1472 2232 Fide,
1528 2183 1688 2238 quem
1729 2170 1796 2225 ad
1851 2148 2167 2230 Gratianum

589 2237 967 2310 imperatorem
993 2250 1179 2318 mittit,
1215 2252 1402 2309 beatus
1427 2237 1571 2311 dicat
1624 2260 1961 2320 Ambrosius.
1997 2283 2016 2317 ‹
2049 2264 2166 2322 Νοη

587 2328 755 2397 enim,
783 2332 876 2398 ait,
909 2338 1056 2405 quasi
1093 2353 1160 2393 ex
1189 2338 1306 2397 loco
1335 2344 1567 2400 mittitur
1596 2347 1849 2418 Spiritus,
1891 2361 1985 2408 aut
2008 2355 2164 2424 quasi

587 2432 654 2473 ex
688 2419 804 2477 loco
828 2428 1092 2496 procedit,
1120 2434 1336 2500 quando
1364 2438 1609 2504 procedit
1632 2455 1663 2494 a
1685 2440 1839 2497 Filio.
1873 2433 1976 2499 »Ἐι
2004 2419 2162 2516 paulo

582 2524 705 2584 post
736 2534 750 2571 :
790 2537 809 2571 σ
843 2519 1073 2590 Spiritus
1095 2536 1317 2583 sanctus
1357 2544 1478 2585 cum
1502 2536 1745 2602 procedit
1787 2553 1817 2591 a
1845 2539 2008 2596 Patre
2048 2544 2161 2600 exit

582 2623 611 2662 a
639 2608 810 2680 Filio;
845 2632 863 2665 ι
896 2630 995 2671 nee
1020 2617 1292 2675 immerito
1321 2623 1388 2677 ab
1445 2634 1674 2697 utroque
1724 2633 1983 2700 procedit,
2036 2651 2159 2692 cum

581 2702 634 2757 in
679 2712 908 2776 utroque
931 2711 1210 2779 mqualitor
1245 2716 1348 2782 sit,
1382 2717 1521 2773 sicut
1572 2720 1625 2774 in
1669 2731 1858 2779 octavo
1916 2726 2155 2797 ejusdem

579 2793 763 2863 operis
781 2796 920 2855 libro
950 2801 1090 2857 idem
1120 2804 1253 2859 dicit
1282 2806 1599 2866 Ambrosius
1628 2826 1642 2865 :
1675 2831 1694 2864 ‹
1724 2813 1887 2869 Pater
1918 2793 1968 2870 in
1994 2818 2149 2884 Filio,

577 2895 631 2941 et
652 2887 823 2945 Filius
843 2891 897 2945 in
926 2892 1122 2961 Patre;
1151 2896 1223 2951 ita
1280 2898 1376 2953 Dei
1422 2899 1656 2971 Spiritus
1704 2906 1756 2959 in
1797 2906 1957 2964 Patre
2006 2919 2060 2965 et
2099 2912 2153 2966 in

575 2975 727 3032 Filio.
764 2999 783 3032 ι
814 2980 1145 3054 Augustinus
1175 2997 1352 3043 autem
1378 3007 1530 3061 cum,
1559 3009 1656 3063 per
1686 3006 1875 3065 totum
1922 2998 2037 3057 fere
2090 3002 2152 3058 li-

569 3068 726 3125 brum
758 3089 914 3143 quem
971 3077 1037 3132 de
1064 3090 1256 3136 sancta
1295 3081 1561 3142 Trinitate
1622 3092 1943 3160 composuit,
1994 3094 2151 3150 innu-

570 3166 899 3223 merabiliter
922 3182 1129 3226 asserat
1158 3176 1301 3243 quod
1348 3176 1583 3247 Spiritus
1632 3192 1853 3238 sanctus
1893 3185 1958 3239 de
1986 3184 2148 3243 Patre

2278 1966 2466 2012 ceret:
2497 1958 2732 2030 Spiritus
2753 1966 2844 2034 qui
2874 1982 2903 2021 a
2940 1967 3100 2024 Patre
3123 1971 3409 2040 procedit?
3443 1975 3552 2031 Cur
3581 1979 3685 2034 hoc
3733 1996 3860 2038 eum

2274 2043 2472 2103 fecisse
2493 2058 2764 2122 putamus,
2795 2056 2899 2111 nisi
2952 2061 3094 2127 quod
3128 2062 3267 2117 solet
3318 2064 3523 2121 referre
3579 2069 3631 2123 id
3691 2073 3856 2129 etiam

2270 2141 2414 2208 quod
2449 2157 2606 2198 suum
2636 2153 2742 2212 est,
2771 2148 2838 2201 ad
2867 2163 2989 2204 eum
3016 2148 3097 2206 de
3116 2167 3224 2222 quo
3249 2154 3364 2225 ipse
3413 2158 3529 2212 est?
3589 2159 3663 2215 De
3694 2160 3860 2218 Patre

2268 2230 2467 2302 quippe
2496 2244 2580 2289 est
2608 2235 2799 2304 Filius,
2826 2248 2881 2294 et
2930 2256 2959 2295 a
2990 2257 3095 2312 quo
3121 2244 3286 2301 habet
3327 2256 3386 2302 ut
3413 2249 3527 2319 ipse
3564 2252 3637 2306 sit
3690 2253 3854 2324 Deus,

2267 2324 2335 2379 ab
2373 2325 2465 2381 illo
2494 2328 3037 2390 nihilominusvhabet
3068 2347 3128 2393 ut
3172 2355 3200 2393 a
3230 2356 3289 2397 se
3325 2358 3538 2415 quoque
3594 2352 3857 2419 procedat

2266 2414 2500 2486 Spiritus
2530 2431 2770 2478 sanctus.
2803 2422 2953 2483 Unde
3002 2438 3085 2485 est
3113 2432 3257 2501 quod
3309 2434 3437 2491 alibi
3467 2414 3641 2493 dicit:
3681 2461 3700 2494 ‹
3734 2441 3854 2501 Mea

2264 2503 2510 2563 doctrina
2545 2526 2650 2566 non
2689 2521 2771 2568 est
2800 2530 2935 2581 mea,
2969 2519 3060 2573 sed
3094 2520 3213 2590 ejus
3256 2524 3347 2592 qui
3381 2526 3526 2581 misit
3554 2544 3639 2584 me
3663 2529 3850 2603 (Joan.

2261 2599 2383 2668 vn).
2426 2619 2445 2652 ι
2472 2600 2529 2656 Si
2558 2603 2723 2674 igitur
2753 2608 2842 2663 hic
2877 2620 3063 2680 aperte
3121 2619 3469 2685 cognoscitur
3518 2637 3674 2678 suam
3726 2641 3852 2683 esse

2260 2688 2580 2762 doctrinam,
2604 2713 2765 2767 quam
2803 2715 2980 2756 tamen
3009 2719 3115 2760 non
3175 2722 3327 2763 suam
3361 2710 3497 2766 dixit
3542 2729 3666 2772 esse
3697 2758 3714 2784 ,
3747 2721 3850 2776 sed

2266 2776 2715 2854 Patris;quanto
2742 2791 2913 2860 magis
2935 2792 3045 2849 illic
3085 2788 3506 2871 intelligendum
3536 2815 3620 2860 est
3675 2776 3730 2863 et
3777 2810 3848 2865 de

2258 2872 2374 2942 ipso
2396 2879 2690 2944 procedere
2719 2879 2979 2950 Spiritum
3023 2897 3291 2955 sanctum,
3351 2892 3442 2947 ubi
3496 2896 3576 2951 sic
3630 2897 3728 2966 ait,
3775 2900 3848 2958 de

2256 2963 2420 3022 Patre
2448 2973 2697 3039 procedit,
2738 2982 2797 3027 ut
2835 2990 3177 3048 nequaquam
3224 2980 3431 3038 diceret
3476 2986 3541 3039 de
3600 3004 3683 3043 me
3712 2963 3846 3047 inon

2252 3061 2523 3128 procedit?
2551 3062 2687 3120 Huic
2715 3075 2769 3119 et
2798 3066 2927 3122 illud
2954 3078 3038 3125 est
3057 3072 3250 3139 simile,
3266 3058 3418 3146 quod
3465 3078 3592 3134 alibi
3645 3082 3827 3139 dicit:

2258 3167 2279 3201 ‹
2311 3150 2413 3218 Qui
2448 3153 2499 3207 in
2532 3171 2616 3211 me
2644 3158 2839 3225 credit,
2871 3175 2978 3216 non
3038 3161 3093 3218 in
3131 3177 3217 3219 me
3245 3168 3438 3234 credit,
3488 3171 3581 3226 sed
3611 3172 3665 3227 in
3710 3189 3840 3232 cum

567 3255 727 3312 sitm]
751 3257 991 3333 Filioque
1036 3242 1319 3335 procedat,
1372 3242 1546 3327 tamen
1594 3289 1755 3328 unam
1799 3275 1987 3332 saltem
2032 3280 2147 3351 ejus
2174 3256 2220 3320 ο
2368 3258 2454 3299 me
2468 3246 2622 3351 ,[ηίῗῖι
2648 3247 2830 3320 (10am
2854 3252 2975 3351 “9'
3010 3274 3030 3306 ³
3059 3255 3199 3351 ρυῖᾳ
3243 3260 3507 3319 enimn“
3535 3265 3662 3333 ’Ἧι
3689 3271 3836 3340 quod

567 3353 887 3408 sententiam
924 3359 1170 3426 ponimus
1202 3404 1216 3429 ,
1246 3378 1314 3417 ne
1362 3380 1582 3435 prorsus
1638 3384 1758 3424 eum
1816 3371 2149 3444 negligenter

564 3443 867 3508 praeterisse
896 3447 1192 3506 videamur.
1229 3469 1249 3505 ι
1282 3453 1339 3508 in
1373 3456 1484 3523 illa,
1517 3458 1708 3529 inquit,
1735 3443 1923 3519 sancta
1965 3464 2143 3522 Trini-

567 3538 676 3586 tate
706 3550 843 3591 unus
869 3546 951 3593 est
980 3539 1161 3610 Pater,
1189 3547 1281 3616 qui
1306 3547 1451 3603 solus
1474 3549 1538 3605 de
1562 3566 1620 3605 se
1648 3553 1764 3622 ipso
1786 3558 2144 3616 essentialiter

564 3634 731 3676 unum
756 3623 952 3681 Filium
984 3633 1185 3698 genuit,
1242 3643 1299 3690 et
1341 3651 1481 3691 unus
1535 3638 1727 3707 Filius,
1774 3645 1864 3712 qui
1912 3646 1978 3699 de
2034 3664 2142 3704 uno

561 3708 722 3766 Patre
752 3713 899 3770 solus
923 3726 1007 3772 est
1027 3724 1390 3780 essentialiter
1417 3736 1607 3785 natus:
1663 3740 1716 3785 ct
1738 3747 1878 3788 unus
1906 3733 2139 3804 Spiritus

561 3810 805 3870 sanctus,
847 3808 939 3878 qui
981 3811 1125 3869 solus
1180 3818 1541 3872 essentialiter
1595 3820 1661 3874 de
1695 3820 1854 3877 Patre
1896 3824 2139 3898 Filioque

556 3896 820 3963 procedit.
862 3918 882 3951 ι
916 3900 1276 3976 Hieronymus
1330 3923 1546 3978 quoque
1574 3910 1674 3966 hoc
1716 3914 1997 3984 scripsisse
2030 3896 2138 3974 fer-

558 3994 682 4042 tur:
742 4007 762 4041 α
799 3990 1030 4061 Spiritus
1060 4036 1077 4063 ,
1112 3998 1223 4067 -qui
1270 4015 1299 4053 a
1354 4000 1516 4057 Patre
1555 4003 1799 4075 Filioque
1860 4013 2130 4079 procedit,

553 4076 701 4134 Patri
749 4080 994 4156 Filioque
1028 4096 1329 4148 coaeternus
1381 4102 1436 4149 et
1477 4110 1575 4165 per
1606 4097 1788 4152 omnia
1819 4103 2128 4171 .coaequalis

553 4178 657 4225 est.
696 4170 823 4228 Haec
852 4185 936 4230 est
958 4188 1145 4235 sancta
1171 4181 1425 4249 Trinitas,
1453 4185 1503 4239 id
1531 4195 1637 4254 est,
1661 4186 1843 4256 Pater,
1870 4170 2129 4261 etFilius,

551 4270 606 4317 et
626 4261 857 4334 Spiritus
896 4280 1155 4339 sanctus;
1189 4290 1295 4330 una
1321 4286 1403 4331 est
1437 4279 1608 4334 deitas
1638 4289 1693 4336 et
1725 4285 1987 4353 potentia,
2022 4302 2130 4343 una

547 4357 801 4423 essentia,
826 4359 879 4414 id
905 4370 1008 4427 est,
1038 4363 1221 4432 Pater,
1269 4369 1360 4437 qui
1407 4372 1612 4439 genuit,
1660 4372 1849 4443 Filius,
1900 4376 1992 4447 qui
2047 4387 2129 4434 est

546 4446 781 4514 genitus,
814 4459 867 4504 et
919 4450 1154 4521 Spiritus
1184 4467 1426 4525 sanctus,
1468 4462 1559 4532 qui
1590 4480 1657 4519 ex
1694 4466 1856 4522 Patre
1880 4446 2127 4541 Filioque

544 4538 805 4604 procedit.
827 4559 845 4592 ι
862 4541 1119 4608 Quamvis
1141 4547 1317 4603 hocin
1332 4554 1672 4621 expositione
1693 4555 1817 4611 ﬁdei
1830 4559 1965 4628 ejus,
1982 4538 2125 4618 vide-

2248 3332 2369 3388 ait:
2408 3354 2427 3387 ι
2464 3338 2565 3404 Qui
2588 3338 2642 3394 in
2682 3356 2769 3397 me
2794 3345 2987 3411 credit,
3036 3361 3140 3402 non
3170 3349 3223 3403 in
3253 3365 3340 3406 me
3365 3355 3579 3411 credit?
3613 3332 3651 3411 »ν
3691 3332 3836 3429 Quo-

2246 3427 2407 3481 modo
2432 3428 2485 3481 in
2514 3429 2708 3499 ipsum,
2742 3436 3012 3503 quomodo
3039 3452 3143 3492 non
3167 3439 3220 3494 in
3272 3440 3489 3511 ipsum?
3546 3427 3831 3515 Quomodo

2245 3526 2357 3572 tam
2412 3524 2783 3591 contrarium,
2848 3535 3064 3598 tamque
3114 3544 3213 3600 per
3260 3542 3675 3610 compugnautia
3722 3545 3829 3601 sibi

2241 3608 2404 3663 verba
2428 3611 2755 3683 intelligetur
2777 3618 3081 3675 adversum.
3125 3639 3145 3673 ‹
3191 3623 3292 3691 Qui
3320 3624 3373 3681 in
3404 3608 3491 3683 me
3524 3633 3696 3688 credit
3720 3651 3829 3694 non

2241 3698 2295 3753 in
2325 3716 2410 3757 me
2437 3705 2628 3769 credit,
2655 3706 2746 3761 sed
2777 3707 2829 3762 in
2857 3702 3000 3764 eum'
3034 3712 3126 3781 qui
3157 3727 3244 3768 me
3287 3715 3435 3772 misit
3470 3737 3483 3774 :
3516 3739 3535 3774 ›
3587 3723 3693 3779 nisi
3743 3726 3827 3781 sic

2239 3789 2593 3865 intelligatur,
2623 3797 2716 3868 qui
2746 3798 2799 3853 in
2830 3815 2918 3856 me
2947 3801 3140 3869 credit,
3173 3819 3279 3860 non
3318 3805 3372 3861 in
3404 3808 3506 3865 hoc
3543 3813 3687 3881 quod
3740 3816 3823 3871 vi-

2236 3883 2328 3939 det
2356 3888 2563 3954 credit;
2594 3899 2654 3944 ut
2685 3907 2809 3962 spes
2835 3886 3037 3951 nostra
3057 3886 3161 3951 non
3194 3898 3249 3953 in
3281 3910 3531 3959 creatura
3580 3908 3675 3973 sit,
3720 3910 3822 3968 sed

2236 3973 2294 4028 in
2335 3975 2425 4031 illo
2453 3979 2543 4047 qui
2576 3990 2882 4039 creaturam
2911 3988 3187 4058 suscepit;
3223 4002 3493 4061 quatenus
3549 4012 3714 4053 unum
3754 4017 3820 4059 se

2235 4079 2355 4121 esse
2378 4082 2501 4123 cum
2525 4084 2591 4125 eo
2621 4074 2939 4131 mortalibus
2989 4078 3373 4151 innotesceret,
3436 4094 3599 4157 atque
3643 4091 3711 4145 ad
3755 4107 3818 4149 se

2233 4158 2393 4214 simul
2416 4176 2536 4216 cum
2568 4178 2633 4219 eo
2656 4169 3127 4238 contemplandum
3183 4174 3418 4233 llumana
3444 4180 3611 4235 corda
3657 4198 3817 4239 mun-

2232 4251 2417 4308 daret?
2449 4254 2524 4310 Ita
2552 4272 2671 4312 cum
2695 4261 2825 4316 dicit
2856 4280 2869 4317 :
2906 4283 2924 4314 ‹
2946 4263 3058 4320 Mea
3082 4267 3325 4325 doctrina
3347 4289 3454 4329 non
3482 4285 3567 4331 est
3599 4292 3713 4333 mea
3743 4300 3806 4351 η)

2231 4361 2335 4400 non
2365 4362 2588 4418 parvam
2621 4355 2890 4409 mentibus
2934 4357 3215 4428 caliginem
3257 4376 3499 4434 generat,
3534 4369 3637 4424 nisi
3683 4386 3818 4428 car-

2228 4451 2351 4491 nem
2383 4454 2414 4492 a
2444 4441 2635 4509 spiritu
2664 4442 3044 4512 dispensativae
3075 4453 3304 4510 rationis
3335 4456 3469 4512 ordo
3510 4460 3809 4519 discernat.

2226 4525 2344 4580 Non
2367 4528 2510 4583 enim
2538 4531 2675 4585 dixit
2703 4550 2717 4587 :
2747 4532 2850 4589 ista
2880 4537 3125 4594 doctrina
3156 4557 3262 4597 non
3313 4554 3396 4600 est
3459 4562 3615 4616 mea;
3665 4552 3762 4607 sed
3787 4566 3808 4610 :

541 4623 667 4681 licet
696 4628 782 4683 illa
808 4645 971 4700 quam
1004 4634 1248 4705 legimus,
1281 4617 1514 4712 nequeat
1557 4645 1805 4702 inveniri.
1854 4650 1914 4704 B.
1943 4653 2106 4708 etiam
2141 4636 2195 4697 Ῑ)
2221 4617 2335 4712 Mea
2367 4619 2609 4712 49cm“
2631 4639 2737 4680 non
2767 4636 2850 4682 est
2870 4644 3008 4684 Μεθ’
3045 4631 3216 4698 Quam
3244 4635 3380 4690 dum
3425 4654 3598 4707 suam’
3650 4658 3806 4699 eam-

538 4730 674 4788 papa
702 4718 999 4793 Gregorius
1021 4726 1074 4782 in
1101 4728 1459 4789 confessionis
1485 4751 1594 4792 suae
1610 4736 1868 4811 Symbolo
1891 4742 1970 4799 sic
2000 4744 2074 4800 ait
2100 4764 2114 4801 :

543 4827 563 4860 t
599 4810 772 4871 Credo
810 4816 1024 4875 Patrem
1047 4822 1363 4894 ingenitum,
1387 4828 1581 4887 Filium
1639 4835 1903 4905 genitum,
1937 4838 2109 4909 Spiri—

535 4907 646 4957 tum
672 4920 801 4963 vero
827 4920 1069 4966 sanctum
1098 4930 1196 4970 nec
1220 4919 1478 4987 genitum,
1523 4939 1622 4979 nec
1651 4925 1949 4997 ingenitum
1977 4972 1991 4996 ,
2018 4932 2113 4988 sed

534 5003 881 5067 coaeternum,
910 5001 975 5057 de
996 5002 1154 5061 Patre
1180 5017 1235 5062 ct
1262 5008 1399 5064 Filio
1418 5016 1821 5081 procedentem.
1852 5038 1870 5070 ι

602 5081 753 5149 Quod
780 5090 823 5143 si
847 5092 915 5145 ab
945 5090 1028 5147 his
1077 5094 1215 5152 forte
1264 5100 1353 5167 qui
1408 5099 1597 5158 Graece
1646 5110 2101 5179 tantum‘sciunt,

528 5171 720 5230 Latine
744 5192 849 5232 non
872 5192 1088 5249 norunt,
1119 5201 1150 5240 e
1181 5187 1395 5245 diverso
1422 5191 1635 5248 dicatur
1685 5211 1791 5249 non
1820 5198 1923 5252 sibi
1954 5199 2102 5253 suﬂi-
2149 5255 2153 5259 ,

529 5278 653 5318 cere
679 5264 903 5323 Romani
955 5273 1205 5333 doctores
1254 5279 1472 5350 eloquii;
1517 5284 1622 5340 nisi
1673 5284 1847 5343 Graeci
1889 5305 2105 5362 quoque

525 5362 790 5415 sermonis
828 5363 1018 5421 Patres
1066 5371 1417 5441 adhibemus,
1465 5380 1689 5434 audiant
1731 5382 1860 5451 quid
1915 5384 2104 5441 beatus

521 5451 799 5520 perhibeat
825 5455 1150 5516 Athanasius
1184 5464 1237 5519 in
1261 5466 1399 5522 libro
1432 5484 1590 5539 quem
1618 5472 1874 5528 adversus
1914 5475 2101 5530 Arium

522 5548 738 5618 scripsit
773 5568 787 5605 :
832 5570 850 5602 ε
889 5553 1019 5625 Ego,
1047 5556 1238 5629 inquit,
1271 5564 1433 5619 credo
1460 5564 1653 5621 Filium
1702 5567 1754 5622 in
1815 5567 1996 5635 Patre,
2047 5578 2101 5625 et

519 5639 732 5695 Patrem
766 5643 818 5697 ill
849 5643 1005 5711 Filio,
1030 5645 1289 5718 Spiritum
1311 5668 1526 5725 quoque
1575 5658 1931 5726 paracletum,
1992 5660 2097 5730 qui

519 5733 767 5800 procedit
794 5751 821 5789 a
855 5734 1037 5805 Patre,
1074 5748 1127 5795 et
1172 5740 1291 5796 Filii
1330 5759 1446 5799 csse
1471 5755 1525 5801 ct
1566 5747 1776 5813 Patris;
1830 5751 1953 5818 quia
1982 5759 2037 5804 et
2061 5765 2091 5804 a

432 5832 435 5835 '
515 5820 654 5880 Filio
683 5829 945 5898 procedit,
973 5832 1112 5888 sicut
1143 5833 1194 5888 ill
1224 5835 1513 5907 Evangelio
1547 5841 1804 5908 scriptum
1834 5850 1918 5897 est
1951 5842 2093 5912 quod

2220 4708 2341 4764 dem
2370 4711 2506 4767 dixit
2532 4730 2639 4770 non
2683 4731 2857 4773 suam.
2910 4719 3190 4787 Quomodo
3232 4740 3363 4781 sane
3413 4729 3557 4785 istud
3607 4747 3799 4790 verum

2218 4807 2320 4863 est,
2354 4800 2458 4855 nisi
2485 4805 2781 4859 secundum
2828 4806 2974 4863 aliud
3029 4825 3181 4867 suam
3238 4814 3452 4881 dixerit,
3504 4822 3802 4879 secundum

2217 4890 2361 4945 aliud
2386 4907 2491 4947 non
2519 4896 2712 4949 suam?
2741 4895 3046 4955 Secundum
3077 4901 3305 4958 formam
3351 4907 3466 4974 Dei,
3498 4925 3682 4975 suam;
3712 4929 3802 4969 se-

2215 4982 2450 5036 cundum
2470 4983 2698 5040 formam
2722 4989 2884 5054 servi,
2917 5005 3022 5046 non
3045 5009 3196 5049 suam
3219 4996 3243 5050 ?
3270 4997 3403 5053 Cum
3436 5002 3577 5055 enim
3612 5003 3746 5059 dicit
3778 5026 3793 5064 :

2214 5086 2321 5127 non
2366 5084 2452 5129 est
2479 5091 2617 5141 mea,
2647 5078 2742 5133 sed
2769 5078 2884 5149 ejus
2911 5084 3002 5152 qui
3020 5086 3168 5141 misit
3197 5103 3300 5153 me,
3345 5090 3413 5145 ad
3461 5091 3634 5162 ipsum
3663 5096 3799 5153 Ver-

2204 5162 2353 5229 bum,
2387 5167 2530 5236 quod
2557 5168 2610 5222 in
2638 5184 2801 5224 carne
2822 5171 3040 5240 latebat,
3071 5187 3269 5233 nostra:
3293 5181 3493 5235 mentis
3534 5183 3796 5245 intuitum

2156 5302 2157 5305 η
2206 5266 2493 5325 provocat,
2526 5269 2586 5313 ιιι
2625 5275 2748 5315 eum
2777 5278 2807 5316 a
2842 5263 3003 5320 Patre
3042 5267 3201 5323 simul
3231 5286 3393 5325 unum
3423 5287 3545 5329 esse
3588 5290 3794 5346 cogno-

2206 5356 2342 5401 scat.
2374 5351 2630 5405 Doctrina
2661 5354 2806 5409 enim
2831 5354 3010 5413 Patris
3056 5367 3140 5414 est
3166 5359 3400 5418 Verbum
3431 5364 3609 5421 Patris
3633 5407 3649 5432 ,
3690 5370 3789 5439 qui

2206 5447 2289 5492 est
2314 5439 2503 5496 unicus
2532 5441 2721 5498 Filius.
2748 5445 2900 5512 Quod
2927 5464 3057 5518 ergo
3091 5451 3291 5506 dictum
3319 5464 3402 5508 est
3431 5473 3444 5510 :
3473 5475 3492 5508 ‹
3525 5457 3788 5516 Doctrina

2205 5545 2348 5597 mea,
2379 5547 2485 5588 non
2515 5543 2601 5589 est
2624 5551 2781 5603 mea;
2818 5557 2837 5590 ι
2889 5539 2968 5593 sic
3000 5540 3403 5614 intelligendum
3460 5558 3562 5613 est,
3619 5564 3683 5606 ac
3733 5552 3786 5608 si

2203 5622 2504 5697 dicat:ego
2533 5642 2642 5683 non
2669 5644 2787 5684 sum
2812 5645 2841 5683 a
2890 5646 2977 5687 me
2998 5631 3256 5704 ipso,'sed
3312 5638 3380 5694 ab
3431 5639 3523 5696 illo
3559 5642 3655 5712 qui
3691 5659 3782 5702 me
3856 5677 3861 5681 -

2201 5715 2347 5771 misit
