4138 6320
761 398 1003 476 ὀΡυδϐ.
1042 415 1287 472 XXXIX.
1319 391 1388 455 4;
1426 409 1705 470 CONTRA
1745 404 2106 464 SEDENTES
2147 375 2482 458 TEMPORE'
2515 398 2720 456 DlVlNl
2759 395 3023 454 OFFlCll.
3409 391 3512 446 642

773 536 930 608 66],
972 532 1196 590 CAPUT
1241 530 1343 586 Vll.
1870 531 1919 589 Α
1947 524 2087 594 quod
2115 523 2178 576 de
2208 521 2366 574 Patre
2390 520 2556 574 Filius
2583 520 2778 573 habent
2807 528 2864 608 ut
2892 511 3202 608 Paracletus
3248 523 3276 562 a
3308 523 3364 563 se
3391 524 3515 608 prq-

626 671 634 678 .
715 680 719 681 ν
961 670 988 681 ,ν
1235 677 1243 681 Α
1447 664 1483 681 η
1529 675 1536 681 ,
1692 680 1697 681 ί
1946 617 2137 681 cedat,
2185 613 2471 668 credamus
2515 611 2678 665 etiam
2723 606 2863 677 quod
2912 603 3143 672 Spiritus
3187 608 3404 655 sanctus
3451 599 3517 652 de

270 671 541 739 Quomodo
583 664 1598 776 i§§“§,fﬁ,?,f,"ﬁf,mahnﬁ“"e
1637 679 1843 735 prapm
1944 664 2393 776 Patre1procedat
2423 703 2491 756 ad
2537 697 3021 756 sanctificationem
3066 701 3326 775 nostram.
3365 691 3518 744 Absit

583 735 892 810 procedere,
930 741 984 792 in
1016 735 1234 792 Nicamo
1265 736 1514 809 symbolo.

1946 801 2089 857 enim
2112 773 2214 854 hoc
2245 797 2420 852 credi!
2455 811 2520 850 ne
2547 793 2698 864 quasi
2731 789 3015 845 diversitas
3043 773 3303 856 graduum
3331 783 3519 836 videa—

268 427 368 484 641

341 875 476 932 Cum
508 888 638 943 ergo
668 872 974 928 doctrinam
1000 886 1182 937 suam,
1213 887 1374 941 quam
1405 870 1564 927 simul
1592 885 1712 926 cum
1740 869 1845 924 Pa-
1881 872 1886 877 ’

270 975 354 1021 tre
384 967 553 1020 dictat
581 979 702 1019 esse
727 979 832 1018 non
856 978 1030 1029 suam,
1062 962 1156 1018 sed
1179 963 1356 1018 Patris
1383 978 1502 1019 esse
1529 962 1843 1032 perhibeat;

271 1057 403 1126 quid
427 1058 624 1110 mirum
649 1056 694 1111 si
727 1055 988 1126 Spiritum
1012 1064 1257 1110 sanctum
1283 1055 1426 1109 dicat
1451 1055 1514 1109 de
1541 1054 1701 1109 Patre
1723 1069 1849 1123 pro-

268 1149 486 1212 cedere,
516 1163 546 1200 a
576 1139 920 1216 quo'scilicet
952 1146 1184 1201 habebat
1219 1147 1359 1201 idem
1380 1146 1568 1212 Filius,
1599 1156 1659 1200 ut
1687 1147 1846 1200 etiam

269 1240 339 1296 de
389 1241 505 1310 ipso
537 1240 898 1310 procederet?
937 1237 1087 1293 Unde
1133 1255 1256 1293 cum
1301 1239 1357 1293 in
1402 1221 1602 1292 Nicaeni
1633 1237 1848 1293 concilii

271 1331 534 1404 symbolo,
559 1332 702 1402 quod
734 1331 980 1400 superius
1001 1331 1439 1396 memoravimus,
1464 1329 1699 1400 Spiritus
1726 1346 1850 1385 san-

275 1431 397 1478 ctus
427 1437 533 1477 non
565 1422 883 1491 simpliciter
915 1422 1127 1476 dicatur
1157 1438 1187 1475 a
1216 1420 1376 1476 Patre
1403 1422 1725 1490 procedere,
1757 1421 1850 1476 sed

272 1512 503 1566 addatur
528 1512 744 1582 pr0prie
775 1531 786 1564 :
821 1512 885 1565 Et
910 1511 964 1565 in
994 1511 1252 1580 Spiritum
1277 1551 1291 1576 ,
1322 1511 1527 1580 inquit,
1566 1518 1811 1565 sanctmn
1833 1549 1850 1575 ,

273 1604 364 1674 qui
397 1605 460 1658 de
491 1603 651 1659 Patre
682 1604 923 1674 procedit
969 1605 1187 1674 pr0prie
1217 1619 1231 1656 :
1265 1605 1380 1659 haec
1411 1605 1716 1673 proprietas
1745 1618 1852 1658 non

273 1696 396 1750 ideo
423 1697 580 1751 datur
616 1697 761 1750 Pal-ri
786 1736 802 1763 ,
850 1705 907 1751 ut
937 1695 1172 1767 Spiritus
1221 1705 1442 1751 Sanctus
1481 1697 1547 1750 dc
1576 1696 1691 1751 5010
1735 1686 1854 1766 ίρὲο
1955 1706 2079 1775 quia
2110 1704 2257 1758 Patri
2289 1702 2450 1758 simul
2479 1717 2542 1756 ac
2589 1699 2723 1755 Filio
2753 1714 2859 1753 non
2893 1695 3183 1767 ambigitur
3211 1696 3326 1748 haec
3357 1691 3539 1761 appel-

271 1788 568 1860 Procedal;
597 1787 690 1844 Sed
714 1791 839 1858 quia
867 1789 934 1844 ab
958 1789 1075 1858 i950
1119 1789 1303 1843 dalum
1334 1797 1417 1843 εει
1443 1788 1580 1842 Filio
1603 1796 1660 1841 ιη
1689 1788 1852 1843 θιὶειιιι
1957 1796 2086 1852 latio
2115 1796 2422 1850 convenire.
2455 1792 2589 1847 Nam
2618 1793 2719 1846 hoc
2748 1793 2861 1861 ipse
2890 1789 3106 1860 proprie
3135 1786 3363 1851 dicitur,
3393 1783 3538 1855 quod

272 1895 341 1935 ex
383 1879 501 1948 ipso
540 1879 816 1947 procedat.
857 1877 1008 1933 Unde
1053 1887 1106 1932 et
1146 1879 1477 1948 Augustinus
1509 1878 1565 1932 in
1613 1877 1750 1932 libro
1787 1879 1854 1934 de

1977 1889 2030 1942 lli
2059 1887 2416 1943 communiter
2447 1884 2812 1955 appellantur;
2845 1881 3098 1951 quoniam
3125 1887 3180 1934 et
3225 1877 3384 1932 Pater
3415 1875 3536 1944 Spi-

1947 900 2038 947 tur
2071 890 2125 945 in
2164 887 2428 959 simplici,
2469 896 2632 956 atque
2680 875 3206 950 incomprehensibili
3243 874 3522 929 divinitate

1947 981 2192 1052 disponi,
2230 995 2352 1034 cum
2393 977 2673 1047 Scriptura
2720 974 2861 1028 dicat
2899 991 2911 1024 :
2951 988 2968 1020 ι
3006 967 3084 1023 Ne
3112 965 3387 1037 ‘ascendas
3427 977 3525 1033 per

1949 1074 2146 1144 gradus
2183 1072 2248 1126 ad
2285 1070 2455 1124 altare
2491 1083 2667 1122 meum
2700 1063 2894 1137 (Exod.
2933 1059 3046 1132 xx).
3079 1078 3098 1111 ›

2024 1166 2129 1221 Sed
2177 1165 2380 1233 absque
2407 1162 2517 1215 ulla
2547 1159 2880 1216 dubitatione
2909 1151 3235 1209 credendum
3264 1156 3348 1205 est
3383 1147 3526 1218 quod

1952 1257 2188 1330 Spiritus
2213 1263 2432 1309 sanctus
2457 1250 2614 1307 simul
2656 1249 2724 1302 ab
2754 1259 2984 1315 utroque
3014 1244 3308 1315 procedat;
3341 1255 3528 1309 quam-

1951 1348 2032 1401 vis
2063 1347 2165 1407 hoc
2192 1344 2331 1399 Filio
2365 1343 2528 1397 Pater
2551 1339 2780 1403 dederit,
2806 1346 2886 1403 ut,
2907 1332 3356 1408 quemadmodum
3379 1330 3414 1384 'a
3449 1345 3529 1394 se,

1951 1438 2028 1492 ita
2065 1435 2415 1490 nihilominus
2458 1440 2512 1485 et
2549 1431 2615 1484 ab
2660 1428 2751 1484 illo
2792 1426 3066 1497 procedat.
3111 1423 3344 1493 Spiritus
3388 1420 3532 1475 enim

1953 1534 2173 1580 sanctus
2204 1521 2490 1578 incll‘abilis
2521 1519 2766 1589 quaedam
2820 1524 2900 1570 est
2929 1515 3104 1570 Patris
3133 1513 3362 1581 Filiique
3388 1525 3534 1565 como

1956 1615 2175 1679 munio;
2205 1621 2368 1682 atque
2394 1611 2514 1666 ideo
2550 1610 2762 1665 videtur
2789 1609 2892 1661 hoc
2917 1604 3237 1661 vocabulum
3268 1603 3530 1664 obtinere,

277 1978 466 2026 sancta
496 1968 760 2024 Trinitate
792 1988 804 2023 :
842 1988 859 2020 ι
897 1968 1010 2024 Non
1043 1970 1262 2036 frustra,
1296 1971 1489 2040 inquit,
1523 1970 1576 2024 in
1607 1971 1708 2026 hac
1735 1970 1853 2025 Tri-

277 2063 449 2117 nitate
479 2077 583 2116 non
617 2062 816 2118 dicitur
845 2061 1080 2117 Verbum
1111 2063 1235 2129 Dei,
1265 2064 1368 2116 nisi
1396 2063 1598 2128 Filius;
1632 2079 1730 2117 nec
1760 2064 1858 2118 du-

277 2170 410 2211 num
442 2154 560 2219 Dei,
595 2155 698 2208 nisi
731 2153 965 2224 Spiritus
993 2164 1254 2219 sanctus;
1289 2170 1389 2209 nec
1421 2157 1486 2210 de
1513 2171 1618 2224 quo
1647 2155 1858 2225 genitus

275 2255 361 2303 est
398 2245 648 2311 Verbum,
685 2254 741 2301 et
770 2246 836 2300 de
865 2261 971 2316 quo
1015 2246 1257 2314 procedit
1284 2245 1660 2315 principaliter
1684 2245 1858 2315 Spiri-

278 2345 366 2392 tus
397 2323 616 2391 sanc’tus
639 2377 653 2403 ,
687 2335 790 2390 nisi
839 2335 980 2390 Deus
1011 2335 1190 2389 Pater.
1221 2355 1238 2386 ι
1278 2335 1506 2404 Moxque
1545 2335 1856 2405 subjungit:

284 2445 302 2479 ι
339 2428 462 2482 ldeo
494 2427 670 2482 addidi
716 2427 1091 2497 principaliter
1119 2428 1244 2497 quia
1273 2436 1327 2482 et
1356 2431 1419 2482 de
1453 2427 1594 2482 Filio
1628 2428 1863 2497 Spiritus

283 2526 507 2573 sanctus
551 2518 840 2587 procedere
885 2517 1154 2587 reperitur
1196 2537 1206 2570 :
1251 2517 1345 2573 sed
1389 2519 1492 2572 hoc
1534 2532 1748 2587 quoque
1786 2517 1862 2571 illi

282 2611 446 2666 Pater
475 2609 636 2674 dedit,
677 2627 782 2665 non
807 2609 917 2679 jam
956 2612 1232 2676 existenti,
1269 2619 1322 2666 et
1349 2614 1586 2666 nondum
1617 2610 1861 2675 habenti,

281 2701 377 2757 sed
400 2699 660 2770 quidquid
684 2701 960 2770 unigenito
984 2701 1160 2756 Verbo
1184 2700 1349 2766 dedit,
1372 2701 1639 2771 gignendo
1660 2701 1858 2754 dedit.»

282 2789 400 2845 Non
429 2805 556 2861 ergo
595 2792 839 2847 turbetur
887 2791 1050 2856 ﬁdes,
1090 2808 1210 2846 cum
1247 2793 1395 2845 audit
1436 2791 1696 2862 Spiritum
1743 2807 1868 2846 san-

283 2891 432 2937 ctum
463 2884 680 2954 proprie
725 2885 839 2939 sive
871 2885 1238 2955 principaliter
1287 2903 1317 2939 a
1345 2885 1502 2940 Patre
1533 2887 1858 2954 procedere;

285 2975 540 3045 quoniam
585 2976 652 3030 ab
704 2976 792 3031 illo
823 2977 981 3031 datur
1004 2978 1141 3032 Filio
1176 2987 1234 3031 ut
1261 2979 1328 3033 ab
1377 2979 1494 3047 ipso
1522 2979 1806 3047 procedat,
1837 2993 1868 3033 a

286 3082 395 3138 quo
423 3075 476 3121 et
503 3067 618 3137 ipse
647 3067 905 3124 inell'abili
957 3079 1118 3140 atque
1151 3070 1680 3139 incomprehensibili
1709 3085 1872 3143 genej

288 3158 500 3213 ratione
533 3160 814 3227 procedit;
848 3160 987 3215 sicut
1023 3161 1138 3231 ipse
1166 3161 1258 3231 qui
1290 3168 1373 3216 est
1399 3160 1578 3214 Patris
1605 3160 1870 3230 sapientia

1961 1979 2132 2042 ritus,
2180 1987 2234 2032 et
2261 1976 2430 2031 Filius
2478 1976 2752 2044 Spiritus;
2785 1974 2948 2029 Pater
2989 1980 3238 2035 sanctus,
3271 1978 3326 2024 et
3369 1967 3538 2022 Filius

1959 2079 2182 2124 sanctus
2215 2083 2228 2121 :
2258 2076 2312 2122 ct
2343 2069 2484 2122 sicut
2509 2066 2724 2135 utrique
2748 2065 2864 2134 ejus
2886 2061 3206 2118 vocabulum
3232 2057 3542 2115 indiﬂ'eren-

1962 2169 2044 2217 ter
2079 2162 2350 2233 congruit,
2384 2161 2462 2216 sic
2495 2160 2608 2229 ipse
2635 2157 2794 2212 simul
2825 2157 2892 2212 ab
2920 2165 3152 2225 utroque
3181 2152 3443 2223 procedit.

2029 2251 2318 2306 Possemus
2361 2251 2536 2305 adhuc
2568 2247 2822 2302 nonnulla
2867 2245 3270 2315 Scripturarum
3300 2240 3545 2310 exetnpla

1963 2359 2284 2413 congerere,
2317 2358 2417 2398 nec
2461 2340 2796 2411 impossibile
2821 2347 2967 2393 esset
2991 2337 3194 2391 nostris
3219 2331 3548 2404 allegationi-

1963 2436 2063 2490 bus
2098 2435 2345 2505 egregios
2373 2431 2650 2487 catholica:
2682 2429 2804 2484 ﬁdei
2833 2427 3146 2483 defensores
3176 2440 3298 2480 cum
3330 2422 3440 2477 suis
3463 2436 3550 2474 ar-

1964 2523 2460 2596 gumentationibus
2491 2521 2784 2586 adhibere;
2828 2520 2946 2584 sed,
2975 2518 3100 2588 quia
3141 2517 3256 2586 lege
3291 2514 3544 2586 prohibe-

1967 2632 2090 2671 mur
2110 2615 2267 2685 juxta
2302 2615 2474 2668 altare
2503 2613 2741 2668 nemoris
2781 2611 3004 2665 arbusta
3034 2621 3319 2663 conserere
3349 2604 3547 2675 (Judic.

1966 2711 2079 2779 vn),
2118 2708 2370 2763 nolumus
2407 2722 2566 2776 poma
2607 2705 2842 2774 Spiritus
2899 2701 3082 2772 opacis
3141 2698 3364 2770 prolixae
3402 2697 3552 2750 locu-

1969 2788 2130 2854 tionis
2161 2798 2301 2853 foliis
2335 2798 2568 2865 operire.
2607 2796 2876 2850 Sanctitas
2907 2808 3035 2862 ergo
3063 2802 3179 2853 tua,
3232 2787 3554 2843 venerabilis

1969 2900 2146 2962 pater,
2175 2890 2302 2945 licet
2329 2887 2568 2944 emlestis
2591 2887 2786 2956 eloquii
2818 2883 3011 2955 pabulo
3033 2882 3266 2953 pleniter
3291 2879 3554 2934 ubertim-

1973 2996 2077 3050 que
2110 2979 2332 3044 refecta,
2368 2973 2755 3046 tamen'magis
2810 2991 2874 3029 ac
2902 2973 3075 3043 magis
3105 2971 3280 3025 adhuc
3311 2966 3557 3023 veritatis

1974 3073 2239 3136 esuriens,
2268 3086 2374 3124 non
2402 3070 2722 3136 dedignetur
2747 3066 2965 3121 interim
2990 3065 3094 3119 hoc
3118 3059 3431 3131 pauperculi
3461 3059 3558 3111 ho-

1973 3165 2135 3219 minis
2172 3162 2408 3232 perexile
2431 3159 2787 3231 jentacnlum,
2822 3165 3098 3228 gustatura
3125 3153 3466 3224 postmodum
3494 3150 3560 3205 de

287 3265 389 3320 per
420 3248 762 3304 Salomonem
804 3251 932 3305 dicit
962 3269 975 3304 :
1015 3269 1034 3303 ι
1064 3252 1174 3321 Ego
1209 3267 1276 3306 ex
1311 3267 1404 3306 ore
1446 3251 1706 3306 Altissimi
1741 3266 1868 3320 pro-
1898 3272 1944 3335 ρ
1975 3253 2224 3308 manibus
2254 3251 2465 3306 Domini
2497 3250 2667 3307 nostri
2698 3264 2868 3318 papze,
2901 3255 3155 3316 tanquam
3187 3258 3284 3313 per
3307 3240 3562 3295 Habacuc

291 3339 400 3395 divi
433 3338 806 3411 (Eccli.xxrv).
841 3359 860 3392 ι
895 3341 962 3394 Et
990 3341 1043 3394 in
1074 3341 1364 3410 Evangelio
1396 3358 1407 3393 :
1448 3360 1465 3391 ‹
1496 3342 1608 3409 Ego
1634 3340 1777 3394 enim
1804 3356 1872 3396 ex

292 3430 405 3486 Deo
432 3430 694 3500 processi,
720 3439 775 3484 et
803 3431 923 3485 veni
955 3430 1134 3502 (Joan.
1164 3430 1303 3502 vui).
1335 3450 1353 3483 ι
1382 3430 1513 3485 illud
1538 3431 1701 3502 662
1729 3447 1868 3501 prae-

295 3529 444 3576 terea
471 3537 812 3593 summopere
857 3523 1154 3578 cavendum
1184 3533 1268 3579 est
1296 3539 1386 3592 ne,
1417 3524 1542 3578 dum
1574 3524 1872 3580 asserimus

1979 3342 2327 3412 prophetam,
2383 3342 2493 3396 imo
2545 3355 2643 3410 per
2690 3337 2980 3409 angelum,
3032 3331 3565 3406 regalium-delicias

1978 3431 2258 3501 epularum
2291 3430 2452 3501 (Dan.
2484 3430 2618 3500 xxv).

2317 3521 2396 3577 Sit
2421 3538 2606 3576 nomen
2632 3521 2847 3575 Domini
2880 3520 3224 3576 benedictum.

510 3823 860 3897 “3'66"
921 3839 1376 3955 OPUSC
1402 3839 1779 3956 ULUM
1845 3837 2738 3955 TRICESIMUM
2827 3837 3372 4020 NONUM.

932 4058 1254 4120 CONTRA
1316 4059 1720 4122 SEDENTES
1764 4059 2147 4122 TEMPOBE
2199 4058 2456 4120 DlVlNI
2512 4058 2832 4121 OFFICI].

302 4335 802 4406 Anconsurun._—-
828 4332 1185 4406 Commendat
1217 4335 1612 4406 archiepiscopi
1667 4336 1933 4390 Bisuntini
1964 4336 2304 4406 disciplinam
2335 4346 2391 4391 et
2447 4336 2693 4391 ordinem
2743 4335 2936 4404 quibus
2967 4337 3018 4389 in
3066 4351 3161 4390 sua
3193 4336 3433 4398 Ecclesia
3465 4347 3581 4393 ute-

379 4405 559 4458 batur.
592 4404 722 4458 lllud
751 4415 928 4477 autem
960 4404 1228 4477 prmcipue
1269 4404 1451 4477 laudat
1490 4404 1630 4474 quod
1663 4408 1929 4460 tumulum
1960 4407 2062 4462 sibi
2105 4404 2239 4462 _vivo
2271 4415 2561 4477 posuerat,
2597 4414 2655 4459 ut
2702 4405 2907 4460 scilicet
2938 4422 3249 4476 supremum
3287 4409 3410 4463 vita:
3440 4409 3580 4463 diem

379 4489 596 4547 semper
632 4484 756 4547 ante
789 4474 973 4547 oculos
1004 4476 1243 4547 haberet.
1278 4475 1450 4530 Unum
1485 4487 1663 4530 tamen
1696 4477 2035 4532 correctione
2083 4474 2338 4547 dignum,
2373 4477 2499 4530 dum
2546 4478 2598 4530 in
2629 4477 2747 4547 ejus
2775 4474 3017 4545 hospitio
3047 4487 3222 4543 esset,
3257 4493 3314 4532 se
3343 4479 3542 4534 vidisse
3566 4519 3581 4545 ,

387 4545 530 4614 quod
560 4553 683 4618 tum
699 4544 911 4618 clerici,
945 4553 1054 4598 tum
1084 4545 1118 4598 ii
1157 4546 1249 4614 qui
1279 4547 1449 4600 sacris
1482 4563 1586 4600 non
1644 4556 1770 4602 sunt
1801 4547 2033 4618 initiati,
2067 4544 2192 4602 dum
2225 4549 2412 4603 eadem
2444 4562 2600 4602 sacra
2627 4544 3038 4618 peragerentur,
3069 4549 3135 4603 iis
3162 4550 3414 4606 sedentes
3443 4544 3586 4606 inte-

387 4623 596 4671 ressent
625 4631 640 4668 :
671 4614 726 4670 id
755 4630 863 4671 non
890 4629 1012 4670 esse
1041 4631 1217 4685 neque
1245 4631 1311 4670 ex
1336 4618 1650 4686 praescripta
1676 4617 1961 4688 disciplina
1981 4658 1997 4684 ,
2028 4633 2205 4688 neque
2235 4634 2301 4673 ex
2336 4619 2598 4689 dignitate
2617 4614 2643 4684 ,“
2667 4614 2854 4689 aperte
2884 4614 3241 4679 demonstrat.

389 4751 598 4804 Domno
637 4747 699 4804 V.
742 4748 1180 4805 reverentissimo
1209 4747 1643 4819 archiepiscopo,
1683 4747 1900 4806 Plautus
1925 4754 1978 4815 D
2002 4749 2146 4818 quod
2177 4748 2428 4803 dextrum
2461 4757 2608 4804 tenet
2636 4749 2774 4806 latus
2809 4750 3065 4806 Ecclesia:
3086 4792 3100 4817 ,
3135 4767 3240 4806 non
3277 4753 3467 4819 omisi,
3496 4755 3586 4812 ubi

313 4849 573 4916 peccator
605 4841 900 4897 monachus
931 4842 1266 4898 servitutem.

730 5031 734 5034 ἱ
832 4953 1060 5011 CAPUT
1099 4955 1388 5013 PRIMUM.

317 5049 396 5106 De
434 5047 805 5118 archiepiscopi
844 5047 1108 5103 Bisuntim‘
1141 5051 1559 5133 magniﬁcentia,
1600 5061 1646 5106 et
1687 5052 1905 5108 clerico-

683 5133 686 5138 ‘
777 5155 780 5158 -
926 5136 1040 5172 rum
1071 5131 1312 5175 avaritia.

391 5209 509 5266 Non
545 5209 796 5281 ignoras,
841 5211 1168 5266 venerabilis
1206 5220 1381 5282 pater,
1421 5213 1672 5282 quoniam
1715 5213 1842 5269 dum
1872 5229 1903 5269 a

321 5312 377 5358 te
409 5294 657 5373 receptus
685 5301 919 5372 hospitio
952 5303 1056 5357 tuis
1090 5303 1327 5369 interfui,
1362 5304 1439 5359 sic
1464 5291 1652 5359 omnia
1676 5305 1823 5360 velut
1851 5305 1905 5359 in

320 5391 555 5462 quadam
592 5391 757 5446 animi
790 5392 895 5446 mei
934 5391 1127 5445 tabella
1153 5392 1400 5462 depinxi,
1434 5401 1493 5448 ut
1523 5394 1666 5448 nulla
1707 5394 1774 5448 de
1800 5409 1906 5449 cae-

1999 4842 2261 4898 candidus
2291 4841 2609 4898 clericorum
2639 4853 2852 4898 tuorum
2877 4855 3074 4908 coetus,
3106 4855 3359 4913 tanquam
3389 4848 3591 4902 chorus

2003 4935 2140 4992 nitet
2166 4935 2466 5006 angelicus.
2499 4937 2614 4991 lllic
2641 4937 2786 4991 enim
2816 4936 2963 4992 velut
2998 4937 3052 4989 in
3089 4937 3325 4991 ccelestis
3359 4938 3589 4994 Athena:

2002 5028 2281 5099 gymnasio
2330 5043 2610 5104 sacrarum
2661 5027 3062 5095 Scripturarum
3113 5027 3433 5082 erudiuntur
3477 5029 3590 5084 clo-

2001 5118 2147 5188 quiis
2171 5134 2185 5184 ;
2206 5117 2312 5173 illic
2334 5133 2474 5172 verae
2496 5103 2848 5188 phiIOSOphiae
2877 5117 3104 5172 solerter
3131 5117 3448 5175 incumbunt
3474 5131 3590 5176 stn-

2007 5207 2132 5272 diis,
2157 5220 2382 5276 seseque
2405 5207 2506 5262 sub
2528 5206 2866 5277 regularibus
2891 5216 3146 5262 exercent
3165 5209 3407 5278 quotidie
3429 5209 3592 5266 disci-
3676 5273 3679 5278 ι

2029 5297 2192 5352 )ῙῘῙΙῘ5.

2029 5313 2192 5352 )llnlS.

2008 5313 2027 5367 ι
2083 5387 2192 5444 Nec
2231 5389 2360 5443 illud
2399 5388 2611 5444 excedit
2638 5387 2806 5461 quia,
2848 5397 3044 5457 praeter
3082 5390 3247 5456 istas,
3287 5391 3420 5447 duas
3460 5394 3595 5449 alias

323 5492 444 5539 tero
466 5482 678 5538 valeant
697 5475 971 5538 oblivione
984 5483 1169 5538 deleri.
1194 5483 1374 5538 Teneo
1393 5485 1600 5540 scilicet
1619 5485 1910 5540 claustrum

329 5584 449 5647 post
481 5565 1022 5641 absidam'Ecclesire,
1059 5583 1148 5631 tuo
1176 5577 1433 5632 duntaxat
1464 5577 1767 5634 habitaculo
1821 5578 1912 5633 de-

329 5664 592 5730 dicatum,
622 5664 712 5718 ubi
746 5673 856 5719 tam
888 5665 1128 5735 private,
1155 5675 1263 5721 tam
1303 5677 1508 5722 remote
1546 5667 1722 5722 studio
1758 5676 1910 5737 potes

330 5755 594 5812 orationis
619 5770 683 5810 ac
711 5755 957 5811 lectionis
987 5756 1257 5822 insistere,
1290 5766 1347 5811 ut
1377 5758 1650 5814 ercmitica
1676 5758 1909 5814 videaris

336 5846 624 5904 solitudine
662 5862 769 5904 non
809 5862 984 5919 egere.
1033 5847 1271 5905 Alterum
1319 5865 1530 5920 quoque
1573 5849 1904 5918 claustrum,

2018 5479 2229 5536 noviter
2273 5479 2560 5534 can'onicas
2631 5493 2736 5532 uno
2804 5479 2962 5533 simul
3009 5481 3305 5551 eodemque
3353 5491 3596 5554 tempore

1999 5562 2291 5626 'construis
2321 5587 2334 5623 :
2364 5585 2522 5624 unam
2553 5568 2761 5624 scilicet
2783 5584 2904 5624 cum
2934 5571 3161 5626 ecclesia
3189 5581 3390 5627 sancta:
3415 5573 3596 5628 Maria)

2021 5661 2362 5732 Magdalenm,
2393 5653 2615 5715 alteram
2641 5675 2768 5716 vero
2795 5675 2918 5716 cum
2941 5662 3193 5730 ecclesia,
3221 5663 3263 5719 si
3290 5664 3391 5720 rite
3419 5674 3596 5731 teneo,

2020 5757 2192 5812 sancti
2226 5757 2523 5812 Laurentii.
2555 5758 2768 5813 Etcum
2799 5768 2888 5813 tua
2913 5776 3018 5813 non
3050 5761 3121 5814 sit
3149 5761 3296 5814 dives
3330 5760 3551 5814 ecclesia
3577 5799 3594 5826 ,

2018 5852 2214 5906 mirum
2245 5860 2328 5906 est
2362 5850 2592 5921 qualiter
2621 5860 2727 5906 tam
2760 5851 3012 5920 operosis
3036 5860 3262 5921 tamque
3294 5850 3594 5925 magniﬁcis
