4142 5396
578 380 684 439 645

1039 375 1097 433 S.
1135 374 1341 431 PETRI
1378 372 1663 429 DAMIANI
1699 371 1851 429 OPP.
1893 370 2126 430 TOMUS
2159 370 2290 430 SEU
2321 372 2502 431 PARS
2537 372 2624 430 III.
2650 326 3107 435 —OPUSCULA
3144 376 3375 437 VARIA.

3735 382 3847 439 δη

579 499 649 555 sit
683 497 890 552 intenta
916 490 1226 557 structuris,
1253 499 1308 545 et
1334 497 1442 544 tam
1471 486 1708 560 profusis
1738 487 1981 558 quotidie
2006 485 2154 543 sutli-
2185 499 2236 559 Α
2261 504 2479 559 gressus
2537 489 2823 557 acceleret,
2870 502 3150 548 exoratur.
3204 494 3357 551 Unde
3408 494 3538 551 dicit
3576 494 3663 552 ille
3686 538 3703 565 ,
3745 500 3844 569 qui

578 608 700 649 cere
720 590 892 662 possit
919 586 1226 659 impendiis.

643 660 777 739 lllud
814 691 1027 747 autem,
1075 679 1267 743 fateor,
1312 677 1443 733 mihi
1478 692 1590 749 prae
1625 675 1877 731 omnibus
1913 660 2153 745 plti'ﬁnt,

577 778 702 848 quia
725 774 1032 844 sepulcrum
1059 780 1209 826 tuum
1233 769 1363 824 mihi
1395 779 1520 823 tunc
1543 767 1851 831 ostendisti,
1881 781 1910 818 a
1939 774 1987 819 te
2013 764 2160 820 velut

574 872 735 930 hodie
758 866 1181 938 suscipiendum,
1209 862 1617 919 accuratissime
1638 867 1997 931 praeparatum
2029 876 2041 912 :
2067 857 2159 912 ubi

574 975 832 1035 tanquam
864 958 1217 1030 vcspillonum
1247 970 1487 1020 merces,
1518 954 1668 1024 quini
1700 968 2045 1007 nummorum
2073 967 2159 1007 so-

572 1058 665 1115 lidi
693 1070 788 1128 per
818 1062 1056 1126 quatuor
1084 1050 1408 1105 altrinsecus
1443 1047 1668 1120 angulos
1704 1046 1758 1101 in
1790 1045 2010 1102 sudario
2034 1052 2160 1099 sunt

572 1150 723 1222 ligati
754 1165 768 1201 :
802 1155 862 1202 ut
898 1147 1038 1201 inter
1073 1142 1362 1212 exsequias
1408 1140 1650 1206 funeris,
1694 1139 1749 1193 in
1786 1138 1902 1208 ipso
1945 1150 2161 1207 quoque

569 1243 795 1315 pietatis
815 1254 978 1310 opere
1003 1236 1367 1309 sepultoribus
1391 1234 1493 1289 tuis
1521 1234 1766 1288 videatur
1792 1228 2159 1286 remuneratio

573 1349 683 1391 non
729 1332 950 1397 deesse;
995 1330 1051 1386 in
1098 1343 1206 1400 quo
1250 1327 1505 1383 nimirum
1551 1324 1877 1397 patriarchae
1925 1323 2160 1378 Abrahae

576 1436 757 1481 tenere
781 1424 980 1481 videris
1017 1420 1323 1490 exemplum
1344 1460 1358 1485 ,
1389 1418 1504 1488 qui,
1537 1432 1660 1472 cum
1700 1415 1891 1470 Saram
1936 1428 2160 1469 uxorem

573 1535 725 1577 suam
767 1517 996 1587 sepelire
1028 1520 1302 1585 satageret
1344 1509 1495 1582 (Gen.
1529 1508 1711 1579 χχιιι),
1750 1516 1805 1563 et
1840 1521 2026 1562 omnes
2061 1504 2161 1559 filii

573 1611 705 1667 Setb
726 1608 897 1666 electa
918 1620 1147 1677 quaeque
1167 1603 1416 1673 sepulcra
1441 1616 1539 1656 sua
1560 1599 1664 1656 sibi
1687 1597 1857 1671 gratis
1878 1596 2156 1664 offerrent,

570 1701 807 1773 gratuita
832 1696 1180 1767 contempsit,
1210 1695 1277 1750 ab
1305 1694 1527 1763 prron
1551 1691 1663 1747 tilio
1690 1691 1825 1746 Seor
1849 1689 2158 1761 speluncam

572 1794 843 1865 duplicem
881 1787 1240 1859 comparavit.
1275 1785 1413 1841 Nam
1458 1793 1515 1840 et
1548 1784 1603 1838 in
1650 1783 1769 1854 ipso
1805 1780 2158 1852 quaternario

566 1898 793 1942 numero
822 1880 1218 1954 quodammodo
1246 1878 1491 1935 cerneris
1522 1875 1640 1946 ejus
1679 1876 1924 1930 imitatus
1951 1889 2152 1946 ,cxcm—
2183 1914 2232 1976 Β

566 1981 749 2053 plum;
774 1977 917 2033 sicut
935 1975 1082 2031 enim
1102 1970 1513 2044 quadringentis
1534 1968 1680 2025 siclis
1701 1967 1908 2038 argenti
1931 1965 2157 2021 redemit

567 2072 660 2128 ille
697 2069 1010 2142 speluncam
1031 2106 1046 2132 ,
1086 2066 1166 2123 sic
1199 2072 1255 2121 et
1275 2064 1351 2135 (tu
1392 2061 1670 2132 quaternis
1700 2059 1937 2130 quinque
1969 2057 2157 2113 solidis

569 2163 749 2232 aliquo
781 2159 940 2215 modo
969 2155 1172 2212 videris
1196 2169 1382 2209 emere
1409 2152 1758 2223 sepulturam.

638 2252 741 2309 Hic
774 2249 1074 2306 notandum
1117 2262 1281 2319 quam
1329 2244 1647 2311 detestanda
1687 2243 1757 2299 sit
1787 2240 2014 2296 avaritia
2045 2239 2152 2295 cle-

567 2347 809 2404 ricorum
873 2342 967 2413 qui
1034 2340 1100 2397 de
1159 2338 1456 2409 sepulturis
1504 2334 1760 2392 Ecclesia:
1815 2333 2156 2389 commodum

566 2446 817 2514 sperant,
849 2451 974 2493 cum
1008 2436 1111 2490 hoc
1154 2433 1319 2488 etiam
1360 2432 1671 2501 ignorantes
1711 2427 1881 2482 Deum
1929 2424 2156 2497 gentiles

569 2534 917 2591 abhorreant.
955 2528 1037 2583 llli
1068 2533 1331 2597 respuunt
1378 2523 1693 2594 pecuniam,
1730 2535 1854 2576 cum
1888 2517 2151 2584 offertur;

566 2628 656 2685 isti
704 2624 1048 2694 impudenter
1093 2618 1357 2688 exigunt,
1407 2616 1571 2671 etiam
1619 2628 1744 2669 cum
1788 2619 2035 2681 negatur.
2078 2608 2155 2663 llli

568 2722 978 2777 contemnentes
1004 2710 1241 2769 Abrahae
1267 2708 1524 2779 pretium,
1566 2707 1751 2762 dicunt
1780 2721 1794 2759 :
1834 2723 1853 2756 ‹
1883 2703 1940 2757 In
1969 2701 2157 2757 electis

567 2806 861 2881 sepulturis
898 2803 1103 2861 nostris
1140 2799 1307 2871 sepeli
1338 2807 1609 2855 mortuum
1639 2805 1787 2851 tuum
1813 2836 1829 2862 ,
1870 2793 2157 2861 nullusque

565 2909 623 2957 te
650 2897 848 2971 poterit
871 2893 1192 2966 prohibere;
1214 2909 1233 2942 ι
1260 2890 1348 2945 isti
1376 2888 1657 2961 gentilium
1683 2898 1943 2957 suppares
1967 2883 2152 2937 aiunt:

573 3013 593 3047 ι
623 2990 880 3065 Appendc
924 2984 1241 3057 pecuniam,
1283 2991 1340 3039 et
1372 2981 1583 3052 suscipe
1630 2978 1958 3050 sepulturam
2002 2972 2154 3046 (Gen.

567 3084 751 3158 mu).
782 3101 805 3137 ι
838 3079 919 3136 Tu
948 3087 1153 3143 autem,
1192 3072 1516 3131 venerabilis
1542 3080 1713 3141 pater,
1762 3069 1993 3139 sapienti
2024 3066 2157 3121 milii

565 3176 769 3233 videris
797 3188 928 3231 usus
957 3186 1079 3229 esse
1108 3168 1368 3234 consilio,
1396 3180 1520 3221 cum
1560 3163 1892 3235 sepulturam
1928 3161 2025 3216 tibi
2063 3159 2159 3215 ad-

564 3271 673 3325 huc
696 3269 887 3326 vivens
907 3273 963 3322 et
986 3264 1170 3320 valens
1219 3261 1337 3318 fieri
1366 3258 1677 3315 decrevisti.
1705 3255 1843 3312 Nam
1865 3255 1911 3311 si
1940 3253 2157 3325 quando

566 3364 843 3437 deceptrix
880 3364 997 3419 haec
1031 3362 1143 3416 vita
1175 3358 1472 3423 blanditur,
1506 3357 1553 3410 si
1584 3355 1726 3410 forte
1755 3368 1910 3408 mens
1942 3352 2150 3409 lenoci-

565 3465 732 3514 nante
772 3454 990 3526 fastigio
1028 3451 1318 3523 cujuslibet
1364 3448 1646 3519 dignitatis
1687 3445 1985 3513 extollitur,
2028 3459 2154 3503 mox

565 3557 627 3603 ut
654 3548 722 3602 ad
746 3552 1150 3615 exspectantem
1181 3554 1240 3595 se
1273 3540 1434 3593 talem
1464 3538 1681 3592 domum
1710 3536 1834 3606 quis
1862 3534 2045 3591 oculos
2073 3535 2155 3589 di-

567 3642 715 3714 rigit,
744 3642 1024 3712 pulverem
1064 3653 1143 3703 se,
1176 3637 1315 3691 sicut
1344 3643 1444 3697 est,
1473 3632 1821 3699 cineremque
1849 3626 2151 3699 perpendit.

570 3731 707 3785 Hinc
734 3737 828 3785 est
858 3728 1004 3798 quod
1033 3742 1128 3797 per
1158 3725 1502 3780 Salomonem
1533 3720 1734 3775 dicitur
1766 3735 1780 3773 :
1819 3736 1838 3770 ‹
1877 3717 2015 3785 Quid
2063 3732 2156 3772 ne-

2263 596 2426 651 supra
2465 598 2479 634 :
2515 600 2535 634 (
2572 581 2622 638 0'
2646 598 2812 647 mors,
2846 584 3045 638 bonum
3068 572 3434 654 estjudic'ium
3465 596 3614 642 tuum
3635 588 3843 648 homini

2261 673 2565 743 indigenti,
2610 682 2665 728 et
2702 676 2792 744 qui
2837 676 3140 731 minoratur
3187 678 3393 734 viribus
3431 678 3641 735 defecta
3678 690 3845 740 aetate

2263 764 2473 836 (Ibid.).
2505 784 2523 816 ι
2558 765 2693 821 Cum
2741 764 2983 836 profecto
3042 768 3203 823 finem
3254 786 3410 824 suum
3448 772 3610 828 homo
3640 789 3842 844 nequa-

2262 873 2424 927 quam
2461 873 2561 928 pro
2583 859 2935 916 varietatibus
2964 860 3124 931 hujus
3151 861 3274 916 vitae
3305 862 3502 919 debeat
3521 865 3842 935 perhorres-

2262 963 2387 1004 cere
2418 947 2503 1002 vel
2532 955 2722 1018 optai‘e
2741 988 2756 1014 ,
2784 949 2878 1003 sed
2924 949 2993 1004 ad
3023 951 3126 1005 hoc
3157 960 3366 1007 tantum
3396 952 3443 1009 si
3474 953 3557 1007 vel
3608 956 3842 1025 propria:

2259 1041 2346 1096 vel
2386 1039 2642 1095 fraternm
2687 1040 2848 1096 saluti
2903 1043 3255 1113 perpenditur
3296 1045 3487 1101 eadem
3541 1062 3691 1103 mors
3756 1048 3842 1106 vel

2259 1131 2371 1186 vita
2401 1132 2680 1202 prodesse.
2715 1132 2867 1201 Quod
2913 1132 2967 1187 in
3016 1148 3076 1189 se
3116 1133 3355 1191 declarat
3382 1135 3471 1193 ille
3521 1138 3613 1207 qui
3653 1139 3786 1195 dicit
3820 1158 3837 1195 ε

2268 1242 2286 1276 ι
2343 1224 2603 1279 Coarctor
2650 1232 2834 1281 autem
2871 1240 2901 1280 e
2950 1226 3159 1282 duobus
3192 1267 3208 1293 ,
3253 1227 3579 1285 desiderium
3636 1232 3841 1290 habens

2261 1313 2481 1369 dissolvi
2510 1324 2566 1372 et
2604 1329 2726 1369 esse
2765 1329 2886 1369 cum
2914 1313 3137 1372 Christo
3155 1356 3170 1383 ,
3212 1317 3384 1373 multo
3410 1319 3580 1390 magis
3606 1321 3839 1393 melius;

2258 1419 2582 1474 permanere
2613 1414 2790 1460 autem
2818 1406 2872 1460 in
2903 1421 3067 1461 carne
3096 1408 3463 1464 necessarium
3510 1420 3594 1467 est
3622 1422 3842 1483 propter

2259 1512 2356 1551 vos
2392 1494 2649 1568 (Philipp.
2681 1499 2742 1568 ι).
2799 1516 2817 1551 ι
2876 1498 3013 1553 Hinc
3049 1508 3104 1554 et
3150 1499 3339 1555 beatus
3390 1500 3587 1561 Petrus
3633 1506 3841 1562 audito-

2261 1588 2411 1644 ribus
2440 1588 2554 1644 suis
2583 1587 2761 1642 aicbat
2798 1603 2812 1642 :
2851 1606 2870 1640 ι
2896 1586 3111 1644 Justum
3141 1590 3379 1647 arbitror
3401 1631 3418 1659 ,
3447 1594 3687 1663 quandiu
3721 1611 3839 1652 sum

2263 1679 2317 1733 in
2343 1680 2444 1734 hoc
2470 1679 2842 1747 tabernaculo,
2866 1680 3133 1736 suscitare
3154 1698 3249 1738 vos
3271 1681 3325 1737 in
3348 1687 3843 1744 commonitionem.

2258 1771 2452 1829 Certus
2481 1773 2626 1828 enim
2658 1788 2780 1827 sum
2835 1774 2979 1844 quod
3022 1774 3179 1830 velox
3222 1783 3309 1831 est
3350 1777 3615 1847 depositio
3665 1779 3841 1835 taber—

2258 1865 2437 1921 naculi
2483 1865 2588 1920 mei
2624 1864 2673 1936 (ι
2702 1863 2848 1919 Pctr.
2886 1864 2949 1937 ι).
2986 1885 3006 1918 ι
3040 1866 3098 1921 In
3125 1866 3306 1923 verbis
3330 1867 3491 1938 plane
3522 1871 3638 1927 suis
3671 1871 3847 1928 bonus

2259 1967 2445 2027 pastor
2492 1957 2737 2014 ostendit
2772 1957 2900 2027 quia
2953 1972 3061 2012 non
3122 1958 3267 2026 sibi,
3319 1961 3416 2017 sed
3465 1961 3744 2032 discipulis
3792 1972 3848 2019 et

2259 2049 2440 2104 vivere
2486 2050 2700 2107 volebat
2750 2060 2808 2105 et
2870 2051 3027 2107 mori.
3078 2050 3215 2105 Nam
3269 2051 3431 2122 paulo
3478 2061 3601 2123 post
3643 2054 3777 2113 dicit
3828 2070 3845 2111 :

2266 2160 2284 2193 ι
2322 2141 2469 2196 Dabo
2523 2150 2706 2195 autem
2751 2156 2974 2213 operam
3029 2149 3087 2195 et
3134 2140 3451 2211 frequenter
3504 2143 3705 2200 habere
3753 2160 3847 2202 vos

2258 2240 2379 2302 post
2403 2232 2610 2287 obitum
2661 2248 2864 2299 meum,
2900 2242 2961 2288 ut
2985 2233 3181 2288 horum
3211 2233 3531 2289 memoriam
3560 2234 3789 2292 faciatis.
3824 2256 3846 2292 ι

2256 2326 2444 2382 Placet
2497 2328 2683 2398 itaque
2721 2327 2855 2383 mihi
2891 2327 3165 2397 sepultura
3199 2337 3323 2394 tua,
3362 2344 3525 2397 quam
3576 2330 3673 2386 tibi
3703 2331 3853 2388 velut

2258 2418 2535 2475 memoriae
2577 2419 2791 2491 signum
2838 2427 2966 2474 ante
2986 2419 3174 2476 oculos
3200 2420 3461 2491 posuisti;
3494 2430 3574 2490 ut,
3601 2423 3739 2479 dum
3758 2423 3849 2479 illa

2258 2512 2630 2583 conspicitur,
2682 2512 2926 2571 florentis
2979 2514 3121 2570 male
3173 2512 3332 2584 hujus
3374 2515 3500 2571 vitae
3551 2516 3650 2571 tibi
3699 2517 3851 2573 viror

2258 2613 2472 2663 arescat
2493 2647 2508 2671 ,
2542 2622 2605 2663 ac
2636 2606 2704 2663 de
2733 2606 2932 2663 futuris
2962 2609 3205 2679 cogitare
3244 2624 3399 2666 mens
3439 2611 3496 2665 in
3537 2624 3595 2666 se
3621 2612 3849 2668 collecta

2258 2704 2487 2762 solerter
2527 2706 2771 2776 incipiat.
2805 2705 2922 2772 Quo
2963 2706 3169 2762 scilicet
3200 2716 3487 2778 postquam
3534 2708 3697 2764 homo
3726 2723 3852 2779 per.

2255 2800 2514 2866 venerit,
2562 2798 2692 2854 illud
2743 2800 2933 2871 procul
2979 2800 3144 2856 dubio
3198 2801 3407 2856 invenit
3450 2801 3593 2871 quod
3638 2808 3851 2856 mutare

2255 2893 2566 2948 nullatenus
2620 2893 2810 2964 possit.
2870 2893 3024 2949 Unde
3082 2902 3137 2949 et
3214 2893 3475 2950 Salomon
3538 2893 3797 2950 admonet
3830 2935 3845 2961 ,

2259 2976 2487 3041 dicens:
2528 3004 2546 3036 ι
2583 2985 2811 3056 Semper
2852 3001 3161 3043 memorare
3201 2988 3498 3044 novissima
3544 2995 3635 3043 tua
3664 3026 3679 3054 ,
3711 2994 3767 3042 et
3795 2987 3850 3041 in

2257 3085 2519 3131 aeternum
2544 3090 2651 3131 non
2673 3077 2926 3146 peccabis
2956 3076 3152 3148 (Ecclc.
3179 3077 3302 3149 vn).
3342 3096 3364 3130 ι

2874 3187 3104 3245 CAPUT
3141 3188 3206 3244 ll.

2184 3290 2228 3355 C
2262 3292 2415 3360 Quod
2442 3294 2679 3363 clericos,
2713 3294 2839 3349 dum
2861 3296 3040 3349 divina
3062 3294 3390 3349 celebrantur
3418 3293 3621 3365 ofﬁcia,
3648 3294 3849 3363 sedere,

2728 3382 2888 3435 prava
2910 3365 3233 3419 consuetudo
3261 3375 3359 3420 est.

2330 3454 2508 3510 Unum
2558 3465 2821 3527 praeterea
2871 3456 3104 3526 torporis
3153 3470 3217 3510 ac
3273 3455 3491 3511 desidiae
3535 3456 3748 3526 signum
3797 3457 3851 3512 in

2260 3548 2488 3603 ecclesia
2520 3559 2609 3601 tua
2640 3549 2770 3614 vidi,
2820 3550 2964 3617 quod
3010 3556 3065 3602 ct
3109 3554 3256 3612 tunc,
3303 3554 3462 3617 prout
3490 3547 3851 3615 expeditionis

2260 3641 2499 3695 dictabat
2531 3641 2686 3705 liora,
2732 3638 3009 3708 corripui,
3045 3644 3099 3694 et
3148 3651 3292 3692 nunc
3329 3635 3573 3706 apicibus
3632 3639 3851 3695 tradere

2259 3745 2368 3785 non
2407 3728 2734 3801 superﬂuum
2763 3731 2921 3785 duco.
2965 3728 3220 3796 Plerique
3251 3727 3517 3797 siquidem
3564 3725 3638 3782 ibi
3685 3728 3849 3784 cleri-

569 3837 724 3879 cesse
757 3829 843 3879 est
873 3820 1080 3877 homini
1122 3816 1329 3886 majora
1361 3832 1420 3872 se
1461 3827 1739 3886 quaerere,
1777 3825 1901 3865 cum
1946 3810 2156 3881 ignoret

2257 3840 2447 3879 corum
2478 3824 2722 3880 resident
2753 3863 2767 3889 ,
2793 3824 2919 3879 dum
2956 3822 3042 3877 vel
3084 3822 3349 3879 canonica
3393 3821 3653 3877 horarum
3699 3822 3845 3878 cele-

573 3914 703 3985 (Ιυίά
730 3913 998 3969 confluo“
1024 3911 1126 3967 Sibi
1153 3910 1206 3963 in
1235 3909 1346 3963 Vita
1373 3921 1493 3971 sua,
1518 3917 1745 3959 ηιιιῐιθνο
1764 3901 1975 3956 dierum
2001 3916 2158 3972 item"
2257 3918 2490 3972 brantur
2510 3916 2712 3981 ofﬁcia,
2749 3915 2835 3971 vel
2877 3916 3041 3969 etiam
3071 3916 3184 3984 ipsa
3225 3915 3516 3970 missarum
3547 3914 3845 3971 otl'eruntur

569 4004 896 4077 grinationis
924 4017 1055 4069 suat,
1090 4010 1146 4056 et
1178 4000 1433 4070 temporis
1465 3998 1608 4068 quod
1636 3996 1783 4051 velut
1806 3996 1999 4051 umbra
2020 4010 2156 4065 pra:-

2261 4008 2524 4064 tcrribilia
2573 4014 2937 4063 sacramenta.
2970 4005 3134 4075 Cujus
3172 4006 3403 4075 torporis
3432 4005 3700 4075 ignaviam
3746 4020 3845 4074 per

569 4096 733 4153 terit?
760 4115 780 4147 ι
824 4093 1020 4167 (Eccte.
1053 4090 1175 4163 vn.)
1204 4090 1367 4164 665
1401 4089 1511 4144 Nec
1558 4088 1728 4144 illices
1786 4087 2159 4145 titillationum

2259 4098 2552 4157 Galliarum
2590 4106 2773 4168 partes
2801 4096 3076 4152 nonnullis
3135 4097 3311 4151 inesse
3355 4096 3517 4151 etiam
3560 4095 3844 4151 monachis

570 4197 750 4246 motus
790 4186 1085 4259 prtevalent
1114 4199 1309 4239 carnes
1336 4183 1392 4237 in
1422 4181 1651 4237 luxuriae
1674 4179 1819 4235 ﬂuxa
1843 4182 2154 4248 resolvere,
2260 4188 2588 4261 deprehendi
2652 4207 2663 4242 :
2716 4188 2863 4258 quod
2915 4186 3157 4257 profecto
3203 4202 3385 4256 prava:
3437 4183 3843 4241 consuetudinis

569 4281 700 4338 dum
725 4292 878 4335 mens
906 4277 1119 4347 cogitur
1148 4272 1507 4329 scatur-iantes
1546 4286 1760 4328 vermes
1795 4286 1859 4326 ac
1884 4270 2159 4341 proﬂuen-

2257 4283 2449 4336 vitium
2471 4290 2527 4335 et
2552 4278 2895 4334 correctione
2919 4278 3159 4347 dignum,
3184 4285 3238 4331 et
3265 4277 3330 4330 de
3357 4275 3533 4331 stadio
3563 4273 3844 4331 militantis

566 4376 777 4428 tem‘ex
816 4367 1025 4423 eisdem
1071 4364 1322 4422 carnibus
1350 4364 1558 4419 saniem
1607 4363 1870 4435 cogitare.
1914 4361 2067 4417 Unde
2103 4369 2158 4418 et

2257 4375 2421 4447 666
2438 4372 2708 4433 Ecclesiae,
2734 4372 2787 4425 in
2807 4372 2892 4426 his
2912 4384 3030 4440 quae
3050 4368 3343 4425 incolumes
3364 4377 3508 4433 sunt,
3522 4375 3731 4422 constat
3750 4381 3848 4439 pe-

572 4466 715 4520 ἰάθη]
744 4461 1000 4517 Salomon
1027 4478 1039 4512 ε
1075 4477 1095 4510 ί
1130 4457 1321 4513 Μθιίυε
1347 4465 1465 4523 εει»
1500 4455 1696 4525 inquii.
1729 4456 1809 4510 ire
1837 4455 1904 4510 ad
1939 4454 2157 4511 domum
2258 4466 2405 4521 nitus
2434 4464 2783 4521 eradendum.
2801 4462 2878 4519 De
2904 4478 3009 4532 qua
3033 4463 3242 4518 scilicet
3263 4462 3316 4517 in
3339 4460 3576 4516 Canticis
3602 4460 3799 4530 legitur
3825 4477 3840 4515 :

575 4558 753 4614 luctus
780 4593 797 4621 ,
844 4567 1007 4623 quam
1034 4552 1103 4606 ad
1152 4552 1375 4606 domum
1401 4548 1634 4604 convivii
1664 4545 1877 4619 (lbid.).
1909 4566 1927 4599 ι
1954 4546 2021 4601 In
2065 4546 2157 4602 illa

2264 4578 2283 4610 ‹
2314 4558 2454 4625 Quid
2485 4558 2693 4613 videbis
2728 4557 2781 4611 in
2814 4554 3123 4622 Sunamite,
3152 4556 3253 4609 nisi
3279 4555 3475 4609 choros
3498 4550 3844 4608 castrorum?

573 4650 719 4706 enim
743 4647 866 4702 finis
892 4653 1211 4717 cunctorum
1232 4642 1559 4696 admouetur
1582 4639 1945 4707 hominum,et
1970 4639 2158 4695 vivens

2262 4649 2440 4723 (Cant.
2487 4650 2582 4723 νιι)
2624 4669 2643 4702 ι
2680 4649 2743 4703 Et
2776 4649 2972 4704 iterum
3004 4664 3019 4701 :
3054 4665 3073 4698 ι
3111 4647 3263 4702 Sicut
3312 4645 3478 4701 turris
3522 4643 3687 4699 David
3727 4642 3839 4699 col-

574 4741 775 4813 cogitat
802 4738 932 4809 ιιυίίί
958 4735 1199 4792 {murum
1234 4734 1326 4790 Sil-
2181 4730 2233 4750 ³³
2261 4742 2373 4797 lum
2426 4751 2573 4796 tuum
2602 4780 2616 4807 ,
2664 4755 2788 4810 quae
2823 4738 3088 4796 aediﬁcata
3132 4745 3215 4792 est
3252 4750 3379 4793 cum
3422 4730 3842 4805 propugnaculis

649 4836 755 4893 Sed
802 4835 839 4891 ii
896 4834 988 4904 qui
1050 4832 1287 4889 radicem
1339 4814 1520 4887 cordis
1567 4830 1621 4886 in
1677 4842 1907 4887 arenosa
1969 4835 2157 4885 tenent
2262 4833 2404 4898 suis;
2446 4830 2591 4886 mille
2632 4830 2805 4901 clypei
2850 4829 3086 4899 pendent
3113 4844 3179 4884 ex
3218 4841 3318 4895 ea,
3347 4825 3528 4887 omnis
3569 4832 3841 4881 armatura

574 4928 734 5000 hujus
760 4925 942 4984 saeculi
972 4923 1331 4980 delectatione
1358 4923 1682 4994 plantatam,
1711 4922 1757 4978 si
1787 4921 1887 4977 sibi
1923 4921 2155 4987 mundus
2260 4922 2479 4978 fortium
2518 4919 2692 4992 (Cant.
2738 4918 2834 4989 iv).
2863 4938 2884 4971 ι

576 5019 817 5083 arridet,
873 5016 921 5072 si
968 5015 1282 5086 iucunditas
1336 5028 1431 5070 eos
1506 5014 1684 5069 suavis
1736 5028 1802 5067 ac
1868 5010 2153 5082 tranquilla
2329 5012 2463 5066 Nam
2511 5027 2633 5066 cum
2685 5011 2885 5082 ubique
2920 5011 3075 5068 nobis
3114 5010 3376 5066 adversus
3404 5007 3658 5080 nequitiae
3683 5006 3841 5079 spiri-

580 5108 869 5175 demulcet,
907 5116 1166 5177 tanquam
1203 5106 1276 5162 fel
1320 5106 1401 5161 vel
1445 5104 1777 5161 absinthium
1834 5103 2150 5157 memoriam
2260 5112 2346 5159 tus
2390 5103 2671 5157 immineat
2719 5100 3091 5158 infoederabile
3126 5102 3324 5158 bellum
3359 5143 3376 5170 ,
3416 5103 3717 5158 ferventius
3762 5102 3841 5158 in—

576 5196 761 5236 nmnnl
814 5198 976 5236 dnhin
1022 5198 1211 5236 mnu-tie
1264 5197 1553 5236 ahhnrrnnl
1633 5194 1782 5236 limit:
1819 5195 1901 5236 vir
1943 5195 2157 5236 caninnc
2258 5197 2395 5236 omit
2432 5197 2484 5236 in
2520 5196 2885 5236 mmlnlalimm
2924 5196 3253 5236 ncnlmm‘nm
3281 5212 3294 5224 -
3326 5204 3379 5236 at
3422 5210 3545 5236 mum
3574 5209 3796 5236 nmmnc
3821 5232 3833 5236 -
