4138 6320
323 444 429 502 645

827 431 1071 490 OPUSC.
1112 428 1357 486 XXXIX.
1386 459 1457 470 —
1489 427 1772 484 CONTRA
1813 422 2172 482 SEDENTES
2213 423 2541 480 TEMPORE
2581 423 2788 482 DlVlNl
2829 422 3097 480 OFFlCll.

3493 421 3600 482 646

333 577 351 610 ι
389 556 588 611 Ponam
627 549 772 603 illum
818 546 869 599 in
907 560 1065 598 manu
1108 559 1297 597 eorum
1355 541 1444 610 qui
1495 550 1546 594 te
1593 539 1908 592 humiliavc-
1939 538 2083 612 ΑΕι
2136 553 2257 590 cum
2322 537 2706 592 ecclesiasticis
2776 536 2881 591 illis
2940 535 3140 592 ofﬁciis
3191 538 3296 591 rite
3349 537 3604 600 credatur

327 659 475 712 runt,
508 654 562 699 et
594 644 849 697 dixerunt
879 639 1070 691 animae
1113 646 1216 690 tuae
1242 653 1254 687 :
1284 635 1605 698 lncurvare,
1638 641 1695 686 ut
1735 641 1910 685 trans—

329 743 516 796 eamus
545 735 700 806 (Isai.
731 732 828 803 Li).
868 751 886 781 ι
922 729 1048 794 Ubi,
1079 737 1200 797 post
1227 727 1654 782 incurvationem
1694 725 1908 790 animae,

329 835 492 889 etiam
543 832 610 883 de
643 823 891 894 corporis
935 821 1310 875 incurvatione
1355 818 1605 888 protinus
1648 817 1861 870 additur
1897 831 1910 868 ε

335 945 351 976 ι
386 926 452 978 Ει.
485 917 712 992 posuisti
745 925 803 970 ut
840 925 1037 969 terram
1068 927 1264 981 corpus
1293 920 1465 975 tuum,
1500 919 1553 964 et
1582 909 1736 978 quasi
1771 908 1915 960 viam

333 1015 757 1075 transeuntibus.
820 1030 839 1064 ι
913 1009 1152 1078 Utraque
1224 1006 1479 1060 nimirum
1551 1001 1852 1058 substantia
1897 1041 1911 1064 ,

331 1111 510 1166 anima
547 1107 753 1162 scilicet
798 1111 854 1157 et
883 1114 1099 1169 corpus,
1133 1098 1188 1153 in
1236 1097 1392 1151 nobis
1442 1096 1521 1150 sic
1571 1095 1732 1148 unita:
1768 1099 1913 1158 sunt,

328 1216 389 1260 ut
430 1205 745 1274 plerumque
789 1212 897 1251 una
946 1195 1174 1250 solerter
1220 1200 1449 1262 agente,
1481 1189 1660 1260 vigeat
1713 1187 1914 1250 altera;

333 1309 387 1355 et
416 1299 541 1352 dum
568 1297 682 1349 haec
711 1291 947 1347 resoluta
977 1287 1312 1357 negligenter
1338 1284 1562 1349 oscitat,
1589 1281 1676 1334 illa
1707 1293 1919 1348 quoque

331 1385 677 1444 dormitantis
707 1381 935 1454 ignavia:
967 1380 1227 1448 languore
1257 1382 1544 1445 torpescat.
1577 1371 1741 1426 Josue
1771 1378 1919 1425 certe

333 1501 453 1539 cum
479 1481 701 1536 vidisset
721 1476 972 1548 angelum
997 1473 1337 1544 cvaginatum
1360 1477 1630 1523 tenentem
1655 1465 1917 1537 gladium,

333 1577 408 1629 ait
466 1594 476 1627 :
536 1594 553 1625 ι
594 1571 735 1639 Quid
778 1567 1240 1627 Dominu5°meus
1298 1560 1536 1630 loquitur
1591 1558 1658 1610 ad
1701 1571 1917 1610 servum

333 1666 522 1721 suum?
559 1685 577 1716 ›
615 1662 753 1735 (Jos.
781 1661 858 1731 v.)
887 1661 972 1715 cui
1031 1658 1106 1712 nil
1159 1656 1303 1710 aliud
1357 1654 1442 1708 ille
1497 1651 1787 1722 ρι’ωευρὶι,
1846 1648 1921 1701 nil

331 1771 555 1829 prorsus
586 1764 645 1810 ut
673 1761 1064 1823 exsequeretur
1107 1749 1360 1819 injunxit,
1393 1745 1495 1799 nisi
1526 1753 1732 1797 tantum
1777 1743 1917 1795 hoc:

341 1866 358 1897 ι
408 1847 585 1908 Solve,
617 1845 832 1914 inquit,
871 1842 1298 1897 calceamentum
1345 1837 1411 1891 de
1444 1836 1669 1906 pedibus
1719 1833 1856 1897 tuis;
1896 1851 1914 1882 ›

2017 631 2318 698 angelicam
2395 641 2609 699 semper
2676 629 2866 684 adesse
2938 630 3328 699 praesentiam,
3390 629 3605 688 dicente

2018 720 2297 790 Scriptura
2336 738 2350 775 :
2395 739 2413 772 ι
2455 721 2512 774 ln
2544 730 2836 790 conspectu
2882 720 3195 789 angelorum
3237 720 3462 790 psallam
3505 721 3602 778 tibi

2022 813 2194 884 (Psal.
2257 813 2541 884 cxxxvu),
2605 834 2624 866 ι
2679 823 3029 883 nostramque
3081 816 3412 885 vigilantiam
3489 816 3603 874 sive

2018 905 2278 959 desidiam
2338 922 2445 961 non
2495 906 2653 960 modo
2701 906 2988 975 diligenter
3031 908 3311 962 attendere
3343 949 3358 975 ,
3415 906 3509 964 sed
3550 917 3603 964 et

2019 1010 2250 1065 superno
2270 996 2436 1066 judiei
2464 1005 2656 1051 cuncta
2682 1011 2777 1065 per
2797 997 3044 1052 ordinem
3071 999 3353 1065 nuntiare;
3377 1009 3598 1068 quanto,

2018 1093 2272 1152 putamus
2326 1086 2585 1140 adversus
2635 1101 2734 1140 nos
2803 1087 2920 1141 zelo
2979 1096 3312 1154 moventur,
3367 1091 3491 1144 dum
3549 1090 3605 1144 in

2022 1187 2310 1246 conspectu
2338 1178 2479 1232 illius
2512 1195 2610 1232 nos
2633 1179 2996 1235 irreverenter
3025 1182 3214 1236 sedere
3247 1183 3602 1253 conspiciunt,

2023 1269 2108 1323 cui
2139 1268 2346 1323 scilicet
2372 1269 2472 1338 ipsi
2497 1279 2790 1325 trementes
2819 1272 3123 1327 assistunt?
3150 1271 3287 1327 Nam
3319 1283 3373 1328 et
3401 1274 3602 1328 Zacha-

2023 1360 2132 1414 rias
2160 1361 2413 1415 sacerdos
2446 1375 2569 1414 cum
2595 1362 2872 1416 incensum
2896 1371 3145 1432 poneret,
3171 1378 3278 1418 non
3309 1365 3605 1434 sedentem,

2021 1453 2117 1505 sed
2145 1460 2372 1506 stantem
2397 1452 2549 1521 juxta
2584 1452 2752 1507 altare
2801 1453 3046 1523 angelum
3089 1454 3245 1509 vidit.
3271 1455 3310 1526 ιι
3345 1456 3609 1525 Apparuit

2023 1545 2122 1609 illi,
2156 1545 2230 1598 ait
2260 1545 2590 1615 evangelista
2623 1587 2637 1610 ,
2669 1547 2891 1616 angelus
2916 1547 3126 1600 Domini
3166 1557 3316 1602 stans
3343 1563 3374 1600 a
3405 1548 3610 1604 dextris

2023 1639 2213 1693 altaris
2243 1639 2450 1692 incensi
2480 1636 2632 1708 (Luc.
2658 1639 2718 1708 ι).
2753 1658 2772 1690 ι
2810 1639 2952 1693 Dicit
2986 1641 3040 1692 in
3071 1639 3391 1710 Apocalypsi
3419 1639 3610 1696 beatus

2023 1728 2257 1784 Joannes
2288 1747 2300 1782 :
2339 1748 2356 1780 ι
2400 1728 2516 1782 Vidi
2541 1729 2754 1783 turbam
2783 1746 3053 1800 magnam,
3079 1747 3238 1800 quam
3263 1733 3608 1790 dinumerare

2024 1840 2183 1878 nemo
2209 1831 2444 1891 poterat,
2475 1837 2542 1876 ex
2574 1823 2826 1878 omnibus
2855 1824 3102 1892 gentibus
3125 1864 3139 1889 ,
3179 1833 3233 1878 et
3267 1825 3528 1890 tribubus,
3558 1833 3611 1879 et

335 1955 502 2009 quare
557 1913 836 2004 subjnnxit
868 1949 881 1987 :
927 1952 945 1985 ι
1002 1934 1179 1988 Locus
1229 1933 1371 1986 enim
1404 1971 1418 1994 ,
1483 1930 1537 1982 in
1598 1943 1706 1997 quo
1765 1936 1877 1980 stas
1904 1965 1918 1991 ,
1951 1916 1999 1976 Β
2025 1916 2254 1985 populis,
2288 1923 2344 1970 et
2384 1913 2598 1984 linguis,
2634 1923 2839 1969 stantes
2866 1923 2990 1968 ante
3037 1917 3307 1970 thronum.
3337 1935 3355 1967 ι
3394 1915 3611 1972 Stanles

337 2038 556 2084 sanctus
577 2035 678 2084 est.
710 2047 731 2079 ι

417 2120 551 2177 Cum
583 2134 712 2190 ergo
743 2117 861 2172 loco
897 2115 1011 2182 illi,
1046 2123 1331 2186 propterea
1365 2114 1490 2184 quia
1524 2123 1747 2167 sanctus
1774 2121 1922 2177 erat,

337 2214 630 2269 debebatur
658 2209 877 2265 nuditas
903 2208 1122 2278 pedum,
1151 2222 1247 2260 cur
1278 2206 1529 2269 ecclesia,
1570 2221 1690 2274 quae
1721 2205 1923 2258 nihilo-

331 2309 520 2363 minus
552 2312 774 2359 sanctus
804 2311 888 2356 est
913 2300 1084 2365 locus,
1113 2315 1218 2352 non
1252 2307 1526 2352 mereatur
1555 2297 1744 2351 saltem
1781 2305 1925 2351 stan-

340 2403 473 2456 tium
505 2397 867 2453 reverentiam
894 2393 1254 2448 clericorum?
1280 2391 1446 2462 Moysi
1471 2407 1686 2461 quoque
1708 2391 1922 2445 dicitur:

347 2511 366 2544 ι
405 2492 482 2546 Ne
513 2490 795 2560 appropies
821 2490 956 2553 huc;
989 2485 1138 2542 solve
1165 2485 1589 2540 calcean‘icntum
1621 2483 1685 2538 de
1707 2482 1928 2552 pedibus

345 2584 472 2637 tuis.
535 2581 708 2635 Locus
764 2579 908 2633 enim
958 2577 1012 2631 in
1059 2593 1164 2645 quo
1208 2586 1320 2630 stas
1351 2617 1364 2642 ,
1419 2583 1562 2628 terra
1601 2584 1790 2628 sancta
1845 2582 1930 2627 est

343 2674 537 2744 (Exod.
570 2672 676 2743 ιιι).
721 2691 738 2723 ι
778 2671 846 2726 Ut
884 2669 1012 2740 quid
1050 2669 1193 2724 enim
1235 2668 1348 2722 haec
1395 2667 1632 2736 antiquis
1683 2667 1930 2720 Patribus

343 2766 597 2820 divinitus
633 2766 895 2833 imperata
924 2778 1023 2832 per
1061 2776 1248 2815 sacras
1278 2761 1500 2831 paginas
1534 2759 1759 2827 legimus
1783 2799 1798 2823 ,
1829 2758 1930 2811 nisi

343 2867 401 2911 ut
431 2856 632 2912 sanctis
672 2855 806 2909 locis
835 2869 931 2908 nos
969 2853 1332 2908 reverentiam
1376 2853 1572 2906 debere
1612 2851 1932 2904 credamus?

342 2949 423 3001 Λιι
469 2947 649 3000 minus
701 2957 856 2999 sacer
892 2953 977 2998 est
1031 2943 1183 2996 locus
1225 2942 1280 2995 in
1327 2957 1431 3010 quo
1474 2958 1570 3010 per
1617 2941 1931 3011 mysterium

343 3036 866 3107 vivificze‘passionis
895 3034 1097 3089 Christi
1133 3048 1330 3103 corpus
1379 3032 1626 3096 ol‘lcrtur,
1655 3048 1815 3100 quam
1847 3030 1934 3085 ille

343 3130 432 3185 tibi
478 3144 574 3200 per
614 3143 771 3183 suum
806 3129 945 3182 Dens
983 3124 1232 3194 angelum
1263 3123 1618 3193 loquebatur?
1650 3124 1706 3179 lu
1739 3122 1934 3176 Dente-

345 3223 646 3278 tcronomio
729 3235 943 3291 quoque
1015 3218 1212 3288 legitur
1291 3216 1416 3287 quia
1478 3217 1613 3269 dixit
1676 3215 1936 3270 Dominus

2029 2009 2215 2077 utique
2243 2015 2389 2071 ante,
2421 2021 2530 2060 non
2555 2006 2822 2061 sedentes.
2857 2007 2924 2060 Et
2951 2007 3111 2077 paulo
3137 2017 3296 2077 post:
3334 2028 3350 2060 ι
3388 2009 3609 2073 Omnes,

2026 2101 2224 2171 inquit,
2271 2099 2446 2169 angeli
2475 2098 2692 2154 stabant
2720 2100 2773 2153 in
2819 2101 3050 2155 circuitu
3085 2101 3263 2156 throni
3293 2141 3308 2167 ,
3338 2111 3393 2156 et
3437 2103 3611 2157 senio—

2025 2209 2145 2246 rem
2183 2192 2366 2262 (Apoc.
2416 2191 2535 2261 vn).
2584 2210 2602 2243 ι
2656 2192 2823 2247 Isaias
2853 2208 2973 2246 cum
3004 2193 3396 2262 praemisisset:
3437 2213 3454 2245 ι
3496 2194 3613 2266 Vidi

2029 2285 2318 2340 Dominum
2383 2285 2660 2342 sedentem
2715 2299 2879 2355 super
2934 2286 3127 2340 solium
3188 2287 3506 2354 excelsum,
3562 2295 3616 2342 et

2029 2388 2297 2441 elevatum
2325 2427 2339 2453 ,
2369 2396 2424 2441 et
2451 2401 2514 2441 ea
2544 2401 2664 2456 quae
2690 2386 2789 2441 sub
2835 2386 2949 2455 ipso
2976 2393 3132 2439 erant
3160 2381 3438 2452 replebant
3479 2389 3614 2439 tem-

2029 2480 2212 2548 plum;
2267 2498 2286 2530 ι
2362 2479 2612 2548 protinus
2668 2477 2873 2533 addidit
2922 2493 2934 2529 :
2985 2494 3003 2525 ι
3058 2473 3339 2544 Seraphim
3402 2471 3618 2526 stabant

2031 2575 2219 2629 subter
2267 2573 2397 2628 illud
2440 2573 2594 2644 (1εαί.
2629 2572 2725 2643 v1).
2757 2591 2775 2623 ι
2810 2571 2951 2626 Ecce
2997 2569 3086 2625 ubi
3116 2566 3401 2636 Seraphim
3433 2565 3619 2620 sedere

2033 2685 2138 2722 non
2161 2669 2385 2733 audent,
2419 2668 2569 2722 sedet
2599 2667 2761 2720 homo
2801 2666 3008 2728 luteus,
3037 2673 3093 2718 et
3125 2672 3379 2730 tanquam
3411 2673 3620 2728 pannus

2036 2769 2383 2814 menstruataa
2435 2759 2644 2813 luridus
2697 2767 2753 2811 et
2814 2755 3163 2810 immundus?
3228 2750 3328 2807 Ubi
3395 2750 3620 2812 virtutes

2035 2853 2295 2907 ccelorum
2326 2852 2427 2906 sibi
2456 2852 2645 2906 sedilia
2677 2867 2784 2904 non
2810 2857 3077 2916 usurpant
3107 2888 3122 2913 ,
3158 2846 3268 2901 illic
3309 2845 3474 2899 homo
3501 2853 3618 2898 tan-

2035 2959 2197 3013 quam
2219 2942 2492 2997 communi
2534 2957 2598 2996 ac
2627 2940 2922 2996 domestico
2949 2937 3247 3009 perfruitur
3275 2936 3409 3000 otio,
3434 2934 3527 3005 qui
3556 2945 3616 2988 se

2038 3036 2312 3106 pulverem
2344 3049 2463 3090 esse
2501 3044 2555 3090 et
2585 3035 2823 3090 cinerem
2867 3049 2973 3087 non
3023 3030 3268 3100 ignorat?
3313 3028 3620 3100 Ingreditur

2039 3144 2136 3183 rex
2169 3129 2404 3199 nuptiale
2453 3128 2798 3190 convivium,
2857 3135 2911 3182 et
2941 3126 3147 3180 invenit
3193 3124 3464 3180 hominem
3510 3136 3620 3177 non

2042 3219 2200 3274 modo
2230 3218 2462 3273 fortasse
2515 3217 2784 3286 nuptiales
2830 3215 3078 3270 induvias
3131 3231 3242 3271 non
3291 3215 3575 3270 habentem
3603 3251 3620 3280 ,

345 3314 514 3387 Moysi
547 3333 558 3367 :
599 3332 617 3365 ι
658 3312 736 3367 Τιι
767 3321 848 3366 sta
879 3312 965 3365 hic
1012 3323 1222 3364 mecum
1251 3350 1262 3372 ,
1296 3317 1353 3360 ut
1400 3307 1592 3376 loquar
1625 3305 1722 3360 tibi
1754 3305 1934 3360 omnia
1962 3287 2008 3349 C
2041 3312 2133 3366 sed
2163 3319 2236 3378 ct,
2287 3320 2475 3366 contra
2519 3311 2664 3365 illius
2720 3308 2955 3365 convivii
2985 3309 3253 3378 regulam,
3307 3307 3622 3379 ignobiliter

353 3411 609 3465 mandata
667 3416 723 3462 et
754 3404 1115 3461 caeremonias
1148 3412 1308 3470 atque
1337 3400 1540 3470 judicia
1570 3398 1747 3469 (Deut.
1781 3398 1857 3468 v).
1912 3417 1930 3450 ι

347 3499 466 3555 Νοιι
509 3500 582 3554 ait
608 3539 624 3565 ,
656 3497 784 3552 sede
812 3537 826 3562 ,
858 3494 942 3549 vel
970 3493 1257 3559 recumbe;
1297 3491 1392 3546 sed
1414 3530 1428 3556 ,
1473 3499 1555 3544 sta
1596 3503 1807 3544 mecura
1836 3529 1851 3555 ,
1879 3496 1939 3543 ut

349 3592 557 3648 scilicet
603 3588 797 3646 stando
841 3587 1015 3642 discat
1097 3585 1242 3654 quod
1293 3582 1530 3637 sedendo
1597 3582 1938 3650 postmodum

350 3687 556 3740 doceat.

422 3775 576 3829 Nunc
606 3774 791 3843 itaque
834 3774 961 3826 dum
991 3769 1044 3824 in
1071 3770 1356 3840 procinctu
1398 3781 1585 3822 sumus
1612 3808 1626 3833 ,
1657 3766 1769 3821 vult
1799 3767 1940 3822 Deus

307 3929 310 3931 _
353 3883 450 3922 nos
488 3867 588 3922 sibi
631 3865 1005 3920 ministrantes
1035 3861 1288 3915 assistere
1316 3900 1331 3926 ,
1359 3869 1419 3914 ut
1442 3874 1567 3914 cum
1594 3873 1659 3913 eo
1703 3868 1939 3928 postmo-

354 3961 478 4015 dum
529 3972 837 4012 mereamur
880 3955 935 4010 in
981 3951 1262 4022 municipii
1307 3949 1699 4020 tranquillitate
1727 3949 1938 4004 sedere.

351 4053 524 4108 Porro
554 4060 734 4106 autem
766 4050 811 4105 si
841 4049 928 4104 cui
952 4057 1099 4103 tanta
1121 4052 1431 4115 suppeteret
1453 4059 1739 4100 munerum
1762 4043 1938 4113 copia,

357 4156 446 4210 ut,
480 4145 651 4199 donec
690 4142 928 4198 ofﬁcimn
967 4145 1276 4210 superesset
1302 4178 1317 4204 ,
1361 4137 1605 4206 praebere
1649 4135 1789 4191 dona
1829 4135 1943 4189 sin-

359 4237 498 4308 gulis
536 4251 641 4290 non
682 4242 952 4299 cessaret;
984 4233 1031 4287 is
1054 4244 1270 4302 quoque
1297 4229 1522 4298 gradum
1553 4227 1762 4299 ﬁgeret,
1788 4223 1942 4295 cujus

362 4330 620 4386 articulos
670 4330 897 4399 languor
951 4327 1288 4398 chiragricus
1337 4325 1643 4379 innodaret.
1689 4323 1946 4391 Corporis

357 4438 489 4492 ergo
514 4421 758 4477 morituri
806 4429 958 4475 stans
987 4419 1287 4488 susciperet
1331 4416 1672 4472 commodum
1702 4456 1718 4484 ,
1750 4414 1943 4469 anima:
1991 4405 1996 4408 ’

355 4531 489 4570 vero
541 4523 799 4585 perpetuo
856 4519 1163 4581 regnatura:
1219 4508 1455 4564 sedendo
1503 4505 1729 4575 despicit
1784 4520 1944 4559 orna-

357 4616 619 4663 mentum.
651 4604 709 4659 Si
750 4604 905 4674 regi,
935 4601 1020 4656 vel
1052 4610 1268 4655 terreno
1296 4597 1518 4653 cuilibet
1559 4595 1803 4667 optimati
1834 4610 1944 4650 sua:

359 4701 602 4767 ditionis,
634 4698 816 4753 ofﬁcia
850 4703 1162 4751 reverenter
1185 4691 1478 4756 assistunt;
1512 4705 1632 4745 cum
1679 4698 1806 4744 ante
1835 4699 1944 4744 ter-

358 4794 570 4852 ribilem
612 4790 911 4863 majestatis
952 4788 1147 4843 divinae
1187 4793 1532 4853 conspectum
1563 4783 1779 4837 laudum
1809 4799 1940 4853 pra:-

359 4891 516 4946 conia
560 4887 856 4956 jubilamus
883 4925 897 4950 ,
927 4899 1033 4954 qua
1063 4878 1498 4953 praesumptionis
1523 4877 1688 4950 667
1719 4878 1947 4932 audacia

360 4982 551 5035 sedere
578 4974 995 5048 praesumimus?
1031 4973 1170 5027 Dicit
1198 4969 1427 5024 Daniel:
1463 4985 1482 5018 ι
1520 4967 1686 5022 Millia
1715 4965 1947 5021 millium

360 5071 746 5128 ministrabant
785 5069 851 5131 ei,
889 5075 943 5121 et
967 5065 1147 5121 decies
1171 5073 1398 5119 centena
1425 5060 1591 5115 millia
1622 5059 1948 5115 assistebant

362 5167 410 5221 ei
443 5165 607 5237 (Dan.
641 5163 762 5232 vn).
795 5181 812 5213 ι
846 5160 984 5214 Ecce
1012 5201 1024 5226 ,
1057 5159 1184 5213 dum
1215 5153 1690 5210 innumerabilium
1732 5151 1941 5220 angelo.

363 5272 483 5312 rum
534 5254 627 5309 alii
677 5254 789 5307 Deo
838 5252 1148 5306 ministrare
1198 5248 1381 5317 (Apoc.
1412 5245 1454 5316 ι)
1484 5286 1498 5311 ,
1549 5246 1637 5298 alii
1697 5245 1947 5299 dicuntur

365 5348 622 5402 assistere
651 5385 666 5410 ,
709 5341 892 5398 nullus
939 5356 1129 5398 eorum
1179 5341 1267 5394 hic
1297 5337 1566 5408 reperitur
1612 5336 1665 5389 in
1697 5333 1950 5390 subsellio

367 5438 623 5493 residere.

991 5522 1216 5580 CAPUT
1252 5521 1337 5576 lll.

371 5643 525 5710 Quod
573 5643 744 5714 angeli
799 5641 1260 5764 contradilomines
1328 5639 1383 5691 in
1440 5637 1656 5691 ecclesia
1719 5637 1950 5693 sedentes

987 5729 1040 5764 ιη
1084 5720 1348 5764 leuantur.

987 5720 1348 5781 indignantur.

443 5806 542 5863 Cui
583 5822 712 5878 ergo
752 5807 978 5860 virtutes
1024 5803 1279 5875 angelicae
1321 5810 1612 5857 trementes
1664 5803 1946 5868 assistunt,

376 5899 578 5956 terreni
608 5907 664 5954 et
700 5896 1076 5985 corruptibiles
1114 5893 1360 5952 homines
1395 5901 1576 5950 astare
1614 5892 1947 5964 despiciunt!

2039 3402 2402 3471 residentem;
2436 3402 2564 3472 quid
2607 3401 2750 3458 aliud
2765 3400 2964 3469 jubere
2991 3400 3262 3470 putandus
3287 3406 3391 3465 est,
3420 3396 3526 3453 nisi
3565 3402 3625 3452 ut

2040 3495 2220 3566 ligatis
2250 3493 2340 3548 ille
2393 3493 2641 3548 manibus
2694 3501 2751 3549 et
2790 3492 3018 3562 pedibus
3062 3490 3204 3545 illico
3248 3496 3522 3559 mergatur
3567 3487 3621 3541 in

2041 3585 2332 3641 tenebras?
2363 3584 2580 3655 (.lfauh.
2621 3583 2780 3655 χιιι.)
2825 3583 3115 3638 Enimvero
3156 3582 3220 3637 de
3273 3580 3493 3635 sedente
3541 3578 3624 3632 Eli

2041 3679 2321 3736 sacerdote
2366 3678 2498 3733 dicit
2555 3678 2882 3747 Scriptura:
2920 3695 2939 3728 (
2985 3677 3119 3743 Quia
3162 3673 3354 3730 cecidit
3399 3675 3465 3727 de
3495 3670 3624 3725 sella

2041 3780 2382 3835 retrorsum,
2443 3769 2599 3838 juxta
2658 3769 2902 3834 ostium,
2969 3775 3022 3822 et
3081 3766 3268 3820 fractis
3324 3764 3627 3821 cervicibus

2042 3871 2288 3916 mortuus
2335 3870 2417 3915 est
2467 3857 2519 3930 (Ι
2552 3858 2680 3929 Reg.
2733 3858 2828 3927 tv).
2871 3876 2890 3910 ι
2944 3856 3180 3912 Sedebat
3219 3865 3273 3910 et
3316 3855 3628 3909 Balthassar

2043 3972 2140 4010 rex
2165 3955 2482 4026 Babylonis,
2505 3969 2630 4008 cum
2663 3953 2716 4006 in
2749 3950 3037 4021 superficie
3058 3949 3284 4020 parietis
3310 3948 3446 4002 aulae
3466 3947 3628 4018 regite

2043 4049 2306 4104 articulus
2353 4047 2454 4102 sibi
2505 4045 2796 4101 scribentis
2827 4042 3118 4113 apparuit,
3162 4041 3255 4111 qui
3304 4056 3454 4096 suam
3497 4053 3624 4095 suo-

2041 4157 2272 4211 rumque
2321 4149 2557 4210 stragem
2611 4139 2814 4192 instare
2862 4145 3020 4192 nocte
3077 4136 3293 4203 prima,
3349 4133 3518 4188 Medis
3564 4146 3629 4186 ac

2041 4233 2225 4288 Persis
2253 4229 2681 4293 imminentibus,
2707 4225 2977 4281 nuntiavit
3002 4223 3160 4296 (Dan.
3195 4224 3273 4290 v).

2115 4322 2546 4394 Requiescebant
2598 4318 2774 4374 Zebee
2823 4327 2879 4371 et
2929 4315 3180 4370 Salmana
3223 4327 3376 4381 reges
3418 4311 3626 4366 Madian

2045 4433 2167 4473 cum
2197 4418 2439 4473 CXCPCHU
2469 4428 2567 4470 SUO
2593 4453 2608 4479 ,
2634 4427 2758 4468 eum
2784 4425 2947 4480 super
2975 4422 3068 4463 COS
3109 4416 3364 4476 tanquam
3408 4418 3630 4459 SCCUI‘OS

2045 4509 2262 4564 Gedeon
2289 4506 2470 4573 irruit,
2493 4519 2694 4574 eosque
2720 4503 2911 4574 gladiis
2936 4499 3310 4572 grassantibus
3344 4496 3630 4552 trucidavit

2050 4604 2250 4673 (Juda‘c.
2285 4601 2430 4672 vin).
2480 4597 2902 4654 Discumbebant
2946 4594 3294 4650 nihilominus
3324 4590 3632 4645 Amalecitae

2049 4711 2214 4765 super
2234 4693 2427 4748 faciem
2451 4701 2632 4757 terrae,
2667 4705 2790 4744 cum
2819 4689 2940 4742 illos
2970 4695 3191 4754 repente
3217 4683 3385 4739 David
3412 4680 3630 4745 invasit,

2049 4803 2250 4856 eosque
2303 4801 2333 4838 a
2381 4798 2606 4854 vespera
2651 4796 2820 4850 usque
2852 4781 2905 4834 in
2946 4792 3225 4846 vesperam
3269 4775 3370 4828 diei
3411 4772 3635 4826 alterius

2049 4887 2334 4950 percutere
2388 4891 2494 4930 non
2548 4873 2781 4928 cessavit
2831 4867 2882 4940 (1
2938 4868 3067 4937 Reg.
3118 4863 3270 4935 xxx).
3330 4863 3399 4916 At
3447 4870 3632 4915 contra

2054 4949 2194 5022 Elias
2225 4966 2390 5022 dicit:
2432 4983 2450 5015 ι
2489 4962 2635 5017 Vivit
2657 4960 2918 5016 Dominus
2940 4957 3300 5018 exercituum,
3333 4961 3457 5006 ante
3483 4949 3634 5019 cujus

2051 5066 2400 5128 conspectum
2445 5063 2529 5110 sto
2583 5051 2700 5124 (111
2731 5050 2855 5120 Reg.
2906 5047 3063 5118 xvn).
3096 5065 3114 5098 ι
3151 5045 3268 5112 Sto,
3297 5044 3488 5114 inquit,
3528 5058 3634 5096 non

2052 5152 2234 5217 sedeo,
2275 5165 2384 5204 non
2412 5147 2583 5203 oscito
2604 5185 2620 5212 ,
2663 5159 2772 5198 non
2805 5155 3085 5196 marcesco
3113 5156 3128 5206 ;
3155 5138 3324 5210 668
3350 5137 3435 5192 cui
3471 5136 3635 5191 etiam

2054 5262 2082 5298 a
2136 5243 2362 5298 Domino
2412 5238 2652 5293 dicitur:
2690 5253 2708 5285 ι
2742 5234 3012 5303 Egredere
3041 5272 3056 5296 ,
3107 5239 3162 5285 et
3212 5240 3293 5285 sta
3345 5230 3395 5283 in
3452 5237 3635 5282 monte

2053 5351 2235 5392 coram
2266 5333 2493 5388 Domino
2521 5327 2638 5399 (III
2664 5326 2790 5398 Reg.
2815 5326 2983 5397 1:11).»
3017 5324 3134 5380 Non
3177 5326 3254 5378 ait
3281 5364 3297 5390 ,
3328 5323 3455 5378 sede
3477 5362 3492 5386 ,
3541 5320 3637 5374 sed

2055 5437 2138 5483 sta
2197 5441 2380 5482 coram
2427 5421 2673 5478 Domino.
2722 5418 2973 5488 Nunquid
3011 5426 3067 5473 et
3111 5417 3278 5471 David
3344 5425 3507 5484 atque
3559 5412 3636 5466 illi

2065 5529 2268 5591 septem
2299 5516 2449 5571 chori
2482 5530 2604 5569 cum
2651 5529 2715 5567 eo
2745 5512 3004 5566 sedebant
3033 5525 3213 5565 coram
3243 5523 3368 5562 arca
3401 5505 3634 5571 Domini,

2061 5623 2116 5668 ct
2139 5627 2240 5666 non
2269 5608 2446 5680 potius
2476 5649 2490 5673 ,
2541 5607 2680 5660 sicut
2725 5602 3002 5673 Scriptura
3031 5610 3260 5657 testatur
3290 5615 3305 5652 :
3343 5619 3359 5650 ‹
3398 5599 3515 5668 Ipse
3544 5613 3637 5653 rex

2061 5703 2394 5776 perculiebat
2425 5700 2477 5753 in
2502 5697 2724 5768 organis
2752 5737 2766 5761 ,
2795 5703 2849 5749 et
2888 5695 3160 5761 saltabat,
3209 5707 3275 5746 ac
3323 5688 3638 5745 subsiliebat

2047 5797 2194 5852 totis
2216 5795 2420 5848 viribus
2464 5799 2588 5846 ante
2618 5790 2944 5845 Dominum?
2973 5809 2990 5842 ι
3025 5787 3111 5857 (ΙΙ
3141 5785 3269 5854 Reg.
3309 5785 3407 5851 vr.)
3442 5781 3639 5847 Sicque

2066 5889 2334 5947 ducebant
2385 5901 2568 5943 arcam
2617 5885 2673 5942 in
2713 5883 2928 5954 jubilo,
2985 5889 3041 5937 et
3090 5880 3344 5948 clangore
3379 5874 3638 5932 buccinre.
