4142 5396
535 388 639 445 647

996 383 1054 440 S.
1096 381 1302 439 PETRI
1336 379 1621 438 DAMIANI
1652 382 1802 439 OPP.
1840 381 2075 440 TOMUS

2205 383 2244 440 U
2280 384 2458 441 PARS
2489 384 2577 441 ΙΙΙ.
2607 386 3063 446 -οΡυδουιΑ
3105 392 3333 448 VARlA.

3698 397 3806 455 648

535 499 674 555 Nota
704 511 917 569 quoque
962 496 1106 566 quod
1147 495 1226 549 ait
1280 494 1541 549 Dominus
1602 493 1769 566 Moysi
1798 513 1812 548 :
1842 513 1861 546 ι
1894 494 2119 566 Applica
2144 501 2196 561 Α
2224 506 2385 566 toque
2417 496 2692 553 difficilius
2738 499 2822 554 sui
2862 501 3107 571 corporis
3134 504 3482 574 gravedinem
3524 508 3806 577 tolerant,

536 591 737 648 tribum
783 589 955 653 Levi,
1007 594 1061 641 et
1106 586 1194 641 fac
1248 594 1396 641 stare
1459 586 1511 640 in
1576 596 1867 656 conspectu
1930 587 2111 642 Aaron

534 683 854 747 sacerdotis,
885 690 946 735 ut
988 680 1301 735 ministrent
1330 679 1412 745 ei,
1440 686 1497 733 et
1523 679 1813 744 excubant,
1841 685 1898 732 et
1920 678 2111 733 obser-

532 784 660 833 vent
684 773 939 846 quidquid
971 773 1039 827 ad
1066 772 1268 827 cultum
1289 771 1523 842 pertinet
1545 770 1907 826 multitudinis
1927 785 2112 825 coram

532 864 883 926 tabernaculo
936 863 1228 920 testimonii
1288 861 1374 933 (II
1424 861 1555 916 Par.
1587 861 1699 933 xv).
1733 881 1751 915 ι
1816 860 2107 931 Nonlait:

531 962 777 1025 sedeant,
813 959 1046 1014 oscitent
1069 999 1084 1024 ,
1114 967 1170 1013 et
1213 957 1545 1024 dormitent;
1578 958 1673 1013 sed
1722 956 1808 1013 fac
1839 967 1985 1014 stare
2014 997 2030 1024 ,
2053 964 2113 1012 ut

530 1050 862 1116 ministrent,
886 1050 1173 1115 excubent,
1186 1057 1241 1104 et
1260 1049 1573 1105 observent.
1589 1046 1802 1121 Moyses
1823 1049 1877 1104 in
1904 1057 2111 1116 monte,

530 1158 630 1216 per
672 1142 1023 1214 quadraginta
1063 1142 1196 1197 dies)
1221 1153 1276 1196 et
1319 1142 1540 1197 totidem
1570 1152 1757 1198 noctes
1785 1183 1801 1210 ,
1833 1158 2111 1216 nunquam

528 1235 615 1291 vel
667 1236 734 1291 ad
789 1242 1120 1290 momentum
1168 1233 1389 1304 quidem
1431 1233 1611 1300 sedit,
1664 1234 1810 1288 nulla
1861 1235 1968 1289 cibi
1998 1224 2111 1290 'v'el

528 1333 688 1397 potus
725 1324 978 1381 alimenta
1008 1324 1271 1395 percepit,
1296 1324 1391 1379 sed
1409 1321 1626 1392 jejunus
1656 1324 1886 1379 Domino
1909 1325 2111 1397 jugiter

528 1417 703 1473 astitit
740 1416 929 1489 (Num.
963 1418 1083 1487 Ill);
1129 1424 1185 1471 et
1232 1423 1288 1471 tu
1316 1456 1331 1482 ,
1380 1415 1472 1486 qui
1513 1416 1826 1487 quotidiana
1871 1424 1924 1471 te
1973 1416 2113 1472 refe-

527 1510 706 1567 ctione
737 1519 1029 1578 sustentas,
1062 1509 1210 1564 brevi
1259 1508 1450 1565 saltem
1479 1508 1657 1580 spatio
1687 1509 1933 1580 gravaris
1980 1517 2110 1565 ante

527 1603 605 1657 tui
651 1602 960 1659 Conditoris
1013 1610 1192 1658 astare
1245 1602 1635 1673 praesentiam?
1694 1602 1787 1656 Sic
1848 1602 1992 1656 enim
2054 1602 2111 1658 in

525 1699 717 1755 Exodo
779 1698 1024 1768 legitur:
1059 1715 1078 1750 ι
1133 1696 1297 1751 Stetit
1359 1711 1489 1767 ergo
1547 1695 1621 1751 ibi
1691 1710 1811 1750 cum
1880 1694 2109 1751 Domino

525 1792 737 1867 Moyses
792 1792 1148 1863 quadraginta
1208 1790 1324 1846 dies
1386 1798 1443 1845 et
1489 1798 1714 1857 noctes,
1758 1804 1953 1860 panem
1999 1803 2105 1844 non

2219 594 2366 642 tanto
2399 588 2673 658 copiosius
2714 604 2811 645 eos
2837 592 2907 646 ad
2931 579 3100 648 Deum
3144 595 3397 650 meritum
3444 598 3604 654 levat.

2282 676 2451 733 Porro
2504 687 2720 746 autem,
2775 681 2917 737 sicut
2962 684 3204 754 Eutropii
3256 694 3485 743 testatur
3537 690 3792 763 historia,

2218 765 2387 826 Varro
2435 771 2621 827 consul
2650 773 2903 842 quoniam
2938 776 3080 844 apud
3126 775 3359 842 Cannas,
3384 778 3512 834 dum
3541 783 3802 842 adversus

2210 860 2529 917 Annibalem
2576 863 2910 935 confligeret,
2955 865 3528 940 perdidit,‘nunquam
3565 883 3804 943 postmo-

2212 951 2338 1007 dum
2378 968 2549 1024 usque
2586 955 2653 1010 ad
2686 955 2810 1010 vita:
2851 970 2963 1011 suae
3005 958 3296 1013 terminum
3326 961 3595 1018 recubans
3616 966 3803 1023 cibum

2210 1046 2459 1117 sumpsit.
2489 1046 2645 1114 Quod
2699 1048 2746 1105 si
2792 1047 2996 1106 faciunt
3037 1050 3142 1107 hoc
3179 1052 3382 1108 ethnici
3422 1053 3662 1111 utfama:
3689 1071 3804 1115 sua
3906 1088 3911 1091 -

2210 1152 2408 1195 nomen
2449 1140 2777 1208 extendant,
2809 1143 2940 1213 quid
2980 1145 3245 1215 agendum
3280 1155 3363 1202 est
3388 1146 3714 1204 Christianis
3739 1158 3801 1205 ut

2211 1228 2268 1282 in
2299 1228 2507 1285 caelesti
2533 1230 2636 1285 sibi
2677 1231 2849 1304 gloria
2878 1234 3036 1290 sedes
3063 1235 3388 1305 acquirant?
3426 1237 3716 1296 Enimvero
3751 1240 3800 1296 si

2212 1322 2408 1393 dignus
2433 1324 2488 1379 in
2517 1325 2687 1382 Deum
2725 1326 2882 1383 nobis
2908 1328 3093 1384 fervor
3118 1329 3337 1396 inesset,
3367 1346 3468 1402 par
3497 1332 3675 1389 fuerat
3699 1349 3799 1391 nos

2211 1415 2355 1471 inter
2382 1417 2578 1473 divinae
2609 1418 2782 1475 laudis
2808 1420 3067 1477 excubias
3112 1438 3223 1478 non
3260 1423 3422 1479 modo
3442 1439 3552 1481 non
3582 1425 3796 1493 sedere,

2211 1507 2309 1563 sed
2334 1517 2389 1563 et
2417 1509 2668 1565 manibus
2709 1511 2762 1565 in
2793 1511 2903 1567 alta
2939 1514 3206 1583 porrectis
3232 1514 3631 1573 incessabiliter
3655 1516 3804 1589 psal-

2212 1599 2348 1657 lere.
2397 1601 2548 1657 Sicnt
2585 1603 2836 1659 hortatur
2860 1620 2959 1662 nos
2987 1605 3298 1675 Psalmista,
3328 1625 3450 1665 cum
3474 1609 3607 1666 dicit
3637 1628 3651 1664 :
3690 1629 3709 1663 ι
3737 1609 3799 1669 In

2210 1696 2463 1754 noctibus
2489 1696 2731 1752 extollite
2768 1713 2961 1755 manus
2993 1708 3205 1755 vestras
3237 1700 3290 1756 in
3317 1711 3528 1769 sancta,
3559 1711 3613 1757 et
3633 1703 3803 1759 bene-

2212 1789 2375 1846 dicite
2432 1788 2723 1845 Dominum
2770 1788 2941 1860 (Paul.
2973 1792 3223 1862 CXXXIII).
3257 1811 3275 1844 ι
3310 1792 3379 1848 Et
3413 1793 3702 1864 Apostolus
3729 1793 3800 1850 ad

524 1886 783 1953 comedit,
820 1894 877 1941 et
924 1900 1120 1956 aquam
1161 1899 1268 1939 non
1295 1884 1453 1951 bibit,
1477 1891 1531 1939 et
1554 1882 1773 1954 scripsit
1816 1883 1872 1937 in
1915 1880 2111 1939 tabulis
2137 1879 2187 1942 Β
2216 1881 2556 1937 Timotheum
2582 1898 2594 1935 :
2618 1900 2636 1934 ε
2679 1879 2829 1947 Volo,
2854 1882 3207 1952 inquit,viros
3226 1898 3386 1939 orare
3407 1884 3462 1939 in
3486 1885 3632 1940 omni
3655 1884 3795 1953 loco,

520 1977 689 2033 verba
736 1976 959 2032 foederis
1012 1975 1201 2030 decem
1244 1972 1442 2046 (Exod.
1509 1975 1719 2045 xxxiv).
1759 1991 1778 2025 ›
1830 1972 2107 2042 Hodieque

520 2066 765 2124 nonnulli
814 2065 1050 2132 fratres,
1094 2066 1222 2120 dum
1261 2065 1513 2121 laudibus
1556 2064 1756 2120 divinis
1806 2063 2103 2131 insistunt,

519 2172 629 2215 non
660 2165 788 2214 sunt
834 2157 949 2212 solo
1007 2157 1184 2213 standi
1231 2157 1415 2213 labore
1459 2157 1747 2224 contenti,
1796 2165 2110 2228 satagentes

522 2248 746 2320 insuper
788 2258 843 2305 et
868 2264 971 2320 per
991 2249 1096 2304 alia
1131 2250 1214 2305 sui
1243 2249 1490 2319 corporis
1517 2248 1777 2305 exercitia
1806 2248 2044 2321 fatigari.

590 2341 756 2409 Nam,
782 2350 841 2397 ut
867 2343 935 2398 de
962 2343 1174 2399 caeteris
1209 2342 1394 2397 sileam
1422 2383 1437 2409 ,
1469 2344 1686 2413 quidam
1715 2343 1883 2399 frater
1903 2384 1918 2411 ,
1961 2343 2107 2400 Gezo

516 2434 761 2501 nomine,
789 2450 934 2491 nune
968 2450 998 2489 a
1026 2444 1214 2491 nostro
1261 2451 1370 2491 non
1412 2436 1603 2505 procul
1647 2435 1956 2492 babitaculo
1995 2437 2107 2492 dis-

517 2532 764 2598 paratur,
789 2529 1140 2599 sexagenaria
1164 2528 1276 2599 jam
1310 2528 1531 2583 circiter
1556 2537 1715 2583 aetate
1740 2529 2057 2601 grandaevus
2085 2568 2102 2598 ,

517 2615 612 2686 qui
650 2623 820 2671 totum
849 2616 1165 2688 psalterium
1195 2632 1371 2688 genua
1411 2617 1677 2674 ﬂectendo
1706 2618 1973 2685 decurrit,
2002 2619 2105 2676 hoc

512 2708 728 2767 scilicet
763 2710 924 2766 modo
978 2719 1037 2766 ut
1084 2727 1253 2767 unum
1293 2711 1509 2785 expleat
1546 2727 1763 2768 versum
1794 2713 1920 2769 dum
1947 2713 2105 2783 pavi-

522 2809 709 2858 mento
732 2803 1127 2878 prosternitur;
1154 2804 1388 2861 alterum
1413 2805 1541 2860 dum
1564 2804 1811 2876 protinus
1839 2804 2101 2860 elevatur.

516 2892 610 2953 Sic
638 2893 822 2966 itaque
855 2911 952 2966 per
982 2905 1156 2953 totum
1199 2897 1446 2970 psalterii
1480 2911 1699 2952 cursum
1737 2909 1843 2951 una
1890 2909 2106 2966 semper

516 2988 579 3046 fit
613 3000 884 3046 metantea
911 3006 1009 3060 per
1030 2989 1275 3060 geminos
1298 3004 1506 3045 versus.

584 3081 736 3138 Alius
781 3096 995 3153 quoque
1024 3080 1304 3138 nobiscum
1347 3080 1448 3135 fuit
1479 3122 1494 3147 ,
1547 3087 1707 3137 aetate
1745 3077 2057 3151 pr0vectior
2085 3117 2101 3143 ,

511 3172 606 3243 qui
639 3172 763 3242 jure
805 3173 1118 3230 Dominicus
1146 3172 1462 3230 vocabatur.
1493 3172 1595 3228 llic
1637 3172 1769 3227 mihi
1824 3171 2102 3227 confessus

2208 1975 2450 2031 levantes
2501 1989 2665 2045 puras
2722 1989 2914 2029 manus
2977 1974 3096 2030 sine
3155 1976 3238 2030 ira
3296 1983 3354 2032 et
3399 1976 3793 2047 disceptatione

2208 2065 2262 2135 (ι
2290 2066 2427 2121 Tim.
2457 2066 2543 2138 ιι).
2583 2085 2602 2119 ι
2651 2065 2790 2121 Nam
2837 2075 2892 2121 et
2949 2065 3245 2135 praeclarus
3300 2065 3558 2122 Ecclesiae
3610 2068 3800 2124 doctor

2205 2158 2525 2213 Ambrosius
2552 2157 2742 2212 beatos
2774 2165 3045 2228 martyres
3074 2156 3390 2212 Gervasium
3415 2165 3472 2211 et
3490 2156 3800 2213 Protasium

2207 2250 2447 2306 extensis
2469 2249 2721 2305 manibus
2747 2263 2963 2320 semper
2983 2258 3205 2305 orantes
3231 2264 3289 2305 se
3311 2249 3512 2304 vidisse
3544 2257 3796 2305 testatur.

2205 2340 2265 2397 In
2316 2340 2472 2412 cujus
2528 2341 2711 2398 verbis
2771 2342 2931 2397 datur
2984 2341 3213 2414 intelligi
3272 2344 3528 2413 quoniam
3580 2354 3635 2400 et
3682 2343 3799 2416 ipse

2206 2447 2315 2489 non
2369 2432 2527 2488 aliter
2571 2441 2699 2488 tunc
2753 2433 2946 2489 orabat
2988 2433 3633 2505 episcopus,quanqnam
3680 2434 3798 2504 ipse

2205 2524 2441 2585 vitandae
2497 2524 2682 2596 gloria:
2743 2540 2909 2581 causa
2968 2540 3074 2581 non
3142 2526 3430 2598 exprimat.
3490 2525 3797 2583 Verisimile

2206 2617 2404 2693 quippe
2432 2625 2516 2673 est
2557 2624 2618 2672 ut
2666 2632 2789 2672 eum
2817 2633 2926 2689 quo
2956 2617 3114 2673 simul
3144 2627 3324 2685 orant,
3357 2633 3698 2689 nequaquam
3724 2617 3795 2673 ab

2206 2724 2272 2765 eo
2290 2710 2345 2764 in
2359 2710 2626 2765 orationis
2639 2708 3244 2780 qualitatedissentiant
3264 2728 3277 2763 :
3296 2709 3534 2781 alioquin
3563 2710 3610 2764 si
3634 2709 3797 2766 aliter

2206 2798 2395 2854 orabat
2415 2799 2761 2866 Ambrosius,
2783 2798 2852 2855 ad
2880 2800 2983 2855 hoc
3007 2799 3109 2855 sibi
3143 2799 3308 2871 67o
3332 2798 3420 2854 ille
3456 2799 3644 2855 modus
3667 2814 3796 2855 ora-

2209 2891 2371 2948 tionis
2410 2890 2736 2956 ostenditur,
2782 2901 2842 2946 nt
2869 2892 2937 2945 ad
2963 2890 3104 2945 hanc
3138 2890 3330 2945 orandi
3366 2890 3605 2960 regulam
3634 2889 3793 2946 dein-

2208 2999 2333 3055 ceps
2360 2982 2696 3039 informetur.
2734 2982 2832 3039 Cui
2863 2998 2986 3038 cum
3028 2984 3222 3039 beatus
3248 2981 3447 3038 Paulus
3468 2982 3534 3038 de
3554 2981 3796 3053 praefatis

2206 3077 2537 3149 martyribus
2565 3077 2790 3144 diceret,
2832 3092 3059 3147 quorum
3099 3091 3329 3146 corpora
3360 3075 3414 3130 in
3443 3076 3633 3132 eodem
3673 3074 3795 3132 loco

2207 3169 2511 3239 inveniens,
2540 3174 2822 3245 signanter
2866 3173 3107 3229 addidit:
3143 3172 3197 3226 in
3233 3188 3340 3243 quo
3386 3181 3499 3227 stas
3543 3180 3598 3226 et
3643 3186 3792 3227 oras.

508 3274 614 3332 est,
662 3281 805 3337 saepe
854 3281 915 3322 se
953 3267 1101 3323 mille
1148 3267 1344 3324 fecisse
1390 3263 1691 3322 metanoeas
1726 3280 1826 3335 per
1861 3264 2102 3335 singulos
2129 3254 2177 3317 Ο
2207 3260 2400 3317 Stabat
2446 3264 2643 3334 quippe
2681 3264 2939 3321 sacerdos
2981 3264 3234 3335 egregius
3264 3279 3388 3318 cum
3441 3265 3656 3327 orabat,
3684 3277 3792 3319 non

511 3358 650 3428 dies,
675 3357 803 3414 dum
846 3366 1026 3415 tamen
1056 3359 1234 3415 ferrea
1265 3359 1434 3415 lorica
1463 3359 1666 3430 iugiter
1704 3366 1849 3413 esset
1875 3356 2099 3412 indutus

513 3452 582 3507 ad
603 3465 843 3509 carnem.
874 3450 981 3507 Sed
1020 3452 1113 3522 qui
1144 3450 1269 3507 talia
1314 3451 1508 3521 quaerit
1545 3449 1738 3505 audire
1784 3456 1940 3503 curet
1964 3463 2099 3520 opu-

512 3538 662 3597 scula
690 3549 879 3596 nostra
911 3555 1248 3612 percurrere.

1121 3649 1349 3708 CAPUT
1369 3639 1377 3643 ’
1395 3652 1483 3708 ιγ.

514 3737 808 3811 ρυοάζιαὶοί
831 3755 1034 3813 quoque
1053 3742 1108 3795 in
1130 3743 1504 3867 eccleﬁabinter
1532 3742 1710 3797 divina
1735 3739 1901 3811 ofﬁcia
1922 3738 2098 3795 sedere

1132 3829 1236 3867 non
1314 3830 1342 3867 ε
1376 3823 1482 3867 ent.

1132 3829 1236 3868 non
1278 3823 1482 3868 debent.

581 3903 736 3959 Nunc
764 3911 946 3960 autem
977 3903 1179 3960 sufficit
1208 3904 1340 3961 mihi
1376 3904 1649 3962 sanctitati
1679 3913 1874 3961 vestra:
1907 3919 2098 3977 sugge—

510 4012 633 4052 rere
694 4007 753 4051 ut
793 3996 897 4052 hoc
946 3997 1196 4068 ignobilis
1254 3998 1593 4070 negligentia:
1649 3998 1839 4053 vitium
1902 3998 1957 4052 in
1998 4011 2096 4053 sua

510 4094 663 4164 prius
689 4092 931 4150 Ecclesia
957 4096 1235 4166 corrigat,
1280 4097 1475 4152 deinde
1515 4110 1611 4167 per
1634 4105 1954 4152 caeterarnm
1981 4094 2097 4166 pal-

510 4185 673 4241 mites
699 4194 956 4256 tanquam
979 4186 1174 4243 falcem
1195 4188 1488 4244 salutifera:
1516 4188 1878 4259 correptionis
1899 4196 2093 4245 exten-

513 4277 629 4332 dat.
674 4278 927 4335 Bistricte
973 4282 1172 4351 quippe
1219 4281 1613 4351 prohibendum
1655 4290 1740 4337 est
1783 4296 1890 4337 non
1934 4282 2093 4338 modo

511 4369 745 4434 clericis,
770 4371 866 4426 sed
892 4379 948 4425 et
976 4370 1130 4427 laicis
1152 4373 1435 4443 utriusque
1459 4389 1622 4429 sexus
1648 4414 1663 4439 ,
1708 4381 1767 4428 ut
1797 4372 1925 4441 nisi,
1953 4373 2095 4429 sicut

511 4475 630 4515 mos
654 4470 741 4514 est
762 4499 777 4526 ,
809 4460 950 4515 inter
990 4464 1238 4517 nocturni
1273 4464 1535 4520 lectiones
1561 4464 1759 4533 officii,
1794 4464 1928 4520 alias
1952 4465 2091 4549 dum

513 4546 712 4605 divinis
731 4550 949 4620 hymnis
968 4550 1258 4619 insistitur,
1284 4569 1443 4610 nemo
1467 4555 1674 4620 sedeat,
1697 4554 1820 4620 nisi,
1850 4546 2092 4624 collicias

2205 3353 2276 3409 ad
2300 3353 2473 3410 instar
2502 3354 2730 3411 istorum
2775 3356 3017 3421 sedebat,
3040 3364 3096 3410 et
3132 3356 3304 3411 otiosa
3335 3355 3622 3410 tractabat.
3649 3353 3798 3410 Prte-

2205 3453 2350 3501 terea
2380 3460 2502 3500 cum
2525 3446 2666 3501 idem
2689 3446 2836 3502 dicat
2856 3446 3149 3516 Apostolus
3176 3464 3190 3499 :
3224 3464 3244 3497 ί
3280 3444 3383 3511 Qui
3412 3454 3537 3500 sunt
3564 3445 3799 3502 admini-

2204 3539 2448 3594 stratorii
2475 3538 2712 3610 Spiritus
2732 3539 2785 3594 in
2802 3539 3161 3594 ministerium
3177 3539 3326 3594 missi
3342 3545 3564 3608 propter
3584 3552 3677 3593 eos
3698 3538 3796 3609 qui

2204 3630 2580 3687 hereditatem
2604 3630 2825 3702 capiunt
2851 3630 3042 3686 salutis
3057 3629 3242 3702 (Hebr.
3269 3631 3363 3701 1).»
3394 3629 3495 3685 Ubi
3516 3629 3794 3688 credenda

2202 3730 2287 3778 est
2311 3720 2651 3792 frequentius
2678 3721 2923 3793 angelica
2959 3723 3236 3779 beatitudo
3265 3723 3594 3791 discurrere,
3624 3739 3789 3794 quam

2202 3813 2257 3868 in
2301 3812 2564 3878 Ecclesia,
2596 3813 2690 3869 ubi
2732 3813 2882 3869 novit
2918 3812 3014 3868 Dei
3061 3813 3339 3884 populum,
3370 3822 3589 3884 propter
3625 3828 3789 3884 quem

2200 3902 2411 3962 scilicet
2448 3902 2703 3969 mittitur,
2729 3903 3054 3959 convenire?
3094 3903 3163 3959 Et
3190 3903 3281 3974 qui
3311 3903 3603 3975 potentiori
3631 3903 3791 3959 cuili-

2199 3997 2293 4054 bet
2327 4010 2573 4067 persona:
2609 3994 2935 4052 festinanter
2970 3996 3325 4067 assurgimus,
3353 4010 3785 4067 quapraesump-

2201 4089 2368 4146 tionis
2392 4088 2618 4145 audacia
2647 4087 2837 4145 sedere
2863 4103 3051 4145 coram
3077 4086 3370 4144 virtutibus
3391 4086 3651 4159 angelicis
3671 4100 3783 4145 non

2201 4179 2487 4237 timemus?

2272 4270 2353 4326 Tu
2388 4279 2593 4338 autem,
2619 4271 2989 4339 dilectissime,
3023 4272 3150 4341 quia
3180 4271 3234 4325 in
3268 4269 3509 4327 occiduis
3538 4268 3786 4339 partibus

2198 4361 2345 4437 inter
2374 4362 2687 4420 sacerdotes
2710 4362 2938 4434 insignis
2960 4378 3020 4418 es
3043 4376 3108 4417 ac
3124 4360 3358 4417 celebris
3371 4357 3783 4428 famae,ubique,

2198 4452 2253 4507 in
2281 4463 2542 4525 quantum
2574 4462 2747 4524 potes,
2778 4461 2834 4508 et
2867 4453 2970 4509 hoc
2998 4452 3373 4525 ignominiosae
3404 4450 3661 4507 sessionis
3686 4464 3785 4521 op-

2196 4543 2476 4615 probrium
2520 4543 2759 4609 destrne,
2783 4551 2835 4598 et
2867 4552 3063 4599 caetera
3088 4557 3209 4613 quae
3237 4541 3497 4597 villicatui
3526 4539 3784 4595 sacerdo-

511 4656 638 4697 eum
676 4617 930 4699 valetudo
955 4617 1267 4716 compellat.
1299 4644 1593 4716 Plerosque
1633 4617 1829 4717 nempe
1861 4617 2096 4703 vidimus

2205 4639 2325 4696 talis
2374 4638 2539 4695 ofﬁcii
2591 4647 2925 4709 competunt,
2970 4653 3076 4695 non
3108 4639 3346 4719 segniter
3380 4637 3606 4709 implere
3654 4651 3782 4694 con-

510 4750 618 4791 non
656 4735 817 4792 modo
847 4736 1034 4804 sacri,
1086 4738 1180 4793 sed
1225 4747 1281 4794 et
1333 4738 1610 4796 saecularis
1650 4739 1859 4796 ordinis
1901 4739 2092 4815 viros,

511 4835 709 4906 quisic
757 4834 901 4891 inter
941 4835 1196 4907 quaelibet
1239 4836 1619 4893 ecclesiasticae
1647 4836 1869 4908 synaxis
1912 4835 2095 4893 ofﬁcia

510 4936 683 4983 status
719 4929 801 4983 sui
841 4930 1045 4985 viribus
1086 4938 1211 4985 sunt
1240 4930 1499 5003 contenti,
1534 4940 1593 4984 nt
1621 4944 1722 4985 nec
1752 4930 1911 4999 podio
1936 4969 1951 4995 ,
1994 4945 2096 4985 nec

513 5018 777 5056 nrlionnnli
818 5036 1036 5056 ἢμην-οπερ
1068 5022 1159 5056 II":
1196 5023 1437 5056 natator-im
1473 5022 1760 5056 tlinnnnlnn
1786 5022 1939 5056 ἷηηῖιῖ
1993 5021 2093 5056 ηιιῖ

2199 4733 2358 4790 tende
2391 4752 2405 4788 :
2438 4747 2627 4805 argue,
2649 4734 2898 4799 obsecra,
2929 4732 3170 4803 increpa,
3202 4739 3386 4803 atque,
3415 4740 3476 4786 ut
3499 4730 3644 4786 idem
3666 4743 3784 4785 mo-

2198 4837 2292 4885 net
2311 4828 2622 4899 Apostolus,
2653 4847 2672 4880 ι
2707 4828 2887 4900 vigila,
2919 4827 2974 4883 in
2999 4827 3250 4882 omnibus
3292 4825 3665 4895 laboranopus
3692 4821 3780 4877 fac

2198 4920 2563 4991 evangelistre,
2588 4920 2952 4977 ministerium
2980 4928 3128 4975 tuum
3153 4918 3316 4989 imple
3341 4916 3424 4991 (ιι
3453 4909 3587 4971 Tim.
3620 4916 3727 4986 1v);
3755 4931 3775 4966 ι

2199 5021 2273 5056 nl,
2309 5010 2431 5056 mum
2480 5026 2703 5056 necesse
2753 5010 2914 5056 fuerit
2954 5012 3265 5056 nnnsnenlni
3308 5009 3505 5056 summi
3545 5005 3782 5056 nastoris
