4138 6320
334 321 440 378 649

604 503 884 524 ὀ*

1357 329 1596 388 OPUSC.
1639 331 1750 387 XL.
1782 364 1850 372 —
1889 333 1976 388 DE
2011 335 2375 394 FRENANDA
2411 341 2548 396 ΙΒΔ.

1133 513 2570 538 __.______—__________

3459 357 3562 412 650

2586 527 3560 558 ---———————-—————___.

651 671 1008 744 67””
1084 692 1522 809 OPUSC
1539 695 1900 812 ULUM

2003 697 3241 832 QUADRAGESIMUM.

857 911 964 973 DE
995 912 1424 975 FRENANDA
1479 916 1616 976 lRA
1664 917 1766 977 ET
1828 913 2413 982 SIMULTATIBUS
2445 922 3043 985 EXSTIRPANDIS.

343 1183 740 1247 Attonitum“.
770 1212 840 1259 -_-
877 1172 1195 1240 Gratulatur
1237 1183 1301 1259 Y.
1335 1185 1587 1254 episcopo
1611 1225 1646 1259 ,_
1683 1186 1902 1259 quod__a
1951 1187 2374 1259 gravihqttodam
2431 1189 2619 1242 morbo
2667 1187 2763 1243 Dei
2809 1191 2977 1259 gratia
3023 1193 3398 1250 convaluisset.
3435 1195 3573 1251 Hinc

414 1272 625 1332 sumpta
654 1257 938 1313 occasione
967 1255 1517 1332 eumdemnhortatur,
1547 1264 1604 1332 ut
1634 1255 1966 1332 iracundiam
2000 1256 2284 1332 cohibeat__;
2317 1259 2423 1332 odii
2479 1267 2535 1332 et
2565 1255 2895 1312 simultatum
2934 1261 3137 1332 semina
3157 1303 3170 1322 ,
3201 1265 3246 1317 si
3293 1280 3410 1332 quae
3449 1275 3575 1320 sunt

413 1334 468 1386 in
501 1325 681 1385 animo
721 1343 840 1399 suo,
872 1327 1084 1396 penitus
1114 1325 1334 1399 evellat;
1378 1334 1434 1380 et
1477 1325 1705 1394 denique
1739 1334 1819 1390 ut,
1848 1325 2002 1395 juxta
2032 1327 2354 1396 evangelicae
2394 1328 2527 1399 legis
2572 1337 2919 1398 prreccptum,
2966 1330 3197 1387 inimicis
3232 1325 3344 1390 suis
3386 1349 3575 1391 omnes

414 1401 642 1472 injurias
671 1410 725 1455 et
745 1397 978 1453 offensas
1003 1397 1288 1450 condonet.

419 1536 623 1590 Domno
654 1534 715 1589 V.
739 1529 1175 1588 reverentissimo
1195 1529 1444 1600 episcopo
1471 1526 1684 1583 PETRUS
1723 1541 1910 1598 pecca-
1935 1529 1984 1591 Α
2005 1528 2067 1582 in
2099 1536 2338 1599 tempore
2371 1529 2732 1588 tribulationis
2757 1544 2980 1603 peccata
3015 1537 3239 1593 dimittis
3268 1539 3353 1594 his
3382 1540 3472 1610 qui
3498 1542 3578 1595 in-

339 1636 432 1684 tor
458 1627 754 1684 monachus
776 1625 1000 1681 salutem
1031 1624 1083 1677 in
1119 1623 1366 1677 Domino.

631 1802 635 1808 ,
850 1735 1398 1808 enormitatem.

624 1805 964 1878 Inﬁrmitates
1003 1826 1033 1862 a
1067 1807 1173 1860 Deo
1206 1822 1300 1860 cur
1337 1805 1630 1858 mittantur.

413 1893 555 1957 Vere
595 1899 791 1954 divina:
829 1897 1198 1966 dispositionis
1249 1895 1381 1951 ordo
1431 1893 1737 1958 laudabilis,
1783 1893 1910 1962 quia

341 1993 468 2046 dum
517 2001 682 2056 secat,
710 1998 890 2053 curat;
941 1988 1064 2042 dum
1106 1985 1358 2055 percutit,
1393 1985 1596 2049 erudit;
1645 1985 1908 2048 medetur,

342 2083 468 2138 dum
505 2080 693 2134 vulnus
723 2077 930 2148 inﬂigit.
963 2077 1042 2130 Ad
1075 2076 1177 2130 hoc
1203 2074 1345 2129 enim
1371 2083 1454 2138 te,
1481 2073 1779 2128 venerande
1807 2073 1908 2128 Pa-

342 2179 447 2234 ter,
470 2171 650 2224 divina
681 2168 939 2222 severitas
983 2165 1278 2234 corporalis
1316 2163 1574 2217 molestia:
1597 2162 1910 2216 verberibus

339 2259 531 2321 cinxit,
565 2266 621 2312 ut
655 2267 906 2327 tauquam
956 2255 1181 2310 docilem
1215 2269 1440 2324 puerum
1468 2269 1497 2307 a
1528 2253 1741 2307 levitate
1762 2268 1909 2306 com-

341 2359 606 2421 pesceret,
637 2348 838 2403 idcirco
875 2355 928 2401 te
972 2344 1166 2400 malleo
1211 2344 1501 2413 disciplinae
1540 2343 1824 2413 percussit,
1851 2352 1910 2396 ut

339 2453 436 2493 vas
478 2438 608 2493 utile
659 2438 712 2492 in
747 2439 902 2493 domo
946 2435 1161 2491 Domini
1202 2451 1231 2490 a
1279 2435 1671 2489 scabrescentis
1722 2435 1908 2488 scorize

340 2534 426 2587 vel
477 2531 811 2602 superducta:
862 2531 1124 2601 rubiginis
1169 2530 1416 2599 squalore
1462 2535 1732 2598 purgaret.
1772 2525 1909 2580 llinc

337 2632 422 2679 est
467 2624 606 2692 quod
644 2623 710 2676 de
761 2621 1214 2692 incorrigibilibus
1266 2627 1321 2673 et
1365 2615 1773 2686 indisciplinatis
1811 2628 1908 2684 per

337 2714 656 2782 prophetam
678 2711 876 2766 dicitur
907 2730 920 2764 :
958 2729 975 2762 ι
1016 2707 1334 2765 Percussisti
1363 2721 1476 2771 eos,
1511 2716 1565 2760 et
1593 2722 1697 2759 non
1726 2705 1908 2760 dolue-

2013 1628 2206 1673 vocant
2229 1628 2280 1674 te
2309 1619 2460 1689 (Tob.
2494 1621 2596 1690 nt).
2631 1641 2650 1673 ι
2680 1621 2953 1691 Sequestri
2982 1625 3138 1694 plane
3165 1626 3379 1683 functus
3404 1628 3576 1685 oﬂicio

2007 1707 2322 1776 frequenter
2355 1709 2678 1775 institeram,
2705 1721 2766 1765 ut
2793 1728 2913 1766 cum
2944 1714 3180 1770 inimicis
3211 1718 3314 1772 tuis
3340 1719 3577 1774 rediviva

2011 1813 2144 1868 pace
2167 1813 2536 1867 componeres,
2565 1808 2623 1854 ut
2641 1786 2887 1857 osoribus
2915 1803 3023 1857 tuis
3049 1813 3099 1859 te
3125 1804 3320 1874 injuste
3338 1806 3578 1861 laedenti-

2010 1889 2111 1944 bus
2139 1890 2542 1944 sacerdotaliter
2585 1891 2921 1963 indulgeres;
2955 1894 3046 1949 sed
3084 1896 3248 1950 animi
3275 1897 3346 1950 lui
3377 1907 3574 1964 motus,

2000 1995 2146 2050 quos
2184 1981 2342 2036 homo
2380 1981 2659 2037 blandiens
2699 1983 2867 2038 lenire
2911 2001 3016 2040 non
3049 1987 3256 2056 potuit,
3290 1989 3578 2044 austeritas

2012 2071 2190 2125 divina
2217 2073 2548 2141 perdomuit;
2595 2080 2667 2140 et,
2698 2083 2757 2128 ut
2783 2075 2855 2128 ita
2888 2075 3094 2144 loquar,
3134 2077 3268 2131 iram
3301 2087 3443 2132 tuam
3471 2080 3578 2135 ira.

2009 2163 2209 2217 scendo
2249 2163 2499 2232 placavit.
2544 2164 2743 2219 Saevire
2777 2165 2984 2220 scilicet
3015 2167 3066 2220 in
3095 2175 3145 2222 te
3177 2166 3365 2234 voluit,
3389 2177 3450 2222 ut
3479 2182 3578 2222 sa:-

2007 2252 2196 2305 vitiam
2221 2252 2430 2307 tolleret
2457 2270 2470 2306 :
2502 2253 2748 2321 spiritum
2781 2254 2998 2310 ultionis
3023 2255 3226 2321 elfudit,
3251 2265 3312 2311 ut
3332 2272 3578 2313 mansue-

2014 2343 2218 2399 tudinis
2248 2343 2298 2397 in
2332 2352 2381 2398 tc
2403 2345 2647 2413 spiritmn
2674 2345 3014 2400 reformaret.

2583 2427 2589 2434 ’
2633 2433 2861 2490 CAPUT
2898 2435 2961 2490 ll.

2258 2523 2409 2590 Quod
2431 2541 2523 2594 per
2547 2526 2683 2580 iram
2706 2527 2960 2594 sapientia
2996 2529 3327 2598 ἄθρει-Λαίαν.

2079 2615 2292 2683 Quanto
2322 2617 2480 2686 plane
2521 2619 2698 2672 studio
2743 2619 2927 2672 vitium
2973 2619 3263 2675 iracundia:
3300 2621 3371 2676 sit
3399 2621 3576 2677 vitan-

2007 2712 2176 2777 dum,
2243 2727 2388 2766 nunc
2449 2713 2746 2782 prudentize
2809 2723 2913 2768 tuae
2974 2713 3177 2783 liquido
3238 2715 3380 2770 valet
3439 2731 3580 2787 pro»

338 2812 492 2868 runt;
547 2801 820 2864 attrivisti,
869 2809 923 2854 et
971 2799 1257 2854 noluerunt
1293 2798 1536 2868 accipere
1569 2796 1900 2866 disciplinam

2009 2802 2139 2857 bare
2171 2801 2448 2870 judicium.
2479 2802 2612 2856 Nam
2639 2804 2727 2872 qui
2753 2810 2881 2858 tunc
2907 2804 3003 2858 tibi
3029 2805 3345 2859 videbantur
3382 2806 3576 2869 amari,

339 2898 554 2965 (Jerem.
583 2895 657 2966 v).
699 2915 718 2949 ι
756 2896 821 2949 Et
867 2895 1061 2949 iterum
1093 2912 1107 2948 :
1151 2914 1168 2945 ‹
1206 2893 1425 2947 Frustra
1480 2889 1730 2946 conﬂavit
1775 2906 1902 2945 con-
1932 2868 1977 2927 Β
2007 2868 2216 2962 tumque
2264 2868 2901 2948 familiaritatis—accessu
2960 2909 3181 2964 prorsus
3213 2895 3436 2964 indigni,
3462 2868 3582 2950 dul-

336 2985 522 3051 ﬂator;
553 2985 770 3040 malitiae
799 2999 983 3039 eorum
1029 2999 1134 3038 non
1176 2991 1301 3038 sunt
1329 2989 1655 3049 consumpta:
1681 2978 1895 3050 (larem.

337 3075 432 3146 vi).
474 3094 492 3126 ι
525 3074 596 3128 De
618 3075 808 3144 quibus
842 3082 895 3128 et
923 3073 1046 3128 alibi
1087 3088 1185 3142 per
1223 3073 1538 3142 prophetam
1578 3071 1755 3124 divina
1795 3085 1898 3124 vox

331 3166 449 3218 ait:
482 3185 499 3214 ι
533 3163 718 3219 Omnis
745 3164 930 3218 domus
954 3163 1114 3216 lsrael
1139 3163 1265 3216 mihi
1296 3177 1446 3216 versa
1475 3170 1550 3214 est
1585 3161 1636 3214 in
1667 3161 1897 3214 scoriam

329 3255 549 3326 (Ezech.
587 3256 743 3324 χιιι).
772 3274 790 3305 ι
826 3253 976 3308 Tunc
1004 3252 1147 3308 enim
1182 3253 1368 3307 domus
1398 3250 1558 3305 Israel
1591 3251 1643 3304 in
1671 3251 1897 3304 scoriam

335 3347 579 3408 vertitur,
608 3359 726 3398 cum
765 3343 944 3398 divina
974 3350 1225 3413 peccator
1279 3341 1746 3394 animadversione
1771 3355 1895 3410 per-

332 3449 540 3495 cussus,
573 3433 654 3486 vel
699 3433 752 3488 in
793 3431 1179 3500 desperationis
1223 3430 1531 3502 voraginem
1572 3429 1787 3493 labitur,
1816 3429 1902 3483 vel

332 3532 520 3576 contra
559 3523 702 3593 juste
751 3522 1020 3576 smvientis
1062 3521 1342 3591 imperium
1384 3536 1478 3590 per
1511 3521 1899 3588 impatientiam

332 3613 574 3669 effertur.
625 3613 692 3666 At
737 3623 945 3678 contra,
975 3614 1129 3681 quasi
1179 3623 1426 3668 manente
1455 3613 1689 3678 metallo,
1725 3613 1898 3668 scoria

331 3707 433 3762 sub
455 3707 650 3760 divinis
676 3707 1109 3776 percussionibus
1155 3704 1349 3770 avolat,
1385 3721 1503 3758 cum
1534 3705 1757 3774 quilibet
1783 3718 1898 3772 pte-

333 3797 510 3849 nitens
566 3810 795 3864 superno
840 3795 1062 3850 verbere
1118 3794 1398 3864 vapulaus,
1436 3803 1489 3848 et
1534 3795 1900 3848 inhorrescen-

333 3887 469 3939 tium
497 3900 526 3938 a
557 3901 613 3940 se
638 3886 883 3939 vitiorum
908 3886 1204 3955 rubiginem
1234 3885 1465 3953 projicit,
1482 3893 1536 3937 et
1559 3883 1902 3940 reﬂorescen-

251 3965 258 3971 ’
334 3977 467 4031 tium
495 3975 727 4029 candore
757 3976 1011 4029 virtutum
1040 3990 1103 4028 ac
1135 3974 1526 4042 resplendentis
1560 3974 1682 4026 vita:
1727 3974 1902 4027 nitore

333 4064 606 4119 clarescit.
635 4063 786 4132 Quod
823 4065 1005 4135 utique
1031 4080 1126 4134 per
1157 4071 1457 4132 respectum
1494 4063 1684 4117 divinae
1715 4063 1902 4132 gratiae

333 4157 386 4210 in
426 4165 476 4210 te
507 4156 789 4225 perSpicue
817 4155 1060 4210 videmus
1097 4154 1395 4224 impletum,
1427 4167 1548 4206 cum
1573 4161 1629 4206 et
1655 4153 1902 4206 inimicos

331 4261 520 4301 omnes
546 4251 600 4300 in
640 4246 866 4318 gratiam
911 4248 1177 4315 recepisti,
1200 4256 1253 4300 et
1286 4247 1363 4300 sic
1385 4245 1452 4299 ab
1480 4246 1719 4299 interiori
1749 4245 1900 4313 prius

332 4336 636 4390 valetudine
679 4335 1080 4399 convalesccns,
1115 4335 1278 4389 etiam
1308 4349 1531 4403 corpore
1553 4333 1724 4388 factus
1756 4336 1901 4388 inco-

330 4423 512 4487 lumis,
541 4423 791 4478 Ecclesia:
813 4424 1062 4494 gaudium
1091 4424 1390 4478 reddidisti.
1418 4422 1567 4478 Unde
1587 4439 1708 4477 cum
1735 4423 1898 4477 David

330 4529 437 4568 non
477 4515 680 4585 ingrata
734 4516 841 4569 Deo
886 4515 1049 4569 debes
1082 4531 1212 4570 voce
1257 4525 1520 4570 cantare:
1561 4535 1579 4567 ‹
1620 4515 1900 4583 Castigans

330 4604 614 4672 castigavit
659 4617 743 4656 me
801 4604 1080 4667 Dominus,
1108 4613 1162 4658 et
1209 4605 1367 4658 morti
1408 4620 1511 4658 non
1565 4606 1786 4659 tradidit
1816 4619 1899 4658 me

329 4689 500 4765 (Paul.
525 4695 709 4759 cxvn).
757 4714 776 4745 ι
805 4694 871 4748 Et
899 4709 1023 4748 cum
1062 4693 1194 4747 Jona
1223 4712 1236 4747 :
1269 4713 1287 4744 ι
1322 4695 1453 4748 Cum
1500 4696 1900 4763 angustiaretur

330 4787 385 4839 in
411 4802 494 4840 me
524 4787 698 4840 anima
727 4802 864 4851 mea,
896 4787 1103 4842 Domini
1141 4787 1453 4841 recordatus
1480 4802 1618 4849 sum,
1641 4796 1698 4838 ut
1719 4787 1899 4840 veniat

329 4880 396 4931 ad
439 4888 488 4932 te
532 4881 704 4932 oratio
749 4895 868 4933 mea
904 4879 969 4932 ad
998 4878 1250 4947 templum
1283 4887 1526 4932 sanctum
1565 4885 1710 4931 tuum
1750 4877 1894 4948 (Jan.

327 4969 414 5040 tt).
449 4989 468 5022 ι
503 4971 704 5023 Dehine
757 4970 1054 5038 gratiarum
1102 4969 1340 5024 actiones
1389 4984 1509 5022 cum
1557 4969 1742 5022 eodem
1783 4984 1900 5036 pro-

325 5059 485 5127 pheta
509 5059 611 5113 hoc
639 5059 975 5128 potiSsimum
1013 5058 1176 5112 debes
1203 5060 1308 5111 line
1337 5057 1654 5112 concludere
1685 5075 1697 5110 :
1735 5075 1752 5108 ι
1786 5059 1898 5127 Ego

327 5160 506 5205 autem
565 5152 616 5204 iu
647 5166 775 5206 voce
837 5150 1012 5205 laudis
1065 5150 1352 5206 immolabo
1392 5150 1519 5216 tibi;
1568 5165 1898 5220 quaecunque

326 5245 448 5298 vovi
495 5244 713 5298 reddam
739 5258 836 5313 pro
858 5243 1031 5298 salute
1065 5259 1183 5298 mea
1218 5224 1445 5297 Domino
1468 5243 1676 5312 (Ibid.).
1714 5262 1732 5293 ι
1791 5241 1897 5295 Nos

322 5333 509 5397 etiam,
538 5335 628 5402 qui
656 5343 708 5388 te
733 5334 878 5388 velut
903 5334 1160 5389 amissum
1191 5335 1450 5402 recipere,
1475 5333 1584 5388 Deo
1614 5333 1892 5406 largiente,

327 5423 642 5487 meruimus,
669 5423 958 5478 oﬂ'eramus
987 5427 1035 5479 ei
1065 5424 1386 5477 sacriﬁcium
1417 5435 1721 5478 nostrorum
1758 5427 1897 5478 vitu-

2000 2985 2217 3039 cissima
2261 3000 2404 3037 nunc
2452 2999 2637 3038 eorum
2693 2983 3005 3039 aliabilitate
3063 2984 3376 3055 perfrueris,
3421 2992 3579 3055 teque

2000 3077 2054 3130 in
2105 3091 2197 3130 eos
2251 3091 2440 3130 secure
2493 3074 2816 3145 projieiens,
2878 3075 3270 3144 quodammodo
3325 3074 3578 3144 jucundis

1998 3164 2245 3218 amicitiae
2257 3165 2580 3220 constrictus
2599 3164 2929 3233 amplexibus
2942 3163 3242 3220 delectaris.
3260 3164 3409 3220 Tunc
3430 3163 3576 3220 enim

1999 3257 2191 3311 merito
2221 3256 2436 3310 dicebas
2461 3275 2472 3310 :
2503 3274 2521 3307 ι
2558 3255 2828 3310 Turbatus
2849 3264 2933 3310 est
2964 3271 3074 3325 ρης·
3105 3257 3179 3308 ira
3203 3255 3387 3310 oculus
3414 3271 3569 3310 meus

2001 3345 2174 3417 (Psal.
2205 3345 2311 3415 vi);
2348 3366 2366 3398 ›
2404 3361 2547 3401 nunc
2568 3355 2747 3402 autem
2777 3346 2941 3401 alacri
2969 3354 3122 3416 potes
3151 3361 3282 3400 voce
3306 3351 3525 3401 cantare
3560 3365 3573 3399 :

2005 3456 2024 3488 ι
2044 3437 2272 3492 iustitiae
2290 3438 2496 3492 Domini
2512 3447 2691 3502 rectte,
2707 3435 3041 3492 iretilicantes
3055 3438 3239 3503 corda,
3251 3445 3575 3505 praeceptum

1997 3528 2158 3598 673
2197 3528 2405 3581 Domini
2451 3528 2719 3592 lucidum,
2787 3527 3094 3581 illuminans
3153 3526 3338 3581 oculos
3390 3524 3566 3593 (Psal.

2001 3617 2180 3689 xvm).
2225 3637 2244 3670 ι
2299 3617 2630 3687 Praeceptum
2677 3617 2873 3687 quippe
2919 3617 3127 3670 Domini
3185 3615 3425 3670 charitas
3467 3623 3572 3670 est.

2007 3725 2024 3758 ι
2063 3706 2176 3761 Ηοε
2200 3713 2313 3772 est,
2365 3706 2569 3776 inquit,
2620 3715 2948 3776 prmceptum
2993 3720 3206 3770 meum,
3247 3713 3306 3758 ut
3343 3704 3576 3775 diligatis

2001 3798 2232 3853 invicem
2284 3796 2464 3864 (Joan.
2498 3795 2642 3866 xm).
2682 3814 2700 3848 ι
2737 3795 2851 3850 Hoc
2877 3809 3004 3849 sane
3031 3801 3357 3864 prmceptum
3389 3792 3574 3847 oculos

2002 3889 2181 3944 cordis
2206 3888 2503 3950 illuminat,
2556 3888 2699 3942 sicut
2741 3903 2770 3942 e
2815 3888 3090 3941 contrario
3120 3886 3255 3941 livor
3305 3886 3572 3940 etodium

1999 3988 2182 4034 crecat.
2217 3997 2234 4029 ι
2270 3977 2525 4046 Quisquis
2561 3995 2576 4027 ι
2613 3976 2788 4042 enim,
2817 3977 2958 4030 sicut
2993 3974 3353 4037 aitJoanues,
3409 3993 3426 4025 ι
3461 3973 3574 4026 odit

2002 4070 2223 4123 fratrem
2253 4085 2438 4132 suum,
2467 4068 2518 4120 in
2555 4067 2791 4120 tenebris
2819 4077 2899 4119 cst
2921 4107 2933 4128 ,
2962 4074 3013 4118 et
3042 4066 3092 4118 in
3124 4064 3360 4121 tenebris
3389 4064 3576 4116 ambu-

2003 4159 2111 4219 lat,
2143 4166 2197 4211 ct
2239 4158 2410 4210 nescit
2441 4171 2546 4224 quo
2584 4164 2700 4217 cat,
2735 4155 2860 4222 quia
2912 4154 3142 4207 tenebrae
3171 4137 3575 4208 excatcaverunt

2003 4249 2185 4303 oculos
2212 4246 2326 4314 ejus
2359 4247 2536 4316 (Joan.
2569 4245 2651 4315 ιι).
2685 4265 2701 4296 ι
2738 4244 2854 4310 Quo
2898 4253 3107 4306 contra,
3155 4243 3410 4296 Dominus
3450 4241 3526 4293 ait
3554 4255 3568 4292 :

2008 4360 2025 4388 ε
2063 4339 2171 4406 Ego
2199 4338 2287 4390 lux
2321 4337 2370 4390 in
2401 4337 2543 4389 hunc
2570 4336 2826 4388 mundum
2856 4334 2976 4387 veni
3000 4351 3013 4396 ;
3051 4342 3105 4387 et
3133 4333 3308 4386 omnis
3336 4331 3425 4400 qui
3454 4347 3570 4385 crc-

2002 4429 2079 4481 dit
2131 4429 2180 4480 in
2233 4442 2351 4490 me,
2400 4425 2452 4478 in
2500 4424 2734 4479 tenebris
2781 4439 2885 4478 non
2937 4432 3116 4478 manet
3168 4422 3348 4493 (Joan.
3387 4422 3507 4492 ιιι).
3547 4440 3564 4472 ι

2004 4521 2287 4573 Enimvero
2313 4519 2356 4572 si
2387 4518 2561 4572 omnis
2585 4517 2675 4587 qui
2725 4518 2899 4571 credit
2933 4517 2985 4570 in
3019 4515 3296 4572 Christum
3322 4531 3424 4571 non
3457 4531 3571 4568 ma—

2002 4621 2091 4664 net
2138 4603 2188 4662 iri
2232 4610 2499 4672 tenebris,
2541 4617 2595 4662 et
2622 4609 2796 4662 omnis
2826 4607 2917 4677 qui
2963 4608 3076 4663 odit
3104 4606 3325 4661 fratrem
3372 4621 3526 4661 suum
3551 4647 3572 4671 ,_

1994 4701 2147 4769 juxta
2183 4699 2404 4754 Joannis
2431 4711 2646 4763 vocem,
2695 4698 2746 4752 in
2791 4699 3030 4752 tenebris
3061 4707 3170 4761 est;
3203 4697 3289 4750 ille
3327 4694 3569 4764 profecto

2001 4809 2106 4846 non
2138 4793 2359 4847 credere
2389 4793 2442 4845 in
2473 4793 2742 4847 Christum
2775 4791 3058 4846 manifeste
3085 4774 3566 4856 eonvinciturfqui

2001 4884 2179 4939 feralis
2209 4885 2314 4938 odii
2353 4885 2589 4938 tenebris
2614 4891 2935 4938 exerceatur.

2069 4975 2145 5026 Ex
2172 4973 2329 5041 hujus
2353 4973 2514 5041 igitur
2538 4973 2844 5042 apostolica:
2863 4980 2919 5026 et
2938 4969 3260 5040 evangelicae
3286 4968 3565 5022 sententia:

2000 5065 2209 5117 ratione
2239 5064 2507 5134 colligitur
2531 5064 2655 5133 quia
2684 5062 2926 5133 quisquis
2956 5061 3064 5116 odii
3109 5061 3351 5115 caecitate
3377 5074 3566 5128 percu-

2001 5157 2146 5217 titur,
2183 5155 2323 5210 inter
2369 5155 2567 5210 Christi
2605 5154 2788 5208 lideles
2817 5151 3086 5222 superfluo
3131 5161 3472 5214 numeratur;
3510 5160 3563 5204 et

1997 5245 2301 5313 quicunque
2343 5253 2427 5298 est
2470 5243 2718 5306 odiosus,
2750 5243 3057 5297 necessario
3099 5241 3364 5308 sequitur,
3393 5249 3452 5293 ut
3497 5239 3561 5292 sit

1998 5333 2159 5386 etiam
2191 5332 2420 5386 inﬁdelis
2458 5340 2512 5385 et
2561 5332 2615 5384 in
2646 5333 2812 5385 Deum
2855 5346 2960 5385 non
3009 5329 3204 5384 habeat
3249 5328 3442 5391 iidem,
3473 5313 3561 5397 qui

1997 5424 2141 5478 circa
2173 5425 2478 5492 proximum
2507 5423 2762 5477 divinitus
2793 5422 3093 5476 institutam
3123 5418 3361 5474 amiserit
3387 5417 3538 5471 chari

323 5512 406 5566 los
449 5512 744 5579 labiorum;
781 5524 836 5570 et
865 5532 986 5570 cum
1032 5515 1137 5569 filia
1186 5515 1387 5585 Raguel
1419 5514 1552 5569 Sara
1603 5517 1844 5571 dicamus
1879 5535 1891 5570 ε
1924 5551 1972 5608 D
2001 5526 2183 5572 tatem.
2217 5515 2306 5569 illa
2344 5515 2606 5582 siquidem
2653 5513 2989 5568 solummodo
3019 5527 3145 5566 vera
3180 5511 3311 5564 fides
3347 5509 3561 5570 dicitur,

327 5621 350 5655 ι
382 5601 726 5658 Benedictum
757 5612 838 5660 est
869 5620 1062 5660 nomen
1085 5614 1253 5668 tuum,
1283 5605 1420 5658 Deus
1444 5603 1659 5657 Patrum
1684 5615 1896 5663 nostro-
1924 5600 1975 5637 ”·
1998 5626 2117 5680 qua:
2146 5625 2241 5677 per
2283 5607 2622 5662 dilectionem
2652 5615 2906 5676 operatur
2935 5603 3076 5675 (Cal.
3120 5605 3194 5673 v).
3241 5600 3559 5656 Exrludatur

321 5708 462 5757 rum,
497 5693 587 5762 qui
617 5709 737 5747 cum
786 5695 954 5748 iratus
999 5693 1183 5759 fueris,
1211 5695 1629 5750 miscricordiam
1662 5699 1813 5767 faris,
1841 5713 1895 5757 et

566 5789 845 5848 PAFBOL.
900 5781 1139 5848 CXLV.

2004 5703 2170 5774 igitur
2200 5702 2265 5756 ab
2293 5699 2586 5755 electorum
2614 5697 2881 5754 mentibus
2906 5693 3179 5750 iracundia
3198 5734 3211 5758 ,
3241 5707 3358 5762 qua:
3382 5689 3559 5747 odium

3052 5787 3124 5844 21
