4142 5396
529 182 630 282 est

989 216 1046 274 S.
1069 215 1272 272 PETPd
1307 211 1592 271 DAMIANI
1629 211 1783 270 OPP.
1820 206 2057 267 TOMUS
2091 207 2224 268 SEU
2258 209 2439 267 PARS
2475 209 2561 266 Ill.
2583 239 2652 251 --
2686 208 3047 267 OPUSCULA
3092 208 3319 265 VARIA.

3672 205 3787 264 652

530 340 783 406 generat,
817 344 936 402 qua:
963 327 1217 383 nimirum
1259 326 1437 381 cordis
1461 325 1648 381 oculos
1669 365 1683 390 ,
1729 339 1864 395 quos
1896 339 1991 395 per
2018 337 2103 379 se-
2130 329 2180 389 Α
2206 331 2322 380 seet
2345 323 2567 394 spiritus
2590 338 2767 389 meus,
2815 322 2921 378 nisi
2950 334 3113 393 super
3141 319 3399 377 humilem
3432 328 3488 375 et
3511 319 3778 390 quietum,

532 421 817 492 metipsam
848 418 1065 481 turbat,
1107 430 1206 486 per
1245 414 1570 471 virulentam
1601 414 1838 470 sobolem
1870 413 2107 469 deterius

530 517 733 576 cmest;
782 516 837 562 ct
881 506 1173 561 iracundus
1204 505 1434 574 quisque
1467 520 1526 560 se
1552 504 1820 559 veraciter
1852 501 2105 572 perimit,

528 596 657 651 dum
704 594 978 650 laesionem
1048 593 1278 664 proximi
1350 593 1467 656 vel,
1519 593 1661 663 quod
1707 592 1946 646 atrocius
1989 598 2104 656 est,

531 692 760 741 mortem
789 685 922 738 sitit.
956 683 1109 738 Unde
1133 683 1392 751 scriptum
1428 691 1512 737 est
1544 700 1557 736 :
1593 701 1611 733 ι
1650 680 1833 735 Virmn
1880 679 2105 735 stultum

531 772 789 830 interﬁcit
836 772 1152 838 iracundia,
1207 781 1263 827 et
1311 773 1593 842 parvulum
1650 770 1851 827 occidit
1906 771 2107 825 invidia

530 862 656 934 (Job
688 863 765 934 v).
816 881 835 915 ι
867 862 1038 917 Porro
1089 878 1210 917 cum
1252 862 1517 932 scriptum
1548 861 1619 916 sit
1651 880 1664 915 :
1720 880 1738 914 ι
1773 860 1854 915 Tu
1890 870 2104 928 autem,

530 954 776 1019 Domine,
799 968 920 1008 cum
954 951 1578 1021 tranquillitatcjudicas
1604 950 1758 1021 (Sap.
1793 952 1886 1020 n);
1920 971 1939 1003 ι
1974 966 2108 1020 quo-

520 1047 637 1103 .ties
666 1046 1001 1100 turbulentos
1031 1042 1198 1097 animi
1227 1052 1405 1097 motus
1433 1043 1533 1097 sub
1565 1042 1996 1096 mansuetudinis
2023 1042 2106 1094 vi-

518 1152 661 1207 gore
683 1134 1081 1206 restringimus,
1105 1134 1172 1188 ad
1193 1133 1488 1189 conditoris
1506 1133 1679 1188 nostri
1699 1132 2105 1187 similitudinem

532 1226 715 1283 redire
743 1239 1022 1280 conamur.
1056 1222 1191 1277 Nam
1218 1222 1344 1277 dum
1374 1223 1608 1293 quietem
1649 1222 1848 1278 mentis
1897 1222 1978 1276 ira
2020 1222 2106 1276 di-

523 1317 800 1381 verberat,
818 1316 1132 1371 dilaniatam
1145 1315 1539 1386 quodammodo
1551 1316 1882 1385 scissumque
1894 1324 2108 1384 pertur-

531 1412 643 1475 bat,
671 1418 733 1465 ut
761 1408 1079 1478 sibimetipsi
1105 1422 1211 1463 non
1235 1416 1515 1478 congruat,
1552 1422 1616 1463 ac
1648 1405 1875 1462 formam
1906 1405 2109 1460 intima:

532 1500 898 1556 similitudinis
922 1499 1067 1555 velut
1085 1514 1225 1569 aqua
1246 1499 1538 1554 ﬂuctuante
1559 1498 1879 1563 confundat;
1906 1506 1961 1553 et
1983 1498 2107 1554 dum

512 1606 629 1646 «cor
670 1589 893 1644 ﬂuidum
951 1589 1228 1644 iracundia
1278 1596 1582 1658 permovet,
1652 1595 1903 1657 tanquam
1953 1586 2110 1641 undze

2208 420 2264 468 et
2311 420 2631 467 trementem
2678 424 2957 466 sermones
2985 410 3172 466 meos?
3204 429 3223 461 ι
3265 410 3419 481 (Isai.
3444 413 3611 480 var.)
3644 409 3781 466 Nam

2207 518 2332 556 cum
2361 501 2619 558 humilem
2651 501 2820 565 dixit,
2856 500 3099 571 quietum
3130 508 3525 570 consequenter
3552 500 3783 567 addidit,

2205 593 2332 664 quia
2356 594 2482 648 dum
2512 593 2592 648 ira
2638 593 2807 647 menti
2839 591 3075 662 quietem
3105 591 3266 648 simul
3314 599 3371 647 et
3416 590 3780 647 humilitatem

2206 683 2510 749 subtrahit,
2548 698 2701 738 suam
2726 693 2915 738 sancto
2946 682 3169 751 Spiritui
3216 681 3463 752 protinus
3500 682 3785 739 habitatio-

2206 792 2330 833 nem
2364 776 2597 842 claudit;
2626 776 2864 846 dumque
2908 792 2967 831 se
2998 790 3096 846 per
3144 774 3343 829 furoris
3379 774 3642 829 insaniam
3673 774 3784 830 ele-

2208 877 2329 934 vat,
2357 883 2425 923 ne
2450 868 2515 922 ad
2546 884 2604 923 se
2636 868 2872 938 Spiritus
2901 877 3122 923 sanctus
3149 867 3406 932 introeat,
3433 866 3783 935 semetipsum

2209 976 2366 1015 mens
2394 960 2544 1016 velut
2590 961 2858 1015 obseratis
2900 958 3109 1014 foribus
3137 959 3377 1014 damnat.
3408 957 3476 1011 Et
3503 954 3779 1011 sciendum

2206 1049 2348 1120 quod
2380 1050 2461 1104 ira
2497 1064 2638 1120 saepe
2669 1049 3076 1119 tranquillitatis
3122 1048 3348 1104 mentita
3394 1047 3663 1111 colorem,
3692 1061 3787 1102 su-

2206 1141 2481 1211 perﬁciem
2512 1141 2713 1212 quietis
2743 1141 3019 1208 obtendit,
3050 1140 3177 1196 dum
3208 1139 3262 1196 in
3309 1138 3508 1195 furoris
3539 1138 3786 1209 indigna-

2207 1232 2410 1288 tionem
2440 1241 2626 1304 aperte
2657 1247 2761 1286 non
2794 1232 3005 1301 prosilit
3032 1245 3047 1285 :
3081 1232 3175 1285 sed
3209 1231 3424 1285 interim
3444 1269 3458 1291 .
3491 1229 3616 1283 dum
3644 1230 3785 1283 intra

2207 1335 2447 1381 mentem
2474 1326 2621 1380 velut
2649 1326 2703 1381 in
2746 1326 2957 1380 clibano
2983 1324 3357 1379 vehementius
3397 1330 3589 1378 :estuat
3611 1361 3628 1387 ,
3659 1320 3784 1376 licet

2206 1416 2548 1471 extrinsecus
2596 1423 2807 1482 taceat,
2837 1415 3106 1470 clamosas
3132 1413 3272 1468 intra
3306 1412 3482 1467 forum
3508 1410 3786 1466 conscien-

2210 1506 2297 1561 tia:
2328 1521 2489 1561 voces
2544 1504 2761 1561 format.
2815 1505 2969 1562 Unde
3015 1520 3111 1574 per
3155 1501 3499 1559 Salomoncm
3543 1500 3782 1554 dicitur:

2214 1619 2233 1651 ι
2269 1598 2604 1654 Prmstolatio
2635 1596 2921 1667 impiorum
2970 1595 3122 1650 furor
3151 1594 3338 1666 (Prov.
3378 1590 3477 1664 xi).
3517 1610 3536 1643 ι
3570 1590 3638 1644 Ει
3686 1588 3788 1643 Sa-

510 1679 839 1735 ﬂuctuantis
875 1681 1053 1752 imago
1114 1680 1346 1751 propria:
1395 1680 1589 1749 origini
1638 1696 1744 1735 non
1797 1679 2103 1749 respondet.

2213 1688 2364 1758 piens
2390 1687 2609 1757 quidam
2638 1687 2716 1740 ait
2748 1703 2762 1740 :
2800 1706 2818 1738 ι
2852 1684 3222 1756 Cogitationes
3268 1678 3514 1737 iracundi
3555 1679 3786 1748 viperea

518 1772 636 1830 Per
665 1775 802 1829 iram
833 1774 1068 1843 denique
1092 1774 1354 1844 sapientia
1380 1775 1645 1845 perditur,
1674 1783 1733 1828 ut
1756 1773 1907 1842 quid,
1933 1786 2109 1842 quove

524 1866 724 1922 ordine
746 1866 1012 1935 agendum
1042 1865 1145 1929 sit,
1170 1866 1465 1935 ignoretur.
1521 1864 1671 1920 Unde
1700 1866 1958 1933 scriptum
1982 1871 2066 1917 est
2090 1878 2106 1915 :

531 1974 559 2009 ι
593 1957 678 2011 Ira
712 1956 766 2009 in
796 1955 916 2009 sinu
945 1955 1095 2011 stulti
1132 1955 1424 2025 requiescit
1448 1953 1650 2025 (Ercle.
1680 1954 1797 2023 vn).
1836 1972 1855 2005 ι
1888 1954 1962 2008 De
2003 1966 2109 2021 qna

530 2045 659 2099 alibi
688 2044 885 2114 legitur
915 2062 929 2099 :
963 2063 981 2096 ι
1017 2044 1097 2098 ira
1127 2046 1306 2115 perdit
1349 2044 1512 2099 etiam
1560 2044 1882 2114 prudentes;
1931 2060 1950 2094 ι
1982 2040 2108 2110 quia

530 2136 781 2191 videlicet
810 2135 1337 2198 confususanimus,
1369 2136 1582 2189 etiamsi
1617 2134 1792 2189 valeat
1827 2132 1955 2203 quid
1984 2131 2110 2188 sub-

533 2227 705 2283 tiliter
729 2228 1055 2296 intelligere,
1088 2227 1300 2282 lethalis
1347 2226 1463 2280 vitii
1511 2225 1649 2281 mole
1687 2225 1974 2295 depressus
2004 2238 2110 2277 non

442 2310 446 2314 Α
532 2319 678 2374 valet
697 2319 935 2389 explere.
962 2318 1131 2372 Porro
1158 2327 1337 2373 autem
1364 2317 1457 2387 qui
1487 2316 1766 2371 Consuevit
1797 2313 2112 2384 frequenter

532 2409 1017 2478 irasci,justitiam
1070 2423 1344 2477 nunquam
1393 2406 1587 2477 poterit
1630 2404 1866 2476 operari.
1896 2402 2109 2458 Mentiri

531 2515 623 2558 me
652 2500 883 2554 fortasse
904 2500 1026 2569 quis
1051 2498 1279 2561 diceret,
1307 2497 1351 2551 si
1378 2495 1653 2567 apostolus
1676 2495 1730 2549 in
1758 2492 1981 2563 epistola
2004 2506 2107 2547 non

530 2590 885 2660 scripsisset:
926 2608 945 2639 ι
983 2587 1066 2642 Ira
1106 2587 1209 2642 viri
1245 2587 1511 2659 justitiam
1559 2586 1651 2641 Dei
1703 2601 1808 2640 non
1855 2593 2112 2654 operatur

534 2678 675 2769 (Iac.
714 2679 775 2749 l).
820 2698 838 2731 ›
875 2676 1009 2733 Nam
1044 2678 1170 2733 dum
1194 2677 1509 2747 perturbata
1535 2690 1686 2732 mens
1708 2675 1972 2744 judicium
1999 2686 2111 2727 sua:

556 2759 760 2823 Sationis
801 2773 1121 2836 exasperat,
1169 2779 1277 2819 non
1324 2765 1467 2834 quod
1511 2765 1653 2819 Deus
1694 2762 1967 2834 praecipit,
2016 2759 2111 2816 sed

562 2859 679 2926 μοι]
708 2857 861 2912 furor
889 2855 1133 2927 suggerit
1163 2863 1373 2910 rectum
1402 2862 1579 2925 putat.

604 2949 815 3017 Quanta
840 2962 969 3003 sane
998 2946 1070 3002 sit
1098 2946 1390 3001 iracundiae
1419 2945 1619 3008 pestis.
1653 2944 1706 3000 in
1735 2944 1839 3000 hoc
1863 2952 2114 3016 patenter

2211 1787 2335 1832 sunt
2348 1777 2751 1847 generationes,
2768 1783 3003 1831 mentem
3018 1774 3307 1830 comedunt
3326 1781 3553 1826 matrem
3574 1783 3780 1824 suam.)

2210 1867 2456 1921 Tradunt
2509 1873 2694 1920 autem
2742 1864 2953 1937 physici
2996 1863 3139 1932 quod
3185 1861 3365 1916 anima
3418 1852 3654 1914 hominis
3684 1856 3786 1912 tri-

2208 1957 2406 2027 partita
2448 1956 2536 2011 sit.
2570 1954 2662 2009 Est
2694 1955 2873 2018 enim,
2909 1962 2969 2008 ut
3003 1953 3189 2017 aiunt,
3226 1948 3510 2005 rationalis
3532 1988 3547 2014 ,
3597 1945 3783 2003 irasci-

2209 2048 2334 2105 bilis
2350 2089 2364 2111 ,
2396 2045 2860 2118 concupiscibilis.

2281 2138 2398 2194 Non
2418 2153 2546 2209 ergo
2566 2137 2684 2192 sine
2709 2151 2903 2208 magno
2926 2134 3112 2190 labore
3132 2129 3515 2202 compescitur,
3539 2142 3661 2199 qua:
3680 2140 3785 2182 non

2212 2244 2308 2301 per
2328 2229 2581 2284 accidens
2609 2228 2804 2293 oritur,
2843 2227 2937 2282 sed
2972 2223 3302 2279 naturaliter
3336 2221 3497 2276 insita
3529 2216 3780 2288 perhibe-

2214 2328 2320 2374 tur.
2361 2318 2745 2374 Verumtamen
2795 2316 3055 2371 adversus
3084 2315 3191 2369 hoc
3236 2313 3455 2376 vitium,
3497 2310 3640 2364 sicut
3686 2320 3785 2362 nec

2214 2411 2476 2465 adversus
2526 2407 3053 2479 concupiscentiam,
3118 2417 3459 2473 nequaquam
3527 2400 3786 2455 debemus

2214 2500 2505 2568 desperare
2530 2498 2838 2553 victoriam.
2869 2495 3075 2549 Natura
3102 2494 3299 2564 quippe
3328 2501 3533 2553 nostra,
3568 2489 3653 2543 cui
3679 2487 3787 2544 sci-

2213 2589 2339 2645 licet
2363 2589 2463 2643 ista
2495 2589 2751 2643 dicuntur
2777 2585 3116 2657 originaliter
3143 2585 3307 2639 insita
3329 2622 3345 2648 ,
3374 2597 3441 2637 ex
3483 2579 3641 2651 primi
3668 2578 3786 2648 qui-

2214 2679 2336 2734 dem
2380 2677 2624 2750 parentis
2669 2686 2754 2732 est
2796 2675 3227 2747 transgressione
3260 2681 3545 2742 corrupta,
3592 2671 3685 2726 sed
3715 2669 3784 2723 ad

2217 2778 2418 2827 statum
2439 2766 2830 2826 incolumitatis
2849 2767 3089 2838 pristina:
3108 2781 3206 2835 per
3228 2764 3396 2820 nostri
3412 2759 3787 2831 Redemptoris

2216 2869 2302 2915 est
2328 2859 2558 2931 gratiam
2588 2857 2907 2913 reformata.
2943 2857 3009 2910 Et
3034 2855 3161 2911 licet
3193 2854 3280 2909 lex
3326 2852 3506 2909 carnis
3538 2866 3658 2906 cum
3680 2848 3787 2920 spi-

2219 2949 2355 3004 ritus
2407 2948 2523 3020 lege
2571 2947 2852 3018 conﬂigat,
2884 2945 3042 3001 facile
3090 2960 3244 3000 mens
3292 2952 3475 2999 nostra
3506 2938 3788 2996 vetustatis

532 3040 875 3112 exprimitur,
923 3051 1044 3092 cum
1094 3035 1250 3090 nobis
1311 3034 1554 3089 iracundi
1602 3034 1836 3090 hominis
1886 3033 2115 3089 societas
2143 3025 2188 3088 C
2219 3057 2329 3097 sua;
2360 3042 2608 3097 tenebras
2637 3048 2887 3110 superat,
2918 3038 2962 3093 si
2991 3037 3044 3092 ίιι
3073 3052 3140 3092 eo
3190 3051 3352 3105 quem
3377 3044 3632 3089 reum-au
3654 3046 3791 3086 ρου-

527 3131 889 3204 prohibetur;
930 3137 987 3183 et
1014 3126 1166 3197 quasi
1198 3142 1296 3197 per
1324 3125 1560 3195 antiquae
1588 3125 1871 3195 scriptura:
1897 3132 2114 3179 senten-

533 3220 665 3278 tiam
691 3221 922 3291 quadam
944 3219 1088 3290 jam,
1117 3226 1177 3271 ut
1204 3218 1277 3272 ita
1325 3215 1515 3280 fatear,
1555 3214 2114 3271 excommunicatione

550 3309 865 3374 tercellitur,
898 3309 1023 3363 dum
1053 3322 1082 3360 a
1107 3306 1479 3375 proximorum
1507 3320 1730 3359 suorum
1757 3303 2115 3359 contubernio

540 3409 834 3471 separatur.
861 3398 951 3452 Ait
993 3398 1138 3453 enim
1183 3395 1439 3450 Salomon
1466 3413 1481 3450 :
1518 3413 1537 3447 ‹
1567 3394 1683 3449 Noli
1716 3410 1836 3451 esse
1866 3395 2115 3449 assiduus

551 3508 661 3550 tum
694 3491 911 3545 homine
952 3489 1209 3544 iracundo
1230 3529 1245 3553 ,
1277 3504 1344 3542 ne
1376 3488 1554 3542 discas
1601 3488 1826 3542 semitas
1872 3488 2024 3558 ejus,
2061 3494 2116 3541 et

528 3596 720 3640 sumas
744 3580 1055 3635 scandalum
1091 3579 1284 3633 anima:
1311 3588 1415 3633 tua:
1446 3579 1625 3651 (Prov.
1674 3578 1829 3649 χιιι).
1870 3599 1889 3632 ι
1921 3579 1990 3634 Et
2016 3580 2118 3634 ite-

545 3686 660 3734 rum
691 3688 705 3725 :
741 3689 759 3721 ι
792 3669 982 3725 Melius
1008 3678 1123 3733 est,
1156 3669 1364 3738 inquit,
1394 3671 1583 3725 sedere
1626 3670 1679 3725 in
1710 3670 1905 3740 angulo
1933 3671 2117 3726 doma-

550 3763 643 3826 lis,
669 3774 983 3831 quamcum
1015 3760 1242 3816 muliere
1274 3760 1505 3831 litigiosa
1552 3769 1608 3816 et
1654 3761 1708 3814 in
1754 3760 1915 3816 domo
1964 3775 2114 3815 eom-

556 3851 687 3905 nuni
718 3848 900 3921 (Prov.
931 3850 1069 3921 xxr).
1106 3870 1125 3903 ›
1166 3849 1315 3906 Unde
1345 3850 1512 3923 674
1537 3851 1628 3921 qui
1664 3866 1724 3906 se
1766 3866 1833 3906 ex
1882 3853 2115 3906 humana

537 3942 755 3998 ratione
782 3957 888 3996 non
925 3949 1224 4012 temperat,
1254 3958 1478 3999 necesse
1527 3951 1612 4000 est
1657 3952 1716 3997 ut
1744 3943 1891 3999 solus
1920 3944 2119 4000 bestia-

555 4034 671 4089 liter
699 4034 863 4088 vivat.
892 4031 996 4088 Per
1024 4034 1156 4089 iram
1188 4049 1318 4089 sane
1342 4035 1629 4090 concordia
1661 4035 1948 4105 rumpitur,
1978 4036 2119 4090 unde

544 4123 971 4179 cohabitantium
1008 4137 1150 4194 saepe
1205 4124 1440 4179 societas
1488 4124 1738 4179 violatur.
1787 4124 1940 4180 Sicut
1985 4126 2119 4181 scri-

540 4222 692 4284 ptum
718 4222 801 4268 est
825 4230 839 4266 :
871 4232 889 4265 ι
918 4214 1009 4267 Vir
1036 4216 1315 4269 animosus
1334 4216 1475 4285 parit
1504 4216 1672 4281 rixas,
1706 4224 1762 4271 et
1788 4217 1872 4270 vir
1903 4217 2121 4272 iracun-

543 4303 645 4357 dus
664 4301 852 4357 eﬂodit
880 4312 1103 4372 peccata
1150 4301 1330 4372 (Prov.
1380 4305 1556 4377 xxix).
1594 4323 1616 4357 τι
1650 4305 1877 4361 Peccata
1926 4321 2120 4377 nempe

2218 3131 2363 3200 cepit
2401 3130 2585 3200 vigore
2613 3128 2852 3183 caelestis
2878 3127 3066 3197 gratiae
3091 3134 3427 3196 perseverat.
3482 3122 3633 3178 Unde
3656 3119 3791 3176 dicit

2216 3219 2506 3289 Apostolus
2531 3237 2544 3273 :
2578 3236 2597 3269 ι
2629 3217 2740 3273 Lex
2769 3219 2913 3273 enim
2939 3217 3166 3287 spiritus
3191 3216 3316 3270 vitae
3348 3215 3400 3269 in
3428 3213 3644 3268 Christo
3662 3208 3791 3267 Jesu

2216 3308 2469 3364 liberavit
2491 3324 2579 3364 me
2608 3324 2638 3363 a
2691 3309 2808 3377 lege
2842 3307 3050 3378 peccati
3081 3315 3136 3361 et
3163 3307 3356 3361 mortis
3381 3304 3560 3376 (Rom.
3592 3302 3733 3374 vni);
3765 3320 3790 3358 ι

2215 3400 2307 3455 ubi
2339 3414 2463 3454 mox
2492 3399 2708 3454 additur
2735 3413 2750 3452 :
2780 3418 2797 3451 ι
2829 3397 2963 3453 Nam
2994 3397 3136 3466 quod
3160 3395 3497 3465 impossibile
3518 3403 3639 3447 erat
3661 3391 3793 3465 legi,

2217 3495 2271 3547 in
2298 3507 2404 3562 quo
2436 3490 2814 3546 inﬁrmabatur
2843 3505 2940 3560 per
2969 3487 3375 3543 caruem:Deus
3399 3484 3597 3540 Filium
3628 3499 3793 3541 suum

2218 3582 2368 3636 misit
2395 3582 2446 3635 in
2475 3580 2882 3634 similitudinem
2912 3578 3094 3634 carnis
3121 3575 3361 3647 peccati,
3392 3582 3445 3630 et
3475 3574 3542 3628 de
3570 3582 3794 3644 peccato

2217 3673 2495 3730 damnavit
2520 3681 2801 3743 peccatum
2851 3671 2907 3725 in
2950 3684 3150 3735 carne,
3199 3676 3261 3724 ut
3301 3665 3623 3736 justiticatio
3661 3664 3793 3736 legis

2218 3765 2536 3836 impleretur
2566 3764 2620 3819 in
2648 3763 2802 3819 nobis
2832 3763 3043 3836 (Ibid.).
3083 3781 3102 3814 ι
3137 3760 3306 3817 Porro
3339 3760 3385 3815 si
3424 3759 3504 3813 ira
3554 3757 3636 3812 vel
3666 3771 3792 3812 cou-

2214 3857 2550 3928 cupiscentia
2568 3896 2584 3923 ,
2612 3871 2733 3926 qua:
2764 3856 2919 3911 nobis
2946 3856 3205 3911 dicuntur
3229 3851 3552 3908 naturaliter
3581 3850 3792 3917 insita},

2219 3964 2316 4022 per
2345 3949 2581 4020 vigorem
2608 3948 2830 4019 spiritus
2869 3948 3115 4019 superari
3160 3962 3267 4002 non
3315 3953 3570 4016 possent,
3597 3955 3790 4013 nequa-

2220 4059 2382 4114 quam
2420 4042 2562 4098 idem
2607 4041 2933 4112 praedicator
2960 4039 3124 4113 675
3167 4040 3414 4110 egregius
3443 4033 3792 4106 impossibilia

2219 4132 2586 4204 praecepisset.
2614 4132 2709 4186 Ait
2735 4132 2880 4186 enim
2913 4149 2927 4186 :
2963 4149 2982 4182 ι
3016 4129 3169 4185 Nunc
3217 4137 3398 4184 autem
3446 4124 3699 4195 deponite
3737 4133 3796 4180 et

2220 4241 2319 4282 vos
2345 4226 2561 4291 omnia,
2590 4224 2762 4289 iram,
2794 4224 3216 4294 indignationem
3244 4220 3468 4294 (Colon.
3500 4218 3603 4288 ιιι).
3640 4235 3660 4269 ι
3711 4215 3799 4272 Ad

2223 4320 2486 4389 Ephesios
2512 4334 2728 4388 quoque
2755 4334 2770 4370 :
2804 4336 2823 4369 ι
2856 4316 3044 4371 Omnis
3065 4357 3079 4381 ,
3125 4315 3333 4385 inquit,
3380 4307 3717 4372 amaritudo,
3741 4314 3798 4363 et

544 4392 837 4481 iracundus
881 4367 1206 4460 perhibetur
1249 4367 1667 4464 eﬂ‘odere,'qnia
1715 4396 1884 4452 malos
1910 4367 2109 4461 etiam,

2222 4367 2342 4475 ir'a,
2373 4419 2429 4465 et
2451 4367 2779 4481 indignatio,
2809 4417 2866 4464 et
2890 4409 3117 4472 clamor,
3139 4367 3547 4475 et'blasphemia
3577 4398 3799 4455 tollatur

536 4493 682 4548 .quos
706 4480 774 4533 ad
816 4478 1014 4536 furoris
1045 4482 1313 4537 insaniam
1353 4493 1646 4553 provocat,
1676 4487 1821 4556 cogit
1862 4495 1922 4541 ut
1969 4488 2121 4542 dete-

577 4569 722 4624 iores
739 4582 842 4640 per
874 4570 1268 4641 impatientiam
1305 4571 1458 4625 ﬁant.

1157 4661 1384 4719 CAPUT
1422 4663 1506 4718 ιιι.

770 4737 933 4818 Quod
960 4741 1040 4806 ira
1058 4752 1322 4824 Spiritum
1350 4765 1590 4810 sanctum
1622 4757 1885 4814 excludat.

610 4841 723 4896 Per
750 4842 886 4896 iram
910 4852 1173 4912 prmterea
1208 4843 1299 4900 lux
1331 4846 1573 4901 veritatis
1617 4847 1905 4914 amittitur,
1941 4857 1995 4903 et
2025 4848 2120 4903 ob-

546 4938 840 4960 .-“AL_..I~.
892 4938 1085 4960 ..ι--..οἶα
1135 4938 1402 4960 -ι,.--.ει.---
1453 4939 1719 4960 2,.--ρ21η9
1776 4940 1894 4960 --Ιε-
1938 4955 1989 4960 ..,-
2010 4939 2117 4960 1!-.-

2226 4516 2258 4554 a
2294 4501 2449 4555 vobis
2476 4515 2603 4556 cum
2636 4500 2784 4555 omni
2814 4498 3014 4554 malitia
3045 4497 3262 4567 (Ephes.
3291 4494 3388 4563 iv).
3431 4512 3448 4544 ι
3484 4492 3560 4546 De
3597 4503 3799 4545 concu-

2226 4592 2491 4661 piscentia
2535 4606 2665 4646 vero
2693 4590 3020 4662 superﬂuum
3049 4597 3133 4645 est
3170 4585 3414 4657 exempla
3458 4593 3793 4655 proponere,

2228 4697 2389 4752 quam
2413 4691 2469 4738 et
2495 4682 2580 4737 lex
2606 4683 2827 4752 antiqua
2853 4690 3000 4737 vetat
3020 4721 3035 4744 ,
3061 4688 3116 4736 et
3142 4679 3319 4736 omnis
3346 4689 3624 4732 sacrarum
3653 4671 3798 4728 Seri-

2224 4781 2507 4842 pturarum
2535 4788 2762 4829 censura
2789 4773 3129 4829 condemnat.

2303 4860 2559 4931 Superari
2593 4877 2722 4933 ergo
2746 4878 2845 4934 per
2874 4864 3109 4919 divinam
3141 4861 3371 4934 gratiam
3423 4868 3653 4930 possunt
3679 4868 3800 4927 qua:
