4138 6320
379 278 484 333 6ῖῦ

1402 263 1647 326 OPUSC.
1683 260 1798 319 XL.
1837 291 1906 301 —
1942 258 2034 315 DE
2070 253 2441 312 FRENANDA
2479 251 2617 308 [ΒΔ.

3433 215 3439 222 ’
3519 248 3626 302 est

376 392 624 448 ludentes
659 390 712 444 in
756 388 970 453 sistris,
1013 397 1067 442 et
1096 383 1297 439 Lelitim
1340 379 1612 453 tympanis
1655 380 1952 438 canerent,
1984 377 2029 434 Α
2058 367 2305 439 pervenit
2352 382 2372 420 :
2412 363 2572 435 paulo
2615 370 2736 432 post
2779 361 3202 453 adAepiscopum
3249 375 3404 415 suum
3435 371 3635 418 sanctae

375 481 644 554 percussit
674 479 802 536 Sattl
828 479 1006 542 mille,
1039 485 1094 532 et
1120 475 1287 530 David
1332 474 1517 528 decem
1548 468 1752 534 millia;
1785 466 1957 521 iratus

377 584 460 626 est
481 570 610 625 Saul
629 571 808 634 nimis,
825 579 881 622 et
900 567 1175 637 displicuit
1197 567 1249 619 in
1274 563 1448 618 oculis
1462 562 1577 633 ejus
1599 562 1702 615 iste
1719 572 1918 614 sermo.
1931 574 1950 607 ι

379 661 582 717 Deinde
601 660 902 714 subinfert:
933 677 950 709 ι
978 658 1107 712 Post
1125 657 1266 711 diem
1296 663 1475 708 atttem
1507 653 1733 706 alterum
1759 647 1958 703 invasit

381 753 601 824 Spiritus
625 751 714 805 Dei
749 749 923 804 malus
953 749 1101 813 Sattl,
1125 758 1178 803 et
1201 746 1555 817 prophetabat
1576 743 1630 797 in
1656 741 1834 796 medio
1863 739 1958 794 do-

377 858 497 898 mus
542 857 652 898 suae
699 841 768 911 (1
815 840 940 910 Reg.
996 839 1187 911 xvtn).
1226 858 1245 890 ›
1287 838 1426 893 Ecce
1467 835 1669 905 liquido
1714 832 1956 886 videmus

376 935 522 1004 quod
551 934 814 1004 scriptum
846 932 1102 1002 legimus,
1137 931 1274 984 iram
1299 929 1505 984 scilicet
1527 928 1726 981 habere
1755 926 1955 979 daemo-

376 1026 545 1078 nium.
581 1024 637 1077 ln
668 1022 798 1076 Sanl
845 1021 986 1074 enim
1033 1035 1129 1073 cor
1159 1019 1237 1072 ira
1271 1018 1585 1088 praecessit,
1616 1026 1670 1070 et
1702 1029 1824 1068 mox
1857 1028 1950 1066 ne-
2017 1049 2037 1062 .

372 1113 562 1182 quitia:
582 1112 830 1180 spiritum
858 1109 1184 1163 introduxit:
1212 1107 1404 1162 dehinc
1426 1105 1771 1174 abreptitium
1797 1119 1955 1158 suum

375 1203 432 1257 in
462 1201 636 1256 zelum
665 1200 848 1256 vesani
873 1198 1074 1253 furoris
1101 1198 1368 1262 accendit,
1402 1212 1464 1250 ac
1491 1197 1557 1250 ad
1585 1192 1955 1264 perimendum

377 1291 568 1357 David,
591 1306 750 1360 quem
782 1298 1001 1343 sanctus
1026 1288 1362 1342 inhabitabat
1389 1287 1656 1355 Spiritus,
1691 1284 1954 1339 incitavit.

377 1381 511 1436 Nam
535 1421 556 1446 ι
581 1390 718 1436 teste
753 1379 1036 1449 Scriptura
1067 1396 1081 1432 ε
1132 1396 1151 1429 ‹
1192 1377 1438 1431 Tenebat
1465 1375 1592 1429 Saul
1624 1374 1870 1428 lanceam
1903 1381 1956 1426 et

375 1473 525 1528 misit
555 1488 711 1537 eam,
737 1480 930 1541 putans
957 1471 1098 1540 quod
1130 1470 1399 1539 configere
1429 1477 1610 1539 posset
1634 1467 1802 1521 David
1831 1480 1954 1522 cum

377 1564 586 1634 pariete
636 1560 847 1635 (1bid.).
889 1579 907 1613 ι
956 1561 1242 1615 Fremebat
1298 1559 1444 1614 enim
1488 1559 1542 1612 in
1592 1557 1811 1612 vasculo
1857 1571 1956 1612 suo

379 1663 576 1710 auctor
621 1653 914 1707 iracundiae
952 1652 1206 1721 spiritus,
1240 1664 1470 1717 eumque
1501 1649 1762 1702 adversus
1807 1647 1957 1702 inno-

374 1758 586 1804 centem
619 1746 802 1800 feralis
831 1745 1048 1800 invidiae
1077 1743 1286 1798 facibus
1312 1739 1697 1796 inﬂammabat.

972 1859 1201 1916 CAPUT
1259 1859 1349 1914 IV.

435 1952 748 2022 Exemplum
773 1951 1059 2022 presbyteri
1093 1961 1303 2072 propter
1333 1946 1663 2002 iracundiam
1691 1941 1899 1998 diabolo
1940 1935 1943 1938 ’

1009 2038 1249 2072 mancum
1273 2037 1318 2072 ι.

1009 2037 1318 2090 ηιαηειραιι.

445 2117 544 2172 Cui
570 2116 956 2186 propemodum
987 2112 1266 2169 consimile
1312 2111 1442 2180 quid
1476 2110 1528 2164 in
1563 2107 1810 2164 Urbinati
1845 2115 1956 2160 ter-

377 2209 566 2263 ritorio
609 2207 721 2276 jam
761 2206 872 2261 fere
901 2222 930 2259 a
961 2205 1225 2260 deccnnio
1251 2202 1511 2271 contigit,
1559 2201 1702 2270 quod
1737 2200 1802 2252 ad
1859 2213 1956 2252 no-

376 2307 548 2352 stram
599 2297 843 2367 profecto
869 2297 1139 2358 notitiam,
1169 2295 1283 2365 ipsa
1329 2294 1508 2363 potius
1548 2293 1623 2345 rei
1668 2289 1955 2354 praesentia

373 2407 538 2462 quam
566 2391 704 2444 fama
731 2391 1004 2460 vulgante,
1021 2389 1280 2459 pervenit.
1296 2387 1787 2457 Advesperascente
1799 2385 1957 2454 quip-

377 2498 447 2553 pe
469 2482 576 2550 jam
604 2483 720 2547 die,
769 2483 822 2536 in
854 2482 1080 2536 duorum
1113 2478 1464 2550 quorumdam
1514 2478 1956 2549 presbyterorum

383 2576 636 2630 cordibus
666 2575 746 2629 sol
780 2574 1094 2628 inocciduus
1113 2572 1414 2635 occidebat,
1441 2584 1643 2638 eosque
1671 2569 1955 2621 adversum

374 2683 434 2723 se
463 2667 662 2721 mutuis
689 2665 1005 2734 injuriarum
1039 2664 1449 2735 jurgiormnque
1476 2659 1735 2716 conviciis
1769 2668 1958 2712 auctor

376 2759 657 2815 discordia:
700 2760 922 2828 spiritus
968 2759 1316 2814 accendebat.
1367 2756 1612 2824 Cumque
1676 2754 1958 2825 presbyter

374 2851 870 2921 compreslgternm
905 2848 1185 2917 probrosis
1219 2845 1677 2901 contumeliarum
1741 2843 1955 2898 irrisio-

373 2941 532 2994 nibus
559 2939 851 3002 laceraret,
884 2947 938 2991 et
969 2937 1106 2992 alter
1135 2937 1364 2991 alterum
1390 2936 1559 2991 multo
1584 2934 1956 2989 mordacitatis

373 3033 490 3086 sole
542 3031 1061 3099 maledictorumque
1125 3028 1481 3084 relationibus
1525 3025 1952 3094 conspersissct,

374 3139 514 3179 unus
545 3138 728 3178 eorum
777 3121 1063 3177 minaciter
1107 3119 1394 3185 intonans,
1443 3125 1498 3173 et
1541 3117 1793 3173 dentibus
1823 3114 1952 3170 stri-

374 3216 545 3278 dens,
575 3222 822 3282 correpta
873 3212 1062 3266 lancea
1109 3211 1213 3265 iter
1245 3209 1502 3278 arripuit,
1550 3216 1713 3276 atque
1756 3207 1822 3258 ad
1852 3205 1950 3259 do-

377 3323 522 3362 mum
553 3321 705 3360 snam
744 3305 955 3373 longius
1005 3302 1358 3358 constitutam
1379 3342 1394 3366 ,
1428 3300 1733 3354 furibundis
1760 3313 1956 3368 prope-

377 3413 502 3453 rare
527 3397 801 3467 gressibus
831 3396 1014 3465 coepit.
1065 3393 1172 3449 Sed
1219 3409 1344 3449 cum
1375 3392 1524 3446 illum
1555 3390 1666 3459 jam
1700 3405 1954 3459 superve-

377 3488 534 3542 niens
562 3487 733 3554 caligo
765 3487 938 3540 noctis
972 3485 1307 3549 obnuberet,
1349 3497 1445 3538 cor
1475 3483 1638 3537 etiam
1667 3481 1954 3535 interiores

377 3579 614 3631 tenebrae
645 3575 1003 3646 peru'ciosius
1023 3573 1383 3645 possiderent,
1407 3588 1534 3628 ecce
1555 3571 1792 3641 quinque
1811 3570 1951 3639 nigri

376 3669 586 3736 equites
607 3683 727 3721 cum
751 3665 973 3720 caballis
995 3681 1147 3735 atque
1171 3665 1509 3736 nigrantibus
1530 3662 1769 3726 obviant,
1794 3661 1952 3730 eique

377 3759 424 3812 is
452 3757 541 3826 qui
584 3755 754 3824 major
780 3757 920 3810 inter
956 3771 1049 3811 eos
1107 3756 1392 3809 videbatur
1443 3752 1709 3807 insultat:
1765 3753 1948 3819 Sine,

377 3849 580 3918 inquit,
630 3847 836 3910 institi,
874 3855 933 3900 ut
962 3854 1014 3900 te
1058 3846 1188 3900 mihi
1222 3845 1515 3908 subderes,
1557 3842 1698 3896 utin
1730 3840 1952 3896 cliente-

377 3939 482 3992 lam
511 3953 753 3993 meorum
776 3935 1241 3991 contubernalium
1270 3934 1572 3989 devenires.

448 4027 629 4082 Toties
653 4029 832 4096 itaque
853 4026 1272 4094 subterfugiens,
1295 4025 1405 4093 jam
1422 4039 1526 4077 non
1550 4018 1949 4091 poterisjugum

377 4132 511 4171 mea:
530 4117 750 4171 ditionis
766 4115 1016 4171 evadere.
1035 4114 1331 4168 Videbatur
1353 4113 1495 4167 enim
1513 4112 1712 4166 nobilis
1733 4111 1949 4179 quidam

382 4206 468 4261 vir
493 4223 630 4271 esse,
668 4206 939 4261 Romanus
984 4206 1229 4268 nomine,
1277 4204 1443 4275 676
1489 4203 1579 4272 qui
1639 4201 1952 4268 frequenter

378 4312 501 4352 eum
525 4296 929 4360 sollicitaverat,
958 4305 1016 4348 ut
1042 4295 1142 4348 sibi
1174 4293 1421 4348 subditus
1454 4292 1628 4346 fieret.
1660 4290 1948 4361 Presbyter

374 4387 558 4454 itaque
583 4385 732 4439 nimii
764 4385 989 4440 terroris
1017 4386 1244 4438 horrore
1291 4383 1601 4452 perculsus,
1654 4382 1721 4435 ad
1766 4381 1947 4449 praxi-

371 4475 572 4546 pientis
602 4475 884 4546 imperium
916 4491 1109 4528 manus
1146 4438 1404 4543 utrasque
1427 4472 1745 4544 complosit,
1766 4438 1946 4538 Iatque
1977 4438 2024 4496 θ
2049 4464 2220 4546 ρξεῳν

371 4563 517 4619 illius
546 4580 735 4619 manus
765 4564 1132 4619 dedititiorum
1160 4581 1309 4619 more
1335 4563 1656 4619 deosculans
1675 4603 1688 4627 ,
1719 4578 1777 4616 se
1803 4560 1945 4615 velut

372 4655 427 4709 in
458 4654 645 4709 herilis
671 4653 795 4709 fidei
832 4655 1059 4710 tuitione
1104 4654 1396 4708 commisit.
1433 4652 1531 4707 Cui
1586 4651 1834 4706 videlicet
1864 4650 1940 4704 rei

372 4747 622 4815 congruit
649 4746 790 4815 quod
831 4745 1084 4800 Salomon
1134 4746 1209 4797 ait
1239 4761 1252 4796 :
1287 4762 1305 4793 ‹
1335 4742 1524 4796 Manus
1556 4743 1608 4795 in
1643 4757 1804 4794 manu
1834 4757 1939 4795 non

370 4839 478 4893 erit
524 4839 786 4893 innocens
820 4837 994 4891 malus
1042 4833 1223 4906 (Prov.
1277 4835 1377 4902 XI).
1419 4854 1436 4885 ι
1488 4833 1655 4900 Quem
1703 4834 1948 4901 protinus

373 4926 466 4983 ille
493 4935 882 4996 percunctans:
918 4926 1065 4990 Scis,
1114 4926 1318 4992 inquit,
1349 4925 1437 4992 qui
1469 4923 1603 4978 sint?
1630 4922 1720 4975 llle
1747 4931 1942 4990 praesto

370 5017 703 5086 respondens
733 5017 808 5070 ait
841 5033 855 5069 :
888 5015 1077 5070 Nonne
1107 5026 1158 5068 ιιι
1195 5031 1254 5068 es
1278 5014 1527 5069 dominus
1558 5028 1710 5068 meus
1737 5012 1939 5066 Roma-

371 5106 513 5161 nus?
555 5106 630 5160 At
670 5105 758 5160 ille
787 5124 802 5159 :
832 5105 1022 5172 Absit,
1055 5106 1229 5170 absit;
1263 5105 1356 5159 sed
1389 5119 1491 5174 ego
1519 5119 1669 5166 sum,
1720 5103 1894 5171 inquit
1925 5142 1940 5166 ,

370 5194 642 5259 diabolus,
673 5197 756 5249 cui
809 5205 862 5249 tu
911 5211 1054 5250 nunc
1101 5195 1420 5248 commissus
1461 5208 1550 5258 es,
1583 5203 1635 5247 et
1665 5191 1938 5246 individua

370 5287 624 5357 deinceps
649 5288 908 5342 societate
932 5286 1273 5356 constrictus.

436 5378 537 5432 Sta
570 5379 734 5448 igitur
765 5379 816 5432 in
858 5379 986 5443 fide,
1011 5387 1063 5432 et
1091 5391 1246 5430 serva
1278 5374 1418 5444 quod
1453 5373 1724 5443 pollicitus
1769 5387 1858 5436 es;
1885 5379 1940 5424 ct

366 5476 488 5536 post
543 5467 846 5534 huiusmodi
879 5468 1040 5520 verba
1076 5465 1158 5520 vel
1195 5472 1345 5533 gesta
1405 5471 1602 5531 przesto
1654 5461 1936 5530 disparuit.

368 5563 520 5612 'tunc
551 5559 637 5612 ille
669 5559 1038 5621 tremefactus,
1073 5557 1327 5612 confusus
1375 5565 1536 5624 atque
1595 5552 1936 5623 perterritus,

366 5651 433 5702 ad
475 5651 692 5702 domum
740 5664 842 5704 non
891 5650 1006 5704 sine
1055 5664 1246 5717 magno
1298 5646 1671 5717 trepidationis
1713 5645 1937 5700 horrore

2059 456 2365 521 memorize,
2395 454 2702 507 Teuzonem
2729 449 2969 516 nomine,
2995 463 3082 504 me
3105 462 3319 520 quoque
3347 459 3634 520 praesente,

2056 545 2392 620 paenitentia
2420 543 2694 613 flagitator
2723 541 2969 596 accessit.
3009 539 3103 596 Cui
3136 555 3261 594 mox
3287 540 3639 598 sacerdotalis

2056 642 2232 698 ollicio
2262 638 2540 709 dignitatis
2570 637 2836 704 adempto,
2862 650 2985 689 cum
3017 634 3264 689 aestivum
3294 641 3422 688 tunc
3442 647 3636 690 cauma

2057 726 2838 794 fervesceret,etsccandarum
2866 724 3119 778 messium
3145 733 3356 794 tempus
3385 724 3637 793 instaret,

2051 821 2206 891 juxta
2228 821 2429 876 carina
2456 820 2518 890 (f.
2545 815 2836 885 canonum)
2865 815 3121 883 regulam,
3159 815 3509 870 inclusionem
3543 831 3640 870 cu-

2053 912 2244 967 stodia:
2280 909 2568 965 carceralis
2593 906 2881 961 indiximus
2919 920 3219 959 zannorum
3261 905 3635 975 pmnitentiam

2055 998 2762 1072 competentimoderatione
2774 994 3104 1066 prmfiximus
3133 1012 3146 1048 :
3173 995 3473 1064 atqueutin
3487 1009 3639 1065 spem

2056 1104 2218 1148 certa:
2243 1090 2665 1161 recuperationis
2688 1087 2896 1155 absque,
2912 1084 3075 1139 dubio
3097 1084 3518 1148 convalesceret,
3544 1083 3638 1137 ad»

2058 1183 2260 1236 hortati
2287 1194 2478 1234 omnes
2506 1192 2710 1232 sumus.
2762 1175 2818 1229 ln
2859 1188 2968 1243 quo
3010 1173 3264 1226 nimirum
3297 1171 3436 1226 facto
3467 1174 3640 1224 mani-

2056 1271 2194 1327 feste
2221 1271 2591 1341 perpenditur,
2621 1268 2880 1337 quoniam
2917 1264 3211 1320 iracundus
3241 1265 3365 1317 dum
3396 1264 3512 1318 zelo
3539 1264 3638 1338 im-

2057 1363 2320 1418 moderati
2352 1362 2552 1415 furoris
2580 1360 2914 1424 accenditur,
2958 1357 3114 1426 juxta
3164 1356 3460 1426 Scriptura:
3488 1343 3640 1410 testi-

2056 1453 2327 1516 monium,
2380 1469 2408 1506 a
2440 1450 2705 1505 dazmonio
2731 1449 3055 1519 possidetur.
3089 1446 3338 1516 Nunquid
3367 1446 3512 1500 enim
3536 1446 3642 1500 ira-

2058 1544 2264 1597 cundus
2304 1541 2570 1596 daemonio
2604 1547 2836 1593 vexante
2870 1552 2975 1590 non
3006 1537 3202 1606 agitur,
3255 1535 3344 1604 qui
3395 1550 3641 1589 nonnun-

2056 1649 2219 1704 quam
2250 1633 2316 1686 atl
2343 1630 2679 1702 plectendam
2716 1626 3002 1695 cujuslibet
3046 1641 3148 1678 non
3201 1624 3473 1686 Ιίηᾱθηῑίε,
3507 1625 3639 1694 quin

1981 1731 2024 1790 Β
2050 1725 2230 1793 potius
2251 1723 2470 1778 sibimet
2490 1719 2862 1789 obsequentis,
2878 1716 3240 1770 innocentiam
3263 1716 3641 1784 permovetur?

2058 1813 2211 1868 Ultro
2240 1813 2382 1866 enim
2431 1811 2557 1866 dum
2596 1809 2764 1862 libero
2811 1806 3008 1860 mentis
3044 1803 3250 1871 judicio
3299 1811 3478 1868 caret,
3510 1817 3638 1872 erga

2056 1918 2144 1958 res
2167 1903 2329 1956 etiam
2362 1899 2702 1956 insensibiles
2723 1897 3016 1951 vindictam
3048 1895 3260 1949 ultoriae
3300 1893 3641 1948 animadver-

2055 1993 2223 2049 sionis
2245 2001 2483 2048 exercet.
2510 1991 2662 2057 Quod
2688 1989 2873 2058 utique
2893 1986 3067 2058 Cyrus
3091 2001 3183 2040 rex
3204 1985 3440 2040 Persidis
3462 1985 3640 2055 egisse

2055 2084 2496 2154 deprehenditur,
2553 2083 2695 2136 sicut
2747 2079 3054 2135 Herodotus
3103 2077 3338 2146 antiquae
3406 2075 3640 2144 scriptor

2059 2178 2303 2233 historia:
2330 2175 2636 2245 profitetur.
2669 2171 2772 2238 Qui
2793 2171 2921 2225 dum
2949 2169 3178 2224 militum
3211 2167 3441 2220 vallatus
3467 2166 3639 2236 agmi-

2056 2270 2238 2332 nibus,
2267 2268 2510 2338 Gnydem
2537 2264 2755 2318 ﬂuvium
2781 2261 3177 2322 transvadaret,
3202 2274 3340 2314 unus
3368 2257 3639 2327 regiorum

2055 2361 2300 2431 equitum
2351 2358 2588 2413 candore
2647 2355 2931 2424 formaque
2977 2351 3320 2423 praecellens,
3368 2349 3498 2404 dum
3544 2363 3641 2419 per

2057 2467 2307 2522 rapacem
2337 2449 2578 2514 alveum,
2622 2448 2712 2503 ubi
2742 2445 2928 2502 oll‘ensi
2976 2444 3116 2499 vado
3164 2443 3398 2498 vortices
3427 2440 3642 2496 attolle-

2058 2545 2275 2605 bantur,
2309 2541 2628 2613 ingreditur,
2659 2540 2923 2594 undarum
2951 2536 3204 2607 procellis
3230 2535 3640 2606 prmcipitanter

2059 2635 2426 2699 irruentibus,
2472 2633 2765 2702 naufragus
2827 2631 3172 2685 absorbetur.
3221 2627 3372 2682 Tunc
3421 2641 3516 2681 rex
3556 2627 3641 2683 ira

2057 2734 2362 2796 permotus,
2396 2723 2580 2778 ulcisci
2606 2724 2656 2776 in
2691 2737 2902 2775 amnem
2945 2721 3156 2787 statuit,
3184 2728 3496 2774 contestans
3516 2733 3638 2772 enm

2058 2818 2150 2888 qui
2179 2821 2500 2886 praeclarum
2532 2821 2818 2868 voraverat
2845 2812 3114 2880 equitem,
3148 2812 3220 2863 ita
3253 2807 3636 2879 pertneabilem

2059 2907 2470 2976 relinquendum
2489 2946 2504 2970 ,
2532 2912 2591 2958 ut
2621 2903 2708 2956 vix
2737 2902 3026 2972 aliquando
3050 2911 3227 2971 posset
3256 2901 3524 2970 attingere
3548 2915 3639 2968 ge-

2061 3016 2165 3054 nua
2197 2999 2543 3053 feminarum.
2571 2996 2785 3050 Annum
2817 2994 3004 3065 igitur,
3038 3002 3096 3048 ιιι
3121 2991 3430 3060 conjicitur,
3465 3000 3637 3045 totum

1978 3095 2021 3154 C
2055 3091 2109 3144 in
2137 3091 2237 3144 hoc
2270 3087 2556 3143 ridiculoso
2585 3086 2768 3141 labore
2799 3093 3111 3155 perpetuat,
3160 3097 3224 3137 ac
3258 3097 3408 3136 reum
3463 3082 3634 3152 maje-

2053 3182 2210 3237 statis
2251 3179 2471 3234 fluvium
2511 3179 2637 3232 dum
2681 3175 2864 3231 multis
2910 3177 3161 3242 utrinque
3203 3172 3364 3228 fossis
3389 3174 3631 3243 aperuit,

2054 3273 2206 3342 quasi
2256 3271 2477 3325 totidem
2516 3283 2617 3338 per
2641 3265 2814 3322 latera
2858 3265 3174 3320 vulneribus
3200 3265 3467 3318 sauciavit
3497 3281 3508 3316 :
3539 3279 3636 3332 per

2051 3363 2476 3434 quadringentos
2523 3360 2731 3414 scilicet
2789 3367 2845 3414 et
2884 3358 3163 3426 sexaginta
3225 3355 3425 3410 rivulos
3466 3371 3633 3425 aquas

2052 3453 2289 3507 ﬂuminis
2317 3451 2631 3516 subdivisit;
2664 3449 2763 3514 sic,
2791 3449 2871 3504 sic
2899 3449 3043 3503 velut
3073 3447 3278 3503 inimici
3303 3447 3386 3502 sui
3413 3448 3637 3518 sangui-

2053 3559 2175 3598 nem
2207 3541 2468 3612 pet-fluere
2491 3541 2781 3610 compulit,
2813 3550 2868 3595 et
2897 3540 3120 3594 divitem
3143 3553 3358 3604 venam,
3388 3538 3443 3593 in
3466 3551 3630 3609 quam

2055 3646 2315 3709 tyrannus
2339 3633 2651 3699 infremuit,
2682 3640 3004 3703 paupertate
3037 3631 3308 3685 multavit.

2675 3721 2902 3778 CAPUT
2944 3721 3009 3776 V.

2319 3816 2471 3883 Quod
2500 3817 2582 3870 ira
2605 3813 2865 3868 hominem
2889 3811 3057 3865 reddit
3084 3821 3361 3866 amentem.

2120 3909 2310 3966 Cernis
2349 3909 2531 3976 itaque
2553 3947 2566 3968 ,
2602 3904 2837 3976 qualiter
2864 3904 2942 3957 ira
2979 3903 3477 3968 redditamentem,
3508 3917 3631 3971 qua:

2052 4003 2178 4056 dum
2212 3999 2527 4068 exsequitur
2576 3996 2716 4065 quod
2749 3992 3083 4062 impatientia
3110 3991 3370 4062 suggerit,
3427 4000 3628 4046 semct-

2053 4095 2222 4162 ipsam
2250 4091 2548 4146 ridentibus
2572 4087 2824 4158 pabulum
2853 4082 3290 4139 subsannationis
3329 4082 3493 4152 677
3530 4095 3628 4136 ex-

2052 4185 2224 4255 ponit.
2271 4182 2373 4235 Pcr
2417 4193 2574 4234 omne
2617 4177 2813 4246 quippe
2837 4175 3022 4228 vitium
3046 4172 3188 4242 quod
3219 4173 3288 4225 ab
3316 4171 3627 4227 hominibus

2052 4279 2410 4345 perpetratttr,
2444 4268 2675 4323 diversis
2703 4266 2886 4332 utique
2917 4262 3091 4317 modis
3123 4261 3320 4315 misero
3352 4261 3504 4315 cordi
3535 4276 3628 4315 vc-

2053 4361 2254 4416 ternosi
2295 4357 2467 4414 hostis
2508 4357 2657 4410 virus
2698 4352 3016 4408 infunditur.
3060 4351 3120 4405 ln
3167 4350 3460 4405 iracundia:
3499 4365 3630 4405 vero

2269 4458 2377 4504 tota
2423 4464 2520 4504 sua
2569 4447 2777 4502 viscera
2825 4458 3046 4514 serpens
3089 4442 3365 4508 concutit,
3413 4458 3628 4498 omnem

2047 4545 2190 4600 fellis
2221 4540 2635 4598 amaritudinem
2678 4553 2934 4594 evomens
2967 4536 3172 4601 fundit;
3221 4536 3353 4592 adeo
3392 4543 3453 4590 ut
3498 4551 3625 4605 pru-

2049 4640 2264 4695 dentem
2313 4637 2511 4692 mentis
2558 4642 2862 4705 expertem,
2911 4629 3286 4686 rationabilem
3335 4628 3626 4691 furiosum,

2048 4731 2331 4786 callentem
2388 4726 2602 4797 ingenio
2656 4725 2845 4778 reddat
2895 4723 3162 4778 insanum.
3219 4720 3432 4774 Alienat
3482 4719 3626 4772 enim

2051 4821 2300 4882 miseros,
2354 4825 2410 4872 et
2462 4817 2609 4870 velut
2665 4813 2984 4880 abreptitios
3040 4810 3277 4864 insanire
3333 4806 3623 4876 compellit.

2048 4911 2201 4978 Quod
2233 4925 2364 4966 sane
2391 4908 2516 4963 licet
2538 4905 2786 4962 omnibus
2808 4901 3128 4957 Christianis
3160 4901 3230 4953 sit
3252 4898 3472 4952 omnino
3499 4912 3624 4967 pro-

2049 5005 2299 5066 hibitum,
2340 4999 2670 5071 permaxime
2699 5006 2878 5050 tamen
2909 4991 3282 5047 sacerdotibus
3308 4996 3393 5043 est
3422 5002 3622 5042 caven~

2048 5096 2196 5150 dum.
2241 5092 2374 5147 Nam
2411 5105 2533 5146 cum
2579 5087 2781 5142 veritas
2823 5081 3033 5136 cunctis
3074 5078 3322 5134 fidelibus
3371 5077 3425 5132 in
3473 5090 3621 5133 com-

2049 5201 2210 5240 mune
2236 5182 2531 5254 prmcipiat,
2571 5186 2630 5233 ut
2668 5175 2934 5231 dissidens
2959 5171 3185 5241 quisque
3229 5183 3424 5226 munus
3465 5183 3620 5224 suum

2048 5289 2172 5332 ante
2215 5276 2384 5329 altare
2428 5274 2664 5337 deserat,
2700 5282 2800 5322 nec
2829 5263 2958 5318 illttd
2989 5272 3275 5331 antequam
3310 5260 3439 5316 lwso
3469 5258 3623 5314 fratri

2045 5367 2442 5428 reconcilietur,
2478 5361 2670 5416 offerre
2703 5363 2994 5428 praesumat
3037 5352 3252 5424 (Matth.
3284 5352 3362 5425 v),
3422 5359 3624 5420 quanto

2044 5457 2363 5529 prepensitts
2403 5453 2453 5508 id
2501 5449 2763 5522 agendum
2808 5455 2892 5501 est
2933 5444 3222 5510 sacerdoti,
3255 5443 3344 5512 qui
3373 5441 3623 5496 videlicet

2044 5564 2150 5604 non
2177 5546 2375 5602 metalli
2415 5543 2643 5615 pondus,
2676 5555 2779 5594 non
2805 5536 3208 5609 corruptibilem
3248 5533 3618 5605 margaritam,

2044 5659 2150 5697 non
2201 5649 2350 5696 certe
2395 5635 2697 5705 manipulos
2746 5639 3009 5703 segetum,
3054 5627 3147 5686 s'ed
3195 5627 3372 5683 vitalis
3420 5622 3620 5680 eucha-
