4142 5396
550 234 655 293 655

1007 233 1066 289 S.
1108 229 1309 288 PETRI
1340 228 1621 287 DAMIANI
1659 230 1808 288 OPl’.
1841 230 2075 289 TOMUS
2114 232 2246 290 SEU
2279 232 2458 290 PARS
2486 232 2572 289 111.
2607 262 2677 273 -·
2698 231 3060 291 OPUSCULA
3090 232 3318 289 VARIA.

3682 236 3789 293 656

545 344 709 402 ristite
743 340 1019 399 olilaturus
1043 350 1123 397 est
1157 340 1582 396 sacramentum!
1625 338 1693 394 Et
1719 355 1841 396 cum
1872 340 1958 395 illa
1992 340 2107 396 sin-
2136 344 2181 403 Α
2211 341 2426 412 copiosa
2468 357 2752 398 munerum
2797 343 3118 400 liberalitate
3143 344 3353 401 ditavit.
3402 344 3446 402 Ο
3487 346 3532 402 si
3574 346 3660 403 vir
3696 348 3791 403 ille

543 433 745 503 gularis
764 432 939 487 hostia
967 444 1065 501 pro
1090 428 1325 485 inimicis
1344 428 1612 499 principio
1642 428 1717 484 sit
1737 429 1938 495 oblata,
1968 429 2116 500 Apo-

542 510 683 577 stolo
713 528 947 575 testante
967 518 1060 587 qui
1108 517 1185 572 ait
1219 535 1233 571 :
1268 510 1297 569 ‘c
1332 516 1469 572 Cum
1496 516 1700 572 inimici
1734 532 1995 583 essemus,
2030 532 2118 572 re-

541 608 809 665 conciliati
832 620 1016 663 sumus
1039 605 1268 676 Deo‘per
1288 614 1513 661 mortem
1535 604 1631 660 filii
1656 604 1771 676 ejus
1793 603 1965 675 (Rom.
1981 606 2067 674 v);
2092 624 2109 657 ι

540 712 649 767 qua
693 703 870 750 mente
901 694 1158 749 sacerdos
1188 694 1392 749 ad-tam
1423 693 1659 750 terribile
1691 703 2110 760 sacramentum,

539 804 646 859 qua
690 787 1014 845 temeritatis
1052 787 1276 842 audacia
1320 801 1519 844 mensae
1560 786 1798 843 scelestis
1840 788 2117 859 praesumit

464 870 485 889 ί
540 882 693 937 adire
730 880 1056 947 convivium,
1088 879 1135 934 si
1161 879 1287 934 dum
1303 878 1771 936 reconciliationis
1798 880 2113 950 mysterium

541 954 797 1037 celebrat,
822 969 979 1025 fratri
998 984 1103 1026 suo
1128 968 1470 1024 reconciliari
1491 969 1835 1024 contemnat?
1859 968 2115 1025 Inimicus

540 1062 699 1119 offert
720 1061 974 1129 hostiam,
998 1048 1125 1131 quae
1153 1058 1465 1114 inimicitias
1497 1058 1677 1124 solvit,
1700 1061 1768 1115 ad
1797 1058 2114 1130 mysterium

541 1157 691 1229 pacis
721 1158 1020 1228 impacatos
1047 1151 1285 1218 accedit;
1315 1166 1437 1207 cum
1481 1150 1652 1220 majus
1680 1151 1753 1206 sit
1791 1150 2114 1207 sacrificium

538 1248 787 1319 peccanti
818 1246 1092 1303 dimittere
1121 1257 1285 1314 quam
1328 1241 1504 1297 laudis
1548 1241 1753 1296 hostias
1797 1239 2111 1307 immolare;

524 1351 596 1395 “et
621 1339 934 1412 placabilius
970 1337 1041 1395 sit
1076 1326 1368 1393 Deo'bonae
1396 1332 1691 1392 voluntatis
1733 1331 2111 1390 holocaustum

540 1447 703 1505 quam
732 1430 1015 1488 exterioris
1042 1430 1274 1486 victima
1300 1437 1717 1486 sacramentum.

612 1524 767 1581 Unde
790 1538 895 1579 non
917 1523 1148 1580 otiosum
1177 1522 1448 1579 credimus
1470 1522 1517 1579 si
1541 1522 1626 1579 his
1653 1521 1830 1578 verbis
1859 1519 2116 1577 inseritur

543 1614 685 1683 quod
714 1612 911 1669 celebri
941 1627 972 1667 a
1002 1612 1285 1691 nonnullis
1302 1611 1562 1669 relatione
1585 1612 1850 1684 vulgatur.
1873 1611 1968 1666 Vir
1994 1610 2114 1681 qui-

2221 432 2568 509 sacerdotalis
2607 432 2815 489 ordinis
2855 432 3030 489 cilicio
3073 434 3414 505 fungeretur,
3456 451 3617 506 quam
3659 452 3793 493 con-

2218 519 2443 576 ﬁdenter
2461 521 2529 577 ad
2548 519 2875 578 offerendum
2893 520 3002 577 Deo
3016 510 3211 578 munus
3226 525 3493 595 potuisset
3507 528 3783 583 accedere!

2216 608 2333 675 Quo
2362 619 2573 678 contra,
2603 611 2850 681 quisquis
2874 612 2926 665 in
2959 613 3122 667 corde
3159 613 3251 668 irae
3280 613 3363 669 vel
3386 615 3494 669 odii
3521 614 3789 671 confusio-

2216 715 2313 755 nes
2339 701 2686 772 agglomerat,
2729 711 2782 757 et
2824 711 3035 773 tempus
3063 703 3272 759 ultoria:
3304 705 3675 762 retributionis
3693 721 3788 763 ex-

2216 798 2444 857 spectat,
2466 805 2623 859 quam
2639 791 2957 859 perniciose,
2981 807 3141 862 quam
3161 793 3321 849 norie
3342 794 3514 851 sacris
3529 795 3789 852 altaribus

2213 877 2632 948 appropinquat!
2683 878 2999 936 Hominibus
3026 882 3223 952 quippe
3254 885 3481 939 vertitur
3513 885 3569 941 in
3600 886 3787 942 incen-

2216 966 2386 1033 dium,
2428 968 2571 1038 quod
2614 968 2683 1024 ad
2715 968 3278 1042 refrigerii'provisum
3306 983 3390 1031 est
3412 985 3781 1048 augmentum.

2826 1083 3051 1141 CAPUT
3092 1086 3176 1142 VI.

2286 1164 2595 1240 Prodigium
2627 1172 2767 1242 quod
2791 1175 3008 1247 contigit
3039 1178 3339 1247 presbytero
3376 1177 3713 1237 Salernitano

2730 1245 2940 1297 missam
2973 1245 3268 1301 celebranti.

2286 1327 2439 1386 Unde
2476 1329 2711 1389 fortasse
2735 1336 2958 1407 contigit
2994 1340 3136 1408 quod
3186 1340 3400 1395 cuidam
3432 1356 3530 1397 suo
3565 1344 3784 1416 presby-

2218 1426 2334 1474 tero
2355 1422 2680 1477 venerabilis
2702 1422 2928 1479 Alfanus
2955 1423 3325 1485 Salemitanus
3353 1428 3789 1505 archiepis’c0pus

2215 1525 2386 1582 nuper
2408 1512 2653 1568 evenisse
2678 1514 2947 1583 perhibuit
2973 1533 2987 1572 :
3022 1518 3111 1587 qui
3142 1518 3392 1575 nimirum
3420 1523 3700 1596 presbyter
3715 1524 3787 1581 ad

2216 1608 2566 1665 cumulandos
2594 1610 2833 1685 pecunia:
2857 1622 3095 1681 quzestus
3116 1626 3223 1667 non
3269 1613 3613 1670 mediocriter
3639 1631 3672 1671 a
3705 1613 3787 1670 vi-

541 1704 686 1767 dam,
712 1710 771 1757 ut
800 1702 1017 1767 dicitur,
1042 1685 1400 1772 potentiOrem
1435 1717 1493 1758 se
1522 1703 1792 1758 hominem
1821 1700 2109 1767 interfecit,
2142 1685 2185 1746 Β
2215 1700 2333 1755 duis
2360 1708 2417 1756 et
2456 1698 2703 1773 fenorum
2732 1696 2982 1772 captabat
3010 1718 3228 1771 usuras,
3265 1713 3322 1759 et
3349 1704 3416 1760 de
3441 1714 3635 1761 caetero
3663 1722 3788 1764 caro

541 1809 572 1849 a
604 1792 758 1863 cujus
785 1793 945 1848 etiam
975 1791 1107 1859 lilio,
1136 1808 1287 1849 more
1321 1794 1525 1860 saeculi,
1562 1810 1671 1850 non
1699 1793 1904 1865 legibus
1936 1794 2111 1850 Evan-

542 1884 702 1956 gelii,
746 1884 943 1939 multas
981 1883 1243 1940 bellorum
1287 1884 1561 1940 molestias
1605 1884 1869 1954 pertulit:
1901 1884 2112 1956 paterni

539 1974 747 2030 scilicet
776 1972 916 2027 ultor
965 1972 1235 2039 interitus,
1268 1980 1323 2028 et
1360 1980 1567 2043 strages
1606 1973 1895 2028 anhelabat
1939 1973 2111 2029 homi-

539 2079 692 2130 num,
728 2070 781 2117 et
826 2061 1188 2131 frequentium
1232 2063 1541 2131 rcportahat
1584 2063 1864 2119 manubias
1899 2064 2111 2133 rapina-

538 2168 680 2207 rum.
718 2151 858 2205 lnter
885 2151 985 2206 bas
1014 2151 1175 2222 igitur
1210 2150 1479 2207 homicida
1525 2153 1891 2222 deprehensus
1936 2169 2107 2222 angu-

540 2246 697 2312 stias,
727 2244 1004 2315 imperiale
1049 2244 1286 2300 decrevit
1331 2245 1479 2299 adire
1522 2247 1828 2317 vestigium,
1873 2246 1918 2301 si
1966 2247 2108 2317 quod

538 2336 680 2393 forte
710 2345 788 2391 tot
809 2335 1205 2392 calamitatibus
1227 2344 1407 2406 posset
1434 2336 1672 2405 reperire
1699 2335 1966 2392 solatium.
1993 2336 2110 2403 Quo

537 2434 835 2496 comperto,
865 2425 1076 2496 paterni
1115 2424 1394 2494 anguinis
1429 2423 1570 2479 ultor
1612 2423 1927 2494 insequitur.
1959 2439 2109 2497 eum-

538 2529 664 2585 que,
711 2518 823 2572 sive
863 2524 922 2570 ut
964 2516 1310 2571 tribunalium
1358 2514 1870 2588 lege‘constringat,
1904 2516 2022 2571 sive
2052 2523 2111 2571 ut

538 2616 763 2676 repente
811 2606 1002 2676 gladiis
1048 2606 1351 2678 opprimat,
1405 2605 1634 2678 impiger
1685 2606 1994 2662 comitatur.
2050 2605 2108 2660 In

536 2699 847 2757 Teutonicis
882 2714 1009 2755 vero
1037 2700 1280 2773 partibus
1311 2710 1437 2759 tunc
1469 2701 1761 2775 imperator
1789 2700 2000 2774 agebat.

605 2792 740 2849 Cum
787 2792 973 2866 itaque
1017 2794 1316 2864 procedens
1363 2796 1634 2859 modeste,
1685 2795 1839 2866 quasi
1885 2807 2121 2850 securus

536 2883 842 2950 incederet,
894 2885 1229 2961 subsequens
1272 2895 1451 2939 autem
1490 2884 1724 2941 celerius
1771 2894 2107 2956 properaret,

537 2974 756 3032 tandem
791 2975 1015 3047 contigit
1057 2984 1116 3030 ut
1144 2974 1361 3030 sibimet
1407 2975 1634 3031 invicem
1667 2978 2103 3048 propinquantes,

2213 1792 2320 1849 nali
2350 1794 2755 1850 conversatione
2779 1795 3012 1851 vivebat.
3060 1793 3159 1851 Hic
3188 1795 3476 1866 aliquando
3503 1790 3627 1853 dum
3656 1795 3786 1856 mis-

2210 1898 2391 1959 sarum
2417 1884 2719 1941 celebraret
2744 1882 3000 1951 cilicium,
3025 1884 3167 1941 inter
3189 1884 3357 1955 ipsam
3384 1886 3643 1944 Dominici
3666 1905 3785 1944 cor-

2208 1974 2360 2043 poris
2400 1971 2740 2041 fractionem,
2788 1982 2895 2031 tres
2926 1985 3147 2047 repente
3190 1976 3385 2034 favilla:
3406 1978 3547 2049 ignis
3570 1994 3634 2034 ex
3669 1981 3787 2050 ipso

2209 2065 2414 2122 caelesti
2458 2076 2800 2123 sacramento
2845 2069 3172 2139 prodeuntes
3217 2069 3586 2137 emicuerunt,
3627 2082 3683 2128 et
3728 2074 3787 2127 in

2207 2166 2396 2227 pectus
2437 2159 2798 2215 sacrificantis
2846 2160 3163 2216 terribiliter
3202 2160 3539 2233 itupegerunt
3580 2180 3595 2217 :
3640 2164 3785 2234 quod

2211 2249 2463 2303 nimirum
2507 2251 2634 2319 quid
2676 2266 2795 2306 esse
2838 2251 3074 2321 potuerit
3127 2252 3396 2308 subtiliter
3465 2252 3783 2323 inquirentis

2207 2341 2490 2410 prudentia
2512 2341 2793 2411 judicabit.

2278 2429 2411 2486 Illud
2436 2432 2600 2486 etiam
2633 2432 2847 2488 silentio
2877 2437 3304 2504 praetereundum
3346 2450 3463 2494 esse
3504 2453 3608 2495 non
3639 2441 3785 2498 arbi-

2209 2526 2343 2585 tror,
2368 2520 2508 2589 quod
2537 2521 2677 2576 idem
2706 2521 3059 2579 Salernitanae
3089 2535 3267 2580 rector
3301 2527 3570 2591 Ecclesite,
3603 2539 3657 2585 et
3692 2546 3783 2586 re—

2210 2608 2607 2678 ligiosissimus,
2645 2627 2708 2667 ac
2733 2614 3114 2673 veracissimns
3135 2615 3446 2675 Casineusis
3472 2622 3782 2677 monasterii

2210 2700 2377 2756 abbas
2405 2698 2734 2767 Desiderius,
2767 2719 2875 2760 uno
2896 2706 3047 2771 mihi,
3092 2716 3150 2761 ut
3174 2707 3247 2762 ita
3271 2708 3478 2778 loquar,
3508 2725 3602 2765 ore
3632 2711 3780 2765 dixe-

2210 2801 2366 2860 runt;
2423 2794 2676 2866 quoniam
2738 2797 3044 2868 episcopus,
3089 2798 3242 2867 cujus
3301 2815 3387 2855 me
3431 2801 3495 2855 ad
3544 2816 3783 2871 praesens

2209 2884 2528 2940 vocabulum
2558 2884 2711 2956 fugit,
2739 2886 2863 2942 dum
2893 2888 2946 2941 in
2974 2889 3203 2958 quodam
3235 2898 3414 2945 castro
3442 2900 3785 2945 consecratu-

2209 2990 2304 3031 rus
2345 2984 2488 3031 esset
2530 2976 2848 3044 Ecclesiam,
2896 2977 2963 3032 ab
2992 2993 3056 3034 eo
3085 2979 3175 3049 qui
3223 2979 3613 3037 Bcneventante
3659 2992 3785 3038 tunc

544 3068 598 3122 in
628 3074 843 3122 mutuos
884 3075 1111 3135 uterque
1136 3065 1461 3120 ducerentur
1487 3077 1750 3137 aspectus.
1778 3068 1882 3121 Sed
1906 3083 2027 3123 cum
2061 3066 2106 3121 is
2135 3068 2179 3130 C
2210 3073 2327 3117 erat
2357 3064 2563 3119 electus
2588 3065 2857 3131 Ecclesiae,
2887 3065 3028 3120 beati
3063 3066 3280 3122 Barbati
3311 3069 3634 3125 confessoris
3663 3071 3786 3125 reli-

537 3157 629 3228 qui
672 3156 949 3212 homicidii
995 3169 1121 3211 reus
1165 3164 1302 3222 erat,
1355 3157 1443 3210 vix
1483 3164 1716 3226 quatuor
1743 3158 1824 3213 vel
1869 3158 2104 3228 quinque

522 3247 791 3302 'comitum
819 3245 1102 3301 fulciretur
1129 3245 1359 3312 auxilio;
1391 3245 1659 3301 interfecti
1690 3262 1817 3301 vero
1847 3247 1987 3301 filius
2012 3249 2105 3302 tri-

533 3337 682 3409 ginta
710 3334 878 3391 ferme
904 3336 1209 3406 cingeretur
1229 3335 1501 3404 obSequiis
1522 3345 1872 3401 armatorum,
1892 3345 2107 3405 quater-

536 3428 753 3483 nionem
779 3442 933 3482 suum
956 3428 1272 3482 cohortatur
1295 3435 1352 3480 ut
1374 3426 1558 3496 fugiat.
1581 3425 1673 3481 Ille
1693 3441 1752 3481 se
1773 3426 2107 3495 conspiciens

536 3519 603 3573 de
623 3518 1059 3589 persequentium
1084 3516 1331 3572 manibus
1351 3517 1502 3570 avola
1512 3531 1567 3570 re
1586 3531 1692 3570 non
1716 3530 1893 3585 posse,
1917 3515 2108 3570 anima:

536 3597 895 3676 patrocinium
922 3607 1100 3676 petiit,
1132 3605 1198 3660 ad
1228 3606 1550 3661 humilitatis
1580 3605 1949 3660 umbraculum
1979 3620 2109 3659 con-

537 3683 742 3767 fugium
775 3697 924 3752 fecit.
962 3695 1224 3766 Projectis
1257 3696 1419 3767 igitur
1446 3696 1634 3761 armis,
1668 3695 1905 3751 brachiis
1942 3695 2106 3749 etiam

538 3784 594 3839 in
622 3785 839 3840 modum
880 3787 1058 3840 crucis
1091 3787 1353 3852 extensis,
1385 3785 1501 3841 solo
1537 3785 1916 3856 prosternitur,
1944 3795 1995 3841 et
2025 3785 2110 3840 vel

536 3876 910 3931 miserentium
940 3877 1178 3943 veniam,
1214 3877 1297 3933 vel
1327 3878 1462 3933 ictus
1488 3877 1792 3933 ferientium
1831 3877 2110 3948 praestola-

516 3976 647 4025 ‘tur.
676 3968 746 4023 At
770 3968 857 4023 illc
877 3966 990 4038 jam
1017 3969 1191 4024 victor
1213 3969 1279 4023 ad
1307 3970 1662 4024 reverentiam
1686 3969 1864 4025 crucis
1890 3984 2107 4024 manum

535 4059 878 4132 reprimendo
914 4059 1283 4129 compescuit,
1333 4059 1474 4114 ultro
1519 4059 1684 4114 etiam
1730 4075 1796 4115 ne
1827 4059 1895 4115 ab
1928 4059 2109 4129 aliquo

525 4147 792 4206 feriretur
853 4149 1085 4205 inhibuit
1128 4168 1141 4203 :
1174 4160 1456 4220 postremo
1491 4165 1679 4219 pacem
1724 4151 1986 4222 integram
2027 4150 2109 4206 fa-

537 4241 709 4307 ciens,
735 4241 802 4295 ad
831 4240 1088 4296 honorem
1120 4250 1320 4296 sanctte
1346 4240 1566 4296 vivifica:
1591 4242 1787 4307 crucis,
1809 4243 1976 4314 678
2001 4259 2105 4298 non

537 4333 700 4388 modo
725 4333 914 4397 vitam,
942 4333 1034 4387 sed
1063 4342 1119 4387 et
1144 4342 1382 4402 paternae
1406 4333 1554 4387 necis
1577 4334 1796 4389 donavit
1822 4334 2100 4389 oll'ensam.

2208 3153 2362 3222 quias
2391 3155 2565 3224 petiit.
2605 3154 2707 3221 Qui
2738 3156 2989 3210 nimirum
3021 3157 3276 3213 fraternis
3311 3160 3656 3229 acquiescens
3696 3175 3785 3215 vo-

2194 3243 2299 3315 tis,
2328 3258 2511 3298 sacras
2547 3243 2914 3299 mundissimae
2951 3244 3149 3301 bustia:
3192 3248 3447 3318 reliquias
3469 3250 3683 3321 intulit,
3710 3252 3787 3305 si-

2207 3332 2393 3402 gillum
2443 3339 2815 3402 competenter
2861 3336 3164 3402 expressit,
3214 3345 3268 3390 et
3314 3347 3517 3391 statuto
3564 3339 3650 3393 die
3689 3355 3789 3409 per

2208 3420 2417 3476 fidelem
2464 3421 2751 3492 quemdam
2796 3425 3117 3478 monaClrum
3160 3439 3357 3480 arcana
3401 3429 3603 3495 petenti
3644 3430 3786 3486 dona

2208 3510 2526 3564 transmisit.
2565 3508 2671 3566 Sed
2699 3527 2820 3566 mox
2849 3522 2908 3567 ut
2933 3513 3108 3569 soluto
3133 3514 3307 3584 sigillo
3334 3516 3589 3583 capsidile
3619 3520 3787 3574 reclu-

2207 3600 2370 3665 ditur,
2399 3600 2559 3654 inane
2596 3617 2818 3670 prorsus
2855 3612 2908 3658 et
2951 3620 3175 3659 vacuum
3224 3600 3510 3674 reperitur.
3556 3606 3789 3665 Miratur

2209 3690 2423 3759 gerulus
2464 3691 2652 3746 deesse
2696 3692 2984 3761 reliquias,
3032 3710 3165 3764 quas
3213 3696 3466 3750 credebat
3515 3697 3784 3767 inclusas;

2209 3779 2350 3834 dolet
2384 3782 2669 3851 cpiscopus
2712 3797 2741 3836 a
2790 3784 2903 3852 spei
2949 3799 3059 3839 sua:
3087 3799 3145 3840 se
3175 3787 3528 3856 suspensione
3558 3787 3786 3845 frustra-

2208 3879 2354 3934 tum;
2388 3880 2782 3936 verumtamen,
2824 3872 3109 3940 ingruente
3148 3877 3457 3943 proposito,
3506 3878 3787 3933 dedicatur

2208 3956 2456 4013 ecclesia.
2511 3958 2672 4015 Redit
2712 3962 2954 4028 nuntius,
2984 3979 3235 4029 vacuum,
3274 3973 3331 4019 ut
3358 3951 3630 4035 credebat,
3687 3984 3782 4024 ca-

2208 4051 2400 4120 psidile
2422 4061 2721 4122 reportans.
2748 4053 2852 4109 Sed
2866 4056 3152 4121 ecee,dum
3165 4058 3427 4128 graditur,
3452 4063 3619 4115 sentit
3640 4065 3784 4132 quod

2208 4142 2352 4196 intra
2394 4142 2627 4197 bustiam
2667 4143 2869 4215 aliquid
2910 4146 3143 4217 agitatur
3175 4166 3186 4200 :
3222 4163 3346 4204 mox
3389 4152 3565 4220 aperit
3594 4167 3787 4208 vascuo

2208 4232 2352 4297 lum,
2396 4233 2562 4304 679
2607 4243 2776 4288 totum
2807 4238 3192 4292 venerabilinm
3233 4240 3598 4311 reliquiarum,
3640 4243 3784 4300 sicut

2209 4323 2473 4391 allaturus
2520 4336 2839 4394 acceperat,
2889 4326 3066 4382 inesse
3109 4329 3307 4399 reperit
3352 4341 3779 4398 sacramentum;

610 4421 722 4477 Hac
751 4422 909 4492 igitur
941 4422 1137 4490 insigni
1181 4434 1396 4493 peracta
1428 4423 1865 4492 victoria,~qnam
1905 4422 2111 4479 scilicet
2139 4415 2187 4474 D
2214 4424 2334 4484 post
2362 4414 2634 4485 paululum
2664 4431 2791 4470 vero
2833 4426 2886 4472 et
2930 4418 3146 4487 pra‘fata
3176 4420 3405 4477 ecclesia
3443 4432 3525 4477 est
3564 4425 3785 4479 omnino

540 4526 649 4567 non
701 4520 808 4565 tam
852 4512 1074 4566 alterius
1121 4528 1280 4581 quam
1312 4512 1416 4577 sui,
1459 4522 1532 4576 et,
1575 4523 1635 4566 ut
1670 4514 1742 4567 ita
1782 4513 1972 4577 fatear,
2002 4531 2109 4570 non

539 4604 653 4658 tam
690 4589 861 4655 hostis
887 4615 1046 4669 quam
1074 4600 1278 4668 proprii
1304 4600 1683 4667 cordisvictor
1708 4602 2014 4668 exstiterat,
2042 4604 2109 4657 ad

502 4690 685 4762 regis
725 4691 952 4753 curiam,
989 4689 1118 4758 quia
1166 4705 1270 4743 non
1316 4690 1503 4758 procul
1548 4700 1685 4757 erat,
1716 4694 1941 4748 accessit
1972 4712 1984 4747 :
2015 4694 2110 4748 sed

512 4782 670 4835 "mox
700 4787 758 4832 ut
785 4778 1067 4833 ecclesiam
1107 4787 1356 4834 oraturus
1388 4779 1710 4850 ingreditur,
1743 4798 1828 4837 res
1861 4784 1996 4838 “mira
2028 4783 2110 4838 ni-

529 4871 818 4938 miumque
844 4869 1127 4938 stupenda,
1156 4868 1449 4924 Salvatoris
1479 4870 1671 4939 imago,
1704 4887 1823 4941 qua:
1862 4874 1915 4927 in
1945 4888 2104 4929 cruce

536 4958 754 5014 videtur
793 4974 1065 5028 expressa,
1106 4958 1275 5014 tribus
1316 4974 1438 5013 eum
1471 4962 1679 5017 vicibus
1723 4964 1975 5018 inclinato
2016 4978 2106 5018 ca-

538 5048 655 5119 pite
685 5047 905 5101 visalest
940 5047 1195 5102 salutare.
1224 5048 1268 5105 Ο
1297 5064 1457 5119 quam
1488 5050 1779 5121 gloriosum
1809 5062 1863 5107 et
1901 5052 2107 5123 insigne

541 5137 896 5208 praeconium,
940 5148 997 5192 ut
1039 5138 1107 5192 ab
1146 5149 1364 5197 auctore
1404 5141 1783 5199 misericordia:
1811 5153 2110 5199 mereretur

542 5235 857 5281 reverenter
881 5229 1072 5297 accipi,
1099 5229 1188 5297 qui
1221 5241 1438 5300 propter
1459 5231 1576 5300 ejus
1600 5234 1955 5288 reverentiam
1976 5234 2110 5289 omi-

546 5322 695 5362 serat
716 5313 1010 5362 vindicari:
1042 5328 1096 5362 et
1124 5322 1189 5362 al.
1213 5335 1276 5362 an
1306 5323 1547 5362 rapinam
1592 5324 1902 5377 calvnlinnie,
1944 5323 2112 5380 hano.

2213 4505 2506 4569 destructa,
2551 4517 2607 4560 et
2653 4515 2826 4561 totum
2876 4508 3221 4566 nihilominus
3289 4521 3527 4568 castrum
3575 4514 3629 4568 in
3677 4531 3785 4585 quo

2212 4595 2389 4650 fuerat
2414 4598 2707 4651 constituta
2736 4614 2751 4654 :
2783 4601 2925 4670 quod
2957 4615 3087 4655 sane
3119 4617 3185 4655 an
3217 4617 3283 4656 ex
3313 4604 3507 4659 merito
3534 4607 3784 4660 sacerdo-

2214 4687 2282 4740 tis
2307 4689 2562 4753 evenerit,
2591 4703 2657 4742 an
2686 4689 2923 4760 quolibet
2951 4690 3056 4746 alio
3082 4690 3264 4747 divino
3282 4690 3512 4762 judicio,
3543 4696 3694 4752 nobis
3718 4698 3785 4753 ad

2211 4774 2470 4845 liquidum
2496 4787 2688 4847 patere
2717 4794 2821 4833 non
2851 4780 3041 4849 potuit.

2819 4884 3047 4945 CAPUT
3086 4892 3194 4948 VII.

2386 4975 2574 5029 Votum
2600 4977 2796 5033 solvere
2817 4992 3148 5038 contemnens
3173 4985 3450 5054 infeliciter
3468 4991 3622 5057 perit.

2283 5062 2415 5117 Illud
2442 5066 2603 5119 etiam
2638 5082 2782 5123 nunc
2804 5072 2873 5124 ad
2910 5074 3224 5128 memoriam
3261 5078 3420 5147 redit,
3464 5081 3607 5148 quod
3651 5097 3788 5151 prte-

2215 5152 2359 5207 fatus
2403 5152 2777 5212 Salernitanus
2822 5160 3260 5233 archiepiscopus
3300 5168 3514 5223 cuidam
3563 5185 3632 5225 ex
3675 5173 3787 5227 suis

2215 5240 2421 5297 civibus
2449 5245 2693 5301 evenisse
2737 5249 3028 5318 perhibuit.
3074 5252 3132 5306 In
3163 5256 3328 5311 maris
3373 5257 3608 5329 denique
3654 5269 3787 5316 tem-

2213 5343 2420 5396 perQnQn
2468 5335 2832 5362 ᾹΑ--Αι-ι--η-
2908 5340 3081 5362 λάνθηη
3489 5352 3500 5362 ’
3583 5387 3615 5396 ..
3677 5352 3740 5396 ﬂ:

2905 5387 3041 5396 αρν-νς·-
3056 5387 3143 5396 -ιιι
3187 5387 3247 5396 μυ
3293 5387 3615 5396 ...ιι-...ιιιιιιιιι
3661 5387 3787 5396 ..ιι-.-
