4138 6320
373 463 472 520 657

1388 467 1632 524 OPU‘SC.
1667 469 1774 523 XL.
1816 499 1886 509 —-
1927 469 2015 522 DE
2055 467 2419 524 FRENANDA
2460 467 2592 526 lRA.

3491 477 3594 536 658

361 578 918 644 vationis.ohtulerat,
962 579 1214 634 Kalendis
1260 580 1465 634 scilicet
1503 578 1766 645 Januarii,
1808 579 1932 633 dum
1966 585 2009 640 Α
2042 593 2173 634 vena
2221 578 2444 645 metalli,
2475 595 2593 649 quae
2636 581 2734 636 sub
2766 581 2941 637 mallei
2971 583 3284 638 contusione
3329 594 3604 654 purgatur.

361 670 488 725 hinc
529 668 654 723 inde
697 669 1063 735 discurreret,
1111 685 1231 724 cum
1279 668 1582 724 ludentibus
1631 679 1686 724 et
1725 670 1934 725 cachin-

359 759 619 814 nantibus.
645 759 823 828 pueris
847 761 1042 814 choros
1079 759 1320 822 duceret,
1355 770 1411 813 et
1444 758 1636 814 frivola
1689 759 1932 828 quaedam

358 864 422 906 ac
451 849 700 904 scurrilia
730 850 893 905 verba
924 857 1114 904 noaret
1139 848 1204 920 υ.
1236 848 1465 920 hoaret],
1497 850 1673 904 subito
1705 849 1839 918 lapis
1867 848 1934 904 de

357 947 514 993 tecto
535 953 698 1007 super
727 953 852 993 eum
886 939 1099 1003 cecidit,
1131 947 1185 992 et
1215 939 1454 993 obtrivit.
1489 938 1579 994 Sic
1610 938 1800 993 infelix.
1826 939 1931 1004 ille,

356 1028 448 1098 qui
480 1029 735 1083 mundum
774 1028 1024 1084 deserere
1065 1031 1386 1099 contempsit
1425 1030 1721 1092 ultroneus,
1753 1029 1936 1084 amisit

357 1117 585 1183 invitus;
615 1127 670 1172 et
698 1117 943 1173 fallacem
971 1120 1152 1174 carnis
1179 1119 1513 1174 dulcedinem
1553 1119 1814 1190 perdidit,
1843 1117 1934 1188 qui

357 1207 592 1261 amando
619 1222 835 1262 carnem
863 1209 1121 1264 mentitus
1147 1219 1230 1265 est
1260 1211 1497 1266 veritati.

427 1294 564 1351 Huic
607 1297 789 1366 itaque
830 1299 1054 1369 contigit
1095 1300 1238 1368 quod
1288 1301 1545 1370 scriptum
1587 1312 1709 1356 est:
1746 1319 1762 1352 t
1799 1302 1937 1358 Ante

358 1386 570 1441 ruinam
597 1387 869 1441 exaltatur
907 1404 1001 1442 cor
1040 1387 1219 1458 (Prov.
1251 1390 1426 1459 xvut).
1467 1409 1488 1442 ι
1521 1390 1587 1444 Et
1628 1391 1756 1446 illud
1793 1391 1936 1460 Apo-

357 1477 484 1534 stoli
513 1495 529 1533 :
566 1495 585 1530 t
617 1479 888 1533 Horr-ibile
931 1487 1016 1535 est
1043 1480 1280 1536 incidere
1323 1483 1377 1534 in
1405 1497 1596 1536 manus
1627 1482 1718 1536 Dei
1754 1483 1939 1537 viven-

359 1567 430 1622 tis
453 1565 639 1636 (Hebr.
666 1567 720 1635 ι)
748 1584 761 1620 :
797 1585 813 1617 ›
847 1566 996 1634 Quod
1025 1568 1069 1622 si
1103 1569 1180 1622 ira
1205 1570 1297 1624 Dei
1325 1571 1555 1626 viventis
1577 1572 1788 1626 cunctis
1815 1587 1938 1642 pee-

358 1659 606 1714 cantibus
625 1667 710 1714 est
740 1660 996 1726 timenda,
1029 1659 1103 1715 illi
1135 1671 1280 1716 certe
1307 1672 1391 1718 est
1413 1664 1664 1719 obnixius
1693 1679 1757 1719 ac
1785 1666 1941 1718 terri-

358 1749 522 1804 bilius
569 1748 940 1816 formidanda,
984 1751 1076 1819 qui
1124 1749 1339 1808 laborat
1388 1753 1736 1823 impatientia:
1785 1754 1935 1808 vitio.

357 1839 616 1907 Quidum
663 1841 716 1894 in
760 1850 982 1910 pectore
1010 1856 1108 1897 suo
1137 1844 1528 1900 stomachantis
1574 1846 1738 1900 animi
1770 1845 1941 1900 turbi-

2041 671 2192 727 Esset
2233 671 2387 740 plane
2433 673 2627 727 vitrum
2677 675 2885 728 cunctis
2931 675 3268 730 metallorum
3312 674 3609 745 fulgoribus

2036 759 2190 830 longe
2234 763 2597 830 praestantius,
2644 763 2689 816 si
2721 763 2910 831 primis
2941 763 3132 818 ictibus
3161 775 3356 832 pra'sto
3382 780 3488 820 non
3517 779 3607 818 ce-

2038 850 2207 916 deret,
2239 851 2282 905 si
2315 851 2480 906 nativi
2523 851 2794 906 soliditate
2827 853 3036 906 roboris
3064 853 3422 921 percussionis
3466 852 3606 922 inju-

2037 940 2172 993 riam
2217 940 2487 994 toleraret.
2522 939 2626 996 Sed
2656 942 2782 1010 quia
2811 941 2973 995 citius
3009 942 3292 1009 frangitur,
3326 943 3468 998 inter
3501 959 3609 999 ca:-

2039 1035 2183 1085 teras
2211 1030 2544 1084 metallorum
2601 1031 2810 1099 species
2853 1045 3049 1102 suppar
3097 1041 3151 1085 et
3196 1032 3613 1102 contemptibilis

2031 1119 2321 1189 iudicatur.
2354 1123 2557 1178 Vitrum
2598 1122 2807 1178 scilicet
2833 1138 2899 1177 ex
2930 1137 3095 1176 arena
3141 1123 3199 1177 fit
3242 1138 3338 1190 per
3365 1124 3613 1178 humanae

2038 1214 2172 1269 artis
2196 1213 2534 1277 industriam,
2565 1215 2792 1284 ideoque
2821 1213 3157 1284 compellitur
3180 1214 3427 1283 ingenita:
3451 1213 3615 1284 fragi-

2036 1307 2201 1362 litatis
2231 1321 2447 1362 servare
2476 1313 2746 1361 naturam.

2631 1416 2855 1473 CAPUT
2899 1415 3026 1471 Vlll.

2047 1509 2180 1563 Vitri
2227 1509 2481 1564 condendi
2521 1511 2752 1590 egregius
2783 1509 2976 1590 artifea:
3015 1509 3151 1590 quod
3191 1527 3222 1562 α
3256 1507 3455 1562 Tiberio
3484 1509 3608 1563 inm.

2500 1589 2768 1648 pt'wmtum
2799 1589 3151 1648 reportaverit.

2111 1668 2492 1722 Verumtamen
2533 1666 2698 1721 tradit
2740 1666 2985 1732 historia,
3029 1667 3156 1734 quia
3203 1665 3354 1720 faber
3396 1667 3611 1736 quidam

2041 1758 2140 1812 sub
2161 1755 2376 1811 Tiberio
2394 1755 2606 1812 Ctesare
2638 1755 2741 1810 tale
2767 1757 3034 1826 quoddam
3062 1757 3446 1826 excogitaverit
3472 1765 3610 1810 tem-

2043 1854 2435 1916 peramentum,
2465 1861 2571 1915 quo
2597 1845 2791 1900 vitrum
2825 1845 3020 1901 ductile
3065 1845 3215 1899 fleret
3255 1854 3417 1914 atque
3459 1843 3611 1899 flexi-

358 1950 482 1992 nem
527 1944 728 2003 versat,
762 1942 966 1990 motum
994 1935 1162 1991 divini
1193 1935 1390 1992 furoris
1436 1937 1489 1992 in
1538 1953 1595 1993 se
1644 1954 1738 2007 per
1783 1954 1934 1993 suam
1968 1919 2010 1978 Β
2039 1937 2162 2002 bile,
2195 1945 2250 1992 et
2277 1937 2423 2017 iuxta
2452 1946 2699 1991 naturam
2725 1936 2983 2006 cujusque
3011 1935 3234 2000 metalli,
3268 1937 3334 1989 ad
3365 1935 3612 1991 ferientis

358 2027 690 2084 iracundiam
737 2036 1011 2098 provocat.
1057 2025 1193 2094 Quid
1239 2028 1383 2082 enim
1422 2027 1622 2095 justius
1676 2043 1835 2097 quam
1877 2040 1934 2085 ut

355 2116 440 2173 ira
484 2126 761 2173 mereatur
805 2116 979 2171 iram?
1026 2116 1260 2171 vindicta
1301 2118 1476 2187 pariat
1507 2118 1820 2173 alterutram
1854 2128 1933 2173 ta-

356 2208 500 2263 lione
527 2208 862 2263 vindictam?
891 2207 1041 2266 Unde
1067 2208 1149 2263 vir
1177 2208 1396 2280 sapiens
1422 2209 1502 2264 ait
1530 2227 1543 2263 :
1581 2227 1600 2260 t
1635 2209 1736 2278 Qui
1765 2210 1934 2266 vindi-

356 2298 470 2352 cari
497 2298 688 2375 vult,.a
730 2300 840 2355 Deo
864 2301 1100 2358 inveniet
1127 2303 1439 2372 vindictam,
1468 2313 1521 2360 et
1543 2311 1762 2376 peccata
1793 2304 1933 2362 illius

356 2401 580 2443 servans
610 2389 906 2444 reservabit
944 2391 1134 2462 (Eccli.
1164 2397 1339 2464 xvm).
1377 2415 1395 2448 ι
1429 2396 1547 2464 Quo
1569 2406 1755 2451 contra
1786 2398 1932 2452 salu-

355 2478 526 2532 briter
574 2479 856 2545 admonet,
902 2481 1133 2537 dicens:
1186 2503 1204 2535 t
1247 2484 1510 2555 Relinque
1556 2488 1802 2556 proximo
1845 2498 1934 2542 tuo

355 2570 569 2624 nocenti
600 2578 672 2636 te,
703 2579 761 2625 ut
786 2581 912 2626 tunc
934 2573 1244 2643 deprecanti
1279 2577 1371 2630 tibi
1404 2589 1624 2646 peccata
1660 2579 1934 2633 solvantur

357 2659 546 2732 (fbid.)
577 2677 593 2715 :
629 2681 648 2714 ι
683 2663 773 2718 ubi
816 2679 935 2719 mox
973 2667 1126 2733 quasi
1158 2671 1582 2738 argumentando
1617 2670 1887 2741 subjungit
1920 2690 1930 2723 :

363 2769 383 2802 ι
416 2751 589 2806 Homo
616 2753 818 2807 homini
847 2764 1025 2809 servat
1052 2757 1208 2822 iram,
1241 2767 1296 2812 et
1338 2773 1368 2812 a
1402 2760 1509 2813 Deo
1536 2761 1727 2829 qumit
1758 2763 1938 2816 mede-

357 2840 499 2896 lam?
529 2840 588 2895 lu
615 2842 886 2899 hominem
918 2845 1148 2899 similem
1179 2846 1281 2901 sibi
1307 2862 1411 2901 non
1440 2848 1602 2904 habet
1631 2851 1938 2905 misericor-

355 2933 525 2997 diam,
549 2933 688 2988 etde
709 2937 945 3002 peccatis
968 2937 1080 2991 suis
1100 2938 1419 3006 deprecatur
1440 2940 1462 2992 ?
1483 2960 1500 2992 ι
1533 2939 1721 3011 (Ibid.)
1748 2942 1938 2998 Adhuc

356 3021 522 3077 etiam
552 3023 702 3079 velut
742 3024 1068 3094 indignando
1111 3028 1377 3083 subinfert
1409 3048 1420 3083 :
1458 3049 1476 3080 ι
1514 3030 1629 3098 lpse
1657 3033 1780 3086 dum
1812 3048 1938 3087 caro

356 3111 458 3200 sit:
471 3122 715 3168 reservat
735 3114 892 3180 iram,
919 3125 973 3170 et
999 3117 1434 3186 propitiationem
1482 3121 1617 3190 petit
1657 3135 1686 3173 a
1731 3121 1882 3174 Deo?
1915 3141 1932 3172 ι

358 3201 501 3273 (Ibid
529 3203 547 3275 )
593 3204 662 3259 Et
713 3215 965 3274 tanquam
1019 3223 1117 3276 pro
1149 3207 1405 3263 iracundo
1427 3210 1545 3264 fusa
1573 3212 1747 3265 oratio
1775 3228 1936 3266 exau-

2039 2031 2205 2084 ictum
2251 2029 2534 2084 infractum
2594 2044 2656 2083 ac
2683 2028 2911 2084 solidum
2957 2036 3313 2098 permaneret.
3359 2027 3458 2094 Qui
3487 2028 3612 2082 dum

2038 2119 2172 2173 aulae
2206 2119 2366 2186 regia:
2396 2117 2602 2173 foribus
2631 2117 2820 2172 fuisset
2858 2117 3142 2180 admissus,
3179 2117 3416 2186 porrexit
3449 2117 3617 2185 impe-

2037 2208 2202 2264 ratori
2249 2208 2508 2279 phialam,
2552 2208 2673 2275 hoc,
2705 2206 2844 2279 quod
2891 2206 3319 2280 excogitaverat,
3385 2206 3615 2262 artificio

2038 2307 2409 2372 temperatam.
2442 2299 2612 2366 Quam
2640 2315 2731 2353 rex
2771 2298 3074 2370 indignatus
3100 2298 3276 2353 subito
3304 2297 3530 2368 projccit
3559 2297 3610 2350 in

2037 2395 2397 2467 pavimentum
2443 2412 2456 2446 :
2502 2406 2620 2462 quin
2662 2391 2915 2445 nimirum
2965 2388 3137 2459 phiala
3188 2389 3492 2443 nullatenus
3533 2398 3616 2441 est

2037 2484 2331 2549 confracta,
2366 2484 2457 2538 sed
2486 2483 2550 2536 ad
2593 2481 2997 2536 similitudinem
3043 2479 3181 2534 vasis
3237 2480 3370 2533 aenei
3399 2477 3480 2532 vel
3525 2494 3614 2530 ar-

2037 2575 2214 2645 gentei
2243 2583 2454 2643 reperta
2483 2583 2566 2628 est
2591 2588 2654 2628 ex
2687 2571 2916 2641 quodam
2950 2574 3116 2624 latere
3142 2569 3475 2642 complicato.
3513 2565 3615 2619 Fa—

2038 2665 2133 2720 ber
2178 2674 2354 2720 autem
2401 2665 2646 2732 protinus
2687 2659 2918 2731 phialam
2968 2660 3032 2712 de
3061 2659 3366 2728 pavimento
3398 2655 3612 2719 levavit,
3645 2712 3652 2718 ,

2038 2757 2310 2810 vasculum
2358 2735 2428 2810 de
2467 2755 2583 2809 sinu
2630 2752 2871 2821 protulit,
2906 2760 2965 2804 et-
2984 2766 3076 2805 vas
3105 2765 3209 2805 non
3242 2751 3473 2804 scissura
3507 2749 3618 2802 col-'-

2038 2851 2217 2914 lisum,
2250 2848 2342 2904 sed
2372 2848 2586 2915 oblique
2617 2854 2898 2909 relortum,
2934 2842 3319 2898 metalli‘more
3357 2839 3612 2894 correxit.

2040 2940 2151 2995 [loc
2199 2940 2337 2995 facto
2385 2938 2566 2992 Caesar
2612 2936 2927 2997 admiratus,
2976 2933 3110 2987 dixit
3157 2930 3350 2985 artifici
3393 2947 3406 2982 :
3453 2928 3617 2982 Estne

2040 3034 2321 3102 quisquam
2353 3029 2490 3083 alius
2522 3037 2717 3098 praeter
2764 3037 2833 3090 te,
2873 3025 2962 3094 qui
3010 3025 3148 3076 hanc
3193 3023 3448 3075 vitrorum
3481 3018 3619 3073 sciat

2038 3123 2252 3179 efficere
2273 3117 2646 3176 condituram?
2667 3116 2820 3171 Iurat
2843 3114 2990 3168 faber
3020 3111 3288 3167 neminem
3311 3124 3431 3165 esse
3457 3124 3618 3177 super

2045 3225 2241 3267 terram
2286 3219 2482 3280 praeter
2523 3223 2582 3262 se
2619 3207 2826 3270 solum,
2871 3205 2959 3274 qui
3002 3204 3156 3273 hujus
3190 3203 3323 3255 artis
3371 3214 3616 3268 compre-

357 3295 461 3354 dirj
496 3310 601 3350 non
631 3295 826 3360 valeat,
858 3295 1030 3351 donec
1057 3297 1110 3350 in
1143 3298 1418 3354 iracundia
1450 3311 1780 3370 perseverat,
1807 3318 1936 3357 con—
1965 3277 2009 3337 C
2042 3305 2241 3358 hendat
2288 3277 2582 3370 ingenium.
2621 3299 2737 3367 Quo
2765 3297 2947 3352 CtBSﬂl‘
2981 3296 3182 3357 audito,
3218 3294 3469 3365 prtecepit
3495 3307 3615 3347 eum

357 3385 635 3440 venienter
657 3385 879 3455 adjecit:
901 3405 917 3438 ε
942 3388 1074 3455 Quis
1097 3390 1344 3444 exorabit
1366 3405 1461 3460 pro
1486 3391 1697 3447 delictis
1725 3392 1927 3446 illius?»

356 3473 554 3549 and.)

431 3569 497 3623 Et
540 3571 668 3639 quia
714 3587 835 3626 cum
866 3582 993 3629 ante
1021 3574 1208 3649 oculos
1250 3562 1465 3632 nostros
1515 3593 1660 3634 mors
1707 3579 1936 3634 celerius

360 3668 587 3714 ventura
614 3660 906 3728 reducitur,
929 3667 1174 3734 protinus
1198 3667 1489 3724 iracundiae
1515 3681 1691 3724 tumor
1718 3685 1938 3728 necesse

358 3761 446 3808 est
468 3752 810 3822 reprimatur,
842 3765 966 3825 apte
1007 3759 1273 3814 subnectit
1304 3778 1316 3813 :
1349 3779 1367 3812 ι
1405 3759 1673 3817 Memento
1706 3763 1937 3817 novissi-

359 3858 602 3909 morum,
647 3854 704 3900 et
754 3835 938 3903 desine
985 3849 1285 3916 inimicari;
1339 3839 1640 3907 m'emo'rare
1689 3854 1937 3908 timorem

359 3934 604 4000 Domini,
640 3947 695 3992 et
734 3954 836 3993 non
883 3940 1136 3997 irascaris
1175 3944 1419 4012 proximo
1448 3943 1656 4015 (Ibid.).
1695 3967 1711 3996 ι
1743 3934 1939 4015 Repri-

359 4035 540 4080 matur
571 4027 733 4097 igitur
763 4029 1053 4086 iracundiae
1089 4031 1236 4087 furor
1267 4034 1318 4087 in
1349 4037 1531 4098 corde,
1566 4046 1624 4089 ut
1661 4053 1936 4106 nunquam

357 4131 710 4187 prorumpere
739 4121 906 4189 possit
934 4121 986 4175 in
1016 4137 1222 4178 vocem.
1259 4124 1411 4179 Sicut
1437 4134 1491 4179 et
1530 4126 1582 4179 in
1615 4127 1939 4185 Ecclesiaste

359 4207 556 4262 dicitur
588 4227 602 4262 :
641 4228 659 4261 ε
693 4209 860 4266 Aufer
889 4212 1025 4266 iram
1054 4215 1120 4268 de
1148 4216 1309 4270 corde
1337 4226 1447 4280 tuo,
1478 4226 1532 4272 et
1566 4234 1754 4273 amove
1781 4221 1936 4275 mali-

360 4300 488 4353 tiam
526 4298 557 4354 a
593 4315 756 4355 carne
781 4309 869 4356 tua
893 4300 1092 4373 (Eccle.
1128 4306 1224 4374 xt).
1262 4325 1280 4357 ι
1315 4306 1410 4360 ῙΓίῐξ
1442 4309 1637 4378 quippe
1681 4320 1936 4380 tanquam

357 4390 542 4457 rapaci
571 4399 732 4460 atque
760 4394 1019 4462 praecipiti
1044 4395 1256 4450 cuidam
1279 4395 1457 4461 fluvio,
1492 4400 1746 4454 Dominus
1776 4401 1936 4457 trium

357 4477 758 4535 obstaculorum
794 4481 1076 4537 sulﬂamen
1113 4487 1384 4554 opposuit.
1430 4489 1484 4541 In
1531 4490 1727 4558 quibus
1755 4491 1940 4561 utique

359 4569 558 4626 furoris
613 4573 868 4640 impetum
910 4577 1204 4660 disciplima
1259 4578 1375 4660 loro
1419 4582 1774 4638 cohibendum
1819 4599 1938 4639 esse

357 4662 651 4716 mandavit.
684 4663 852 4734 680
874 4664 1113 4720 Primum
1136 4668 1340 4723 scilicet
1364 4669 1414 4721 in
1439 4672 1620 4735 corde,
1646 4675 1935 4729 secundum

358 4752 414 4805 in
447 4761 683 4822 gutture,
711 4765 1038 4823 postremam
1078 4760 1433 4829 oppositionis
1471 4772 1670 4816 metam
1711 4764 1940 4833 praefixit

356 4843 414 4896 in
451 4859 582 4900 voce
611 4863 624 4898 :
654 4863 672 4896 ι
701 4845 913 4913 Omnis,
953 4849 1147 4917 inquit,
1191 4851 1282 4919 qui
1325 4852 1576 4907 irascitur
1619 4854 1771 4909 fratri
1816 4871 1936 4918 suo.

326 4951 486 5015 (reus
531 4939 636 4991 erit
675 4937 913 5006 judicio;
951 4959 968 4990 ι
1019 4941 1106 4995 hic
1151 4944 1400 5012 opposuit
1446 4945 1652 4999 obicem
1700 4945 1878 5001 cordis
1919 4964 1934 5000 :

363 5043 382 5075 ι
434 5025 534 5091 Qui
586 5037 763 5083 autem
809 5031 1006 5087 dixerit
1056 5036 1241 5101 racha,
1288 5051 1412 5092 reus
1460 5038 1562 5091 erit
1608 5039 1869 5103 concilio;
1911 5057 1929 5090 ι

357 5131 486 5174 ecce
525 5122 861 5178 obstaculum
901 5127 1131 5195 gutturis
1163 5145 1175 5180 :
1212 5146 1230 5179 ί
1267 5128 1366 5193 Qui
1397 5139 1572 5184 autem
1616 5130 1778 5194 fatue,
1814 5145 1937 5184 reus

355 5209 463 5263 erit
507 5212 766 5282 gehennae
811 5215 950 5286 ignis
993 5217 1204 5286 (Matth.
1235 5218 1322 5282 v);
1366 5238 1383 5268 ι
1433 5235 1558 5274 ecce
1603 5220 1934 5275 obstaculum

359 5298 530 5354 vocis.
595 5299 688 5356 Ha:
715 5313 841 5356 sunt
875 5304 1036 5373 igitur
1076 5308 1459 5376 Oppositiones,
1493 5317 1548 5362 et
1590 5311 1742 5378 quasi
1788 5325 1932 5379 qua:-

359 5389 484 5444 dam
520 5402 720 5458 crates,
761 5404 815 5450 et
860 5397 1051 5450 rudera
1081 5398 1315 5453 caelestis
1343 5399 1574 5467 imperii,
1608 5402 1800 5469 quibus
1832 5403 1937 5454 ira-

359 5482 571 5536 cundiae
611 5499 674 5540 ac
712 5484 911 5540 furoris
958 5487 1188 5556 impetus
1233 5489 1525 5557 premitur;
1572 5499 1625 5541 et
1673 5505 1737 5542 ne
1783 5491 1936 5558 quasi

361 5586 532 5643 rapax
559 5574 752 5632 fluvius
780 5576 1050 5632 obviantia
1079 5593 1303 5648 quaeque
1329 5577 1622 5644 subvertat,
1650 5579 1749 5633 sub
1778 5579 1938 5633 disci—

364 5661 524 5731 plinae
556 5665 831 5721 rationafis
850 5665 1054 5736 judicio
1076 5669 1378 5723 cohibetur.
1407 5668 1489 5723 Sit
1516 5683 1643 5738 ergo
1670 5683 1819 5722 mens
1848 5683 1940 5722 no-

361 5762 477 5811 stra
515 5772 619 5811 non
656 5759 809 5827 quasi
847 5759 1062 5824 vitrum,
1091 5759 1231 5830 quod
1269 5760 1334 5814 ad
1373 5759 1602 5829 prinmm
1636 5757 1937 5829 percussio—

356 5846 446 5903 nis
493 5848 654 5904 ictum
701 5851 984 5922 impatiens
1028 5850 1310 5922 frangitur,
1352 5851 1446 5907 sed
1493 5850 1710 5920 pretiosi
1759 5849 1941 5918 potius

2039 3393 2285 3461 protinus
2312 3389 2596 3454 decollari;
2631 3387 2885 3440 nimirum
2915 3393 3187 3456 reputans,
3220 3383 3346 3454 quia
3376 3384 3420 3437 si
3459 3380 3617 3449 hujus

2039 3484 2170 3539 artis
2212 3481 2480 3552 exquisita
2531 3479 2801 3534 subtilitas
2851 3478 2901 3530 in
2952 3491 3290 3531 cotnmuucm
3339 3473 3614 3528 hominum
3654 3507 3655 3510 η

2041 3577 2286 3630 notitiam
2317 3573 2622 3633 deveniret,
2660 3587 2848 3626 aurum
2894 3577 3282 3638 conspueretur
3318 3574 3375 3619 ut
3420 3565 3612 3628 lutum,

2039 3669 2384 3736 omniumque
2411 3665 2690 3720 vilesceret
2715 3663 2920 3733 species
2945 3661 3280 3716 metallorum
3309 3676 3321 3712 :
3349 3667 3402 3713 et
3430 3672 3614 3711 revera

2040 3761 2082 3814 si
2113 3769 2220 3813 tam
2250 3757 2458 3828 fragilis
2499 3757 2636 3810 vitro
2665 3765 2854 3809 natura
2886 3754 3114 3816 deesset,
3149 3751 3398 3806 videlicet
3439 3757 3496 3802 ut
3521 3747 3620 3803 du-

2038 3849 2180 3904 ctilis
2221 3847 2432 3912 effecta,
2477 3846 2614 3900 ictus
2658 3843 2902 3900 ferientis
2945 3843 3273 3905 admitteret,
3319 3839 3472 3909 cujus
3519 3853 3618 3890 un-

2040 3954 2199 4007 quam
2245 3936 2446 3991 metalli
2494 3935 2665 4005 fulgor
2709 3933 3094 4003 perspicaciam
3137 3933 3318 3984 vitreae
3359 3928 3619 3983 claritatis

2039 4029 2317 4099 mquaret?
2345 4027 2414 4083 Ut
2448 4027 2609 4096 igitur
2637 4027 2702 4079 ad
2730 4025 3059 4095 [impositum
3091 4033 3445 4086 revertamur,
3479 4021 3620 4072 sicut

2039 4122 2234 4174 vitrum
2266 4118 2471 4188 fragilis
2511 4128 2697 4170 natura
2737 4115 2998 4184 depretiat
3027 4123 3081 4167 et
3134 4111 3422 4167 soliditatis
3453 4111 3617 4162 robur

2039 4220 2232 4268 caetera
2261 4209 2474 4264 metalla
2503 4207 2876 4267 commendat;
2918 4207 2988 4258 ita
3019 4221 3114 4274 per
3145 4203 3474 4257 iracundiam
3507 4209 3616 4253 tota

2039 4303 2294 4356 virtutum
2325 4308 2596 4355 structura
2627 4297 2931 4360 collabitur,
2967 4305 3023 4350 et
3068 4309 3162 4365 per
3204 4291 3496 4362 imperialis
3528 4306 3620 4358 pa-

2040 4393 2239 4447 tientia:
2268 4390 2600 4458 maiestatem
2636 4391 2922 4443 nitentium
2964 4401 3295 4457 gemmarum
3339 4383 3620 4452 splendore

2039 4499 2323 4539 coruscum
2352 4483 2460 4536 Deo
2486 4483 2538 4535 in
2561 4481 2715 4536 nobis
2739 4479 3101 4535 habitaculum
3125 4477 3440 4531 fabricatur.
3468 4473 3620 4529 Sicut

2041 4573 2185 4628 enim
2215 4573 2302 4626 illa
2334 4573 2558 4627 virtutes
2583 4572 2843 4635 eradicat,
2877 4570 2955 4625 sie
2981 4569 3083 4624 ista
3109 4567 3496 4639 congerminat.

2557 4683 2718 4752 εει
2759 4679 2984 4736 CAPUT
3013 4680 3103 4733 IX.

2042 4780 2233 4835 Beatus
2265 4779 2451 4834 Petrus
2484 4780 2771 4834 Damimtus
2800 4781 2865 4832 ad
2907 4779 3247 4838 iracundiam
3259 4792 3454 4847 pronus
3483 4790 3614 4845 quo:

2571 4850 2723 4902 modo
2767 4851 3083 4902 moderetur.

2112 4938 2280 4994 Porro
2315 4948 2490 4993 autem
2521 4946 2576 4992 ct
2602 4954 2707 5002 me,
2751 4939 2840 5007 qui
2877 4939 2992 4990 haec
3016 4944 3286 5007 utcunque
3311 4931 3613 4995 conscribo.

2042 5027 2303 5084 naturalis
2333 5027 2623 5081 iracundiat
2651 5027 2958 5096 conspersio
2990 5025 3247 5088 stimulat,
3285 5039 3347 5077 ac
3377 5037 3516 5092 swpc
3538 5023 3614 5076 ie.

2039 5120 2254 5174 vissima
2287 5118 2535 5187 qualibet
2564 5116 2787 5172 offensio
2821 5131 3080 5179 concussa
3133 5131 3266 5169 mea:
3294 5114 3490 5183 quietis
3521 5128 3613 5166 aro

2040 5225 2174 5264 cana
2199 5211 2512 5278 perturbat;
2547 5217 2604 5262 ut
2634 5209 2684 5261 in
2725 5222 2809 5261 me
2857 5207 3189 5276 plermnque,
3238 5206 3378 5274 quod
3411 5206 3497 5258 vix
3537 5212 3616 5259 est

2041 5313 2136 5353 acu
2172 5297 2251 5352 vel
2283 5299 2431 5366 spina
2463 5297 2651 5352 leviter
2676 5307 2951 5365 punctum,
3010 5282 3282 5365 phalarico
3331 5297 3435 5350 telo
3483 5295 3615 5348 mihi

2045 5393 2290 5446 videatur
2325 5406 2445 5446 esse
2480 5389 2801 5460 perfossum.
2837 5391 3030 5444 Levem
3058 5390 3257 5459 virgam
3295 5388 3472 5455 iudico
3501 5397 3591 5440 tan

2047 5498 2217 5547 ream,
2247 5482 2483 5536 tolerans
2527 5481 2807 5557 colaphum
2863 5482 3073 5549 suspiro
3115 5480 3464 5549 plumbalam.
3514 5477 3618 5532 Sed

2047 5578 2162 5630 hzcc
2201 5577 2544 5638 intrinsecus,
2584 5585 2845 5642 quantum
2883 5590 3006 5628 vero
3046 5574 3113 5628 ad
3161 5587 3315 5641 opus,
3361 5571 3503 5624 dicat
3541 5571 3614 5623 ira

2047 5668 2188 5739 quod
2215 5667 2346 5731 vult,
2393 5666 2657 5726 frendeat.
2708 5665 2922 5732 fremat,
2971 5666 3219 5720 dentibus
3266 5663 3485 5718 strideat
3515 5662 3613 5713 :‘in

2048 5757 2297 5811 omnibus
2326 5757 2410 5811 his
2440 5773 2556 5827 quin
2580 5758 2707 5810 mihi
2742 5758 2962 5812 interius
2992 5756 3245 5826 suggerit,
3273 5756 3322 5807 in
3343 5763 3612 5826 quantum

2053 5864 2249 5921 negare
2279 5857 2521 5918 potuero,
2553 5866 2726 5905 meum
2758 5850 3092 5904 extrinsecus
3139 5847 3459 5918 adjutorium
3507 5860 3612 5899 non
