4142 5396
518 491 623 549 659

977 489 1036 538 δ.
1067 476 1271 534 PETRI
1299 473 1581 530 DAMIANI
1618 471 1767 529 OPP.
1807 465 2041 525 TOMUS
2074 462 2207 521 SEU
2237 463 2434 520 PARS.
2468 459 2552 516 lli.
2581 490 2653 503 —
2675 457 3037 517 OPUSCULA
3070 458 3296 515 VARIA.

3646 454 3753 511 660

517 593 738 654 habebit
761 611 774 647 :
799 590 924 646 licet
947 586 1128 643 inﬂata
1172 592 1399 655 turgeat,
1428 582 1626 646 suﬂlet,
1659 579 1840 643 furiat,
1874 576 2080 639 saeviat,
2110 574 2157 634 Λ
2186 590 2292 631 non
2322 575 2543 631 omnino
2566 573 2784 629 delere:
2814 587 3030 642 possum
3052 570 3240 634 lenire,
3271 583 3376 623 non
3409 581 3631 638 prorsus
3658 581 3754 621 cx-

517 688 860 746 intumescat,
892 693 994 750 ego
1019 678 1120 733 sibi
1146 675 1387 731 membra
1416 687 1533 729 mea
1567 687 1673 726 non
1699 670 1857 734 dabo,
1889 677 1944 722 ut
1994 680 2089 736 per

517 791 582 831 ea
614 771 767 843 quasi
798 785 895 840 per
946 782 1096 822 arma
1141 764 1282 834 quod
1321 770 1546 818 conatur
1595 759 1807 815 eﬂiciat.
1841 775 1861 809 ι
1894 755 2088 821 Nolite,

519 860 694 929 inquit
713 855 1023 928 Apostolus,
1054 853 1311 908 exhibete
1339 851 1578 905 membra
1604 856 1781 902 vestra
1813 861 1961 900 arma
1991 845 2091 899 ini-

519 946 746 1018 quitatis
781 954 1004 1016 peccato
1032 942 1210 1001 (Rom.
1241 942 1338 1011 ιι).
1373 960 1394 994 ι
1432 939 1548 995 Νοη
1574 938 1718 992 enim
1764 936 1836 992 illi
1877 937 1945 991 do
1974 951 2089 990 ma-

521 1054 651 1095 num
682 1049 880 1101 meam,
903 1043 962 1089 ut
990 1049 1084 1104 per
1110 1047 1229 1088 eam
1255 1029 1438 1087 inﬂata
1470 1027 1737 1100 percutiat
1782 1026 1864 1081 vel
1890 1024 2093 1096 aliquid

527 1128 722 1195 rapiat.
748 1122 864 1177 Non
896 1123 1161 1193 linguam,
1185 1136 1293 1176 non
1317 1119 1460 1176 labia
1486 1130 1698 1183 moveo,
1723 1125 1782 1172 ut
1804 1128 1900 1186 per
1920 1129 1985 1170 ea
2010 1112 2094 1169 sui

526 1216 670 1271 fellis
708 1213 1122 1268 amaritudinem
1156 1211 1366 1266 fundat.

599 1306 735 1358 Dum
768 1318 867 1374 ego
896 1304 1075 1374 itaque
1098 1301 1338 1357 smvienti
1370 1300 1463 1354 ir:e
1493 1299 1708 1369 penitus
1752 1298 1867 1351 haec
1896 1293 2095 1349 auxilia

525 1399 753 1467 denego,
778 1410 997 1450 necesse
1016 1400 1099 1448 est
1125 1404 1181 1447 ut
1209 1407 1335 1447 mox
1360 1391 1505 1447 velut
1528 1390 1644 1445 sine
1666 1387 1862 1459 pabulo
1882 1385 2097 1440 ﬂamma

527 1486 772 1549 ﬂacceat,
822 1494 914 1539 aut
960 1498 1182 1553 prorsus
1213 1482 1458 1544 intereat,
1504 1488 1597 1535 aut
1628 1488 1879 1548 tanquam
1909 1483 2105 1530 ventus

529 1574 790 1629 inoﬂ‘enso
832 1588 960 1628 acre
1003 1572 1236 1629 inaniter
1283 1579 1564 1635 transeat,
1603 1569 1727 1624 dum
1767 1565 2100 1623 obstaculum

528 1666 681 1719 deest
709 1664 762 1718 in
792 1663 932 1731 quod
954 1661 1351 1735 praecipitanter
1376 1661 1650 1731 impingat.
1680 1658 1738 1712 ln
1758 1656 2101 1726 semetipsam

528 1756 739 1812 scilicet
769 1754 995 1810 infracta
1041 1755 1306 1817 reliditur,
1351 1755 1478 1808 dum
1526 1752 1749 1808 materia
1795 1752 2019 1817 fomitis,
2049 1750 2101 1805 iu

528 1860 633 1912 qua
660 1859 719 1898 se
739 1843 917 1898 valeat
941 1857 1216 1907 exercere,
1248 1842 1557 1903 frustratur.
1585 1842 1694 1903 lloc
1716 1842 1858 1897 enim
1884 1856 2105 1910 respon-

2189 666 2479 737 stinguere.
2506 663 2693 720 Faciat
2719 663 2773 717 in
2795 677 2879 717 me
2907 660 3273 730 unusquisque
3294 658 3436 728 quod
3461 656 3591 721 vult,
3622 655 3755 711 mihi

2189 773 2411 813 necesse
2430 766 2513 811 est
2542 756 2681 810 intra
2727 753 3096 822 memetipsum
3138 749 3450 821 patientiam
3492 763 3756 819 quaerere,

2191 865 2290 904 nec
2324 849 2499 904 debeo
2524 845 2756 900 fructum
2792 858 2860 900 ex
2902 843 3089 897 aliena:
3119 840 3332 895 virtutis
3360 839 3606 893 mercede
3631 851 3756 907 spe-

2191 954 2332 997 rare.
2367 936 2498 991 Nam
2536 936 2625 991 ubi
2655 936 2848 989 desunt
2878 931 3015 987 bella
3048 946 3167 1001 qua:
3193 935 3507 999 provocent,
3535 942 3644 981 non
3672 926 3759 982 of-

2192 1029 2364 1085 fertur
2384 1026 2606 1082 victoria
2623 1038 2744 1095 quae
2755 1030 3057 1079 coronetur.
3076 1020 3349 1075 Incassum
3365 1016 3532 1086 clypei
3551 1024 3761 1084 tegmen

2192 1117 2500 1189 opponitur,
2522 1116 2611 1170 ubi
2623 1113 2788 1183 jaculi
2809 1110 2895 1167 vel
2918 1109 3193 1165 mucronis
3211 1108 3355 1163 acies
3374 1120 3478 1161 non
3499 1104 3761 1160 vibratur.

2195 1209 2255 1265 Si
2297 1207 2512 1263 ﬂamma
2563 1205 2798 1262 fornacis
2824 1202 3105 1266 emoritur,
3153 1198 3355 1255 metalli
3405 1196 3611 1268 puritas
3658 1208 3763 1248 non

2195 1299 2451 1368 probatur
2475 1315 2492 1366 ;
2524 1298 2596 1353 ita
2626 1311 2711 1351 me
2740 1310 2847 1351 non
2887 1294 3058 1348 aliena
3088 1289 3436 1346 mansuetudo
3464 1286 3624 1341 faciet
3666 1300 3763 1355 pa-

2198 1390 2446 1454 tientem,
2499 1387 2595 1443 sed
2635 1386 2773 1441 intra
2825 1398 2911 1439 me
2955 1382 3151 1437 debent
3194 1380 3325 1449 erigi
3372 1373 3767 1447 propugnacula

2201 1481 2455 1547 turrium,
2478 1495 2599 1550 qua:
2633 1476 2819 1549 procul
2841 1475 3097 1546 abjiciant
3115 1487 3178 1528 ac
3200 1470 3495 1544 propellant
3520 1458 3772 1539 ingruen-

2201 1572 2334 1626 tium
2363 1570 2607 1625 turbines
2625 1567 2950 1636 iaculorum.

2273 1661 2401 1717 Haec
2428 1659 2549 1725 tibi,
2577 1656 2904 1713 venerabilis
2931 1653 3111 1717 Pater,
3143 1650 3393 1721 imperite
3411 1646 3628 1709 dictavi,
3667 1659 3772 1699 non

2203 1760 2263 1808 ut
2294 1760 2346 1807 te
2367 1752 2608 1815 doceam,
2633 1748 2756 1820 quis
2774 1762 2855 1813 es,
2885 1753 3105 1801 auctore
3130 1743 3258 1806 Deo,
3280 1741 3469 1795 doctor
3491 1735 3771 1799 Ecclesia;

2205 1844 2301 1898 sed
2328 1853 2385 1897 ut
2417 1839 2736 1897 turbulentis
2767 1837 3002 1905 mihique
3028 1832 3293 1890 similibus
3320 1842 3530 1899 possem
3571 1826 3670 1880 sub
3694 1824 3776 1878 al-

527 1932 630 1988 deo
657 1934 775 1999 ira),
805 1934 944 2004 quod
978 1933 1211 1988 titillanti
1234 1933 1478 1987 luxuriae.
1503 1932 1803 2002 Aliquando
1826 1948 1909 1988 me
1938 1932 2097 1987 libido
2126 1931 2175 1993 Β
2203 1936 2489 1992 locutionis
2517 1943 2618 1987 tua:
2645 1931 2930 1987 occasione
2959 1926 3232 1999 prodesse.
3258 1921 3365 1977 Nec
3387 1930 3565 1975 tamen
3590 1930 3781 1970 vereor

530 2026 840 2089 succendit,
889 2025 1222 2091 inﬂammat,
1271 2025 1479 2078 viscera
1531 2024 1809 2089 concutit,
1857 2023 2107 2093 genitalia

531 2106 803 2183 subrigit;
831 2114 922 2167 sed
957 2114 1008 2166 in
1050 2113 1133 2169 his
1161 2113 1409 2168 omnibus
1437 2111 1597 2168 faciat
1624 2112 1736 2181 ipsa
1769 2111 1881 2167 suis
1907 2112 2113 2167 viribus

535 2212 829 2270 contenta,
887 2205 1030 2273 quod
1093 2212 1309 2273 potest;
1364 2219 1486 2261 nam
1541 2219 1676 2259 mea:
1721 2202 2114 2273 cooperationis

535 2294 793 2349 auxilium
819 2295 1021 2351 habere
1043 2309 1147 2348 non
1174 2294 1343 2364 682
1359 2302 1555 2363 potest.
1585 2294 1794 2349 Clamat
1818 2291 2112 2348 iracundiae

536 2383 709 2449 furor,
735 2384 893 2439 audio
920 2400 945 2449 ;.
963 2391 1156 2438 aestuat
1182 2383 1416 2438 libidinis
1438 2383 1621 2450 ardor,
1647 2382 1823 2438 sentio
1847 2398 1862 2448 ;
1892 2380 1984 2436 sed
2010 2395 2112 2435 nec

537 2474 645 2528 illis
691 2472 1015 2529 clamoribus
1057 2472 1237 2533 auxilii
1292 2488 1510 2530 manum
1566 2474 1808 2544 porrigo,
1852 2488 1952 2531 nec
1993 2472 2115 2528 istis

538 2565 844 2621 furentibus
864 2563 1093 2627 ﬂammis
1116 2564 1292 2636 pabuli
1318 2565 1558 2620 fomitem
1585 2564 1935 2621 subministra
1963 2581 1979 2631 ;
2006 2564 2117 2618 illis

538 2673 694 2728 opem
725 2658 1034 2714 ulciscendo
1062 2673 1168 2713 non
1192 2658 1328 2724 fero,
1352 2658 1456 2715 illis
1478 2674 1575 2729 per
1598 2660 1845 2714 effectum
1876 2659 2118 2716 libidinis

538 2761 645 2801 non
682 2746 910 2802 insuﬂlo.
941 2747 1054 2804 Hoc
1089 2749 1270 2818 itaque
1313 2750 1471 2805 modo
1517 2764 1740 2805 necesse
1787 2758 1869 2804 est
1919 2759 1978 2805 ut
2021 2751 2115 2807 ira:

539 2837 691 2894 furor
716 2839 955 2896 inaniter
991 2839 1164 2895 evolet
1191 2856 1253 2896 ac
1282 2840 1521 2907 deficiat,
1563 2850 1619 2895 et
1668 2841 1832 2896 ardor
1877 2842 2115 2899 libidinis

543 2944 690 2995 sese,
741 2931 868 2985 dum
893 2932 1136 2987 materiae
1159 2931 1328 2988 fomes
1362 2948 1465 2987 non
1506 2933 1865 2999 ministratur,
1911 2935 2115 2990 exstin-

542 3031 690 3089 guat.
712 3021 848 3076 Natu
858 3039 968 3077 ram
989 3024 1188 3094 quippe
1203 3038 1418 3094 possum
1440 3038 1510 3078 ex
1529 3025 1734 3080 ratione
1747 3040 2111 3094 compescere,

2207 2046 2275 2088 ne
2301 2035 2488 2085 sancta
2516 2023 2800 2096 prudentia
2833 2032 2921 2077 tua
2951 2018 3176 2075 moleste
3204 2014 3381 2077 ferat,
3424 2011 3468 2066 si
3514 2008 3642 2078 quid
3675 2005 3780 2061 sibi

2201 2123 2384 2194 junior
2410 2120 2638 2191 quisque
2668 2127 2958 2185 suggerere
2982 2124 3102 2165 eum
3138 2104 3439 2162 humilitate
3470 2105 3782 2171 prtesumat,

2211 2188 2335 2270 eum
2380 2188 2484 2266 non
2532 2210 2741 2279 ignoret.
2784 2200 3092 2260 hominibus
3135 2193 3447 2267 prophetica
3497 2188 3781 2257 Dominum

2212 2316 2344 2358 voce
2371 2276 2575 2356 dixisse
2604 2315 2617 2350 :
2648 2315 2667 2347 ι
2708 2292 2902 2350 Venite
2944 2298 3001 2345 et
3026 2286 3232 2358 arguite
3257 2299 3342 2339 me
3366 2281 3518 2352 (laci.
3551 2278 3611 2348 ι).
3653 2296 3674 2329 ι
3716 2276 3786 2330 Et

2212 2392 2430 2462 Moysen
2456 2386 2666 2443 Domini
2693 2384 3054 2456 Symmystem
3084 2394 3147 2433 cx
3174 2375 3380 2436 Jethro,
3409 2367 3620 2462 gentilis
3639 2365 3787 2462 vide-

2213 2456 2338 2539 licet
2360 2479 2616 2542 hominis,
2640 2492 2734 2531 ore
2755 2473 3024 2544 patienter
3045 2466 3342 2523 audivisse:
3364 2482 3382 2514 ι
3407 2458 3581 2517 Stulto
3600 2456 3787 2511 labore

2214 2569 2549 2629 consumeris
2578 2565 2774 2638 (Exod.
2804 2560 3054 2629 xxxvm).
3096 2577 3117 2609 ι

2285 2634 2641 2730 Omnipotens
2677 2656 2837 2717 Deus,
2892 2651 2983 2720 qui
3034 2656 3103 2712 te,
3154 2640 3456 2701 venerande
3493 2638 3596 2702 vir,
3632 2634 3792 2691 nobis

2216 2725 2539 2809 incolumem
2570 2744 2822 2811 reddidit,
2856 2750 2911 2797 et
2953 2738 3202 2794 vitiorum
3244 2733 3479 2789 omnium
3526 2738 3581 2783 te
3624 2725 3791 2780 faciat

2216 2844 2421 2900 evitare
2444 2837 2770 2909 squalorem,
2812 2840 2867 2887 et
2892 2839 3144 2899 tanquam
3185 2841 3251 2880 ex
3292 2830 3447 2879 cocto
3475 2833 3570 2890 per
3612 2818 3789 2888 ignem

2215 2932 2437 2991 vasculo
2456 2945 2555 2987 suo
2576 2924 2931 2999 spiritualium
2952 2921 3209 2976 virtutum
3237 2918 3446 2985 ingerat
3464 2910 3788 2969 claritatem.

2545 3019 2628 3075 Sit
2658 3032 2843 3074 nomen
2873 3011 3088 3069 Domini
3123 3008 3463 3063 benedictum.

572 3135 3765 3184 ______________________________________..__——-

543 3287 902 3361 ⁸⁸³⁸⁸⁸
956 3304 1797 3420 OPUSCULUM
1879 3291 3098 3437 QUADRAGESIMUM
3183 3279 3779 3399 PRIMUM.

1422 3520 1529 3589 DE
1572 3518 1951 3580 TEMPORE
1993 3513 2497 3580 CELEBRANDI
2541 3506 2906 3573 NUPTIAS.

1948 3676 2408 3702 —————Im

551 3788 946 3844 Annuus-run.
971 3816 1027 3827 —
1050 3782 1217 3839 Totus
1240 3795 1322 3839 est
1347 3801 1397 3838 ιη
1426 3782 1769 3839 confutandis
1794 3782 2114 3854 quihusdam
2138 3782 2227 3854 qui
2250 3792 2498 3854 asserere
2516 3764 3273 3854 nonerubescebantnuptias
3297 3769 3539 3854 tempore
3567 3758 3801 3854 quadra-

631 3828 909 3924 gesimal‘is
941 3854 1130 3925 jejunii
1163 3828 2769 3925 cbﬁtfacia},"£11Eiin'cliidéiiﬁiu?ilbii'iniéiéédai,validas
2807 3854 2952 3906 esse,
2994 3846 3052 3893 et
3075 3828 3194 3892 ideo
3219 3848 3323 3889 non
3347 3828 3540 3888 debere
3563 3828 3801 3885 dissolvi.

624 3920 869 3983 Ostendit
896 3920 1058 3994 igitiu‘
1080 3925 1302 3994 nuptias.
1321 3937 1605 3985 consensu,
1639 3938 1740 3976 non
1765 3920 2076 3988 concubitu,
2099 3920 2365 3978 contrahi.

625 4034 847 4089 Domnis
873 4031 935 4087 Υ..
985 4043 1038 4088 et
1082 4032 1169 4095 P.,
1213 4031 1479 4101 religiosis
1526 4028 1835 4083 Paventium
1876 4028 2128 4084 Ecclesia:

557 4125 788 4188 clericis,
822 4125 1035 4187 Pernus
1061 4132 1312 4194 peccator
1341 4122 1634 4177 monachus
1680 4119 1930 4175 fraterna:
1954 4118 2129 4174 chari-

560 4215 684 4270 tulis
709 4215 1043 4283 obsequium:

1070 4301 1297 4359 CAPUT
1329 4298 1615 4356 PRIMUM.

652 4396 873 4465 Tempus
902 4393 1193 4448 celebrandi
1220 4393 1426 4462 nuptias
1461 4406 1525 4444 ea:
1545 4390 1715 4443 sacris
1738 4387 2041 4443 canouibus.

632 4485 938 4551 Conquesta
976 4491 1060 4536 est
1093 4482 1220 4536 mihi
1259 4490 1438 4534 vestra
1476 4479 1808 4543 fraternitas,
1839 4477 1980 4544 quod
2018 4475 2136 4545 qui-

566 4572 689 4626 dam
716 4570 1091 4625 ecclesiastica:
1120 4569 1410 4638 disciplina:
1438 4567 1681 4622 ordinem
1725 4564 2135 4629 confundentes,

563 4673 620 4716 et
657 4660 810 4731 juxta
859 4660 1208 4729 prophetam,
1258 4658 1425 4711 Deum
1470 4664 1731 4727 ponentes
1774 4664 1896 4726 post
1941 4669 2138 4723 corpus

566 4765 723 4808 suum
765 4748 980 4821 (Ezcclt.
1026 4749 1088 4819 1),
1130 4744 1584 4818 quadragesima“
1619 4744 1822 4815 jejunio
1853 4742 2136 4797 matrimo-

566 4841 713 4894 nium
737 4839 1100 4903 contrahunt;
1133 4837 1226 4892 sed
1263 4845 1324 4891 ut
1346 4849 1612 4891 canonum
1644 4834 1966 4888 sententiam
2009 4830 2138 4885 sub-

569 4932 877 5003 ter-fugiant,
912 4944 1075 4984 uxore
1101 4930 1259 4983 ducta
1286 4937 1340 4983 et
1385 4926 1668 4982 celebratis
1697 4923 1920 4994 nuptiis,
1965 4920 2139 4977 solum

571 5020 915 5079 concubitum
941 5016 1175 5073 defuisse
1205 5016 1552 5073 contendunt.
1584 5013 1807 5070 Accedit
1846 5012 2018 5066 adhuc
2049 5024 2141 5065 vc-

571 5116 699 5159 straz
733 5106 995 5173 querela.
1032 5107 1173 5176 quod
1221 5106 1436 5176 gravius
1460 5114 1564 5170 est,
1597 5104 1723 5174 quia
1760 5100 2020 5165 nonnulli,
2049 5099 2142 5170 qui

574 5192 912 5263 specietcnus
959 5194 1263 5262 spirituales
1306 5195 1556 5251 videntur
1582 5235 1597 5260 ,
1646 5205 1700 5248 et
1744 5192 2142 5262 Scripturarum

576 5284 676 5345 sibi
723 5282 1003 5338 scientiam
1046 5285 1319 5341 vindicant
1346 5325 1362 5351 ,
1398 5285 1527 5341 illos
1570 5298 1828 5341 excusare
1878 5283 2143 5337 nituntur.

576 5377 645 5396 Π-
674 5391 708 5396 --
759 5390 870 5396 ---μ
913 5390 1161 5396 --_--_-__.-
1212 5378 1323 5396 .1---

1335 5384 1451 5396 --Αι
1488 5381 1770 5396 ---ΑΛ-..ΖΙΑΑ
1818 5381 1872 5396 --ι
1927 5381 2118 5396 ιιι-ΞΑ-ι*

2228 4024 2517 4096 perhibent
2533 4019 2696 4076 dividi
2718 4032 2826 4072 non
2853 4014 3071 4079 debere,
3092 4011 3184 4082 qui
3210 4009 3376 4065 dilato
3402 4007 3661 4062 duntaxat
3680 4016 3803 4058 car-

2233 4114 2339 4169 nali
2372 4110 2721 4174 commercio,
2764 4105 3034 4178 prmdictis
3080 4100 3413 4171 temporibus
3448 4096 3801 4151 fmderautur.

2157 4181 2202 4241 δ
2234 4205 2385 4273 Quod
2413 4204 2667 4289 nimirum
2698 4214 2859 4269 quam
2891 4195 3212 4259 absurdum,
3249 4202 3517 4261 quamque
3542 4184 3804 4289 sit'friio-

2232 4269 2364 4361 lum,
2395 4280 2638 4365 quisquis
2659 4300 2932 4358 utcunque
2958 4283 3103 4341 sacri
3130 4280 3330 4350 eloquii
3365 4278 3530 4332 limen
3550 4273 3690 4335 terit,
3721 4269 3805 4324 fa-

2235 4388 2338 4442 cile
2360 4380 2728 4454 deprehendit.
2756 4379 2812 4434 Si
2843 4376 2987 4431 enim
3009 4374 3133 4443 jure
3162 4372 3214 4425 in
3241 4367 3525 4425 concubitu
3555 4371 3809 4419 constare

2236 4477 2434 4546 nuptiae
2469 4473 2842 4545 perhibentur,
2891 4466 3020 4536 quid
3073 4471 3157 4519 est
3198 4460 3341 4531 quod
3392 4456 3532 4513 sacri
3574 4466 3812 4509 canones

2236 4566 2520 4636 prohibent
2550 4570 2608 4615 ut
2649 4560 2853 4628 absque
2879 4554 3107 4627 publicis
3152 4552 3353 4622 nuptiis
3396 4560 3666 4616 nunquam
3695 4558 3808 4636 ma-

2240 4632 2547 4709 irimonium
2581 4646 2904 4719 copuletur?
2947 4643 3193 4713 Nunquid
3243 4641 3345 4694 hoc
3384 4636 3590 4699 volunt,
3629 4642 3688 4687 ut
3728 4632 3811 4685 vir

2240 4745 2393 4799 uxori
2448 4742 2660 4812 publice
2719 4734 3051 4793 misceatur?
3101 4732 3344 4799 Cumque
3389 4728 3491 4781 hoc
3543 4724 3679 4779 adeo
3740 4721 3810 4773 sit

2241 4808 2579 4888 inhonestum
2639 4837 2694 4885 et
2742 4826 2947 4897 pudore
3008 4821 3401 4893 plenissimum,
3449 4821 3507 4867 ut
3554 4813 3608 4866 in
3648 4808 3812 4864 totius

2240 4921 2459 4977 humani
2484 4919 2698 4991 generis
2723 4928 2830 4972 tam
2864 4912 3092 4985 prolixis
3114 4909 3358 4966 tetatibus
3386 4918 3548 4960 nemo
3573 4914 3811 4970 unquam

2240 5021 2437 5083 praeter
2460 4990 2593 5066 duos
2618 5009 2864 5065 homines
2890 5006 2941 5059 id
2988 5010 3282 5057 attentasse
3306 4998 3531 5067 legatur,
3562 4990 3812 5046 Paridem

2243 5077 2509 5167 videlicet,
2539 5110 2593 5155 et
2628 5098 2914 5168 quemdam
2941 5091 3354 5164 philosophum;
3390 5081 3659 5155 quomodo
3697 5077 3811 5132 fieri
