4138 6320
399 402 497 462 661

1080 415 1324 472 OPUSC.
1363 419 1496 473 XLI.
1540 451 1608 460 —
1647 421 1734 474 DE
1776 419 2097 476 TEMPORE
2134 421 2563 483 CELEBRAND!
2599 431 2911 488 NUPTIAS.

3517 439 3629 498 66']

393 534 464 574 no
495 518 775 575 ridiculum
807 529 906 587 est,
937 524 1273 593 denegatur?
1301 527 1454 580 Enim
1479 544 1607 583 vero
1638 529 1682 582 si
1705 527 1959 583 concubi-
1991 533 2035 591 Α
2068 532 2174 586 vim
2217 548 2453 590 canones
2499 538 2639 592 sacri
2697 541 2996 604 continent,
3057 556 3216 609 quam
3285 548 3630 615 pragmatieaz

397 621 486 668 tus
535 615 736 683 nuptia:
776 624 940 683 sunt;
973 619 1186 687 quoties
1233 621 1315 673 vir
1359 621 1569 676 mulieri
1617 623 1959 684 admiscetur,

395 704 552 761 toties
578 705 761 774 procul
788 707 948 762 dubio
972 710 1186 778 nuptias
1214 711 1490 766 celebrare
1515 713 1876 768 convincitur.

466 795 801 866 Quapropter
825 799 870 852 si
898 801 1111 856 carnale
1137 803 1407 873 negotium
1431 805 1552 875 quis
1578 807 1782 861 centies
1810 807 1963 861 itera-

389 887 551 952 verit,
587 904 692 942 non
724 891 880 944 modo
911 893 1215 960 multinubi,
1240 903 1427 952 contra
1465 899 1779 953 canonicam
1809 915 1966 970 regu-

390 975 520 1042 lam,
549 978 644 1031 sed
688 986 743 1032 et
787 982 1061 1037 centinubi
1108 985 1313 1039 crimen
1371 987 1620 1042 incurrit.
1673 988 1825 1055 Quod
1872 992 1964 1059 qui

390 1065 667 1132 przesumit
712 1077 956 1124 astruere
984 1109 998 1136 ,
1049 1072 1164 1127 sine
1211 1072 1373 1130 dubio
1426 1077 1663 1132 creditur
1706 1079 1960 1135 insanire.

391 1150 718 1210 Concubitus
742 1157 957 1228 quippe,
986 1161 1074 1228 qui
1108 1169 1284 1218 tamen
1324 1163 1446 1232 jure
1473 1168 1822 1236 permittitur,
1857 1174 1962 1225 non

391 1243 606 1310 nuptiae,
638 1245 729 1299 sed
756 1261 843 1301 res
869 1256 952 1301 est
973 1249 1148 1316 potius
1179 1251 1505 1321 nuptiarum.
1543 1271 1562 1305 ‹
1601 1253 1714 1310 Non
1750 1257 1915 1322 enim,
1942 1279 1959 1308 ι

385 1331 538 1401 juxta
579 1333 774 1388 Leonis
813 1351 962 1404 papae
999 1340 1344 1407 sententiam,
1373 1343 1589 1397 «omnis
1627 1345 1822 1399 mulier
1846 1346 1963 1400 viro

384 1423 568 1492 juncta
626 1439 762 1478 uxor
802 1436 886 1480 est
927 1427 1068 1494 viri;
1101 1430 1226 1498 quia
1269 1446 1366 1486 nec
1406 1433 1582 1487 omnis
1625 1433 1766 1489 filius
1791 1435 1964 1490 haeres

390 1521 470 1567 est
493 1513 683 1581 patris.
715 1533 734 1566 ι
767 1513 834 1568 Et
853 1514 1012 1584 paulo
1031 1527 1148 1584 post
1174 1535 1187 1570 :
1216 1537 1233 1568 ι
1263 1517 1377 1573 Non
1399 1520 1620 1575 dubium
1641 1530 1744 1590 est,
1767 1522 1961 1590 inquit,

388 1617 507 1656 eam
535 1602 810 1658 mulierem
833 1619 936 1659 non
960 1606 1230 1675 pertinere
1248 1609 1315 1662 ad
1339 1610 1755 1676 matrimonium,
1787 1611 1838 1664 in
1860 1626 1963 1680 qua

389 1693 612 1746 docetur
647 1693 882 1762 nuptiale
929 1710 1035 1749 non
1081 1695 1248 1751 fuisse
1295 1699 1630 1768 mysterium.
1670 1719 1690 1751 ι
1724 1700 1781 1754 In
1813 1699 1966 1769 cujus

389 1782 569 1850 itaque
617 1784 794 1839 verbis
836 1784 1038 1854 liquido
1089 1787 1416 1856 perpendere
1452 1803 1774 1858 possumus,
1836 1793 1962 1860 quia

2063 622 2404 678 sanctiones?
2438 623 2647 679 Dicitur
2702 628 3006 695 nuptiarum
3038 643 3302 684 summam
3351 648 3468 688 esse
3500 651 3631 690 con-

2063 710 2323 778 cubitum,
2365 714 2455 783 qui
2508 714 2763 770 nimirum
2795 717 2838 771 si
2885 718 3040 784 desit,
3082 721 3317 791 nuptiale
3365 724 3470 780 dici
3523 743 3629 783 non

2063 815 2219 871 posse
2245 804 2581 873 mysterium.

2133 891 2274 960 Ergo
2299 901 2354 947 et
2377 893 2529 947 beata
2565 895 2714 962 virgo
2757 895 2918 951 Maria
2967 899 3113 965 viro,
3169 905 3460 958 secundum
3513 922 3629 973 eos,

2063 981 2352 1036 carnaliter
2384 984 2582 1052 nupsit,
2619 985 2906 1054 qntejuxta
2931 989 3202 1060 Evangelii
3254 993 3410 1048 fidem
3434 1011 3630 1064 sponso

2063 1087 2163 1127 suo
2187 1071 2385 1142 .loseph
2425 1076 2644 1144 nuptiali
2681 1077 3034 1134 fcederatione
3075 1084 3322 1136 convenit
3363 1102 3376 1136 :
3415 1103 3435 1135 ί
3467 1085 3627 1151 Ante,

2064 1162 2260 1231 inquit,
2286 1179 2446 1233 quam
2494 1167 2863 1233 convenirent,
2899 1168 3112 1225 inventa
3142 1180 3223 1226 est
3255 1173 3306 1226 in
3353 1183 3502 1227 utero
3532 1177 3611 1229 ha-

2064 1254 2196 1308 bens
2225 1253 2291 1307 de
2321 1252 2526 1323 Spiritu
2571 1265 2758 1310 saneto
2801 1257 3014 1327 (Matth.
3057 1260 3116 1326 ι).
3153 1279 3170 1311 ι
3210 1259 3314 1315 Sed
3350 1263 3476 1330 quia
3527 1281 3588 1316 nr

2064 1342 2297 1412 ptiarum
2339 1343 2655 1398 vocabulum
2685 1355 2931 1416 patenter
2950 1349 3277 1414 evangelista
3312 1365 3417 1402 non
3449 1365 3602 1419 expri

2063 1435 2182 1499 mit,
2216 1436 2440 1507 ideoque
2478 1441 2688 1508 nuptias
2721 1440 3024 1496 celebrasse
3053 1441 3111 1495 Β.
3141 1443 3302 1514 Virgo
3331 1443 3462 1498 mihi
3505 1458 3629 1512 per-

2067 1524 2270 1579 bibenti
2303 1525 2531 1581 fortasse
2555 1544 2657 1581 non
2713 1529 2969 1583 creditur.
3012 1529 3386 1599 Expositorum
3420 1535 3634 1600 aliquis,

2065 1624 2222 1684 prout
2245 1618 2503 1681 occurrit,
2528 1617 2578 1670 in
2606 1619 2966 1672 testiinonium
2990 1620 3301 1673 deducatur.
3328 1621 3408 1676 Ait
3439 1636 3631 1694 nempe

2065 1705 2209 1761 Beda
2247 1706 2299 1760 in
2331 1707 2666 1776 expositione
2691 1706 2924 1761 Matthtei
2960 1725 2972 1761 :
3011 1729 3030 1759 ι
3064 1708 3395 1773 Notandum,
3432 1710 3627 1777 inquit,

2067 1796 2119 1850 in
2158 1796 2347 1865 primis
2398 1798 2450 1851 in
2489 1812 2555 1851 eo
2582 1797 2723 1865 quod
2763 1797 2838 1849 ait
2869 1814 2880 1847 :
2907 1798 3202 1866 Antequam
3247 1800 3626 1860 convenirent;

385 1874 528 1928 aliud
563 1875 799 1944 nuptiale
825 1878 1161 1946 mysterium,
1193 1878 1336 1933 aliud
1371 1879 1586 1936 carnale
1612 1891 1694 1937 est
1739 1882 1962 1937 sacrile-
1993 1867 2036 1926 Β
2065 1887 2225 1942 verba
2276 1887 2627 1942 conveniendi
2697 1902 2803 1941 non
2863 1887 3037 1955 ipsum
3102 1888 3475 1950 concubitum,
3536 1890 3628 1942 sed

386 1965 554 2034 gium.
585 1965 736 2032 Quod
779 1967 920 2022 enim
972 1969 1232 2024 canonice
1275 1969 1353 2036 tit,
1390 1982 1789 2026 sacramentum
1831 1983 1955 2040 est;

387 2059 526 2124 quod
559 2070 734 2113 autem
765 2067 953 2114 contra
982 2075 1214 2116 canones
1255 2072 1567 2131 usurpatum
1602 2074 1705 2128 est,
1736 2065 1958 2119 sacrile-

387 2149 530 2218 gium
562 2160 668 2204 est.
701 2151 776 2205 Ex
807 2152 1017 2207 ratione
1051 2153 1248 2222 quippe
1276 2155 1530 2225 temporis
1555 2155 1734 2226 agitur
1758 2167 1815 2210 ut
1857 2171 1960 2210 una

392 2239 683 2308 eademque
728 2256 816 2296 res
861 2241 975 2297 sive
1023 2242 1274 2309 salubris,
1325 2245 1438 2300 sive
1480 2246 1640 2300 noxia
1668 2245 1960 2316 judicetur.

392 2333 640 2403 Quisquis
667 2336 808 2390 enim
845 2338 1246 2393 inhorresaente
1286 2341 1461 2395 hieme
1503 2342 1636 2397 vites
1672 2351 1842 2412 putat,
1881 2343 1962 2397 vi-

390 2439 545 2478 neam
577 2425 818 2495 dissipat.
853 2425 951 2493 Qui
975 2437 1163 2482 testate
1193 2430 1442 2490 seminat.
1485 2430 1754 2486 frumenta
1779 2430 1965 2501 proﬂi-

391 2521 500 2580 gat.
530 2509 678 2567 Tune
703 2513 932 2583 denique
952 2515 1306 2584 suscipiendis
1332 2518 1626 2573 seminibus
1655 2528 1778 2589 apta
1807 2519 1964 2574 tellus

391 2602 643 2668 efficitur,
678 2603 722 2659 si
751 2620 987 2675 congruo
1012 2616 1250 2676 tempore
1278 2608 1562 2664 sarriatur.
1610 2610 1710 2677 Qui
1757 2611 1858 2666 sub
1885 2611 1964 2665 ni-

394 2696 496 2748 vali
521 2695 732 2750 turbine
753 2698 1124 2752 crementarios
1146 2701 1419 2764 conducit,
1445 2702 1656 2755 ruinam
1678 2702 1962 2757 construit.

392 2785 494 2852 Qui
522 2801 742 2841 succosa
771 2788 920 2841 verni
956 2791 1208 2858 temporis
1245 2790 1383 2859 ligna
1415 2793 1662 2858 succidit,
1694 2802 1752 2846 ut
1779 2795 1965 2848 doma-

394 2885 504 2930 tum
545 2877 778 2946 parietes
814 2881 1007 2949 erigat,
1055 2890 1111 2935 ut
1155 2883 1484 2951 laquearium
1532 2884 1697 2956 685
1735 2886 1966 2940 tabulata

392 2967 718 3039 eompingat,
748 2973 1061 3040 supervacui
1088 2989 1147 3029 se
1183 2975 1381 3031 laboris
1425 2977 1712 3032 vexatione
1758 2977 1963 3047 fatigat.

392 3056 461 3110 Et
492 3067 546 3110 ut
572 3059 638 3112 ad
671 3069 1004 3114 sacramenta
1038 3063 1333 3128 veniamus,
1381 3065 1471 3133 qui
1522 3077 1718 3135 praeter
1765 3074 1964 3120 statuta

394 3155 630 3215 tempora
663 3147 887 3204 clericos
918 3151 1152 3218 ordinat,
1188 3168 1294 3208 non
1332 3169 1426 3209 eos
1475 3156 1659 3224 utique
1692 3157 1958 3226 provehit,

389 3241 484 3295 sed
515 3241 822 3297 offensionis
849 3245 1204 3314 obstaculum,
1235 3261 1302 3300 ne
1338 3247 1404 3301 de
1440 3256 1636 3303 etetero
1666 3249 1965 3317 provehan-

393 3341 500 3396 tur,
530 3334 764 3401 opponit.
802 3335 900 3400 Qui
937 3337 1156 3404 passim,
1205 3351 1304 3391 nec
1335 3347 1484 3392 certo
1540 3345 1778 3406 tempore
1821 3338 1966 3392 chri-

390 3423 578 3477 smatis
612 3423 692 3479 vel
735 3424 983 3494 baptismi
1030 3437 1363 3482 sacramenta
1417 3428 1672 3492 celebrat,
1707 3444 1810 3481 non
1859 3439 1964 3482 tam

389 3512 577 3582 opifex
596 3516 918 3570 sacramenti
969 3531 1129 3586 quam
1169 3533 1292 3572 reus
1327 3517 1521 3572 dicitur
1547 3517 1832 3586 sacrilegii.

1015 3645 1242 3703 CAPUT
1280 3647 1342 3702 ll.

743 3758 940 3815 Contra
975 3771 1316 3831 pervertentes
1356 3771 1611 3832 tempora.

463 3873 596 3929 Cum
644 3888 774 3945 ergo
805 3875 919 3944 ipsa
969 3875 1336 3930 ecclesiastica
1378 3883 1714 3931 sacramenta
1745 3890 1962 3933 suorum

395 3971 696 4032 temporum
720 3964 1118 4019 vicissitudines
1145 3957 1426 4034 quaerunt;
1441 3966 1787 4036 vigoremque
1808 3980 1964 4020 suum

395 4069 460 4107 ex
513 4054 752 4123 deputati
790 4057 1044 4124 temporis
1088 4058 1425 4127 congruitate
1471 4058 1800 4126 concipiunt,
1858 4074 1965 4127 quo

394 4151 555 4212 pacto
609 4143 719 4199 sola
781 4147 1124 4201 matrimooia
1185 4147 1328 4202 vires
1388 4146 1585 4201 habere
1621 4155 1890 4216 poterunt,
1920 4147 1963 4202 si

397 4242 698 4302 temporum
725 4242 926 4288 statuta
952 4234 1302 4290 confundunt.
1321 4235 1391 4291 Ut
1410 4236 1556 4290 enim
1581 4236 1836 4290 Salomon
1860 4236 1962 4288 ait:

401 4343 419 4374 ‹
449 4323 638 4378 Omnia
697 4335 906 4394 tempus
959 4325 1158 4380 habent
1206 4336 1261 4380 et
1313 4327 1425 4381 suis
1468 4327 1657 4396 spatiis
1687 4335 1967 4380 transeunt

395 4417 647 4471 universa
709 4419 810 4472 sub
872 4418 1009 4472 caelo
1049 4417 1254 4488 (Eccle.
1290 4418 1393 4489 tn).
1437 4438 1455 4470 ι
1490 4418 1557 4472 Et
1606 4416 1765 4488 paulo
1801 4426 1963 4487 post:

399 4527 423 4556 ι
449 4505 682 4576 Tempus
696 4506 853 4562 llendi
877 4516 931 4562 et
957 4517 1167 4578 tempus
1190 4509 1420 4572 ridendi,
1446 4519 1654 4578 tempus
1679 4507 1966 4579 plangendi

395 4605 451 4650 et
479 4607 686 4667 tempus
717 4597 967 4662 saltandi,
1019 4606 1229 4660 tempus
1281 4599 1619 4660 amplexandi
1660 4606 1714 4651 et
1758 4608 1968 4667 tempus

396 4689 552 4760 longe
576 4689 692 4744 ﬁeri
743 4691 810 4744 ab
868 4689 1204 4760 amplexibus
1233 4689 1440 4760 (lbid.).
1475 4709 1493 4741 ›
1527 4690 1624 4755 Qui
1651 4707 1778 4760 ergo
1806 4689 1967 4746 ﬂendi

400 4787 640 4846 tempore
686 4777 904 4841 saltant,
929 4788 983 4832 et
1029 4777 1204 4831 rident
1238 4792 1252 4830 :
1285 4778 1376 4846 qui
1410 4787 1538 4830 tunc
1569 4779 1964 4847 amplexantur,

395 4867 613 4935 quando
633 4866 788 4934 longe
817 4867 931 4920 fieri
958 4866 1025 4920 ab
1051 4865 1388 4933 amplexibus
1422 4865 1638 4930 debent,
1663 4867 1802 4921 sicut
1824 4865 1963 4935 apud

396 4969 489 5009 eos
517 4956 774 5023 temporis
801 4956 932 5008 ordo
976 4957 1321 5024 pervertitur,
1352 4957 1428 5010 sic
1463 4957 1542 5011 eis
1559 4955 1679 5023 jure
1717 4956 1960 5024 voluptas

399 5048 452 5101 in
485 5047 921 5111 amaritudinem,
955 5046 1206 5115 gaudium
1242 5048 1294 5100 in
1334 5062 1641 5110 mmrorem,
1689 5049 1740 5101 in
1777 5047 1966 5102 confu-

398 5140 607 5194 sionem
632 5140 820 5209 gloria,
853 5141 907 5193 in
938 5139 1296 5209 prostibulum
1321 5139 1590 5193 thalamus
1615 5147 1967 5208 permutatur.

398 5228 531 5283 Cum
554 5229 698 5283 enim
731 5229 940 5299 legibus
960 5239 1176 5283 cautum
1214 5228 1313 5292 sit,
1338 5237 1392 5283 ul
1424 5239 1664 5297 tempore
1715 5229 1970 5283 messium

400 5318 486 5372 vel
515 5319 903 5375 vindemiarum
934 5335 1270 5389 nequaquam
1314 5335 1595 5374 causarum
1625 5320 1792 5390 litigia
1845 5336 1973 5375 ven-

404 5413 647 5474 tilentur,
670 5427 736 5466 ne
764 5412 996 5466 forensia
1047 5413 1259 5482 negotia
1303 5412 1642 5475 dirimantur,
1683 5421 1738 5465 et
1766 5422 1968 5480 tempo-

403 5515 520 5555 rum
547 5501 686 5554 ratio
711 5499 832 5564 fert,
859 5510 918 5552 ut
962 5501 1220 5570 quidquid
1250 5511 1374 5555 tunc
1421 5502 1475 5554 in
1503 5499 1861 5555 tribunalibus
1885 5497 1969 5566 ju-

402 5592 584 5646 dicunt
650 5592 936 5654 delinitur,
1018 5592 1230 5646 irritum
1305 5601 1616 5657 censeatur;
1706 5589 1971 5659 quomodo

403 5683 868 5754 quadragesitnale
913 5693 1124 5754 tempus
1177 5684 1388 5752 nuptias
1433 5700 1535 5737 non
1567 5693 1970 5750 evacuat,quas

401 5789 676 5831 anellum
735 5776 1031 5830 auctoritas
1102 5776 1356 5828 damnat?
1412 5776 1658 5846 Nunquid
1709 5777 1970 5828 tni..ot'em

2063 1977 2392 2046 nuptiarum,
2413 1992 2531 2047 quae
2550 1977 2852 2046 prtecedere
2879 1977 3073 2040 solent,
3100 1987 3309 2048 tempus
3333 1979 3626 2038 insinuant.

2060 2067 2276 2136 quando
2322 2081 2385 2121 ea
2449 2081 2568 2137 qua:
2621 2067 2770 2136 prius
2798 2082 2992 2138 sponsa
3025 2066 3218 2130 fuerat,
3269 2070 3463 2138 conjux
3509 2085 3632 2124 esse

2062 2155 2270 2224 incipit.
2315 2151 2458 2222 Ergo
2509 2163 2796 2224 antequam
2849 2155 3218 2220 convenirent,
3265 2157 3633 2211 dieit:Antc-

2062 2261 2222 2316 quam
2244 2246 2552 2317 nuptiarum
2582 2245 2839 2301 solemnia
2864 2248 2967 2301 rite
3008 2247 3363 2313 celebrarent,
3413 2248 3628 2302 inventa

2063 2346 2145 2392 est
2200 2339 2253 2392 in
2285 2345 2439 2393 utero
2478 2337 2681 2392 habens
2727 2337 2793 2392 de
2843 2337 3045 2407 Spiritu
3091 2346 3297 2392 saneto.
3353 2337 3628 2406 Siquidem

2064 2435 2364 2482 memorato
2392 2426 2582 2481 ordine
2615 2434 2801 2495 postea
2857 2436 3246 2491 convenerunt,
3287 2429 3500 2496 quando
3543 2427 3632 2482 Jo-

2064 2515 2194 2586 seph
2223 2515 2288 2570 ad
2316 2523 2640 2584 praeceptum
2667 2515 2842 2585 angeli
2869 2516 3075 2585 accepit
3101 2517 3381 2586 conjugem
3411 2532 3581 2570 suam.
3609 2538 3625 2568 ι

2064 2604 2380 2660 Ambrosius
2406 2619 2618 2673 quoque
2648 2622 2660 2658 :
2697 2621 2716 2656 t
2752 2603 2864 2658 Non
2891 2613 2962 2668 te,
2988 2605 3208 2674 inquit,
3235 2613 3461 2665 moveat,
3492 2609 3634 2674 quod

2065 2692 2378 2762 frequenter
2433 2691 2708 2762 Scriptura
2737 2693 3017 2762 coujugem
3047 2693 3175 2746 dicit
3204 2710 3217 2747 :
3257 2708 3360 2748 non
3410 2695 3632 2763 virgini-

2069 2784 2196 2837 tatis
2245 2783 2468 2852 ereptio,
2516 2783 2611 2838 sed
2661 2783 2892 2854 eonjugii
2950 2783 3276 2851 testiﬁcatio,
3324 2786 3631 2855 nuptiarum

2066 2871 2360 2928 celebratio
2392 2872 2713 2927 declaratur.
2763 2890 2782 2924 ι

2136 2960 2268 3016 Cum
2295 2976 2424 3032 ergo
2470 2962 2589 3018 luce
2633 2961 2834 3017 clarius
2890 2971 3124 3028 constat,
3155 2962 3277 3033 quia
3330 2963 3480 3017 beata
3539 2961 3633 3016 Dei

2065 3051 2311 3106 Genitrix
2342 3053 2492 3124 virgo
2533 3069 2640 3108 non
2686 3055 2897 3124 nupsit;
2931 3065 2986 3109 et
3033 3064 3210 3108 tamen
3266 3054 3416 3123 juxta
3470 3055 3636 3125 686

2069 3141 2364 3211 Scriptura:
2415 3143 2760 3210 sententiam,
2801 3144 3004 3212 absque
3046 3143 3206 3198 dubio
3255 3145 3466 3212 nuptias
3492 3146 3632 3198 cele-

1993 3212 2035 3273 C
2067 3232 2278 3297 bravit;
2339 3232 2605 3300 quomodo
2658 3231 2872 3295 dicitur,
2928 3234 3016 3288 ubi
3078 3235 3394 3288 concubitus
3445 3233 3633 3298 defuit,

2070 3321 2282 3390 nuptias
2319 3321 2424 3376 dici
2457 3337 2559 3376 non
2592 3323 2780 3391 posse?
2804 3322 2913 3377 Nos
2955 3331 3130 3377 autem
3170 3339 3200 3376 e
3229 3323 3441 3378 diverso
3468 3323 3666 3378 libere-

2069 3413 2402 3480 prolitemur,
2451 3421 2504 3467 et
2549 3414 2890 3468 concubitum
2923 3429 3080 3483 posse
3107 3414 3223 3468 sine
3269 3414 3466 3483 nuptiis
3497 3413 3632 3478 fieri,

2067 3513 2121 3558 et
2150 3504 2264 3558 sine
2286 3505 2572 3558 concubitu
2597 3514 2741 3559 recte
2784 3507 2996 3574 nuptias
3024 3505 3298 3574 appellari.
3334 3504 3470 3558 Sunt
3490 3505 3632 3557 enim

2068 3593 2353 3662 aliquando
2383 3595 2579 3662 nuptiae
2611 3595 2842 3658 caelibes,
2886 3605 3012 3649 sunt
3039 3611 3159 3664 qua:
3189 3596 3361 3665 dignae
3389 3595 3636 3648 dicantur

2067 3685 2266 3754 nuptiae
2288 3685 2596 3753 virginales.
2641 3685 2697 3739 In
2748 3687 2944 3757 quibtts
2968 3687 3216 3742 videlicet
3257 3687 3335 3740 sic
3361 3702 3497 3740 uxor
3521 3687 3636 3740 viro

2067 3775 2233 3828 dotali
2267 3773 2470 3829 fmdere
2511 3774 2778 3844 jungitur,
2823 3787 2881 3830 ut
2906 3776 3128 3845 pra-lato
3151 3775 3388 3831 etelestis
3417 3775 3635 3828 thalami

2067 3867 2358 3931 desiderio,
2395 3865 2599 3920 carnali
2629 3866 2934 3920 nullatenus
2955 3868 3242 3920 misceatur
3279 3866 3412 3935 (vide
3439 3865 3636 3917 sclwtiu

2065 3957 2133 4009 ad
2157 3955 2351 4009 calcem
2382 3955 2662 4025 opusculi).
2694 3956 2771 4011 Ex
2818 3972 3041 4024 quarum
3084 3956 3287 4009 scilicet.
3316 3969 3510 4025 genere
3536 3970 3636 4007 nn-

2068 4047 2298 4116 ptiarum
2321 4045 2382 4099 Β.
2413 4044 2646 4099 Joannes
2669 4046 2995 4116 evangelista
3019 4045 3326 4100 subtractus
3348 4063 3377 4098 a
3411 4045 3637 4098 Domino

2068 4137 2319 4201 traditur,
2373 4136 2463 4204 qui
2512 4136 2765 4190 nimirum
2801 4152 2922 4190 eum
2965 4138 3114 4206 virgo
3143 4137 3518 4205 permanserit,
3557 4137 3641 4188 ni-

2068 4227 2358 4281 hilominus
2391 4235 2568 4280 tamen
2599 4227 2794 4295 nuptiae
2823 4234 3025 4280 vocata:
3055 4235 3201 4291 sunt,
3224 4241 3358 4295 quas
3389 4235 3635 4280 conteru-

2066 4317 2191 4386 psit.
2223 4316 2302 4370 Ad
2325 4316 2467 4384 quod
2491 4316 2654 4370 etiam
2701 4317 3006 4384 nuptiarum
3054 4332 3242 4386 genus,
3283 4318 3472 4371 beatus
3498 4317 3637 4386 Apo-

2066 4405 2236 4458 stolus
2264 4404 2537 4459 auditores
2562 4418 2688 4458 suos
2715 4403 2927 4458 videtur
2951 4404 3197 4468 invitare,
3222 4406 3439 4459 cnmait
3468 4423 3500 4461 ε,
3522 4425 3538 4455 ι
3563 4406 3637 4458 De

2069 4498 2266 4567 quibus
2287 4495 2579 4566 scripsistis
2601 4495 2752 4560 mihi,
2784 4494 2981 4550 bonum
3007 4504 3090 4550 est
3115 4497 3312 4552 homini
3357 4497 3636 4551 mulierem

2074 4607 2179 4646 nun
2211 4599 2456 4660 tangere;
2486 4598 2706 4658 propter
2733 4587 3141 4643 fornicationem
3160 4590 3641 4656 autemunnsquis-

2074 4697 2180 4752 que
2230 4696 2384 4735 suam
2432 4695 2655 4734 uxorem
2710 4679 2928 4744 habeat,
2972 4688 3026 4733 et
3067 4694 3402 4747 unaquteque
3447 4679 3641 4731 mulier

2073 4789 2231 4828 suum
2267 4773 2442 4826 virum
2475 4771 2666 4825 habeat
2709 4770 2758 4837 (Ι
2790 4770 2914 4824 Cor.
2950 4774 3068 4838 vn).
3109 4789 3128 4821 ι
3181 4769 3315 4823 Cum
3362 4767 3638 4820 mulierem

2077 4880 2181 4919 non
2207 4873 2424 4932 tangere
2451 4864 2646 4916 bonum
2690 4877 2809 4915 esse
2862 4859 3396 4928 prinioiperbibeat;
3448 4857 3642 4909 deimle

2074 4964 2294 5026 propter
2324 4953 2732 5008 fornicationem
2749 4967 2968 5005 uxorem
2991 4951 3190 5004 habere
3206 4963 3640 5016 unumquetnrpte

2071 5047 2344 5107 decernat,
2395 5043 2459 5097 ad
2481 5041 2693 5096 caelibes
2719 5040 2903 5110 procul
2929 5040 3090 5093 dubio
3136 5039 3348 5106 nuptias
3374 5039 3641 5091 discretus

2073 5137 2261 5190 doctor
2291 5134 2502 5197 invitat,
2545 5133 2666 5186 utsi
2707 5132 2956 5200 laqueum
2989 5128 3356 5183 fornicationis
3380 5127 3642 5181 duntaxat

2074 5225 2301 5278 evadere
2331 5237 2632 5293 possumus.
2667 5220 2885 5275 carnale
2920 5219 3303 5274 commercium
3335 5220 3386 5274 in
3439 5219 3640 5288 nuptiis

2076 5332 2177 5370 non
2205 5329 2530 5382 quteramus.
2580 5311 2893 5380 Nuptiarum
2927 5311 3082 5379 plane
3123 5309 3352 5364 societas
3381 5311 3448 5364 ab
3487 5309 3641 5364 initio

2075 5415 2291 5475 propter
2316 5403 2636 5473 gignendam
2691 5401 2928 5456 sobolem
2958 5409 3012 5455 et
3039 5403 3435 5472 propagandam
3462 5409 3644 5471 poste-

2074 5496 2287 5551 ritatem
2316 5511 2420 5549 non
2451 5494 2742 5565 ambigitur
2779 5493 3042 5548 instituta.

2669 5585 2892 5641 CAPUT
2929 5585 3012 5638 Ill.

2489 5677 2540 5730 Ν
2547 5679 2702 5745 uptiw
2732 5676 2800 5729 ad
2820 5676 2946 5746 quid
2973 5678 3242 5730 institutw.

2147 5775 2413 5840 Quantum
2458 5785 2584 5840 ergo
2628 5771 2692 5823 ad
2738 5770 3110 5840 antiquitatem
3165 5766 3362 5830 seculi,
3413 5761 3642 5817 intentio
