4138 6320
626 418 733 477 667

1091 419 1149 476 S.
1177 419 1380 476 PETRI
1420 418 1703 476 DAMIANI
1740 418 1890 478 OPP.
1919 421 2154 479 TOMUS
2191 423 2323 481 SEU
2360 422 2541 481 PARS
2575 424 2660 481 Ill.
2686 455 2758 466 —
2783 405 3145 484 OPUSL‘ULA
3187 427 3417 484 VARIA.

3774 433 3875 494 668

624 535 794 610 matio
824 543 988 610 tautze
1015 535 1353 592 auctoritatis
1395 534 1655 589 innitatur
1704 535 2194 610 testificationibus,
2225 544 2273 599 Α
2304 537 2455 595 Unde
2485 537 2776 610 Alexandri
2813 540 2876 595 Ill
2901 543 3167 596 sententia
3196 559 3334 610 (cap.
3380 539 3593 597 Verum.
3637 543 3710 600 De
3754 564 3875 603 con-

623 606 868 676 talesqne
903 607 1101 659 habeat
1156 615 1433 676 patronos,
1477 620 1612 675 quos
1658 606 1914 661 credibile
1957 616 2039 660 est
2088 623 2193 661 nun

620 674 1113 744 futili'traditione
1157 674 1505 743 persuasos;
1542 684 1597 728 et
1650 676 1792 744 quod
1852 691 1917 731 ex
1968 677 2195 732 vetustis

619 743 862 799 historiis
911 745 1250 811 desntnptum
1301 744 1444 798 Beda
1476 754 1530 798 et
1560 743 1831 814 Rupertus
1881 745 2191 811 affirmem,

616 814 761 883 quod
789 815 892 868 illis
925 816 1153 884 receptis
1173 823 1228 868 et
1279 816 1515 883 antiquis
1540 815 1775 885 prologis
1803 816 2155 870 confirmetur
2177 856 2191 878 ,

616 885 760 952 quod
788 899 818 937 a
847 886 1119 955 sexcentis
1154 885 1311 938 annis
1333 885 1397 937 ad
1424 886 1537 939 haec
1562 892 1743 939 nostra
1776 893 2017 955 tempora
2046 900 2194 940 com-

615 955 797 1008 munis
840 955 1021 1009 babita
1072 954 1255 1017 fuerit,
1300 969 1486 1009 revera
1518 971 1616 1009 cur
1651 963 1760 1009 tam
1804 954 1945 1009 facili
1978 957 2192 1025 negotio

614 1024 1012 1094 commentitia,
1043 1039 1217 1093 nuper
1261 1025 1564 1094 excogitata
1621 1034 1783 1094 atque
1815 1024 2192 1081 ridicula’ere-

613 1091 933 1165 datur,‘uon
967 1091 1147 1165 video—.7
1183 1094 1335 1162 Quod
1372 1091 1554 1148 autem
1594 1091 1927 1165 Nic-ephorus
1961 1103 2195 1151 testatur

639 1161 778 1235 Hist.
804 1162 972 1235 Lvnt,
995 1180 1043 1219 e.
1067 1164 1157 1235 50)
1193 1161 1383 1218 harum
1412 1161 1993 1235 nuptiarum'sponsnm
2023 1165 2193 1220 fuisse

658 1232 890 1304 imonem
921 1232 1268 1294 Cananaéum.
1313 1249 1436 1287 cum
1479 1234 1595 1302 ejus
1634 1234 1819 1304 opinio
1851 1234 2062 1289 inﬁrma
2093 1236 2191 1289 ha-

608 1299 738 1376 beat
765 1301 1141 1376 fundamenta,
1192 1318 1291 1376 nec
1332 1299 1584 1376 antiquos
1629 1299 1944 1376 sectatores,
1995 1312 2194 1376 praeter

610 1370 785 1445 illum,
805 1375 1010 1445 merito
1038 1389 1068 1428 a
1098 1374 1271 1445 doctis
1291 1370 1595 1445 quibusque
1618 1374 1977 1445 scriptoribus
1995 1370 2189 1445 explo-

608 1441 774 1496 ditur.
804 1442 870 1496 Et
894 1457 959 1497 eo
987 1444 1241 1508 maxime,
1279 1441 1423 1513 quod
1445 1441 1566 1497 cuin
1600 1441 1877 1499 recenseat
1918 1441 2183 1513 ejusmodi

606 1513 843 1584 nuptias,
895 1528 1000 1584 non
1028 1513 1531 1584 itatnenralt7769],
1585 1513 1651 1568 iis
1686 1527 1807 1568 esse
1852 1515 2185 1568 abstractum

607 1580 860 1636 aﬂirmat.
900 1600 918 1633 ι
943 1582 1164 1646 llelena,
1200 1583 1275 1653 ait
1321 1580 1810 1653 illé.'Constantini
1846 1584 2190 1653 imperatoris

603 1660 823 1717 mater,
883 1654 935 1706 in
996 1653 1142 1708 Cana
1197 1652 1430 1708 Galilaae
1491 1652 1602 1722 (ubi
1647 1652 1883 1708 Simonis
1924 1652 2186 1709 ’Cananmi

603 1722 805 1790 nuptiae
834 1722 1120 1778 celebrata:
1150 1723 1298 1794 sunt)
1349 1737 1561 1778 sacram
1604 1723 1774 1779 aedem
1813 1724 2122 1779 aediﬁcavit.
2156 1741 2176 1776 ι

606 1885 692 1911 .-

2302 626 2432 664 vers.
2466 608 2793 681 conjugep).
2845 626 2948 681 qua
2996 626 3061 665 ex
3101 608 3298 681 nuptiis
3342 622 3566 666 vocatus
3617 618 3866 673 asseritut

2303 694 2555 749 sponsus.
2584 681 2650 734 de
2679 679 2903 738 .IOanne.
2937 696 3096 750 quem
3127 679 3403 737 aitjhristo
3430 692 3677 737 vocatum
3710 686 3874 745 fuisse

2300 750 2597 820 scriptores
2646 758 2951 816 testantur,
3004 752 3181 820 potius
3241 752 3585 820 intelligenda
3638 755 3868 813 videtur.

2306 838 2324 870 ι
2357 819 2553 891 Verum
2580 859 2594 881 ,
2646 820 2728 891 ait
2772 820 2896 886 ille,
2945 819 3079 891 post,
3107 819 3433 876 consensum
3470 822 3767 891 legitimum
3811 828 3872 881 de

2299 889 2614 964 praesentit
2645 887 2850 945 licitum
2904 887 2987 945 eSt
3034 890 3225 964 alteri,
3283 891 3454 964 altero
3505 887 3668 964 etiam
3718 909 3870 964 repu-

2299 969 2518 1033 gnante,
2549 960 2749 1033 eligere
2775 961 3185 1033 __monasterit_int
3218 981 3236 1013 ι
3283 961 3463 1033 692
3495 960 3658 1031 (sicut
3705 960 3871 1020 sancti

2299 1029 2517 1101 quidam
2544 1030 2611 1084 de
2640 1030 2839 1101 nuptiis
2875 1031 3049 1085 vocati
3097 1029 3727 1101 fuerunt),'7dummodo
3752 1048 3869 1087 car-

2301 1099 2438 1153 nalis
2472 1098 2777 1154 commistio
2807 1115 2913 1154 non
2958 1098 3325 1155 intervenerit
3351 1103 3493 1155 inter
3525 1116 3636 1155 eos.
3689 1121 3708 1152 ι
3747 1102 3870 1157 Car-

2298 1168 2495 1241 dinalis
2525 1170 3036 1241 quoqueiBaronius
3071 1181 3354 1241 postquam
3399 1171 3625 1241 dixisset
3657 1171 3867 1241 (Annal.

2297 1237 2367 1291 ad
2414 1257 2503 1293 an.
2542 1237 2669 1293 Cleri
2724 1239 2852 1311 5t):
2920 1237 3086 1311 {Qua
3134 1237 3226 1311 inf
3245 1255 3302 1294 re
3345 1241 3528 1310 potius
3573 1237 3870 1311 Nic'ephoro

2296 1311 2696 1380 assentiendum
2722 1307 2866 1365 esset
2887 1307 3172 1364 afﬁrmanti
3193 1307 3362 1380 fuisse
3379 1310 3641 1380 ejusmodi
3664 1307 3869 1379 nuptias

2297 1375 2539 1447 Simonis
2568 1378 2820 1435 Catianaﬁ
2850 1397 2864 1444 ;
2898 1399 2917 1431 ι
2961 1381 3143 1434 statim
3175 1375 3445 1447 subjecit':
3493 1399 3511 1431 ι
3531 1375 3794 1434 Cancrum
3820 1391 3870 1434 et

2298 1446 2596 1519 ﬁathanael
2631 1457 2750 1502 erat
2776 1465 2808 1504 e
2831 1449 3000 1516 Cana,
3023 1446 3281 1519 catam
3308 1448 3524 1519 oppido,
3558 1468 3576 1501 ι
3621 1458 3682 1519 ιιι
3713 1450 3871 1519 tradit

2294 1517 2654 1599 Hieronymus
2701 1519 2802 1591 (De
2841 1520 2967 1574 locis
3015 1517 3201 1591 Hebr.)
3273 1537 3296 1572 ι
3324 1517 3500 1591 posito
3554 1519 3607 1573 in
3655 1518 3868 1575 Galilea

2291 1598 2552 1659 gentium.
2576 1610 2595 1643 ι

2601 1680 2683 1737 Sit
2738 1698 2922 1737 nomen
2956 1680 3169 1737 Domini
3197 1682 3545 1737 benedictum.

597 2025 957 2099 693694
1014 2047 1798 2155 OPUSCULUM
1895 1958 3034 2172 QUADBAGESIMUM
3116 2043 3855 2150 SECUNDUM.

597 2249 706 2313 DE
739 2249 925 2310 FIDE
961 2252 1125 2314 Ι)Εο
1184 2252 1629 2314 OBSTRICTA
1662 2252 1821 2314 NON

2270 2252 2699 2394 ΟΑΝΙέΒΙΤΑ
2740 2252 2931 2315 ALIA
2980 2252 3336 2316 EJUSDEM
3389 2252 3861 2316 ARGUMENTI

592 2523 988 2581 Aaccusmuu.
1022 2554 1094 2564 —
1117 2522 1254 2577 Dum
1286 2520 1568 2576 Mediolani
1601 2530 1824 2577 sanctus
1849 2522 2038 2576 doctor
2066 2521 2133 2575 ad
2173 2521 2490 2592 corrigenda
2531 2521 2851 2576 clericorum
2883 2521 3027 2578 illius
3081 2522 3337 2579 Ecclesia:
3387 2524 3515 2579 vitia
3546 2525 3614 2578 ab
3644 2534 3860 2592 aposto-

664 2593 767 2673 lica
797 2594 924 2648 sede
951 2593 1719 2673 legatus_versaretnr,_aderat
1746 2592 1796 2646 ei
1827 2592 2130 2673 przecipun;
2152 2591 2368 2660 adiutor
2400 2591 2749 2673 Landulphus
2771 2592 3118 2673 quiidain,_\'ir
3139 2604 3193 2648 et
3215 2594 3436 2673 generis
3468 2591 3771 2673 nobilitate.
3808 2603 3860 2648 et

661 2663 961 2717 litterarum
984 2660 1289 2731 cognitione
1314 2678 1421 2716 non
1446 2660 1718 2731 vulgaris;
1750 2660 1951 2731 quique
1980 2660 2046 2715 ad
2070 2676 2188 2715 eam
2225 2674 2336 2714 rem
2364 2677 2426 2716 ex
2464 2660 2733 2731 sententia
2748 2660 3128 2731 perﬁciendam
3152 2660 3256 2718 non
3288 2665 3571 2720 mediocre
3602 2665 3859 2728 studium,

660 2732 1145 2803 auctoritatemque
1167 2731 1441 2803 afferebat.
1467 2732 1517 2785 ls
1539 2732 1806 2803 concitata
1828 2731 1896 2786 ab
1916 2731 2337 2803 iisdemclericis
2364 2732 2603 2801 populari
2634 2732 2916 2796 seditione,
2943 2749 3064 2787 cum
3090 2743 3316 2803 uterque
3336 2735 3403 2788 ad
3426 2734 3650 2788 exitium
3681 2734 3859 2789 furen-

660 2803 806 2858 tibus
830 2802 1002 2872 plebis
1026 2800 1222 2857 animis
1250 2802 1651 2871 deposceretur,
1679 2802 1823 2871 vovit
1848 2817 1907 2872 se
1936 2800 2025 2855 ubi
2048 2801 2279 2872 primum
2308 2817 2379 2872 ex
2410 2800 2516 2855 tam
2539 2803 2709 2856 atroci
2735 2813 3051 2869 tempestate
3075 2800 3359 2866 evasisset,
3411 2804 3572 2860 rebus
3604 2803 3856 2858 humanis

657 2868 843 2927 valere
853 2872 1040 2940 jussis,
1066 2875 1131 2926 ad
1157 2868 1432 2937 religionis
1468 2881 1679 2939 portum
1713 2868 2144 2926 eonvolaturum.
2169 2868 2323 2936 Quod
2371 2880 2547 2926 tamen
2589 2868 2911 2927 dexteritate
2954 2884 3010 2928 et
3047 2873 3293 2928 Damiani
3340 2875 3622 2937 facundia,
3672 2874 3855 2928 sedata

655 2942 835 3012 populi
861 2943 1142 3006 seditione,
1174 2942 1279 2996 voti
1307 2956 1527 3013 compos
1546 2941 1791 3004 effectus,
1820 2950 2077 3013 praestare
2099 2941 2416 3013 negligebat.
2443 2942 2835 3013 Scribitigitnr
2857 2943 2924 2996 ad
2953 2959 3097 3005 eum,
3128 2953 3182 2998 et
3210 2945 3540 2999 enumeratis
3568 2944 3856 2999 multorum

654 3010 937 3080 exemplis,
965 3013 1054 3081 qui
1094 3026 1286 3079 graves
1312 3011 1422 3065 Deo
1466 3028 1570 3066 non
1601 3020 1829 3067 servatae
1854 3010 1975 3066 ﬁdei
2007 3024 2196 3081 poenas
2226 3010 2620 3081 persolverant,
2654 3010 2925 3078 hortatur,
2950 3022 3011 3069 ut
3040 3013 3200 3068 fidem
3219 3029 3323 3068 non
3343 3014 3572 3079 homini,
3597 3014 3692 3069 sed
3747 3013 3854 3067 Deo

654 3082 973 3138 obstrictam
998 3081 1186 3137 fallere
1207 3081 1537 3136 reformidet.

657 3215 978 3270 Lmouaruo
1008 3214 1206 3269 clerico
1235 3222 1291 3270 et
1328 3214 1584 3269 senatorii
1614 3214 1850 3286 generis,
1877 3223 1933 3269 et
1963 3212 2171 3285 peritia:
2202 3216 2245 3276 Β
2274 3214 2635 3270 severantiam
2665 3213 3127 3289 {perseveratum}
3175 3215 3451 3285 suscipiat,
3480 3214 3548 3270 ab
3594 3230 3660 3270 eo
3710 3216 3854 3287 quod

582 3302 833 3359 litteratis
862 3306 1036 3359 nitore
1064 3304 1380 3383 conspicuo,
1427 3304 1644 3361 Penus
1691 3314 1942 3376 peccator
1980 3320 2168 3361 mona-

582 3396 721 3452 chus
748 3394 999 3452 salutem.

649 3485 1005 3541 Praastolatus
1062 3500 1181 3542 sum
1215 3524 1232 3552 ,
1278 3495 1335 3543 et
1388 3496 1597 3541 certum
1676 3486 1843 3550 tenui,
1902 3495 1960 3540 nt
2011 3484 2163 3554 juxta

579 3578 907 3642 condictum,
935 3577 1073 3632 sacri
1113 3577 1320 3632 ordinis
1368 3577 1642 3647 arriperes
1684 3577 2009 3632 institutum.
2057 3576 2165 3631 Sed

578 3669 706 3740 quia
730 3679 780 3724 te
803 3684 895 3723 rex
919 3668 1137 3740 Egypti
1164 3670 1258 3724 luti
1288 3668 1542 3725 etlateris
1571 3670 1790 3724 servitio
1816 3684 1918 3723 non
1945 3683 2165 3738 oppres-

578 3761 653 3816 sit
701 3761 899 3831 (Exod.
933 3776 972 3825 ι,
1004 3762 1057 3832 v)
1096 3780 1108 3815 :
1157 3763 1282 3832 quia
1311 3779 1341 3817 a
1374 3763 1654 3833 procinctu
1688 3777 1798 3817 sua:
1836 3761 2042 3817 militia:
2071 3777 2161 3817 sa-

585 3851 758 3922 trapis
815 3851 1192 3906 insistentibus
1243 3867 1349 3907 non
1403 3850 1621 3920 abjecit,
1672 3851 1766 3906 sed
1804 3852 1985 3920 potius
2036 3867 2160 3907 cum

579 3938 765 3994 Levita
785 3938 875 3993 iflo
900 3940 967 3995 de
990 3939 1158 3996 latere
1183 3942 1382 3997 montis
1411 3941 1666 4009 prraim
1696 3940 1978 3995 blandiens
2006 3956 2162 3995 socer

578 4027 969 4084 Bethlebemita
995 4030 1234 4094 retinuit,
1255 4029 1480 4099 filiaeque
1501 4043 1613 4083 sua:
1635 4043 1819 4081 artiore
1830 4028 2156 4093 devinctum,

580 4116 769 4174 muitis
814 4132 1122 4174 sermonum
1173 4128 1338 4188 atque
1399 4116 1755 4172 refectionum
1803 4117 2161 4172 suavitatibus

578 4209 821 4266 delinivit
854 4209 937 4281 (II
971 4209 1096 4280 Reg.
1127 4225 1277 4275 xxix;
1309 4208 1490 4262 Judic.
1527 4207 1676 4272 xvr);
1726 4208 1869 4277 quod
1911 4222 2017 4262 non
2056 4209 2155 4263 bo-

586 4300 743 4366 mini,
777 4301 871 4355 sed
897 4301 1005 4356 Deo
1033 4301 1422 4372 spoponderas,
1454 4301 1689 4355 humana
1724 4314 1827 4354 non
1853 4299 2157 4370 persolvisti

579 4392 911 4448 temeritate.

1075 4482 1301 4538 CAPUT
1331 4481 1613 4537 PRIMUM

650 4573 805 4640 Quod
830 4575 977 4630 nulla
999 4576 1334 4629 excusa:ione
1359 4574 1474 4627 Iicei
1504 4590 1605 4628 non
1654 4572 1865 4641 implere
1889 4582 2082 4627 votum.

644 4665 906 4732 Obsecro,
936 4667 1007 4721 mi
1034 4666 1224 4731 frater,
1247 4665 1374 4735 quid
1402 4664 1686 4734 prudentia
1720 4674 1807 4717 tua
1831 4661 1971 4716 valet
1994 4677 2159 4716 exeu-

576 4758 805 4813 sationis
831 4758 1157 4812 obtendere?
1184 4755 1310 4825 quid
1362 4765 1794 4825 argumentatur,
1824 4762 1877 4809 ut
1905 4754 1954 4808 ei
1999 4753 2158 4808 liceat

575 4848 744 4919 quod,
770 4848 984 4905 Christo
1007 4847 1188 4918 judice
1219 4855 1269 4902 et
1308 4845 1510 4916 angelis
1541 4843 1787 4910 testibus,
1812 4838 2165 4914 promiserat,

575 4955 682 4996 non
715 4940 977 5010 implere?
1000 4954 1124 4996 cum
1157 4937 1417 4993 Dominus
1445 4950 1541 5005 per
1570 4935 1792 5006 Moysen
1818 4935 1961 4988 dicat
1988 4953 2000 4987 :
2037 4953 2055 4985 ι
2094 4933 2151 4988 Si

574 5033 697 5102 quis
724 5035 965 5087 virorum
990 5031 1200 5087 voverit
1242 5029 1489 5093 Domino,
1525 5036 1620 5081 aut
1668 5041 1728 5081 se
1760 5025 2146 5081 constrinxerit

564 5125 894 5194 juramento,
925 5139 1031 5178 non
1077 5122 1236 5177 faciet
1287 5121 1501 5175 irritum
1553 5119 1812 5182 verbum;
1864 5117 1960 5170 sed
1986 5131 2146 5171 omne

570 5212 715 5285 quod
743 5213 1004 5282 promisit,
1036 5207 1503 5299 itnplebitUQ’Vtttnt.
1527 5208 1678 5277 xxx).
1714 5226 1732 5259 ι
1762 5206 1843 5260 An
1876 5203 2016 5260 forte
2042 5205 2145 5261 hoc

570 5314 768 5379 purgat
796 5306 1156 5370 mendacium,
1188 5289 1547 5371 idonenmque
1593 5300 1803 5354 videtur
1860 5298 1912 5352 in
1962 5296 2147 5352 defen-

570 5398 723 5453 sione
771 5395 1095 5465 perfugium,
1145 5396 1286 5466 quod
1326 5392 1741 5448 Mediulanensis
1782 5388 1972 5443 iivitas
2020 5398 2144 5444 tunc

567 5489 622 5544 in
650 5486 968 5543 seditionem
1004 5502 1180 5550 versa,
1205 5485 1544 5555 repentinum
1572 5482 1754 5551 utique
1779 5487 2018 5534 nostrum
2044 5478 2145 5531 mi-

570 5578 805 5634 nabatur
856 5576 1173 5632 interitum?
1208 5576 1272 5629 Et
1315 5576 1456 5644 quod
1507 5573 1799 5630 necessitas
1843 5569 2044 5634 intuiit,
2094 5569 2139 5624 si

564 5667 858 5722 voluntatis
885 5666 1025 5720 desit
1050 5664 1352 5726 arbitrium,
1391 5679 1496 5717 non
1538 5661 1811 5717 manebit?
1840 5660 1944 5715 Sed
1975 5673 2142 5713 eano-

564 5759 685 5814 nica
717 5758 955 5831 decernit
982 5756 1295 5817 auctoritas.
1320 5764 1378 5808 ιιι
1404 5756 1447 5808 si
1479 5754 1638 5808 vidua
1674 5751 1891 5823 pietatis
1939 5748 2140 5804 violen-

565 5848 692 5906 tiam
725 5849 1133 5917 pertimescens,
1161 5860 1374 5900 sacrum
1413 5843 1656 5899 velaan
1683 5842 1832 5912 quasi
1863 5856 1966 5898 non
2010 5854 2134 5910 per-

2267 3303 2433 3358 semel
2464 3303 2582 3357 iniit
2604 3304 2878 3375 proposito
2909 3321 3014 3359 non
3056 3306 3293 3360 recedat.

2337 3393 2493 3448 Absit
2522 3409 2653 3464 ergo
2682 3404 2740 3448 ut
2774 3396 2948 3448 virum
2975 3395 3139 3449 timor
3166 3395 3432 3461 absolvat,
3470 3396 3562 3465 qui
3623 3396 3856 3453 feminas

2268 3484 2431 3538 etiam
2468 3484 2520 3539 in
2542 3481 2748 3550 judicio
2778 3500 2885 3538 non
2927 3492 3185 3549 excusat;
3233 3486 3536 3552 praesertim
3588 3500 3712 3538 eum
3762 3501 3852 3542 me

2266 3574 2638 3638 denuntiante,
2665 3589 2730 3628 ne
2761 3573 3066 3641 bujusmodi
3098 3584 3154 3628 te
3182 3584 3307 3628 voto
3337 3588 3435 3642 pro
3481 3572 3675 3627 timore
3704 3590 3857 3630 mor-

2266 3665 2335 3717 tis
2364 3663 2786 3730 eonstringeres,
2828 3663 2931 3717 nisi
2980 3664 3144 3717 etiam
3177 3671 3571 3731 consequenter
3608 3677 3707 3732 per
3741 3665 3853 3721 vivi

2263 3754 2443 3824 operis
2471 3752 2761 3809 efﬁcaciam
2812 3754 3075 3825 promissa
3132 3754 3421 3825 impleres;
3455 3763 3510 3807 tu
3546 3763 3598 3808 te
3646 3754 3850 3810 divina:

2264 3846 2550 3900 sententia:
2587 3845 2874 3910 devotasti,
2930 3845 2974 3900 si
3014 3845 3154 3899 datae
3204 3844 3511 3915 sponsionis
3557 3844 3849 3914 aliquando

2263 3939 2577 4009 mysterium
2603 3937 2856 3994 violares.
2907 3938 3094 3993 Dicam
3140 3938 3282 4008 quod
3341 3952 3505 4008 super
3540 3952 3648 3992 non
3690 3937 3848 3992 dissi-

2264 4027 2376 4081 mili
2415 4043 2473 4082 re
2502 4041 2673 4098 nuper
2703 4028 2843 4098 apud
2878 4043 2977 4082 nos
3006 4027 3272 4082 accidisse
3294 4026 3662 4097 cognoscitur.

2892 4137 3121 4194 CAPUT
3152 4136 3216 4192 Il.

2260 4230 2531 4298 Arduinys
2581 4231 2885 4294 damnatus,
2947 4231 3087 4300 quod
3130 4231 3475 4285 monasticam
3514 4230 3842 4296 habitum,ut

2686 4310 2912 4365 voverat,
2944 4317 3046 4354 non
3066 4301 3393 4370 suscepisset.

2329 4392 2425 4447 Vir
2450 4392 2687 4462 quidam,
2710 4392 2982 4457 Arduinus
3007 4393 3242 4456 nomine,
3268 4392 3490 4447 famosae
3516 4393 3836 4463 prudentiae,

2259 4498 2455 4554 genere
2482 4484 2681 4547 clarus,
2713 4483 2917 4538 divitiis
2958 4484 3266 4552 opulentus,
3298 4491 3446 4538 certa
3493 4484 3625 4538 mihi
3675 4484 3837 4540 devo-

2180 4549 2227 4610 c
2262 4549 2406 4627 tione
2435 4573 2813 4643 spoponderat,
2840 4575 2980 4643 quod
2996 4549 3056 4627 isi
3105 4583 3231 4629 ante
3265 4589 3369 4629 non
3401 4583 3604 4642 posset,
3644 4573 3831 4630 saltem

2254 4662 2466 4732 expleto
2484 4662 2764 4724 decennio,
2788 4662 2855 4717 ad
2885 4663 3266 4717 monasterium
3292 4661 3355 4717 Β.
3375 4662 3663 4729 Vincentii,
3690 4664 3832 4732 quod

2255 4752 2503 4808 videlicet
2529 4753 2582 4807 in
2614 4752 2859 4808 Urbinati
2889 4753 3247 4808 constitutum
3280 4762 3363 4808 est
3389 4754 3684 4817 territorio,
3717 4770 3828 4810 mo-

2254 4844 2538 4899 nachicum
2575 4853 2922 4912 suscepturus
2951 4843 3195 4897 habitum
3231 4842 3547 4899 declinaret.
3590 4843 3827 4900 Tandem

2256 4934 2486 4989 termino
2528 4932 2793 4987 condictze
2822 4933 3089 5002 pactionis
3133 4942 3345 4998 exacto,
3396 4949 3519 4988 cum
3568 4950 3668 5005 ego
3707 4935 3830 4990 huic

2250 5024 2498 5078 assiduus
2517 5032 2736 5076 exactor
2764 5021 3102 5089 insisterem;
3128 5022 3215 5077 ille
3238 5024 3361 5079 inde
3385 5024 3642 5087 cedendo,
3680 5025 3829 5079 blana

2250 5116 2467 5178 diendo,
2518 5114 2700 5170 verbis
2747 5114 2964 5183 quidem
3014 5116 3213 5171 bonum
3258 5130 3421 5171 omne
3468 5118 3822 5187 promitteret,

2252 5208 2420 5278 ipsius
2445 5216 2623 5261 autem
2654 5207 3023 5263 conversionis
3043 5206 3292 5262 eﬂ‘eetum
3322 5208 3644 5278 quibusdam
3671 5209 3825 5278 tergi-

2252 5298 2648 5354 versationibus
2669 5300 2996 5366 protelaret;
3048 5306 3227 5354 rector
3270 5313 3486 5369 quoque
3527 5298 3642 5367 iam
3695 5297 3822 5353 dicti

2252 5386 2568 5443 monasterii
2599 5386 2740 5442 illius
2764 5386 2976 5442 favebat
3002 5388 3160 5452 votis,
3215 5387 3670 5458 dissuadebatque
3694 5402 3829 5442 com

2248 5478 2410 5544 verti,
2442 5476 2593 5547 cujus
2629 5478 2880 5532 nimirum
2906 5477 3068 5549 695
3094 5479 3519 5547 pernecessariis
3554 5486 3827 5534 sustenta-

2249 5569 2408 5623 batur
2445 5566 2681 5623 auxiliis.
2726 5567 2933 5622 lnterea
2980 5567 3239 5639 languore
3288 5570 3531 5640 corporis
3579 5569 3817 5625 irruente

2248 5659 2519 5723 decubuit,
2580 5667 2800 5730 peccata
2877 5657 3180 5724 confessus,
3243 5657 3449 5729 judicio
3522 5659 3816 5717 sacerdotis

2247 5750 2561 5814 absolvitur,
2593 5750 2916 5819 pauperibus
2944 5758 2999 5805 et
3023 5750 3269 5808 ecclesiis
3299 5751 3466 5806 multa
3490 5751 3733 5822 largitur,
3762 5750 3813 5802 in

2250 5849 2477 5905 tantum,
2508 5848 2565 5895 ut
2590 5839 2797 5895 cunctis
2819 5841 2972 5910 quasi
2995 5841 3128 5897 bene
3149 5841 3480 5912 compositis,
3506 5841 3829 5897 assistentcs
