  <div class='ocr_page' id='page_1' title='image "/cluster/home/n/w/nwhite01/storage/ocr_20150623/145/hvd.32044015471824/342.png"; bbox 0 0 4138 6320; ppageno 0'>
   <div class='ocr_carea' id='block_1_1' title="bbox 411 445 514 500">
    <p class='ocr_par' dir='ltr' id='par_1_1' title="bbox 411 445 514 500">
     <span class='ocr_line' id='line_1_1' title="bbox 411 445 514 500; baseline 0 0"><span class='ocrx_word' id='word_1_1' title='bbox 411 445 514 500; x_wconf 82' lang='lat'><strong>669</strong></span> 
     </span>
    </p>
   </div>
   <div class='ocr_carea' id='block_1_2' title="bbox 1024 433 3029 500">
    <p class='ocr_par' dir='ltr' id='par_1_2' title="bbox 1024 433 3029 500">
     <span class='ocr_line' id='line_1_2' title="bbox 1024 433 3029 500; baseline -0.006 0"><span class='ocrx_word' id='word_1_2' title='bbox 1024 441 1266 500; x_wconf 87' lang='lat' dir='ltr'><strong>OPUSC.</strong></span> <span class='ocrx_word' id='word_1_3' title='bbox 1309 443 1462 496; x_wconf 72' lang='lat' dir='ltr'><strong>XLII.</strong></span> <span class='ocrx_word' id='word_1_4' title='bbox 1485 471 1554 482; x_wconf 89' lang='lat'><em>—</em></span> <span class='ocrx_word' id='word_1_5' title='bbox 1581 443 1671 498; x_wconf 84' lang='lat' dir='ltr'><strong>DE</strong></span> <span class='ocrx_word' id='word_1_6' title='bbox 1709 440 1844 496; x_wconf 65' lang='grc' dir='ltr'><strong>Νολ</strong></span> <span class='ocrx_word' id='word_1_7' title='bbox 1883 433 2247 494; x_wconf 78' lang='lat' dir='ltr'><strong>FALLENDA</strong></span> <span class='ocrx_word' id='word_1_8' title='bbox 2274 437 2430 494; x_wconf 83' lang='lat' dir='ltr'><strong>FIDE</strong></span> <span class='ocrx_word' id='word_1_9' title='bbox 2458 435 2591 493; x_wconf 79' lang='grc' dir='ltr'><strong>ΒΕο</strong></span> <span class='ocrx_word' id='word_1_10' title='bbox 2628 433 3029 491; x_wconf 74' lang='lat' dir='ltr'><strong>OBSTRICTA.</strong></span> 
     </span>
    </p>
   </div>
   <div class='ocr_carea' id='block_1_3' title="bbox 3533 430 3638 484">
    <p class='ocr_par' dir='ltr' id='par_1_3' title="bbox 3533 430 3638 484">
     <span class='ocr_line' id='line_1_3' title="bbox 3533 430 3638 484; baseline -0.019 -1"><span class='ocrx_word' id='word_1_11' title='bbox 3533 430 3638 484; x_wconf 79' lang='lat'><strong>670</strong></span> 
     </span>
    </p>
   </div>
   <div class='ocr_carea' id='block_1_4' title="bbox 409 548 3636 628">
    <p class='ocr_par' dir='ltr' id='par_1_4' title="bbox 409 548 3636 628">
     <span class='ocr_line' id='line_1_4' title="bbox 409 548 3636 628; baseline -0.005 -10"><span class='ocrx_word' id='word_1_12' title='bbox 409 561 510 618; x_wconf 68' lang='lat' dir='ltr'><strong>sibi</strong></span> <span class='ocrx_word' id='word_1_13' title='bbox 539 567 796 628; x_wconf 70' lang='lat' dir='ltr'><strong>cognatos</strong></span> <span class='ocrx_word' id='word_1_14' title='bbox 831 567 886 612; x_wconf 90' lang='lat' dir='ltr'><strong>et</strong></span> <span class='ocrx_word' id='word_1_15' title='bbox 928 557 1112 614; x_wconf 77' lang='lat' dir='ltr'><strong>aﬂines</strong></span> <span class='ocrx_word' id='word_1_16' title='bbox 1139 559 1240 614; x_wconf 91' lang='lat' dir='ltr'><strong>sub</strong></span> <span class='ocrx_word' id='word_1_17' title='bbox 1290 559 1392 613; x_wconf 90' lang='lat' dir='ltr'><strong>hac</strong></span> <span class='ocrx_word' id='word_1_18' title='bbox 1435 558 1793 613; x_wconf 91' lang='lat' dir='ltr'><strong>obtestatione</strong></span> <span class='ocrx_word' id='word_1_19' title='bbox 1841 571 1972 612; x_wconf 85' lang='lat' dir='ltr'><strong>con-</strong></span> <span class='ocrx_word' id='word_1_20' title='bbox 1995 557 2045 615; x_wconf 81' lang='grc' dir='ltr'><strong>Α</strong></span> <span class='ocrx_word' id='word_1_21' title='bbox 2071 553 2233 610; x_wconf 87' lang='lat' dir='ltr'><strong>debat</strong></span> <span class='ocrx_word' id='word_1_22' title='bbox 2258 554 2549 619; x_wconf 88' lang='lat' dir='ltr'><strong>territorio,</strong></span> <span class='ocrx_word' id='word_1_23' title='bbox 2583 560 2906 606; x_wconf 84' lang='lat' dir='ltr'><strong>moraretur.</strong></span> <span class='ocrx_word' id='word_1_24' title='bbox 2937 549 3049 604; x_wconf 92' lang='lat' dir='ltr'><strong>Illic</strong></span> <span class='ocrx_word' id='word_1_25' title='bbox 3079 549 3260 619; x_wconf 82' lang='lat' dir='ltr'><strong>itaque</strong></span> <span class='ocrx_word' id='word_1_26' title='bbox 3285 548 3636 612; x_wconf 86' lang='lat' dir='ltr'><strong>constitutus,</strong></span> 
     </span>
    </p>
   </div>
   <div class='ocr_carea' id='block_1_5' title="bbox 409 647 1975 718">
    <p class='ocr_par' dir='ltr' id='par_1_5' title="bbox 409 647 1975 718">
     <span class='ocr_line' id='line_1_5' title="bbox 409 647 1975 718; baseline -0.004 -14"><span class='ocrx_word' id='word_1_27' title='bbox 409 649 730 718; x_wconf 80' lang='lat' dir='ltr'><strong>stringeret;</strong></span> <span class='ocrx_word' id='word_1_28' title='bbox 767 665 786 698; x_wconf 78' lang='grc' dir='ltr'><strong>ι</strong></span> <span class='ocrx_word' id='word_1_29' title='bbox 819 647 1076 712; x_wconf 84' lang='lat' dir='ltr'><strong>Obsecro,</strong></span> <span class='ocrx_word' id='word_1_30' title='bbox 1106 649 1300 716; x_wconf 85' lang='lat' dir='ltr'><strong>inquit,</strong></span> <span class='ocrx_word' id='word_1_31' title='bbox 1339 662 1435 716; x_wconf 88' lang='lat' dir='ltr'><strong>per</strong></span> <span class='ocrx_word' id='word_1_32' title='bbox 1478 648 1820 711; x_wconf 88' lang='lat' dir='ltr'><strong>cbaritatem,</strong></span> <span class='ocrx_word' id='word_1_33' title='bbox 1856 659 1975 714; x_wconf 71' lang='lat' dir='ltr'><strong>quae</strong></span> 
     </span>
    </p>
   </div>
   <div class='ocr_carea' id='block_1_6' title="bbox 409 735 1975 804">
    <p class='ocr_par' dir='ltr' id='par_1_6' title="bbox 409 735 1975 804">
     <span class='ocr_line' id='line_1_6' title="bbox 409 735 1975 804; baseline -0.002 -13"><span class='ocrx_word' id='word_1_34' title='bbox 409 736 554 792; x_wconf 86' lang='lat' dir='ltr'><strong>Deus</strong></span> <span class='ocrx_word' id='word_1_35' title='bbox 574 744 679 802; x_wconf 84' lang='lat' dir='ltr'><strong>est,</strong></span> <span class='ocrx_word' id='word_1_36' title='bbox 709 751 866 790; x_wconf 89' lang='lat' dir='ltr'><strong>nemo</strong></span> <span class='ocrx_word' id='word_1_37' title='bbox 894 751 980 790; x_wconf 91' lang='lat' dir='ltr'><strong>me</strong></span> <span class='ocrx_word' id='word_1_38' title='bbox 1013 735 1160 789; x_wconf 84' lang='lat' dir='ltr'><strong>reddi</strong></span> <span class='ocrx_word' id='word_1_39' title='bbox 1216 737 1340 791; x_wconf 86' lang='lat' dir='ltr'><strong>huic</strong></span> <span class='ocrx_word' id='word_1_40' title='bbox 1379 737 1593 792; x_wconf 88' lang='lat' dir='ltr'><strong>mortali</strong></span> <span class='ocrx_word' id='word_1_41' title='bbox 1643 736 1767 790; x_wconf 68' lang='lat' dir='ltr'><strong>vitae</strong></span> <span class='ocrx_word' id='word_1_42' title='bbox 1813 735 1975 804; x_wconf 86' lang='lat' dir='ltr'><strong>depo-</strong></span> 
     </span>
    </p>
   </div>
   <div class='ocr_carea' id='block_1_7' title="bbox 410 825 1972 896">
    <p class='ocr_par' dir='ltr' id='par_1_7' title="bbox 410 825 1972 896">
     <span class='ocr_line' id='line_1_7' title="bbox 410 825 1972 896; baseline -0.003 -14"><span class='ocrx_word' id='word_1_43' title='bbox 410 826 557 892; x_wconf 75' lang='lat' dir='ltr'><strong>scat&#39;;</strong></span> <span class='ocrx_word' id='word_1_44' title='bbox 593 840 662 880; x_wconf 87' lang='lat' dir='ltr'><strong>ne</strong></span> <span class='ocrx_word' id='word_1_45' title='bbox 691 826 832 895; x_wconf 91' lang='lat' dir='ltr'><strong>quod</strong></span> <span class='ocrx_word' id='word_1_46' title='bbox 866 825 1025 888; x_wconf 88' lang='lat' dir='ltr'><strong>absit,</strong></span> <span class='ocrx_word' id='word_1_47' title='bbox 1076 825 1393 894; x_wconf 87' lang='lat' dir='ltr'><strong>imparatum</strong></span> <span class='ocrx_word' id='word_1_48' title='bbox 1452 830 1786 896; x_wconf 81' lang='lat' dir='ltr'><strong>postmodum</strong></span> <span class='ocrx_word' id='word_1_49' title='bbox 1829 839 1972 879; x_wconf 92' lang='lat' dir='ltr'><strong>mors</strong></span> 
     </span>
    </p>
   </div>
   <div class='ocr_carea' id='block_1_8' title="bbox 409 913 1971 986">
    <p class='ocr_par' dir='ltr' id='par_1_8' title="bbox 409 913 1971 986">
     <span class='ocr_line' id='line_1_8' title="bbox 409 913 1971 986; baseline -0.001 -16"><span class='ocrx_word' id='word_1_50' title='bbox 409 915 700 986; x_wconf 88' lang='lat' dir='ltr'><strong>improvisa</strong></span> <span class='ocrx_word' id='word_1_51' title='bbox 722 915 957 984; x_wconf 82' lang='lat' dir='ltr'><strong>reperiat</strong></span> <span class='ocrx_word' id='word_1_52' title='bbox 1007 913 1088 982; x_wconf 82' lang='lat' dir='ltr'><strong>(II</strong></span> <span class='ocrx_word' id='word_1_53' title='bbox 1115 914 1275 970; x_wconf 81' lang='lat' dir='ltr'><strong>Joan.</strong></span> <span class='ocrx_word' id='word_1_54' title='bbox 1300 915 1395 985; x_wconf 83' lang='lat' dir='ltr'><strong>IV).</strong></span> <span class='ocrx_word' id='word_1_55' title='bbox 1427 934 1446 967; x_wconf 75' lang='grc' dir='ltr'><strong>ι</strong></span> <span class='ocrx_word' id='word_1_56' title='bbox 1476 915 1764 986; x_wconf 84' lang='lat' dir='ltr'><strong>Aliquanto</strong></span> <span class='ocrx_word' id='word_1_57' title='bbox 1793 924 1971 968; x_wconf 90' lang='lat' dir='ltr'><strong>autem</strong></span> 
     </span>
    </p>
   </div>
   <div class='ocr_carea' id='block_1_9' title="bbox 409 1003 1974 1079">
    <p class='ocr_par' dir='ltr' id='par_1_9' title="bbox 409 1003 1974 1079">
     <span class='ocr_line' id='line_1_9' title="bbox 409 1003 1974 1079; baseline -0.001 -19"><span class='ocrx_word' id='word_1_58' title='bbox 409 1014 533 1076; x_wconf 90' lang='lat' dir='ltr'><strong>post</strong></span> <span class='ocrx_word' id='word_1_59' title='bbox 559 1003 676 1073; x_wconf 89' lang='lat' dir='ltr'><strong>ejus</strong></span> <span class='ocrx_word' id='word_1_60' title='bbox 703 1005 912 1079; x_wconf 66' lang='lat' dir='ltr'><strong>obitum</strong></span> <span class='ocrx_word' id='word_1_61' title='bbox 960 1012 1220 1072; x_wconf 90' lang='lat' dir='ltr'><strong>tempore,</strong></span> <span class='ocrx_word' id='word_1_62' title='bbox 1250 1005 1505 1073; x_wconf 67' lang='lat' dir='ltr'><strong>praedicto</strong></span> <span class='ocrx_word' id='word_1_63' title='bbox 1553 1005 1730 1060; x_wconf 84' lang='lat' dir='ltr'><strong>abbati</strong></span> <span class='ocrx_word' id='word_1_64' title='bbox 1765 1004 1847 1059; x_wconf 87' lang='lat' dir='ltr'><strong>vir</strong></span> <span class='ocrx_word' id='word_1_65' title='bbox 1887 1003 1974 1058; x_wconf 89' lang='lat' dir='ltr'><strong>ille</strong></span> 
     </span>
    </p>
   </div>
   <div class='ocr_carea' id='block_1_10' title="bbox 410 1092 1966 1166">
    <p class='ocr_par' dir='ltr' id='par_1_10' title="bbox 410 1092 1966 1166">
     <span class='ocr_line' id='line_1_10' title="bbox 410 1092 1966 1166; baseline -0.003 -17"><span class='ocrx_word' id='word_1_66' title='bbox 410 1109 506 1166; x_wconf 88' lang='lat' dir='ltr'><strong>per</strong></span> <span class='ocrx_word' id='word_1_67' title='bbox 528 1094 698 1148; x_wconf 89' lang='lat' dir='ltr'><strong>visum</strong></span> <span class='ocrx_word' id='word_1_68' title='bbox 733 1101 1006 1148; x_wconf 86' lang='lat' dir='ltr'><strong>nocturnae</strong></span> <span class='ocrx_word' id='word_1_69' title='bbox 1030 1092 1226 1161; x_wconf 88' lang='lat' dir='ltr'><strong>quietis</strong></span> <span class='ocrx_word' id='word_1_70' title='bbox 1248 1093 1514 1161; x_wconf 85' lang='lat' dir='ltr'><strong>apparuit.</strong></span> <span class='ocrx_word' id='word_1_71' title='bbox 1545 1092 1840 1148; x_wconf 81' lang='lat' dir='ltr'><strong>Videbatur</strong></span> <span class='ocrx_word' id='word_1_72' title='bbox 1869 1106 1966 1144; x_wconf 87' lang='lat' dir='ltr'><strong>au-</strong></span> 
     </span>
    </p>
   </div>
   <div class='ocr_carea' id='block_1_11' title="bbox 409 1181 1974 1254">
    <p class='ocr_par' dir='ltr' id='par_1_11' title="bbox 409 1181 1974 1254">
     <span class='ocr_line' id='line_1_11' title="bbox 409 1181 1974 1254; baseline -0.001 -16"><span class='ocrx_word' id='word_1_73' title='bbox 409 1192 518 1240; x_wconf 87' lang='lat' dir='ltr'><strong>tem</strong></span> <span class='ocrx_word' id='word_1_74' title='bbox 545 1183 688 1254; x_wconf 89' lang='lat' dir='ltr'><strong>quod</strong></span> <span class='ocrx_word' id='word_1_75' title='bbox 717 1183 770 1237; x_wconf 91' lang='lat' dir='ltr'><strong>in</strong></span> <span class='ocrx_word' id='word_1_76' title='bbox 802 1182 1033 1252; x_wconf 88' lang='lat' dir='ltr'><strong>spatiosa</strong></span> <span class='ocrx_word' id='word_1_77' title='bbox 1060 1181 1288 1250; x_wconf 90' lang='lat' dir='ltr'><strong>quadam</strong></span> <span class='ocrx_word' id='word_1_78' title='bbox 1318 1183 1492 1252; x_wconf 86' lang='lat' dir='ltr'><strong>campi</strong></span> <span class='ocrx_word' id='word_1_79' title='bbox 1542 1182 1761 1253; x_wconf 87' lang='lat' dir='ltr'><strong>planitie</strong></span> <span class='ocrx_word' id='word_1_80' title='bbox 1814 1183 1974 1250; x_wconf 85' lang='lat' dir='ltr'><strong>impe-</strong></span> 
     </span>
    </p>
   </div>
   <div class='ocr_carea' id='block_1_12' title="bbox 410 1273 1972 1345">
    <p class='ocr_par' dir='ltr' id='par_1_12' title="bbox 410 1273 1972 1345">
     <span class='ocr_line' id='line_1_12' title="bbox 410 1273 1972 1345; baseline 0 -17"><span class='ocrx_word' id='word_1_81' title='bbox 410 1281 578 1340; x_wconf 88' lang='lat' dir='ltr'><strong>rator,</strong></span> <span class='ocrx_word' id='word_1_82' title='bbox 614 1274 659 1328; x_wconf 89' lang='lat' dir='ltr'><strong>si</strong></span> <span class='ocrx_word' id='word_1_83' title='bbox 689 1281 833 1329; x_wconf 91' lang='lat' dir='ltr'><strong>recte</strong></span> <span class='ocrx_word' id='word_1_84' title='bbox 862 1280 1040 1339; x_wconf 87' lang='lat' dir='ltr'><strong>teneo,</strong></span> <span class='ocrx_word' id='word_1_85' title='bbox 1065 1273 1146 1326; x_wconf 92' lang='lat' dir='ltr'><strong>vel</strong></span> <span class='ocrx_word' id='word_1_86' title='bbox 1167 1273 1420 1342; x_wconf 56' lang='lat' dir='ltr'><strong>quaslibet</strong></span> <span class='ocrx_word' id='word_1_87' title='bbox 1456 1275 1667 1330; x_wconf 89' lang='lat' dir='ltr'><strong>excelsa</strong></span> <span class='ocrx_word' id='word_1_88' title='bbox 1711 1283 1972 1345; x_wconf 76' lang='lat' dir='ltr'><strong>potestas,</strong></span> 
     </span>
    </p>
   </div>
   <div class='ocr_carea' id='block_1_13' title="bbox 410 1364 1976 1435">
    <p class='ocr_par' dir='ltr' id='par_1_13' title="bbox 410 1364 1976 1435">
     <span class='ocr_line' id='line_1_13' title="bbox 410 1364 1976 1435; baseline -0.001 -15"><span class='ocrx_word' id='word_1_89' title='bbox 410 1379 534 1420; x_wconf 89' lang='lat' dir='ltr'><strong>cum</strong></span> <span class='ocrx_word' id='word_1_90' title='bbox 564 1366 727 1419; x_wconf 85' lang='lat' dir='ltr'><strong>totius</strong></span> <span class='ocrx_word' id='word_1_91' title='bbox 769 1365 917 1435; x_wconf 80' lang='lat' dir='ltr'><strong>regni</strong></span> <span class='ocrx_word' id='word_1_92' title='bbox 946 1364 1274 1433; x_wconf 89' lang='lat' dir='ltr'><strong>primoribus</strong></span> <span class='ocrx_word' id='word_1_93' title='bbox 1325 1373 1380 1418; x_wconf 88' lang='lat' dir='ltr'><strong>et</strong></span> <span class='ocrx_word' id='word_1_94' title='bbox 1409 1366 1627 1435; x_wconf 90' lang='lat' dir='ltr'><strong>copioso</strong></span> <span class='ocrx_word' id='word_1_95' title='bbox 1671 1373 1976 1419; x_wconf 86' lang='lat' dir='ltr'><strong>moraretur</strong></span> 
     </span>
    </p>
   </div>
   <div class='ocr_carea' id='block_1_14' title="bbox 409 1455 1974 1526">
    <p class='ocr_par' dir='ltr' id='par_1_14' title="bbox 409 1455 1974 1526">
     <span class='ocr_line' id='line_1_14' title="bbox 409 1455 1974 1526; baseline 0 -16"><span class='ocrx_word' id='word_1_96' title='bbox 409 1455 671 1510; x_wconf 64' lang='lat' dir='ltr'><strong>exercitu.</strong></span> <span class='ocrx_word' id='word_1_97' title='bbox 700 1455 939 1524; x_wconf 90' lang='lat' dir='ltr'><strong>Cumque</strong></span> <span class='ocrx_word' id='word_1_98' title='bbox 972 1455 1058 1508; x_wconf 91' lang='lat' dir='ltr'><strong>ille</strong></span> <span class='ocrx_word' id='word_1_99' title='bbox 1086 1455 1414 1524; x_wconf 78' lang='lat' dir='ltr'><strong>stupefactus</strong></span> <span class='ocrx_word' id='word_1_100' title='bbox 1440 1457 1544 1510; x_wconf 91' lang='lat' dir='ltr'><strong>huc</strong></span> <span class='ocrx_word' id='word_1_101' title='bbox 1585 1457 1818 1526; x_wconf 87' lang='lat' dir='ltr'><strong>illucque</strong></span> <span class='ocrx_word' id='word_1_102' title='bbox 1847 1471 1974 1511; x_wconf 88' lang='lat' dir='ltr'><strong>ocu-</strong></span> 
     </span>
    </p>
   </div>
   <div class='ocr_carea' id='block_1_15' title="bbox 409 1545 1974 1617">
    <p class='ocr_par' dir='ltr' id='par_1_15' title="bbox 409 1545 1974 1617">
     <span class='ocr_line' id='line_1_15' title="bbox 409 1545 1974 1617; baseline 0.001 -17"><span class='ocrx_word' id='word_1_103' title='bbox 409 1545 490 1600; x_wconf 89' lang='lat' dir='ltr'><strong>los</strong></span> <span class='ocrx_word' id='word_1_104' title='bbox 512 1545 822 1611; x_wconf 84' lang='lat' dir='ltr'><strong>deduceret,</strong></span> <span class='ocrx_word' id='word_1_105' title='bbox 855 1561 984 1600; x_wconf 90' lang='lat' dir='ltr'><strong>ecce</strong></span> <span class='ocrx_word' id='word_1_106' title='bbox 1004 1547 1276 1600; x_wconf 85' lang='lat' dir='ltr'><strong>Arduinus</strong></span> <span class='ocrx_word' id='word_1_107' title='bbox 1316 1562 1346 1600; x_wconf 91' lang='lat' dir='ltr'><strong>a</strong></span> <span class='ocrx_word' id='word_1_108' title='bbox 1376 1547 1694 1617; x_wconf 85' lang='lat' dir='ltr'><strong>quibusdam</strong></span> <span class='ocrx_word' id='word_1_109' title='bbox 1721 1557 1974 1617; x_wconf 89' lang='lat' dir='ltr'><strong>tanquam</strong></span> 
     </span>
    </p>
   </div>
   <div class='ocr_carea' id='block_1_16' title="bbox 410 1624 1974 1704">
    <p class='ocr_par' dir='ltr' id='par_1_16' title="bbox 410 1624 1974 1704">
     <span class='ocr_line' id='line_1_16' title="bbox 410 1624 1974 1704; baseline 0.001 -15"><span class='ocrx_word' id='word_1_110' title='bbox 410 1635 722 1689; x_wconf 87' lang='lat' dir='ltr'><strong>custodibus</strong></span> <span class='ocrx_word' id='word_1_111' title='bbox 744 1624 995 1689; x_wconf 60' lang='lat' dir='ltr'><strong>celeriter</strong></span> <span class='ocrx_word' id='word_1_112' title='bbox 1041 1635 1354 1689; x_wconf 89' lang='lat' dir='ltr'><strong>ducebatur.</strong></span> <span class='ocrx_word' id='word_1_113' title='bbox 1415 1635 1583 1701; x_wconf 86' lang='lat' dir='ltr'><strong>Heus,</strong></span> <span class='ocrx_word' id='word_1_114' title='bbox 1615 1635 1808 1704; x_wconf 85' lang='lat' dir='ltr'><strong>inquit,</strong></span> <span class='ocrx_word' id='word_1_115' title='bbox 1842 1637 1974 1690; x_wconf 90' lang='lat' dir='ltr'><strong>siste</strong></span> 
     </span>
    </p>
   </div>
   <div class='ocr_carea' id='block_1_17' title="bbox 409 1723 1973 1795">
    <p class='ocr_par' dir='ltr' id='par_1_17' title="bbox 409 1723 1973 1795">
     <span class='ocr_line' id='line_1_17' title="bbox 409 1723 1973 1795; baseline 0.001 -18"><span class='ocrx_word' id='word_1_116' title='bbox 409 1725 656 1792; x_wconf 86' lang='lat' dir='ltr'><strong>gradum,</strong></span> <span class='ocrx_word' id='word_1_117' title='bbox 689 1725 793 1793; x_wconf 87' lang='lat' dir='ltr'><strong>fige</strong></span> <span class='ocrx_word' id='word_1_118' title='bbox 820 1723 1036 1793; x_wconf 90' lang='lat' dir='ltr'><strong>pedem,</strong></span> <span class='ocrx_word' id='word_1_119' title='bbox 1066 1724 1296 1794; x_wconf 81' lang='lat' dir='ltr'><strong>quiesce</strong></span> <span class='ocrx_word' id='word_1_120' title='bbox 1343 1724 1636 1795; x_wconf 82' lang='lat' dir='ltr'><strong>paulisper,</strong></span> <span class='ocrx_word' id='word_1_121' title='bbox 1685 1725 1812 1778; x_wconf 90' lang='lat' dir='ltr'><strong>mibi</strong></span> <span class='ocrx_word' id='word_1_122' title='bbox 1865 1739 1973 1780; x_wconf 93' lang='lat' dir='ltr'><strong>non</strong></span> 
     </span>
    </p>
   </div>
   <div class='ocr_carea' id='block_1_18' title="bbox 410 1813 969 1882">
    <p class='ocr_par' dir='ltr' id='par_1_18' title="bbox 410 1813 969 1882">
     <span class='ocr_line' id='line_1_18' title="bbox 410 1813 969 1882; baseline 0.004 -16"><span class='ocrx_word' id='word_1_123' title='bbox 410 1813 670 1882; x_wconf 90' lang='lat' dir='ltr'><strong>loqueris,</strong></span> <span class='ocrx_word' id='word_1_124' title='bbox 695 1814 969 1868; x_wconf 87' lang='lat' dir='ltr'><strong>Arduine?</strong></span> 
     </span>
    </p>
   </div>
   <div class='ocr_carea' id='block_1_19' title="bbox 477 1903 2052 1975">
    <p class='ocr_par' dir='ltr' id='par_1_19' title="bbox 477 1903 2052 1975">
     <span class='ocr_line' id='line_1_19' title="bbox 477 1903 2052 1975; baseline 0.002 -18"><span class='ocrx_word' id='word_1_125' title='bbox 477 1906 612 1974; x_wconf 86' lang='lat' dir='ltr'><strong>Age,</strong></span> <span class='ocrx_word' id='word_1_126' title='bbox 637 1903 824 1968; x_wconf 88' lang='lat' dir='ltr'><strong>frater,</strong></span> <span class='ocrx_word' id='word_1_127' title='bbox 845 1905 971 1972; x_wconf 90' lang='lat' dir='ltr'><strong>quid</strong></span> <span class='ocrx_word' id='word_1_128' title='bbox 999 1904 1094 1960; x_wconf 93' lang='lat' dir='ltr'><strong>tibi</strong></span> <span class='ocrx_word' id='word_1_129' title='bbox 1117 1905 1236 1960; x_wconf 83' lang='lat' dir='ltr'><strong>est?</strong></span> <span class='ocrx_word' id='word_1_130' title='bbox 1263 1905 1462 1960; x_wconf 63' lang='lat' dir='ltr'><strong>Imtaris</strong></span> <span class='ocrx_word' id='word_1_131' title='bbox 1480 1919 1548 1959; x_wconf 88' lang='lat' dir='ltr'><strong>an</strong></span> <span class='ocrx_word' id='word_1_132' title='bbox 1573 1905 1808 1975; x_wconf 83' lang='lat' dir='ltr'><strong>pateris?</strong></span> <span class='ocrx_word' id='word_1_133' title='bbox 1826 1906 1976 1960; x_wconf 85' lang='lat' dir='ltr'><strong>adest</strong></span> <span class='ocrx_word' id='word_1_134' title='bbox 2003 1913 2052 1974; x_wconf 81' lang='grc' dir='ltr'><strong>Β</strong></span> 
     </span>
    </p>
   </div>
   <div class='ocr_carea' id='block_1_20' title="bbox 408 1991 1976 2060">
    <p class='ocr_par' dir='ltr' id='par_1_20' title="bbox 408 1991 1976 2060">
     <span class='ocr_line' id='line_1_20' title="bbox 408 1991 1976 2060; baseline 0.003 -16"><span class='ocrx_word' id='word_1_135' title='bbox 408 2005 568 2060; x_wconf 70' lang='lat' dir='ltr'><strong>paena</strong></span> <span class='ocrx_word' id='word_1_136' title='bbox 599 1991 681 2043; x_wconf 83' lang='lat' dir='ltr'><strong>vel</strong></span> <span class='ocrx_word' id='word_1_137' title='bbox 730 1991 934 2060; x_wconf 86' lang='lat' dir='ltr'><strong>gloria?</strong></span> <span class='ocrx_word' id='word_1_138' title='bbox 970 1991 1066 2046; x_wconf 91' lang='lat' dir='ltr'><strong>Cui</strong></span> <span class='ocrx_word' id='word_1_139' title='bbox 1123 1992 1294 2047; x_wconf 84' lang='lat' dir='ltr'><strong>tristis</strong></span> <span class='ocrx_word' id='word_1_140' title='bbox 1327 2001 1382 2048; x_wconf 88' lang='lat' dir='ltr'><strong>et</strong></span> <span class='ocrx_word' id='word_1_141' title='bbox 1420 1993 1644 2048; x_wconf 86' lang='lat' dir='ltr'><strong>ﬂebilis:</strong></span> <span class='ocrx_word' id='word_1_142' title='bbox 1698 1993 1826 2058; x_wconf 90' lang='lat' dir='ltr'><strong>Cttr,</strong></span> <span class='ocrx_word' id='word_1_143' title='bbox 1879 1994 1976 2060; x_wconf 86' lang='lat' dir='ltr'><strong>ait,</strong></span> 
     </span>
    </p>
   </div>
   <div class='ocr_carea' id='block_1_21' title="bbox 408 2078 1978 2152">
    <p class='ocr_par' dir='ltr' id='par_1_21' title="bbox 408 2078 1978 2152">
     <span class='ocr_line' id='line_1_21' title="bbox 408 2078 1978 2152; baseline 0.003 -19"><span class='ocrx_word' id='word_1_144' title='bbox 408 2092 496 2134; x_wconf 84' lang='lat' dir='ltr'><strong>me</strong></span> <span class='ocrx_word' id='word_1_145' title='bbox 517 2079 582 2133; x_wconf 89' lang='lat' dir='ltr'><strong>de</strong></span> <span class='ocrx_word' id='word_1_146' title='bbox 610 2078 778 2149; x_wconf 88' lang='lat' dir='ltr'><strong>gloria</strong></span> <span class='ocrx_word' id='word_1_147' title='bbox 807 2079 1066 2144; x_wconf 86' lang='lat' dir='ltr'><strong>consulis,</strong></span> <span class='ocrx_word' id='word_1_148' title='bbox 1100 2081 1188 2150; x_wconf 91' lang='lat' dir='ltr'><strong>qui</strong></span> <span class='ocrx_word' id='word_1_149' title='bbox 1209 2079 1427 2150; x_wconf 86' lang='lat' dir='ltr'><strong>jugibus</strong></span> <span class='ocrx_word' id='word_1_150' title='bbox 1456 2084 1632 2152; x_wconf 63' lang='lat' dir='ltr'><strong>panis</strong></span> <span class='ocrx_word' id='word_1_151' title='bbox 1676 2082 1900 2149; x_wconf 76' lang='lat' dir='ltr'><strong>afﬁcior,</strong></span> <span class='ocrx_word' id='word_1_152' title='bbox 1923 2093 1978 2137; x_wconf 90' lang='lat' dir='ltr'><strong>et</strong></span> 
     </span>
    </p>
   </div>
   <div class='ocr_carea' id='block_1_22' title="bbox 409 2167 1977 2241">
    <p class='ocr_par' dir='ltr' id='par_1_22' title="bbox 409 2167 1977 2241">
     <span class='ocr_line' id='line_1_22' title="bbox 409 2167 1977 2241; baseline 0.004 -20"><span class='ocrx_word' id='word_1_153' title='bbox 409 2179 478 2222; x_wconf 91' lang='lat' dir='ltr'><strong>ne</strong></span> <span class='ocrx_word' id='word_1_154' title='bbox 505 2167 570 2222; x_wconf 85' lang='lat' dir='ltr'><strong>ad</strong></span> <span class='ocrx_word' id='word_1_155' title='bbox 600 2177 928 2222; x_wconf 90' lang='lat' dir='ltr'><strong>momentum</strong></span> <span class='ocrx_word' id='word_1_156' title='bbox 956 2169 1168 2238; x_wconf 90' lang='lat' dir='ltr'><strong>quidem</strong></span> <span class='ocrx_word' id='word_1_157' title='bbox 1222 2171 1492 2239; x_wconf 89' lang='lat' dir='ltr'><strong>respirare</strong></span> <span class='ocrx_word' id='word_1_158' title='bbox 1542 2173 1870 2241; x_wconf 90' lang='lat' dir='ltr'><strong>permittor?</strong></span> <span class='ocrx_word' id='word_1_159' title='bbox 1895 2173 1977 2228; x_wconf 92' lang='lat' dir='ltr'><strong>Ad</strong></span> 
     </span>
    </p>
   </div>
   <div class='ocr_carea' id='block_1_23' title="bbox 409 2257 1975 2330">
    <p class='ocr_par' dir='ltr' id='par_1_23' title="bbox 409 2257 1975 2330">
     <span class='ocr_line' id='line_1_23' title="bbox 409 2257 1975 2330; baseline 0.004 -20"><span class='ocrx_word' id='word_1_160' title='bbox 409 2273 567 2326; x_wconf 91' lang='lat' dir='ltr'><strong>quem</strong></span> <span class='ocrx_word' id='word_1_161' title='bbox 593 2259 794 2312; x_wconf 87' lang='lat' dir='ltr'><strong>abbas:</strong></span> <span class='ocrx_word' id='word_1_162' title='bbox 819 2257 957 2324; x_wconf 89' lang='lat' dir='ltr'><strong>Quid</strong></span> <span class='ocrx_word' id='word_1_163' title='bbox 985 2259 1099 2324; x_wconf 92' lang='lat' dir='ltr'><strong>tibi,</strong></span> <span class='ocrx_word' id='word_1_164' title='bbox 1133 2260 1328 2330; x_wconf 88' lang='lat' dir='ltr'><strong>inquit,</strong></span> <span class='ocrx_word' id='word_1_165' title='bbox 1359 2262 1420 2315; x_wconf 90' lang='grc' dir='ltr'><strong>Β.</strong></span> <span class='ocrx_word' id='word_1_166' title='bbox 1456 2260 1797 2329; x_wconf 77' lang='lat' dir='ltr'><strong>Vincentius,</strong></span> <span class='ocrx_word' id='word_1_167' title='bbox 1846 2278 1975 2317; x_wconf 92' lang='lat' dir='ltr'><strong>num</strong></span> 
     </span>
    </p>
   </div>
   <div class='ocr_carea' id='block_1_24' title="bbox 408 2348 1977 2415">
    <p class='ocr_par' dir='ltr' id='par_1_24' title="bbox 408 2348 1977 2415">
     <span class='ocr_line' id='line_1_24' title="bbox 408 2348 1977 2415; baseline 0.004 -15"><span class='ocrx_word' id='word_1_168' title='bbox 408 2348 505 2402; x_wconf 91' lang='lat' dir='ltr'><strong>tibi</strong></span> <span class='ocrx_word' id='word_1_169' title='bbox 535 2363 676 2402; x_wconf 89' lang='lat' dir='ltr'><strong>nunc</strong></span> <span class='ocrx_word' id='word_1_170' title='bbox 704 2349 756 2402; x_wconf 86' lang='lat' dir='ltr'><strong>in</strong></span> <span class='ocrx_word' id='word_1_171' title='bbox 785 2349 1107 2404; x_wconf 89' lang='lat' dir='ltr'><strong>necessitate</strong></span> <span class='ocrx_word' id='word_1_172' title='bbox 1128 2365 1232 2405; x_wconf 90' lang='lat' dir='ltr'><strong>non</strong></span> <span class='ocrx_word' id='word_1_173' title='bbox 1256 2351 1547 2415; x_wconf 88' lang='lat' dir='ltr'><strong>succurrit,</strong></span> <span class='ocrx_word' id='word_1_174' title='bbox 1572 2352 1658 2406; x_wconf 90' lang='lat' dir='ltr'><strong>cui</strong></span> <span class='ocrx_word' id='word_1_175' title='bbox 1693 2352 1760 2406; x_wconf 89' lang='lat' dir='ltr'><strong>ad</strong></span> <span class='ocrx_word' id='word_1_176' title='bbox 1812 2352 1977 2407; x_wconf 89' lang='lat' dir='ltr'><strong>colla-</strong></span> 
     </span>
    </p>
   </div>
   <div class='ocr_carea' id='block_1_25' title="bbox 407 2436 1975 2496">
    <p class='ocr_par' dir='ltr' id='par_1_25' title="bbox 407 2436 1975 2496">
     <span class='ocr_line' id='line_1_25' title="bbox 407 2436 1975 2496; baseline 0.003 -5"><span class='ocrx_word' id='word_1_177' title='bbox 407 2436 704 2492; x_wconf 89' lang='lat' dir='ltr'><strong>borandum</strong></span> <span class='ocrx_word' id='word_1_178' title='bbox 736 2453 846 2492; x_wconf 76' lang='lat' dir='ltr'><strong>sua:</strong></span> <span class='ocrx_word' id='word_1_179' title='bbox 889 2439 1080 2493; x_wconf 89' lang='lat' dir='ltr'><strong>domus</strong></span> <span class='ocrx_word' id='word_1_180' title='bbox 1101 2439 1628 2495; x_wconf 89' lang='lat' dir='ltr'><strong>administratoribus</strong></span> <span class='ocrx_word' id='word_1_181' title='bbox 1650 2449 1757 2494; x_wconf 85' lang='lat' dir='ltr'><strong>tam</strong></span> <span class='ocrx_word' id='word_1_182' title='bbox 1789 2440 1975 2496; x_wconf 91' lang='lat' dir='ltr'><strong>sedulo</strong></span> 
     </span>
    </p>
   </div>
   <div class='ocr_carea' id='block_1_26' title="bbox 409 2526 1976 2598">
    <p class='ocr_par' dir='ltr' id='par_1_26' title="bbox 409 2526 1976 2598">
     <span class='ocr_line' id='line_1_26' title="bbox 409 2526 1976 2598; baseline 0.001 -16"><span class='ocrx_word' id='word_1_183' title='bbox 409 2526 854 2582; x_wconf 64' lang='lat' dir='ltr'><strong>decertasti?Cui</strong></span> <span class='ocrx_word' id='word_1_184' title='bbox 890 2543 1013 2582; x_wconf 85' lang='lat' dir='ltr'><strong>mox</strong></span> <span class='ocrx_word' id='word_1_185' title='bbox 1063 2527 1150 2583; x_wconf 89' lang='lat' dir='ltr'><strong>ille</strong></span> <span class='ocrx_word' id='word_1_186' title='bbox 1197 2528 1506 2598; x_wconf 82' lang='lat' dir='ltr'><strong>subjunxit:</strong></span> <span class='ocrx_word' id='word_1_187' title='bbox 1567 2529 1818 2594; x_wconf 88' lang='lat' dir='ltr'><strong>Sanctus,</strong></span> <span class='ocrx_word' id='word_1_188' title='bbox 1877 2530 1976 2594; x_wconf 89' lang='lat' dir='ltr'><strong>ait,</strong></span> 
     </span>
    </p>
   </div>
   <div class='ocr_carea' id='block_1_27' title="bbox 410 2617 1970 2690">
    <p class='ocr_par' dir='ltr' id='par_1_27' title="bbox 410 2617 1970 2690">
     <span class='ocr_line' id='line_1_27' title="bbox 410 2617 1970 2690; baseline 0.001 -16"><span class='ocrx_word' id='word_1_189' title='bbox 410 2617 723 2674; x_wconf 73' lang='lat' dir='ltr'><strong>Vincentius</strong></span> <span class='ocrx_word' id='word_1_190' title='bbox 746 2621 833 2675; x_wconf 91' lang='lat' dir='ltr'><strong>diu</strong></span> <span class='ocrx_word' id='word_1_191' title='bbox 876 2635 960 2673; x_wconf 86' lang='lat' dir='ltr'><strong>me</strong></span> <span class='ocrx_word' id='word_1_192' title='bbox 989 2635 1141 2674; x_wconf 89' lang='lat' dir='ltr'><strong>suum</strong></span> <span class='ocrx_word' id='word_1_193' title='bbox 1185 2620 1312 2674; x_wconf 90' lang='lat' dir='ltr'><strong>fecit</strong></span> <span class='ocrx_word' id='word_1_194' title='bbox 1355 2635 1571 2690; x_wconf 89' lang='lat' dir='ltr'><strong>sperare</strong></span> <span class='ocrx_word' id='word_1_195' title='bbox 1617 2621 1970 2690; x_wconf 89' lang='lat' dir='ltr'><strong>colloquium;</strong></span> 
     </span>
    </p>
   </div>
   <div class='ocr_carea' id='block_1_28' title="bbox 410 2706 1972 2777">
    <p class='ocr_par' dir='ltr' id='par_1_28' title="bbox 410 2706 1972 2777">
     <span class='ocr_line' id='line_1_28' title="bbox 410 2706 1972 2777; baseline 0.002 -16"><span class='ocrx_word' id='word_1_196' title='bbox 410 2709 505 2762; x_wconf 89' lang='lat' dir='ltr'><strong>sed</strong></span> <span class='ocrx_word' id='word_1_197' title='bbox 534 2709 658 2776; x_wconf 92' lang='lat' dir='ltr'><strong>quia</strong></span> <span class='ocrx_word' id='word_1_198' title='bbox 689 2708 890 2761; x_wconf 90' lang='lat' dir='ltr'><strong>dudum</strong></span> <span class='ocrx_word' id='word_1_199' title='bbox 921 2706 1192 2777; x_wconf 83' lang='lat' dir='ltr'><strong>fatigatus.</strong></span> <span class='ocrx_word' id='word_1_200' title='bbox 1225 2708 1328 2764; x_wconf 93' lang='lat' dir='ltr'><strong>hoc</strong></span> <span class='ocrx_word' id='word_1_201' title='bbox 1371 2711 1616 2764; x_wconf 91' lang='lat' dir='ltr'><strong>obtinere</strong></span> <span class='ocrx_word' id='word_1_202' title='bbox 1647 2724 1750 2764; x_wconf 91' lang='lat' dir='ltr'><strong>non</strong></span> <span class='ocrx_word' id='word_1_203' title='bbox 1780 2712 1972 2774; x_wconf 90' lang='lat' dir='ltr'><strong>merui,</strong></span> 
     </span>
    </p>
   </div>
   <div class='ocr_carea' id='block_1_29' title="bbox 410 2797 1980 2866">
    <p class='ocr_par' dir='ltr' id='par_1_29' title="bbox 410 2797 1980 2866">
     <span class='ocr_line' id='line_1_29' title="bbox 410 2797 1980 2866; baseline 0.003 -17"><span class='ocrx_word' id='word_1_204' title='bbox 410 2810 557 2865; x_wconf 84' lang='lat' dir='ltr'><strong>spem</strong></span> <span class='ocrx_word' id='word_1_205' title='bbox 588 2797 748 2861; x_wconf 85' lang='lat' dir='ltr'><strong>hanc,</strong></span> <span class='ocrx_word' id='word_1_206' title='bbox 769 2797 986 2852; x_wconf 91' lang='lat' dir='ltr'><strong>omnino</strong></span> <span class='ocrx_word' id='word_1_207' title='bbox 1007 2797 1120 2866; x_wconf 89' lang='lat' dir='ltr'><strong>jam</strong></span> <span class='ocrx_word' id='word_1_208' title='bbox 1143 2797 1454 2864; x_wconf 79' lang='lat' dir='ltr'><strong>frustratus,</strong></span> <span class='ocrx_word' id='word_1_209' title='bbox 1480 2799 1653 2853; x_wconf 89' lang='lat' dir='ltr'><strong>amisi.</strong></span> <span class='ocrx_word' id='word_1_210' title='bbox 1684 2800 1780 2855; x_wconf 90' lang='lat' dir='ltr'><strong>Ubi</strong></span> <span class='ocrx_word' id='word_1_211' title='bbox 1808 2801 1980 2855; x_wconf 89' lang='lat' dir='ltr'><strong>soler-</strong></span> 
     </span>
    </p>
   </div>
   <div class='ocr_carea' id='block_1_30' title="bbox 412 2888 1971 2960">
    <p class='ocr_par' dir='ltr' id='par_1_30' title="bbox 412 2888 1971 2960">
     <span class='ocr_line' id='line_1_30' title="bbox 412 2888 1971 2960; baseline 0.001 -17"><span class='ocrx_word' id='word_1_212' title='bbox 412 2896 495 2943; x_wconf 91' lang='lat' dir='ltr'><strong>ter</strong></span> <span class='ocrx_word' id='word_1_213' title='bbox 515 2888 892 2942; x_wconf 89' lang='lat' dir='ltr'><strong>attendendum</strong></span> <span class='ocrx_word' id='word_1_214' title='bbox 919 2904 1076 2958; x_wconf 89' lang='lat' dir='ltr'><strong>quam</strong></span> <span class='ocrx_word' id='word_1_215' title='bbox 1107 2901 1253 2945; x_wconf 88' lang='lat' dir='ltr'><strong>recta</strong></span> <span class='ocrx_word' id='word_1_216' title='bbox 1276 2890 1346 2944; x_wconf 92' lang='lat' dir='ltr'><strong>sit</strong></span> <span class='ocrx_word' id='word_1_217' title='bbox 1366 2889 1505 2944; x_wconf 88' lang='lat' dir='ltr'><strong>linea</strong></span> <span class='ocrx_word' id='word_1_218' title='bbox 1529 2890 1971 2960; x_wconf 68' lang='lat' dir='ltr'><strong>divinmjustitize,</strong></span> 
     </span>
    </p>
   </div>
   <div class='ocr_carea' id='block_1_31' title="bbox 411 2976 1974 3048">
    <p class='ocr_par' dir='ltr' id='par_1_31' title="bbox 411 2976 1974 3048">
     <span class='ocr_line' id='line_1_31' title="bbox 411 2976 1974 3048; baseline 0.001 -17"><span class='ocrx_word' id='word_1_219' title='bbox 411 2976 521 3031; x_wconf 88' lang='lat' dir='ltr'><strong>imo</strong></span> <span class='ocrx_word' id='word_1_220' title='bbox 574 2991 734 3044; x_wconf 86' lang='lat' dir='ltr'><strong>quam</strong></span> <span class='ocrx_word' id='word_1_221' title='bbox 778 2976 969 3032; x_wconf 82' lang='lat' dir='ltr'><strong>artifex</strong></span> <span class='ocrx_word' id='word_1_222' title='bbox 1023 2979 1164 3048; x_wconf 89' lang='lat' dir='ltr'><strong>apud</strong></span> <span class='ocrx_word' id='word_1_223' title='bbox 1238 2978 1404 3033; x_wconf 89' lang='lat' dir='ltr'><strong>Deum</strong></span> <span class='ocrx_word' id='word_1_224' title='bbox 1483 2993 1732 3032; x_wconf 85' lang='lat' dir='ltr'><strong>mensura</strong></span> <span class='ocrx_word' id='word_1_225' title='bbox 1800 2978 1974 3034; x_wconf 83' lang='lat' dir='ltr'><strong>vindi-</strong></span> 
     </span>
    </p>
   </div>
   <div class='ocr_carea' id='block_1_32' title="bbox 411 3067 1970 3138">
    <p class='ocr_par' dir='ltr' id='par_1_32' title="bbox 411 3067 1970 3138">
     <span class='ocr_line' id='line_1_32' title="bbox 411 3067 1970 3138; baseline 0.001 -16"><span class='ocrx_word' id='word_1_226' title='bbox 411 3067 635 3122; x_wconf 42' lang='grc' dir='ltr'>αλιυδ</span> <span class='ocrx_word' id='word_1_227' title='bbox 663 3067 924 3138; x_wconf 88' lang='lat' dir='ltr'><strong>siquidem</strong></span> <span class='ocrx_word' id='word_1_228' title='bbox 953 3070 1077 3124; x_wconf 92' lang='lat' dir='ltr'><strong>dum</strong></span> <span class='ocrx_word' id='word_1_229' title='bbox 1104 3069 1278 3125; x_wconf 85' lang='lat' dir='ltr'><strong>adhuc</strong></span> <span class='ocrx_word' id='word_1_230' title='bbox 1301 3071 1526 3134; x_wconf 78' lang='lat' dir='ltr'><strong>viveret,</strong></span> <span class='ocrx_word' id='word_1_231' title='bbox 1553 3072 1970 3124; x_wconf 86' lang='lat' dir='ltr'><strong>convcrteudum</strong></span> 
     </span>
    </p>
   </div>
   <div class='ocr_carea' id='block_1_33' title="bbox 410 3157 1974 3230">
    <p class='ocr_par' dir='ltr' id='par_1_33' title="bbox 410 3157 1974 3230">
     <span class='ocr_line' id='line_1_33' title="bbox 410 3157 1974 3230; baseline 0.001 -17"><span class='ocrx_word' id='word_1_232' title='bbox 410 3172 470 3213; x_wconf 90' lang='lat' dir='ltr'><strong>se</strong></span> <span class='ocrx_word' id='word_1_233' title='bbox 495 3157 547 3211; x_wconf 91' lang='lat' dir='ltr'><strong>in</strong></span> <span class='ocrx_word' id='word_1_234' title='bbox 573 3159 898 3214; x_wconf 74' lang='lat' dir='ltr'><strong>moratctio</strong></span> <span class='ocrx_word' id='word_1_235' title='bbox 931 3160 1075 3214; x_wconf 87' lang='lat' dir='ltr'><strong>beati</strong></span> <span class='ocrx_word' id='word_1_236' title='bbox 1127 3161 1381 3230; x_wconf 88' lang='lat' dir='ltr'><strong>martyris</strong></span> <span class='ocrx_word' id='word_1_237' title='bbox 1423 3170 1476 3214; x_wconf 91' lang='lat' dir='ltr'><strong>et</strong></span> <span class='ocrx_word' id='word_1_238' title='bbox 1523 3162 1888 3230; x_wconf 72' lang='lat' dir='ltr'><strong>promittebat,</strong></span> <span class='ocrx_word' id='word_1_239' title='bbox 1918 3169 1974 3214; x_wconf 86' lang='lat' dir='ltr'><strong>et</strong></span> 
     </span>
    </p>
   </div>
   <div class='ocr_carea' id='block_1_34' title="bbox 2077 635 3637 714">
    <p class='ocr_par' dir='ltr' id='par_1_34' title="bbox 2077 635 3637 714">
     <span class='ocr_line' id='line_1_34' title="bbox 2077 635 3637 714; baseline -0.004 -18"><span class='ocrx_word' id='word_1_240' title='bbox 2077 643 2411 714; x_wconf 69' lang='lat' dir='ltr'><strong>pauperculm</strong></span> <span class='ocrx_word' id='word_1_241' title='bbox 2438 641 2646 695; x_wconf 90' lang='lat' dir='ltr'><strong>cuidam</strong></span> <span class='ocrx_word' id='word_1_242' title='bbox 2674 639 2844 692; x_wconf 73' lang='lat' dir='ltr'><strong>viduae</strong></span> <span class='ocrx_word' id='word_1_243' title='bbox 2863 652 3103 708; x_wconf 89' lang='lat' dir='ltr'><strong>porcum;</strong></span> <span class='ocrx_word' id='word_1_244' title='bbox 3133 651 3290 707; x_wconf 91' lang='lat' dir='ltr'><strong>quem</strong></span> <span class='ocrx_word' id='word_1_245' title='bbox 3317 635 3464 691; x_wconf 84' lang='lat' dir='ltr'><strong>velut</strong></span> <span class='ocrx_word' id='word_1_246' title='bbox 3488 651 3637 706; x_wconf 86' lang='lat' dir='ltr'><strong>spem</strong></span> 
     </span>
    </p>
   </div>
   <div class='ocr_carea' id='block_1_35' title="bbox 2075 725 3638 800">
    <p class='ocr_par' dir='ltr' id='par_1_35' title="bbox 2075 725 3638 800">
     <span class='ocr_line' id='line_1_35' title="bbox 2075 725 3638 800; baseline -0.006 -12"><span class='ocrx_word' id='word_1_247' title='bbox 2075 733 2157 788; x_wconf 90' lang='lat' dir='ltr'><strong>sui</strong></span> <span class='ocrx_word' id='word_1_248' title='bbox 2181 734 2354 787; x_wconf 88' lang='lat' dir='ltr'><strong>victus</strong></span> <span class='ocrx_word' id='word_1_249' title='bbox 2383 731 2574 793; x_wconf 83' lang='lat' dir='ltr'><strong>alebat,</strong></span> <span class='ocrx_word' id='word_1_250' title='bbox 2602 729 2855 800; x_wconf 66' lang='lat' dir='ltr'><strong>prmeepit</strong></span> <span class='ocrx_word' id='word_1_251' title='bbox 2880 727 3098 788; x_wconf 84' lang='lat' dir='ltr'><strong>auferri,</strong></span> <span class='ocrx_word' id='word_1_252' title='bbox 3155 727 3374 796; x_wconf 86' lang='lat' dir='ltr'><strong>suisque</strong></span> <span class='ocrx_word' id='word_1_253' title='bbox 3421 725 3638 780; x_wconf 78' lang='lat' dir='ltr'><strong>ferculis</strong></span> 
     </span>
    </p>
   </div>
   <div class='ocr_carea' id='block_1_36' title="bbox 2075 815 3638 889">
    <p class='ocr_par' dir='ltr' id='par_1_36' title="bbox 2075 815 3638 889">
     <span class='ocr_line' id='line_1_36' title="bbox 2075 815 3638 889; baseline -0.004 -15"><span class='ocrx_word' id='word_1_254' title='bbox 2075 819 2435 889; x_wconf 88' lang='lat' dir='ltr'><strong>profuturum,</strong></span> <span class='ocrx_word' id='word_1_255' title='bbox 2464 835 2568 872; x_wconf 91' lang='lat' dir='ltr'><strong>non</strong></span> <span class='ocrx_word' id='word_1_256' title='bbox 2599 818 2816 888; x_wconf 88' lang='lat' dir='ltr'><strong>segnius</strong></span> <span class='ocrx_word' id='word_1_257' title='bbox 2843 816 3155 885; x_wconf 59' lang='lat' dir='ltr'><strong>praeparari.</strong></span> <span class='ocrx_word' id='word_1_258' title='bbox 3189 815 3399 868; x_wconf 86' lang='lat' dir='ltr'><strong>Emittit</strong></span> <span class='ocrx_word' id='word_1_259' title='bbox 3449 829 3638 883; x_wconf 87' lang='lat' dir='ltr'><strong>preces</strong></span> 
     </span>
    </p>
   </div>
   <div class='ocr_carea' id='block_1_37' title="bbox 2075 903 3638 976">
    <p class='ocr_par' dir='ltr' id='par_1_37' title="bbox 2075 903 3638 976">
     <span class='ocr_line' id='line_1_37' title="bbox 2075 903 3638 976; baseline -0.002 -13"><span class='ocrx_word' id='word_1_260' title='bbox 2075 909 2186 974; x_wconf 88' lang='lat' dir='ltr'><strong>illa,</strong></span> <span class='ocrx_word' id='word_1_261' title='bbox 2215 908 2368 963; x_wconf 82' lang='lat' dir='ltr'><strong>ﬂetus</strong></span> <span class='ocrx_word' id='word_1_262' title='bbox 2397 909 2572 962; x_wconf 86' lang='lat' dir='ltr'><strong>fundit</strong></span> <span class='ocrx_word' id='word_1_263' title='bbox 2593 923 2655 960; x_wconf 92' lang='lat' dir='ltr'><strong>ac</strong></span> <span class='ocrx_word' id='word_1_264' title='bbox 2676 907 2925 976; x_wconf 87' lang='lat' dir='ltr'><strong>gemitus,</strong></span> <span class='ocrx_word' id='word_1_265' title='bbox 2957 904 3165 972; x_wconf 89' lang='lat' dir='ltr'><strong>sibique</strong></span> <span class='ocrx_word' id='word_1_266' title='bbox 3193 903 3486 974; x_wconf 85' lang='lat' dir='ltr'><strong>diligentiae</strong></span> <span class='ocrx_word' id='word_1_267' title='bbox 3526 919 3638 960; x_wconf 66' lang='lat' dir='ltr'><strong>suae</strong></span> 
     </span>
    </p>
   </div>
   <div class='ocr_carea' id='block_1_38' title="bbox 2079 993 3639 1070">
    <p class='ocr_par' dir='ltr' id='par_1_38' title="bbox 2079 993 3639 1070">
     <span class='ocr_line' id='line_1_38' title="bbox 2079 993 3639 1070; baseline -0.004 -15"><span class='ocrx_word' id='word_1_268' title='bbox 2079 1000 2227 1055; x_wconf 88' lang='lat' dir='ltr'><strong>reddi</strong></span> <span class='ocrx_word' id='word_1_269' title='bbox 2280 999 2515 1070; x_wconf 86' lang='lat' dir='ltr'><strong>postulat</strong></span> <span class='ocrx_word' id='word_1_270' title='bbox 2541 998 2942 1053; x_wconf 88' lang='lat' dir='ltr'><strong>detrimentum.</strong></span> <span class='ocrx_word' id='word_1_271' title='bbox 2972 993 3078 1048; x_wconf 87' lang='lat' dir='ltr'><strong>Sed</strong></span> <span class='ocrx_word' id='word_1_272' title='bbox 3107 1009 3205 1048; x_wconf 89' lang='lat' dir='ltr'><strong>suo</strong></span> <span class='ocrx_word' id='word_1_273' title='bbox 3244 996 3415 1048; x_wconf 87' lang='lat' dir='ltr'><strong>ventri</strong></span> <span class='ocrx_word' id='word_1_274' title='bbox 3467 995 3639 1065; x_wconf 83' lang='lat' dir='ltr'><strong>magis</strong></span> 
     </span>
    </p>
   </div>
   <div class='ocr_carea' id='block_1_39' title="bbox 2077 1083 3640 1160">
    <p class='ocr_par' dir='ltr' id='par_1_39' title="bbox 2077 1083 3640 1160">
     <span class='ocr_line' id='line_1_39' title="bbox 2077 1083 3640 1160; baseline -0.005 -16"><span class='ocrx_word' id='word_1_275' title='bbox 2077 1105 2240 1160; x_wconf 87' lang='lat' dir='ltr'><strong>quam</strong></span> <span class='ocrx_word' id='word_1_276' title='bbox 2271 1089 2342 1144; x_wconf 91' lang='lat' dir='ltr'><strong>illi</strong></span> <span class='ocrx_word' id='word_1_277' title='bbox 2367 1090 2486 1158; x_wconf 90' lang='lat' dir='ltr'><strong>pius</strong></span> <span class='ocrx_word' id='word_1_278' title='bbox 2507 1087 2790 1158; x_wconf 85' lang='lat' dir='ltr'><strong>episcopus</strong></span> <span class='ocrx_word' id='word_1_279' title='bbox 2816 1085 2940 1138; x_wconf 87' lang='lat' dir='ltr'><strong>dum</strong></span> <span class='ocrx_word' id='word_1_280' title='bbox 2963 1083 3197 1152; x_wconf 90' lang='lat' dir='ltr'><strong>propriis</strong></span> <span class='ocrx_word' id='word_1_281' title='bbox 3225 1083 3469 1152; x_wconf 86' lang='lat' dir='ltr'><strong>providet</strong></span> <span class='ocrx_word' id='word_1_282' title='bbox 3493 1099 3640 1136; x_wconf 86' lang='lat' dir='ltr'><strong>men-</strong></span> 
     </span>
    </p>
   </div>
   <div class='ocr_carea' id='block_1_40' title="bbox 2077 1171 3638 1247">
    <p class='ocr_par' dir='ltr' id='par_1_40' title="bbox 2077 1171 3638 1247">
     <span class='ocr_line' id='line_1_40' title="bbox 2077 1171 3638 1247; baseline -0.007 -11"><span class='ocrx_word' id='word_1_283' title='bbox 2077 1181 2173 1247; x_wconf 90' lang='lat' dir='ltr'><strong>sis,</strong></span> <span class='ocrx_word' id='word_1_284' title='bbox 2199 1179 2508 1234; x_wconf 90' lang='lat' dir='ltr'><strong>mandatum</strong></span> <span class='ocrx_word' id='word_1_285' title='bbox 2533 1172 3145 1246; x_wconf 88' lang='lat' dir='ltr'><strong>parvipcnditauctoris,</strong></span> <span class='ocrx_word' id='word_1_286' title='bbox 3174 1171 3263 1239; x_wconf 92' lang='lat' dir='ltr'><strong>qui</strong></span> <span class='ocrx_word' id='word_1_287' title='bbox 3291 1186 3386 1239; x_wconf 89' lang='lat' dir='ltr'><strong>per</strong></span> <span class='ocrx_word' id='word_1_288' title='bbox 3408 1171 3638 1240; x_wconf 88' lang='lat' dir='ltr'><strong>prephe—</strong></span> 
     </span>
    </p>
   </div>
   <div class='ocr_carea' id='block_1_41' title="bbox 2076 1259 3638 1332">
    <p class='ocr_par' dir='ltr' id='par_1_41' title="bbox 2076 1259 3638 1332">
     <span class='ocr_line' id='line_1_41' title="bbox 2076 1259 3638 1332; baseline -0.009 -7"><span class='ocrx_word' id='word_1_289' title='bbox 2076 1279 2185 1325; x_wconf 91' lang='lat' dir='ltr'><strong>tam</strong></span> <span class='ocrx_word' id='word_1_290' title='bbox 2230 1267 2396 1322; x_wconf 86' lang='lat' dir='ltr'><strong>dicit:</strong></span> <span class='ocrx_word' id='word_1_291' title='bbox 2432 1287 2449 1318; x_wconf 75' lang='grc' dir='ltr'><strong>ι</strong></span> <span class='ocrx_word' id='word_1_292' title='bbox 2487 1265 2782 1320; x_wconf 84' lang='lat' dir='ltr'><strong>Subvenite</strong></span> <span class='ocrx_word' id='word_1_293' title='bbox 2831 1275 3109 1332; x_wconf 88' lang='lat' dir='ltr'><strong>oppresso,</strong></span> <span class='ocrx_word' id='word_1_294' title='bbox 3135 1260 3374 1330; x_wconf 89' lang='lat' dir='ltr'><strong>judicatc</strong></span> <span class='ocrx_word' id='word_1_295' title='bbox 3419 1259 3638 1329; x_wconf 80' lang='lat' dir='ltr'><strong>pupillo,</strong></span> 
     </span>
    </p>
   </div>
   <div class='ocr_carea' id='block_1_42' title="bbox 2075 1351 3643 1427">
    <p class='ocr_par' dir='ltr' id='par_1_42' title="bbox 2075 1351 3643 1427">
     <span class='ocr_line' id='line_1_42' title="bbox 2075 1351 3643 1427; baseline -0.006 -13"><span class='ocrx_word' id='word_1_296' title='bbox 2075 1359 2344 1414; x_wconf 88' lang='lat' dir='ltr'><strong>defendite</strong></span> <span class='ocrx_word' id='word_1_297' title='bbox 2372 1358 2589 1412; x_wconf 89' lang='lat' dir='ltr'><strong>viduam</strong></span> <span class='ocrx_word' id='word_1_298' title='bbox 2617 1355 2770 1427; x_wconf 83' lang='lat' dir='ltr'><strong>(Isai.</strong></span> <span class='ocrx_word' id='word_1_299' title='bbox 2805 1354 2864 1424; x_wconf 85' lang='lat' dir='ltr'><strong>t).</strong></span> <span class='ocrx_word' id='word_1_300' title='bbox 2897 1373 2916 1406; x_wconf 76' lang='grc' dir='ltr'><strong>ι</strong></span> <span class='ocrx_word' id='word_1_301' title='bbox 2950 1352 3054 1407; x_wconf 80' lang='lat' dir='ltr'><strong>Sed</strong></span> <span class='ocrx_word' id='word_1_302' title='bbox 3081 1352 3170 1421; x_wconf 90' lang='lat' dir='ltr'><strong>qui</strong></span> <span class='ocrx_word' id='word_1_303' title='bbox 3224 1354 3416 1405; x_wconf 89' lang='lat' dir='ltr'><strong>absens</strong></span> <span class='ocrx_word' id='word_1_304' title='bbox 3462 1351 3643 1405; x_wconf 83' lang='lat' dir='ltr'><strong>crede-</strong></span> 
     </span>
    </p>
   </div>
   <div class='ocr_carea' id='block_1_43' title="bbox 2073 1442 3644 1516">
    <p class='ocr_par' dir='ltr' id='par_1_43' title="bbox 2073 1442 3644 1516">
     <span class='ocr_line' id='line_1_43' title="bbox 2073 1442 3644 1516; baseline -0.004 -13"><span class='ocrx_word' id='word_1_305' title='bbox 2073 1449 2232 1504; x_wconf 90' lang='lat' dir='ltr'><strong>batur</strong></span> <span class='ocrx_word' id='word_1_306' title='bbox 2253 1447 2579 1503; x_wconf 88' lang='lat' dir='ltr'><strong>instituendo</strong></span> <span class='ocrx_word' id='word_1_307' title='bbox 2602 1456 2946 1516; x_wconf 68' lang='lat' dir='ltr'><strong>praeceptum,</strong></span> <span class='ocrx_word' id='word_1_308' title='bbox 2978 1453 3295 1514; x_wconf 69' lang='lat' dir='ltr'><strong>praesentem</strong></span> <span class='ocrx_word' id='word_1_309' title='bbox 3325 1455 3444 1497; x_wconf 90' lang='lat' dir='ltr'><strong>esse</strong></span> <span class='ocrx_word' id='word_1_310' title='bbox 3465 1456 3523 1496; x_wconf 90' lang='lat' dir='ltr'><strong>se</strong></span> <span class='ocrx_word' id='word_1_311' title='bbox 3546 1442 3644 1496; x_wconf 88' lang='lat' dir='ltr'><strong>do-</strong></span> 
     </span>
    </p>
   </div>
   <div class='ocr_carea' id='block_1_44' title="bbox 2075 1533 3639 1613">
    <p class='ocr_par' dir='ltr' id='par_1_44' title="bbox 2075 1533 3639 1613">
     <span class='ocr_line' id='line_1_44' title="bbox 2075 1533 3639 1613; baseline -0.008 -13"><span class='ocrx_word' id='word_1_312' title='bbox 2075 1546 2185 1601; x_wconf 91' lang='lat' dir='ltr'><strong>cuit</strong></span> <span class='ocrx_word' id='word_1_313' title='bbox 2217 1543 2495 1599; x_wconf 90' lang='lat' dir='ltr'><strong>inferendo</strong></span> <span class='ocrx_word' id='word_1_314' title='bbox 2515 1543 2794 1613; x_wconf 89' lang='lat' dir='ltr'><strong>judicium.</strong></span> <span class='ocrx_word' id='word_1_315' title='bbox 2831 1540 2965 1593; x_wconf 85' lang='lat' dir='ltr'><strong>Nam</strong></span> <span class='ocrx_word' id='word_1_316' title='bbox 2988 1539 3291 1607; x_wconf 85' lang='lat' dir='ltr'><strong>episcopus,</strong></span> <span class='ocrx_word' id='word_1_317' title='bbox 3317 1535 3440 1589; x_wconf 88' lang='lat' dir='ltr'><strong>dttm</strong></span> <span class='ocrx_word' id='word_1_318' title='bbox 3463 1533 3639 1605; x_wconf 83' lang='lat' dir='ltr'><strong>laery-</strong></span> 
     </span>
    </p>
   </div>
   <div class='ocr_carea' id='block_1_45' title="bbox 2077 1627 3642 1699">
    <p class='ocr_par' dir='ltr' id='par_1_45' title="bbox 2077 1627 3642 1699">
     <span class='ocr_line' id='line_1_45' title="bbox 2077 1627 3642 1699; baseline -0.009 -9"><span class='ocrx_word' id='word_1_319' title='bbox 2077 1651 2193 1691; x_wconf 90' lang='lat' dir='ltr'><strong>mas</strong></span> <span class='ocrx_word' id='word_1_320' title='bbox 2221 1635 2415 1699; x_wconf 70' lang='lat' dir='ltr'><strong>vidum,</strong></span> <span class='ocrx_word' id='word_1_321' title='bbox 2444 1648 2552 1688; x_wconf 66' lang='lat' dir='ltr'><strong>sua:</strong></span> <span class='ocrx_word' id='word_1_322' title='bbox 2583 1631 2713 1684; x_wconf 84' lang='lat' dir='ltr'><strong>facit</strong></span> <span class='ocrx_word' id='word_1_323' title='bbox 2739 1629 2961 1684; x_wconf 87' lang='lat' dir='ltr'><strong>delicias</strong></span> <span class='ocrx_word' id='word_1_324' title='bbox 2997 1627 3153 1698; x_wconf 56' lang='lat' dir='ltr'><strong>gulis,</strong></span> <span class='ocrx_word' id='word_1_325' title='bbox 3185 1641 3308 1678; x_wconf 84' lang='lat' dir='ltr'><strong>mox</strong></span> <span class='ocrx_word' id='word_1_326' title='bbox 3350 1639 3642 1693; x_wconf 85' lang='lat' dir='ltr'><strong>percussus</strong></span> 
     </span>
    </p>
   </div>
   <div class='ocr_carea' id='block_1_46' title="bbox 2078 1716 3640 1798">
    <p class='ocr_par' dir='ltr' id='par_1_46' title="bbox 2078 1716 3640 1798">
     <span class='ocr_line' id='line_1_46' title="bbox 2078 1716 3640 1798; baseline -0.009 -16"><span class='ocrx_word' id='word_1_327' title='bbox 2078 1729 2130 1782; x_wconf 93' lang='lat' dir='ltr'><strong>in</strong></span> <span class='ocrx_word' id='word_1_328' title='bbox 2151 1735 2386 1798; x_wconf 86' lang='lat' dir='ltr'><strong>gutture,</strong></span> <span class='ocrx_word' id='word_1_329' title='bbox 2418 1726 2611 1780; x_wconf 89' lang='lat' dir='ltr'><strong>vulnus</strong></span> <span class='ocrx_word' id='word_1_330' title='bbox 2657 1723 2904 1787; x_wconf 88' lang='lat' dir='ltr'><strong>incurrit,</strong></span> <span class='ocrx_word' id='word_1_331' title='bbox 2926 1719 3068 1790; x_wconf 90' lang='lat' dir='ltr'><strong>quod</strong></span> <span class='ocrx_word' id='word_1_332' title='bbox 3103 1717 3264 1773; x_wconf 89' lang='lat' dir='ltr'><strong>nullis</strong></span> <span class='ocrx_word' id='word_1_333' title='bbox 3311 1716 3640 1770; x_wconf 89' lang='lat' dir='ltr'><strong>medicorum</strong></span> 
     </span>
    </p>
   </div>
   <div class='ocr_carea' id='block_1_47' title="bbox 2077 1815 2906 1883">
    <p class='ocr_par' dir='ltr' id='par_1_47' title="bbox 2077 1815 2906 1883">
     <span class='ocr_line' id='line_1_47' title="bbox 2077 1815 2906 1883; baseline -0.008 -10"><span class='ocrx_word' id='word_1_334' title='bbox 2077 1819 2289 1883; x_wconf 89' lang='lat' dir='ltr'><strong>studiis,</strong></span> <span class='ocrx_word' id='word_1_335' title='bbox 2327 1818 2497 1872; x_wconf 92' lang='lat' dir='ltr'><strong>donec</strong></span> <span class='ocrx_word' id='word_1_336' title='bbox 2531 1815 2682 1882; x_wconf 78' lang='lat' dir='ltr'><strong>vixit,</strong></span> <span class='ocrx_word' id='word_1_337' title='bbox 2717 1815 2906 1867; x_wconf 89' lang='lat' dir='ltr'><strong>evasit.</strong></span> 
     </span>
    </p>
   </div>
   <div class='ocr_carea' id='block_1_48' title="bbox 2152 1893 3640 1976">
    <p class='ocr_par' dir='ltr' id='par_1_48' title="bbox 2152 1893 3640 1976">
     <span class='ocr_line' id='line_1_48' title="bbox 2152 1893 3640 1976; baseline -0.011 -13"><span class='ocrx_word' id='word_1_338' title='bbox 2152 1910 2262 1964; x_wconf 93' lang='lat' dir='ltr'><strong>lIoc</strong></span> <span class='ocrx_word' id='word_1_339' title='bbox 2287 1909 2467 1976; x_wconf 87' lang='lat' dir='ltr'><strong>itaque</strong></span> <span class='ocrx_word' id='word_1_340' title='bbox 2492 1905 2814 1975; x_wconf 62' lang='lat' dir='ltr'><strong>praepeditus</strong></span> <span class='ocrx_word' id='word_1_341' title='bbox 2835 1901 3191 1961; x_wconf 86' lang='lat' dir='ltr'><strong>incommodo,</strong></span> <span class='ocrx_word' id='word_1_342' title='bbox 3216 1913 3337 1954; x_wconf 92' lang='lat' dir='ltr'><strong>cum</strong></span> <span class='ocrx_word' id='word_1_343' title='bbox 3359 1895 3469 1965; x_wconf 89' lang='lat' dir='ltr'><strong>jam</strong></span> <span class='ocrx_word' id='word_1_344' title='bbox 3489 1893 3640 1963; x_wconf 91' lang='lat' dir='ltr'><strong>juxta</strong></span> 
     </span>
    </p>
   </div>
   <div class='ocr_carea' id='block_1_49' title="bbox 2083 1985 3640 2066">
    <p class='ocr_par' dir='ltr' id='par_1_49' title="bbox 2083 1985 3640 2066">
     <span class='ocr_line' id='line_1_49' title="bbox 2083 1985 3640 2066; baseline -0.011 -14"><span class='ocrx_word' id='word_1_345' title='bbox 2083 1999 2441 2066; x_wconf 85' lang='lat' dir='ltr'><strong>Scripturam,</strong></span> <span class='ocrx_word' id='word_1_346' title='bbox 2492 1995 2604 2051; x_wconf 85' lang='lat' dir='ltr'><strong>sola</strong></span> <span class='ocrx_word' id='word_1_347' title='bbox 2633 1993 2849 2048; x_wconf 83' lang='lat' dir='ltr'><strong>vexatio</strong></span> <span class='ocrx_word' id='word_1_348' title='bbox 2894 1989 3224 2046; x_wconf 90' lang='lat' dir='ltr'><strong>intellectum</strong></span> <span class='ocrx_word' id='word_1_349' title='bbox 3261 1987 3414 2041; x_wconf 88' lang='lat' dir='ltr'><strong>daret</strong></span> <span class='ocrx_word' id='word_1_350' title='bbox 3442 1985 3640 2039; x_wconf 87' lang='lat' dir='ltr'><strong>auditui</strong></span> 
     </span>
    </p>
   </div>
   <div class='ocr_carea' id='block_1_50' title="bbox 2080 2075 3642 2158">
    <p class='ocr_par' dir='ltr' id='par_1_50' title="bbox 2080 2075 3642 2158">
     <span class='ocr_line' id='line_1_50' title="bbox 2080 2075 3642 2158; baseline -0.008 -19"><span class='ocrx_word' id='word_1_351' title='bbox 2080 2085 2254 2158; x_wconf 86' lang='lat' dir='ltr'><strong>(Psal.</strong></span> <span class='ocrx_word' id='word_1_352' title='bbox 2301 2085 2515 2154; x_wconf 77' lang='lat' dir='ltr'><strong>xxviii),</strong></span> <span class='ocrx_word' id='word_1_353' title='bbox 2559 2083 2770 2138; x_wconf 89' lang='lat' dir='ltr'><strong>tandem</strong></span> <span class='ocrx_word' id='word_1_354' title='bbox 2811 2081 2957 2134; x_wconf 89' lang='lat' dir='ltr'><strong>sanis</strong></span> <span class='ocrx_word' id='word_1_355' title='bbox 2985 2077 3222 2135; x_wconf 88' lang='lat' dir='ltr'><strong>consiliis</strong></span> <span class='ocrx_word' id='word_1_356' title='bbox 3260 2075 3548 2144; x_wconf 87' lang='lat' dir='ltr'><strong>acquievit,</strong></span> <span class='ocrx_word' id='word_1_357' title='bbox 3587 2082 3642 2127; x_wconf 89' lang='lat' dir='ltr'><strong>et</strong></span> 
     </span>
    </p>
   </div>
   <div class='ocr_carea' id='block_1_51' title="bbox 2080 2165 3639 2247">
    <p class='ocr_par' dir='ltr' id='par_1_51' title="bbox 2080 2165 3639 2247">
     <span class='ocr_line' id='line_1_51' title="bbox 2080 2165 3639 2247; baseline -0.01 -15"><span class='ocrx_word' id='word_1_358' title='bbox 2080 2175 2410 2247; x_wconf 88' lang='lat' dir='ltr'><strong>cpisc0pales</strong></span> <span class='ocrx_word' id='word_1_359' title='bbox 2435 2173 2626 2228; x_wconf 88' lang='lat' dir='ltr'><strong>infulas</strong></span> <span class='ocrx_word' id='word_1_360' title='bbox 2649 2172 2960 2227; x_wconf 88' lang='lat' dir='ltr'><strong>monachica</strong></span> <span class='ocrx_word' id='word_1_361' title='bbox 3005 2167 3341 2238; x_wconf 86' lang='lat' dir='ltr'><strong>professione</strong></span> <span class='ocrx_word' id='word_1_362' title='bbox 3390 2165 3639 2227; x_wconf 88' lang='lat' dir='ltr'><strong>mutavit,</strong></span> 
     </span>
    </p>
   </div>
   <div class='ocr_carea' id='block_1_52' title="bbox 2080 2254 3643 2336">
    <p class='ocr_par' dir='ltr' id='par_1_52' title="bbox 2080 2254 3643 2336">
     <span class='ocr_line' id='line_1_52' title="bbox 2080 2254 3643 2336; baseline -0.006 -16"><span class='ocrx_word' id='word_1_363' title='bbox 2080 2277 2241 2336; x_wconf 89' lang='lat' dir='ltr'><strong>atque</strong></span> <span class='ocrx_word' id='word_1_364' title='bbox 2271 2267 2323 2320; x_wconf 92' lang='lat' dir='ltr'><strong>in</strong></span> <span class='ocrx_word' id='word_1_365' title='bbox 2372 2265 2728 2334; x_wconf 83' lang='lat' dir='ltr'><strong>Pomposiano</strong></span> <span class='ocrx_word' id='word_1_366' title='bbox 2765 2261 3034 2325; x_wconf 70' lang='lat' dir='ltr'><strong>coenobio,</strong></span> <span class='ocrx_word' id='word_1_367' title='bbox 3085 2258 3228 2329; x_wconf 88' lang='lat' dir='ltr'><strong>quod</strong></span> <span class='ocrx_word' id='word_1_368' title='bbox 3277 2258 3330 2310; x_wconf 91' lang='lat' dir='ltr'><strong>in</strong></span> <span class='ocrx_word' id='word_1_369' title='bbox 3366 2256 3424 2309; x_wconf 87' lang='lat' dir='ltr'><strong>B.</strong></span> <span class='ocrx_word' id='word_1_370' title='bbox 3461 2254 3643 2310; x_wconf 67' lang='lat' dir='ltr'><strong>Maria:</strong></span> 
     </span>
    </p>
   </div>
   <div class='ocr_carea' id='block_1_53' title="bbox 2079 2347 3643 2427">
    <p class='ocr_par' dir='ltr' id='par_1_53' title="bbox 2079 2347 3643 2427">
     <span class='ocr_line' id='line_1_53' title="bbox 2079 2347 3643 2427; baseline -0.01 -13"><span class='ocrx_word' id='word_1_371' title='bbox 2079 2373 2291 2427; x_wconf 88' lang='lat' dir='ltr'><strong>semper</strong></span> <span class='ocrx_word' id='word_1_372' title='bbox 2313 2357 2537 2426; x_wconf 87' lang='lat' dir='ltr'><strong>virginis</strong></span> <span class='ocrx_word' id='word_1_373' title='bbox 2560 2364 2642 2410; x_wconf 90' lang='lat' dir='ltr'><strong>est</strong></span> <span class='ocrx_word' id='word_1_374' title='bbox 2670 2356 2875 2409; x_wconf 89' lang='lat' dir='ltr'><strong>honore</strong></span> <span class='ocrx_word' id='word_1_375' title='bbox 2897 2358 3288 2413; x_wconf 90' lang='lat' dir='ltr'><strong>constructum,</strong></span> <span class='ocrx_word' id='word_1_376' title='bbox 3318 2347 3492 2415; x_wconf 86' lang='lat' dir='ltr'><strong>longis</strong></span> <span class='ocrx_word' id='word_1_377' title='bbox 3520 2355 3643 2415; x_wconf 84' lang='lat' dir='ltr'><strong>post</strong></span> 
     </span>
    </p>
   </div>
   <div class='ocr_carea' id='block_1_54' title="bbox 2081 2437 3642 2517">
    <p class='ocr_par' dir='ltr' id='par_1_54' title="bbox 2081 2437 3642 2517">
     <span class='ocr_line' id='line_1_54' title="bbox 2081 2437 3642 2517; baseline -0.008 -13"><span class='ocrx_word' id='word_1_378' title='bbox 2081 2449 2412 2517; x_wconf 88' lang='lat' dir='ltr'><strong>temporibus</strong></span> <span class='ocrx_word' id='word_1_379' title='bbox 2429 2448 2585 2500; x_wconf 83' lang='lat' dir='ltr'><strong>vixit.</strong></span> <span class='ocrx_word' id='word_1_380' title='bbox 2612 2445 2792 2514; x_wconf 86' lang='lat' dir='ltr'><strong>Usque</strong></span> <span class='ocrx_word' id='word_1_381' title='bbox 2823 2457 2998 2498; x_wconf 84' lang='lat' dir='ltr'><strong>tamen</strong></span> <span class='ocrx_word' id='word_1_382' title='bbox 3023 2443 3086 2495; x_wconf 91' lang='lat' dir='ltr'><strong>ad</strong></span> <span class='ocrx_word' id='word_1_383' title='bbox 3113 2442 3316 2495; x_wconf 91' lang='lat' dir='ltr'><strong>obitum</strong></span> <span class='ocrx_word' id='word_1_384' title='bbox 3349 2448 3496 2493; x_wconf 89' lang='lat' dir='ltr'><strong>tanta</strong></span> <span class='ocrx_word' id='word_1_385' title='bbox 3531 2437 3642 2492; x_wconf 67' lang='lat' dir='ltr'><strong>laesi</strong></span> 
     </span>
    </p>
   </div>
   <div class='ocr_carea' id='block_1_55' title="bbox 2079 2527 3644 2612">
    <p class='ocr_par' dir='ltr' id='par_1_55' title="bbox 2079 2527 3644 2612">
     <span class='ocr_line' id='line_1_55' title="bbox 2079 2527 3644 2612; baseline -0.008 -19"><span class='ocrx_word' id='word_1_386' title='bbox 2079 2541 2310 2612; x_wconf 89' lang='lat' dir='ltr'><strong>gutturis</strong></span> <span class='ocrx_word' id='word_1_387' title='bbox 2339 2537 2604 2592; x_wconf 85' lang='lat' dir='ltr'><strong>laboravit</strong></span> <span class='ocrx_word' id='word_1_388' title='bbox 2631 2535 2898 2600; x_wconf 88' lang='lat' dir='ltr'><strong>molestia,</strong></span> <span class='ocrx_word' id='word_1_389' title='bbox 2930 2543 2988 2587; x_wconf 92' lang='lat' dir='ltr'><strong>ut</strong></span> <span class='ocrx_word' id='word_1_390' title='bbox 3017 2533 3119 2587; x_wconf 89' lang='lat' dir='ltr'><strong>nisi</strong></span> <span class='ocrx_word' id='word_1_391' title='bbox 3144 2547 3263 2586; x_wconf 90' lang='lat' dir='ltr'><strong>cum</strong></span> <span class='ocrx_word' id='word_1_392' title='bbox 3287 2544 3477 2598; x_wconf 83' lang='lat' dir='ltr'><strong>magna</strong></span> <span class='ocrx_word' id='word_1_393' title='bbox 3508 2527 3644 2582; x_wconf 75' lang='lat' dir='ltr'><strong>ditii-</strong></span> 
     </span>
    </p>
   </div>
   <div class='ocr_carea' id='block_1_56' title="bbox 2079 2618 3641 2697">
    <p class='ocr_par' dir='ltr' id='par_1_56' title="bbox 2079 2618 3641 2697">
     <span class='ocr_line' id='line_1_56' title="bbox 2079 2618 3641 2697; baseline -0.01 -12"><span class='ocrx_word' id='word_1_394' title='bbox 2079 2630 2278 2685; x_wconf 91' lang='lat' dir='ltr'><strong>cultate</strong></span> <span class='ocrx_word' id='word_1_395' title='bbox 2312 2627 2560 2697; x_wconf 87' lang='lat' dir='ltr'><strong>trajicere</strong></span> <span class='ocrx_word' id='word_1_396' title='bbox 2590 2627 2840 2682; x_wconf 89' lang='lat' dir='ltr'><strong>alimenta</strong></span> <span class='ocrx_word' id='word_1_397' title='bbox 2887 2639 2991 2678; x_wconf 93' lang='lat' dir='ltr'><strong>non</strong></span> <span class='ocrx_word' id='word_1_398' title='bbox 3044 2629 3252 2692; x_wconf 89' lang='lat' dir='ltr'><strong>posset;</strong></span> <span class='ocrx_word' id='word_1_399' title='bbox 3305 2621 3437 2674; x_wconf 90' lang='lat' dir='ltr'><strong>adeo</strong></span> <span class='ocrx_word' id='word_1_400' title='bbox 3469 2628 3526 2671; x_wconf 93' lang='lat' dir='ltr'><strong>nt</strong></span> <span class='ocrx_word' id='word_1_401' title='bbox 3575 2618 3641 2670; x_wconf 88' lang='lat' dir='ltr'><strong>ad</strong></span> 
     </span>
    </p>
   </div>
   <div class='ocr_carea' id='block_1_57' title="bbox 2081 2704 3641 2792">
    <p class='ocr_par' dir='ltr' id='par_1_57' title="bbox 2081 2704 3641 2792">
     <span class='ocr_line' id='line_1_57' title="bbox 2081 2704 3641 2792; baseline -0.01 -18"><span class='ocrx_word' id='word_1_402' title='bbox 2081 2721 2349 2792; x_wconf 87' lang='lat' dir='ltr'><strong>geminam</strong></span> <span class='ocrx_word' id='word_1_403' title='bbox 2396 2733 2609 2787; x_wconf 87' lang='lat' dir='ltr'><strong>semper</strong></span> <span class='ocrx_word' id='word_1_404' title='bbox 2637 2731 2875 2770; x_wconf 88' lang='lat' dir='ltr'><strong>mensam</strong></span> <span class='ocrx_word' id='word_1_405' title='bbox 2930 2711 3328 2767; x_wconf 87' lang='lat' dir='ltr'><strong>succedentimn</strong></span> <span class='ocrx_word' id='word_1_406' title='bbox 3383 2708 3482 2762; x_wconf 90' lang='lat' dir='ltr'><strong>sibi</strong></span> <span class='ocrx_word' id='word_1_407' title='bbox 3529 2704 3641 2760; x_wconf 82' lang='lat' dir='ltr'><strong>fra-</strong></span> 
     </span>
    </p>
   </div>
   <div class='ocr_carea' id='block_1_58' title="bbox 2081 2795 3640 2869">
    <p class='ocr_par' dir='ltr' id='par_1_58' title="bbox 2081 2795 3640 2869">
     <span class='ocr_line' id='line_1_58' title="bbox 2081 2795 3640 2869; baseline -0.01 -5"><span class='ocrx_word' id='word_1_408' title='bbox 2081 2820 2218 2864; x_wconf 91' lang='lat' dir='ltr'><strong>trum</strong></span> <span class='ocrx_word' id='word_1_409' title='bbox 2248 2811 2300 2864; x_wconf 89' lang='lat' dir='ltr'><strong>in</strong></span> <span class='ocrx_word' id='word_1_410' title='bbox 2327 2808 2616 2863; x_wconf 78' lang='lat' dir='ltr'><strong>refectione</strong></span> <span class='ocrx_word' id='word_1_411' title='bbox 2643 2805 3024 2865; x_wconf 90' lang='lat' dir='ltr'><strong>discumberet,</strong></span> <span class='ocrx_word' id='word_1_412' title='bbox 3059 2802 3252 2869; x_wconf 78' lang='lat' dir='ltr'><strong>vixque</strong></span> <span class='ocrx_word' id='word_1_413' title='bbox 3281 2807 3487 2852; x_wconf 88' lang='lat' dir='ltr'><strong>tantum</strong></span> <span class='ocrx_word' id='word_1_414' title='bbox 3536 2795 3640 2850; x_wconf 83' lang='lat' dir='ltr'><strong>cibi</strong></span> 
     </span>
    </p>
   </div>
   <div class='ocr_carea' id='block_1_59' title="bbox 2079 2889 3427 2970">
    <p class='ocr_par' dir='ltr' id='par_1_59' title="bbox 2079 2889 3427 2970">
     <span class='ocr_line' id='line_1_59' title="bbox 2079 2889 3427 2970; baseline -0.013 -14"><span class='ocrx_word' id='word_1_415' title='bbox 2079 2910 2314 2970; x_wconf 85' lang='lat' dir='ltr'><strong>caperet,</strong></span> <span class='ocrx_word' id='word_1_416' title='bbox 2341 2901 2482 2955; x_wconf 90' lang='lat' dir='ltr'><strong>unde</strong></span> <span class='ocrx_word' id='word_1_417' title='bbox 2510 2913 2757 2955; x_wconf 86' lang='lat' dir='ltr'><strong>recreare</strong></span> <span class='ocrx_word' id='word_1_418' title='bbox 2785 2894 3116 2948; x_wconf 84' lang='lat' dir='ltr'><strong>stomachum</strong></span> <span class='ocrx_word' id='word_1_419' title='bbox 3147 2889 3427 2959; x_wconf 88' lang='lat' dir='ltr'><strong>potuisset.</strong></span> 
     </span>
    </p>
   </div>
   <div class='ocr_carea' id='block_1_60' title="bbox 2149 2974 3644 3058">
    <p class='ocr_par' dir='ltr' id='par_1_60' title="bbox 2149 2974 3644 3058">
     <span class='ocr_line' id='line_1_60' title="bbox 2149 2974 3644 3058; baseline -0.011 -15"><span class='ocrx_word' id='word_1_420' title='bbox 2149 2989 2253 3043; x_wconf 89' lang='lat' dir='ltr'><strong>Sed</strong></span> <span class='ocrx_word' id='word_1_421' title='bbox 2286 2990 2411 3043; x_wconf 91' lang='lat' dir='ltr'><strong>dum</strong></span> <span class='ocrx_word' id='word_1_422' title='bbox 2451 2989 2610 3058; x_wconf 87' lang='lat' dir='ltr'><strong>hujus</strong></span> <span class='ocrx_word' id='word_1_423' title='bbox 2649 2983 2882 3055; x_wconf 85' lang='lat' dir='ltr'><strong>episcopi</strong></span> <span class='ocrx_word' id='word_1_424' title='bbox 2933 2979 3346 3041; x_wconf 81' lang='lat' dir='ltr'><strong>reminiscimus,</strong></span> <span class='ocrx_word' id='word_1_425' title='bbox 3396 2978 3496 3030; x_wconf 88' lang='lat' dir='ltr'><strong>sub</strong></span> <span class='ocrx_word' id='word_1_426' title='bbox 3541 2974 3644 3027; x_wconf 81' lang='lat' dir='ltr'><strong>hac</strong></span> 
     </span>
    </p>
   </div>
   <div class='ocr_carea' id='block_1_61' title="bbox 2078 3065 3641 3148">
    <p class='ocr_par' dir='ltr' id='par_1_61' title="bbox 2078 3065 3641 3148">
     <span class='ocr_line' id='line_1_61' title="bbox 2078 3065 3641 3148; baseline -0.013 -14"><span class='ocrx_word' id='word_1_427' title='bbox 2078 3081 2360 3136; x_wconf 88' lang='lat' dir='ltr'><strong>occasione</strong></span> <span class='ocrx_word' id='word_1_428' title='bbox 2404 3079 2531 3148; x_wconf 74' lang='lat' dir='ltr'><strong>quid</strong></span> <span class='ocrx_word' id='word_1_429' title='bbox 2561 3077 2720 3131; x_wconf 90' lang='lat' dir='ltr'><strong>etiam</strong></span> <span class='ocrx_word' id='word_1_430' title='bbox 2767 3072 2988 3127; x_wconf 82' lang='lat' dir='ltr'><strong>Clusino</strong></span> <span class='ocrx_word' id='word_1_431' title='bbox 3033 3071 3286 3138; x_wconf 85' lang='lat' dir='ltr'><strong>episcopo</strong></span> <span class='ocrx_word' id='word_1_432' title='bbox 3332 3065 3641 3132; x_wconf 86' lang='lat' dir='ltr'><strong>contigerit,</strong></span> 
     </span>
    </p>
   </div>
   <div class='ocr_carea' id='block_1_62' title="bbox 2079 3152 3641 3238">
    <p class='ocr_par' dir='ltr' id='par_1_62' title="bbox 2079 3152 3641 3238">
     <span class='ocr_line' id='line_1_62' title="bbox 2079 3152 3641 3238; baseline -0.014 -13"><span class='ocrx_word' id='word_1_433' title='bbox 2079 3170 2315 3226; x_wconf 88' lang='lat' dir='ltr'><strong>scribere</strong></span> <span class='ocrx_word' id='word_1_434' title='bbox 2341 3180 2713 3238; x_wconf 87' lang='lat' dir='ltr'><strong>provocamur.</strong></span> <span class='ocrx_word' id='word_1_435' title='bbox 2770 3162 2823 3214; x_wconf 92' lang='lat' dir='ltr'><strong>In</strong></span> <span class='ocrx_word' id='word_1_436' title='bbox 2874 3161 2984 3229; x_wconf 88' lang='lat' dir='ltr'><strong>ipsa</strong></span> <span class='ocrx_word' id='word_1_437' title='bbox 3036 3157 3188 3226; x_wconf 84' lang='lat' dir='ltr'><strong>plane</strong></span> <span class='ocrx_word' id='word_1_438' title='bbox 3245 3163 3434 3224; x_wconf 86' lang='lat' dir='ltr'><strong>quarta</strong></span> <span class='ocrx_word' id='word_1_439' title='bbox 3487 3152 3641 3213; x_wconf 85' lang='lat' dir='ltr'><strong>feria,</strong></span> 
     </span>
    </p>
   </div>
   <div class='ocr_carea' id='block_1_63' title="bbox 413 3238 3641 3332">
    <p class='ocr_par' dir='ltr' id='par_1_63' title="bbox 413 3238 3641 3332">
     <span class='ocr_line' id='line_1_63' title="bbox 413 3238 3641 3332; baseline -0.007 -18"><span class='ocrx_word' id='word_1_440' title='bbox 413 3247 722 3313; x_wconf 59' lang='lat' dir='ltr'><strong>differebat;</strong></span> <span class='ocrx_word' id='word_1_441' title='bbox 755 3265 897 3303; x_wconf 73' lang='lat' dir='ltr'><strong>nunc</strong></span> <span class='ocrx_word' id='word_1_442' title='bbox 931 3259 1110 3304; x_wconf 71' lang='lat' dir='ltr'><strong>allle</strong></span> <span class='ocrx_word' id='word_1_443' title='bbox 1142 3251 1210 3305; x_wconf 70' lang='lat' dir='ltr'><strong>ad</strong></span> <span class='ocrx_word' id='word_1_444' title='bbox 1233 3251 1471 3319; x_wconf 59' lang='lat' dir='ltr'><strong>Clusae!“</strong></span> <span class='ocrx_word' id='word_1_445' title='bbox 1512 3253 1762 3322; x_wconf 71' lang='lat' dir='ltr'><strong>martyris</strong></span> <span class='ocrx_word' id='word_1_446' title='bbox 1789 3253 1972 3305; x_wconf 66' lang='grc' dir='ltr'><strong>νθιιίΐε</strong></span> <span class='ocrx_word' id='word_1_447' title='bbox 2000 3238 2048 3301; x_wconf 76' lang='lat' dir='ltr'>c</span> <span class='ocrx_word' id='word_1_448' title='bbox 2079 3277 2196 3332; x_wconf 67' lang='lat' dir='ltr'><strong>quae</strong></span> <span class='ocrx_word' id='word_1_449' title='bbox 2227 3259 2436 3314; x_wconf 88' lang='lat' dir='ltr'><strong>initium</strong></span> <span class='ocrx_word' id='word_1_450' title='bbox 2463 3254 2898 3324; x_wconf 67' lang='lat' dir='ltr'><strong>Quadragcsimre</strong></span> <span class='ocrx_word' id='word_1_451' title='bbox 2923 3251 3136 3308; x_wconf 83' lang='lat' dir='ltr'><strong>dicitur.</strong></span> <span class='ocrx_word' id='word_1_452' title='bbox 3175 3247 3299 3299; x_wconf 87' lang='lat' dir='ltr'><strong>fecit</strong></span> <span class='ocrx_word' id='word_1_453' title='bbox 3335 3243 3641 3297; x_wconf 87' lang='lat' dir='ltr'><strong>convivium</strong></span> 
     </span>
    </p>
   </div>
   <div class='ocr_carea' id='block_1_64' title="bbox 420 3339 1976 3409">
    <p class='ocr_par' dir='ltr' id='par_1_64' title="bbox 420 3339 1976 3409">
     <span class='ocr_line' id='line_1_64' title="bbox 420 3339 1976 3409; baseline -0.001 -15"><span class='ocrx_word' id='word_1_454' title='bbox 420 3339 760 3408; x_wconf 89' lang='lat' dir='ltr'><strong>colloquium,</strong></span> <span class='ocrx_word' id='word_1_455' title='bbox 807 3347 860 3392; x_wconf 81' lang='lat' dir='ltr'><strong>et</strong></span> <span class='ocrx_word' id='word_1_456' title='bbox 891 3340 1041 3408; x_wconf 89' lang='lat' dir='ltr'><strong>quasi</strong></span> <span class='ocrx_word' id='word_1_457' title='bbox 1095 3355 1159 3394; x_wconf 81' lang='lat' dir='ltr'><strong>ex</strong></span> <span class='ocrx_word' id='word_1_458' title='bbox 1216 3340 1570 3409; x_wconf 87' lang='lat' dir='ltr'><strong>promissione</strong></span> <span class='ocrx_word' id='word_1_459' title='bbox 1614 3341 1884 3409; x_wconf 85' lang='lat' dir='ltr'><strong>sperabat,</strong></span> <span class='ocrx_word' id='word_1_460' title='bbox 1921 3349 1976 3394; x_wconf 92' lang='lat' dir='ltr'><strong>et</strong></span> 
     </span>
    </p>
   </div>
   <div class='ocr_carea' id='block_1_65' title="bbox 418 3428 1977 3500">
    <p class='ocr_par' dir='ltr' id='par_1_65' title="bbox 418 3428 1977 3500">
     <span class='ocr_line' id='line_1_65' title="bbox 418 3428 1977 3500; baseline -0.001 -16"><span class='ocrx_word' id='word_1_461' title='bbox 418 3437 597 3484; x_wconf 85' lang='lat' dir='ltr'><strong>tamen</strong></span> <span class='ocrx_word' id='word_1_462' title='bbox 640 3429 942 3484; x_wconf 78' lang='lat' dir='ltr'><strong>nullatenus</strong></span> <span class='ocrx_word' id='word_1_463' title='bbox 993 3429 1332 3498; x_wconf 68' lang='lat' dir='ltr'><strong>impetrabat.</strong></span> <span class='ocrx_word' id='word_1_464' title='bbox 1385 3430 1720 3500; x_wconf 84' lang='lat' dir='ltr'><strong>Dignumque</strong></span> <span class='ocrx_word' id='word_1_465' title='bbox 1768 3428 1887 3494; x_wconf 84' lang='lat' dir='ltr'><strong>fuit,</strong></span> <span class='ocrx_word' id='word_1_466' title='bbox 1919 3436 1977 3482; x_wconf 92' lang='lat' dir='ltr'><strong>ut</strong></span> 
     </span>
    </p>
   </div>
   <div class='ocr_carea' id='block_1_66' title="bbox 414 3519 1977 3590">
    <p class='ocr_par' dir='ltr' id='par_1_66' title="bbox 414 3519 1977 3590">
     <span class='ocr_line' id='line_1_66' title="bbox 414 3519 1977 3590; baseline 0 -16"><span class='ocrx_word' id='word_1_467' title='bbox 414 3519 581 3574; x_wconf 86' lang='lat' dir='ltr'><strong>abbas</strong></span> <span class='ocrx_word' id='word_1_468' title='bbox 611 3519 946 3589; x_wconf 86' lang='lat' dir='ltr'><strong>potissimum</strong></span> <span class='ocrx_word' id='word_1_469' title='bbox 978 3520 1116 3575; x_wconf 89' lang='lat' dir='ltr'><strong>hanc</strong></span> <span class='ocrx_word' id='word_1_470' title='bbox 1168 3529 1414 3575; x_wconf 86' lang='lat' dir='ltr'><strong>cerneret</strong></span> <span class='ocrx_word' id='word_1_471' title='bbox 1463 3521 1740 3586; x_wconf 86' lang='lat' dir='ltr'><strong>visionem,</strong></span> <span class='ocrx_word' id='word_1_472' title='bbox 1790 3519 1880 3590; x_wconf 88' lang='lat' dir='ltr'><strong>qui</strong></span> <span class='ocrx_word' id='word_1_473' title='bbox 1909 3534 1977 3574; x_wconf 87' lang='lat' dir='ltr'><strong>ne</strong></span> 
     </span>
    </p>
   </div>
   <div class='ocr_carea' id='block_1_67' title="bbox 413 3612 1835 3687">
    <p class='ocr_par' dir='ltr' id='par_1_67' title="bbox 413 3612 1835 3687">
     <span class='ocr_line' id='line_1_67' title="bbox 413 3612 1835 3687; baseline 0 -20"><span class='ocrx_word' id='word_1_474' title='bbox 413 3621 834 3678; x_wconf 85' lang='lat' dir='ltr'><strong>converteretur,</strong></span> <span class='ocrx_word' id='word_1_475' title='bbox 875 3612 946 3668; x_wconf 90' lang='lat' dir='ltr'><strong>illi</strong></span> <span class='ocrx_word' id='word_1_476' title='bbox 973 3613 1275 3668; x_wconf 84' lang='lat' dir='ltr'><strong>obstiterat.</strong></span> <span class='ocrx_word' id='word_1_477' title='bbox 1808 3682 1835 3687; x_wconf 30' lang='grc' dir='ltr'>η</span> 
     </span>
    </p>
   </div>
   <div class='ocr_carea' id='block_1_68' title="bbox 481 3703 1974 3772">
    <p class='ocr_par' dir='ltr' id='par_1_68' title="bbox 481 3703 1974 3772">
     <span class='ocr_line' id='line_1_68' title="bbox 481 3703 1974 3772; baseline 0 -16"><span class='ocrx_word' id='word_1_478' title='bbox 481 3703 630 3756; x_wconf 84' lang='lat' dir='ltr'><strong>Alius</strong></span> <span class='ocrx_word' id='word_1_479' title='bbox 658 3704 820 3758; x_wconf 87' lang='lat' dir='ltr'><strong>etiam</strong></span> <span class='ocrx_word' id='word_1_480' title='bbox 854 3719 1004 3772; x_wconf 84' lang='lat' dir='ltr'><strong>aeque</strong></span> <span class='ocrx_word' id='word_1_481' title='bbox 1033 3715 1192 3758; x_wconf 87' lang='lat' dir='ltr'><strong>notus</strong></span> <span class='ocrx_word' id='word_1_482' title='bbox 1218 3705 1368 3767; x_wconf 90' lang='lat' dir='ltr'><strong>mihi,</strong></span> <span class='ocrx_word' id='word_1_483' title='bbox 1400 3713 1560 3772; x_wconf 90' lang='lat' dir='ltr'><strong>atque</strong></span> <span class='ocrx_word' id='word_1_484' title='bbox 1585 3705 1718 3758; x_wconf 89' lang='lat' dir='ltr'><strong>civis</strong></span> <span class='ocrx_word' id='word_1_485' title='bbox 1767 3704 1817 3757; x_wconf 93' lang='lat' dir='ltr'><strong>in</strong></span> <span class='ocrx_word' id='word_1_486' title='bbox 1866 3703 1974 3756; x_wconf 82' lang='lat' dir='ltr'><strong>Ra-</strong></span> 
     </span>
    </p>
   </div>
   <div class='ocr_carea' id='block_1_69' title="bbox 416 3791 1976 3863">
    <p class='ocr_par' dir='ltr' id='par_1_69' title="bbox 416 3791 1976 3863">
     <span class='ocr_line' id='line_1_69' title="bbox 416 3791 1976 3863; baseline 0.002 -19"><span class='ocrx_word' id='word_1_487' title='bbox 416 3791 634 3846; x_wconf 91' lang='lat' dir='ltr'><strong>vennati</strong></span> <span class='ocrx_word' id='word_1_488' title='bbox 685 3793 815 3846; x_wconf 91' lang='lat' dir='ltr'><strong>urbe</strong></span> <span class='ocrx_word' id='word_1_489' title='bbox 861 3791 1108 3860; x_wconf 88' lang='lat' dir='ltr'><strong>pollebat,</strong></span> <span class='ocrx_word' id='word_1_490' title='bbox 1153 3801 1207 3847; x_wconf 87' lang='lat' dir='ltr'><strong>et</strong></span> <span class='ocrx_word' id='word_1_491' title='bbox 1237 3793 1369 3863; x_wconf 66' lang='lat' dir='ltr'><strong>legis</strong></span> <span class='ocrx_word' id='word_1_492' title='bbox 1399 3793 1586 3862; x_wconf 70' lang='lat' dir='ltr'><strong>peritia</strong></span> <span class='ocrx_word' id='word_1_493' title='bbox 1621 3803 1893 3858; x_wconf 65' lang='lat' dir='ltr'><strong>strenuus,</strong></span> <span class='ocrx_word' id='word_1_494' title='bbox 1922 3801 1976 3848; x_wconf 88' lang='lat' dir='ltr'><strong>et</strong></span> 
     </span>
    </p>
   </div>
   <div class='ocr_carea' id='block_1_70' title="bbox 413 3877 1977 3953">
    <p class='ocr_par' dir='ltr' id='par_1_70' title="bbox 413 3877 1977 3953">
     <span class='ocr_line' id='line_1_70' title="bbox 413 3877 1977 3953; baseline 0.001 -18"><span class='ocrx_word' id='word_1_495' title='bbox 413 3883 884 3953; x_wconf 87' lang='lat' dir='ltr'><strong>grammaticorum</strong></span> <span class='ocrx_word' id='word_1_496' title='bbox 909 3884 1106 3952; x_wconf 84' lang='lat' dir='ltr'><strong>regulis</strong></span> <span class='ocrx_word' id='word_1_497' title='bbox 1132 3877 1841 3953; x_wconf 79' lang='lat' dir='ltr'><strong>competenterinstructus.</strong></span> <span class='ocrx_word' id='word_1_498' title='bbox 1877 3885 1977 3938; x_wconf 36' lang='lat' dir='ltr'><strong>I‘lic</strong></span> 
     </span>
    </p>
   </div>
   <div class='ocr_carea' id='block_1_71' title="bbox 416 3973 1976 4044">
    <p class='ocr_par' dir='ltr' id='par_1_71' title="bbox 416 3973 1976 4044">
     <span class='ocr_line' id='line_1_71' title="bbox 416 3973 1976 4044; baseline 0.001 -17"><span class='ocrx_word' id='word_1_499' title='bbox 416 3989 622 4028; x_wconf 87' lang='lat' dir='ltr'><strong>mecum</strong></span> <span class='ocrx_word' id='word_1_500' title='bbox 654 3973 935 4028; x_wconf 82' lang='lat' dir='ltr'><strong>fidedictor</strong></span> <span class='ocrx_word' id='word_1_501' title='bbox 963 3974 1216 4037; x_wconf 90' lang='lat' dir='ltr'><strong>instituit,</strong></span> <span class='ocrx_word' id='word_1_502' title='bbox 1249 3985 1305 4028; x_wconf 92' lang='lat' dir='ltr'><strong>ut</strong></span> <span class='ocrx_word' id='word_1_503' title='bbox 1336 3975 1380 4028; x_wconf 90' lang='lat' dir='ltr'><strong>si</strong></span> <span class='ocrx_word' id='word_1_504' title='bbox 1421 3991 1544 4042; x_wconf 80' lang='lat' dir='ltr'><strong>ego,</strong></span> <span class='ocrx_word' id='word_1_505' title='bbox 1595 3976 1832 4030; x_wconf 87' lang='lat' dir='ltr'><strong>simulet</strong></span> <span class='ocrx_word' id='word_1_506' title='bbox 1863 3976 1976 4044; x_wconf 88' lang='lat' dir='ltr'><strong>ipse</strong></span> 
     </span>
    </p>
   </div>
   <div class='ocr_carea' id='block_1_72' title="bbox 416 4062 1974 4134">
    <p class='ocr_par' dir='ltr' id='par_1_72' title="bbox 416 4062 1974 4134">
     <span class='ocr_line' id='line_1_72' title="bbox 416 4062 1974 4134; baseline -0.001 -16"><span class='ocrx_word' id='word_1_507' title='bbox 416 4062 746 4130; x_wconf 80' lang='lat' dir='ltr'><strong>relinqueret</strong></span> <span class='ocrx_word' id='word_1_508' title='bbox 790 4063 1060 4118; x_wconf 69' lang='lat' dir='ltr'><strong>sazculum.</strong></span> <span class='ocrx_word' id='word_1_509' title='bbox 1093 4065 1229 4129; x_wconf 80' lang='lat' dir='ltr'><strong>Quid</strong></span> <span class='ocrx_word' id='word_1_510' title='bbox 1280 4064 1469 4132; x_wconf 89' lang='lat' dir='ltr'><strong>plura?</strong></span> <span class='ocrx_word' id='word_1_511' title='bbox 1499 4063 1736 4120; x_wconf 86' lang='lat' dir='ltr'><strong>Tandem</strong></span> <span class='ocrx_word' id='word_1_512' title='bbox 1775 4080 1873 4134; x_wconf 84' lang='lat' dir='ltr'><strong>ego</strong></span> <span class='ocrx_word' id='word_1_513' title='bbox 1908 4065 1974 4118; x_wconf 86' lang='lat' dir='ltr'><strong>ad</strong></span> 
     </span>
    </p>
   </div>
   <div class='ocr_carea' id='block_1_73' title="bbox 413 4152 1972 4222">
    <p class='ocr_par' dir='ltr' id='par_1_73' title="bbox 413 4152 1972 4222">
     <span class='ocr_line' id='line_1_73' title="bbox 413 4152 1972 4222; baseline 0 -17"><span class='ocrx_word' id='word_1_514' title='bbox 413 4152 818 4206; x_wconf 87' lang='lat' dir='ltr'><strong>conversionem</strong></span> <span class='ocrx_word' id='word_1_515' title='bbox 851 4153 1089 4217; x_wconf 88' lang='lat' dir='ltr'><strong>veniens,</strong></span> <span class='ocrx_word' id='word_1_516' title='bbox 1123 4161 1180 4206; x_wconf 92' lang='lat' dir='ltr'><strong>ut</strong></span> <span class='ocrx_word' id='word_1_517' title='bbox 1205 4153 1420 4220; x_wconf 86' lang='lat' dir='ltr'><strong>sponsio</strong></span> <span class='ocrx_word' id='word_1_518' title='bbox 1460 4153 1770 4206; x_wconf 84' lang='lat' dir='ltr'><strong>redderetur</strong></span> <span class='ocrx_word' id='word_1_519' title='bbox 1797 4153 1972 4222; x_wconf 82' lang='lat' dir='ltr'><strong>exegi,</strong></span> 
     </span>
    </p>
   </div>
   <div class='ocr_carea' id='block_1_74' title="bbox 410 4242 1978 4313">
    <p class='ocr_par' dir='ltr' id='par_1_74' title="bbox 410 4242 1978 4313">
     <span class='ocr_line' id='line_1_74' title="bbox 410 4242 1978 4313; baseline -0.003 -13"><span class='ocrx_word' id='word_1_520' title='bbox 410 4242 505 4300; x_wconf 75' lang='lat' dir='ltr'><strong>Sed</strong></span> <span class='ocrx_word' id='word_1_521' title='bbox 524 4243 768 4298; x_wconf 88' lang='lat' dir='ltr'><strong>obtinere</strong></span> <span class='ocrx_word' id='word_1_522' title='bbox 795 4258 896 4297; x_wconf 92' lang='lat' dir='ltr'><strong>non</strong></span> <span class='ocrx_word' id='word_1_523' title='bbox 917 4244 1081 4312; x_wconf 91' lang='lat' dir='ltr'><strong>potui.</strong></span> <span class='ocrx_word' id='word_1_524' title='bbox 1108 4243 1199 4297; x_wconf 91' lang='lat' dir='ltr'><strong>Ille</strong></span> <span class='ocrx_word' id='word_1_525' title='bbox 1228 4243 1422 4313; x_wconf 85' lang='lat' dir='ltr'><strong>quippe</strong></span> <span class='ocrx_word' id='word_1_526' title='bbox 1446 4259 1530 4296; x_wconf 90' lang='lat' dir='ltr'><strong>mc</strong></span> <span class='ocrx_word' id='word_1_527' title='bbox 1550 4243 1825 4312; x_wconf 83' lang='lat' dir='ltr'><strong>gaudendo</strong></span> <span class='ocrx_word' id='word_1_528' title='bbox 1841 4258 1978 4312; x_wconf 79' lang='lat' dir='ltr'><strong>pne-</strong></span> 
     </span>
    </p>
   </div>
   <div class='ocr_carea' id='block_1_75' title="bbox 413 4334 1974 4405">
    <p class='ocr_par' dir='ltr' id='par_1_75' title="bbox 413 4334 1974 4405">
     <span class='ocr_line' id='line_1_75' title="bbox 413 4334 1974 4405; baseline 0 -15"><span class='ocrx_word' id='word_1_529' title='bbox 413 4334 581 4395; x_wconf 84' lang='lat' dir='ltr'><strong>misit,</strong></span> <span class='ocrx_word' id='word_1_530' title='bbox 611 4350 814 4404; x_wconf 90' lang='lat' dir='ltr'><strong>suaque</strong></span> <span class='ocrx_word' id='word_1_531' title='bbox 840 4335 1061 4405; x_wconf 79' lang='lat' dir='ltr'><strong>vestigia</strong></span> <span class='ocrx_word' id='word_1_532' title='bbox 1091 4335 1409 4399; x_wconf 86' lang='lat' dir='ltr'><strong>subsistens,</strong></span> <span class='ocrx_word' id='word_1_533' title='bbox 1449 4335 1738 4390; x_wconf 83' lang='lat' dir='ltr'><strong>artificiose</strong></span> <span class='ocrx_word' id='word_1_534' title='bbox 1767 4351 1974 4404; x_wconf 84' lang='lat' dir='ltr'><strong>repres-</strong></span> 
     </span>
    </p>
   </div>
   <div class='ocr_carea' id='block_1_76' title="bbox 413 4421 1974 4495">
    <p class='ocr_par' dir='ltr' id='par_1_76' title="bbox 413 4421 1974 4495">
     <span class='ocr_line' id='line_1_76' title="bbox 413 4421 1974 4495; baseline 0.001 -17"><span class='ocrx_word' id='word_1_535' title='bbox 413 4425 502 4478; x_wconf 82' lang='lat' dir='ltr'><strong>sit.</strong></span> <span class='ocrx_word' id='word_1_536' title='bbox 532 4421 646 4477; x_wconf 85' lang='lat' dir='ltr'><strong>Non</strong></span> <span class='ocrx_word' id='word_1_537' title='bbox 671 4424 859 4478; x_wconf 90' lang='lat' dir='ltr'><strong>diebus</strong></span> <span class='ocrx_word' id='word_1_538' title='bbox 882 4439 1009 4479; x_wconf 91' lang='lat' dir='ltr'><strong>vero</strong></span> <span class='ocrx_word' id='word_1_539' title='bbox 1056 4424 1239 4478; x_wconf 89' lang='lat' dir='ltr'><strong>multis</strong></span> <span class='ocrx_word' id='word_1_540' title='bbox 1273 4425 1633 4495; x_wconf 89' lang='lat' dir='ltr'><strong>postmodum,</strong></span> <span class='ocrx_word' id='word_1_541' title='bbox 1677 4427 1802 4479; x_wconf 89' lang='lat' dir='ltr'><strong>dum</strong></span> <span class='ocrx_word' id='word_1_542' title='bbox 1831 4425 1974 4480; x_wconf 90' lang='lat' dir='ltr'><strong>hunc</strong></span> 
     </span>
    </p>
   </div>
   <div class='ocr_carea' id='block_1_77' title="bbox 412 4511 1975 4570">
    <p class='ocr_par' dir='ltr' id='par_1_77' title="bbox 412 4511 1975 4570">
     <span class='ocr_line' id='line_1_77' title="bbox 412 4511 1975 4570; baseline 0.003 -4"><span class='ocrx_word' id='word_1_543' title='bbox 412 4513 670 4568; x_wconf 86' lang='lat' dir='ltr'><strong>adversus</strong></span> <span class='ocrx_word' id='word_1_544' title='bbox 698 4511 921 4566; x_wconf 90' lang='lat' dir='ltr'><strong>levirum</strong></span> <span class='ocrx_word' id='word_1_545' title='bbox 957 4528 1111 4566; x_wconf 91' lang='lat' dir='ltr'><strong>suum</strong></span> <span class='ocrx_word' id='word_1_546' title='bbox 1140 4513 1362 4569; x_wconf 84' lang='lat' dir='ltr'><strong>furentis</strong></span> <span class='ocrx_word' id='word_1_547' title='bbox 1384 4515 1548 4570; x_wconf 89' lang='lat' dir='ltr'><strong>animi</strong></span> <span class='ocrx_word' id='word_1_548' title='bbox 1594 4515 1729 4570; x_wconf 88' lang='lat' dir='ltr'><strong>livor</strong></span> <span class='ocrx_word' id='word_1_549' title='bbox 1781 4531 1975 4570; x_wconf 59' lang='lat' dir='ltr'><strong>accenc</strong></span> 
     </span>
    </p>
   </div>
   <div class='ocr_carea' id='block_1_78' title="bbox 2075 3334 3640 3419">
    <p class='ocr_par' dir='ltr' id='par_1_78' title="bbox 2075 3334 3640 3419">
     <span class='ocr_line' id='line_1_78' title="bbox 2075 3334 3640 3419; baseline -0.014 -12"><span class='ocrx_word' id='word_1_550' title='bbox 2075 3349 2403 3419; x_wconf 87' lang='lat' dir='ltr'><strong>sumptuosis</strong></span> <span class='ocrx_word' id='word_1_551' title='bbox 2443 3345 2668 3415; x_wconf 83' lang='lat' dir='ltr'><strong>dapibus</strong></span> <span class='ocrx_word' id='word_1_552' title='bbox 2710 3341 2926 3403; x_wconf 89' lang='lat' dir='ltr'><strong>instrui,</strong></span> <span class='ocrx_word' id='word_1_553' title='bbox 2955 3349 3008 3392; x_wconf 91' lang='lat' dir='ltr'><strong>et</strong></span> <span class='ocrx_word' id='word_1_554' title='bbox 3040 3339 3288 3392; x_wconf 88' lang='lat' dir='ltr'><strong>balneum</strong></span> <span class='ocrx_word' id='word_1_555' title='bbox 3329 3334 3640 3402; x_wconf 80' lang='lat' dir='ltr'><strong>pracparari,</strong></span> 
     </span>
    </p>
   </div>
   <div class='ocr_carea' id='block_1_79' title="bbox 2075 3422 3640 3507">
    <p class='ocr_par' dir='ltr' id='par_1_79' title="bbox 2075 3422 3640 3507">
     <span class='ocr_line' id='line_1_79' title="bbox 2075 3422 3640 3507; baseline -0.014 -13"><span class='ocrx_word' id='word_1_556' title='bbox 2075 3440 2370 3507; x_wconf 89' lang='lat' dir='ltr'><strong>aceitisque</strong></span> <span class='ocrx_word' id='word_1_557' title='bbox 2398 3433 2674 3495; x_wconf 90' lang='lat' dir='ltr'><strong>militibus,</strong></span> <span class='ocrx_word' id='word_1_558' title='bbox 2703 3441 2756 3485; x_wconf 88' lang='lat' dir='ltr'><strong>ct</strong></span> <span class='ocrx_word' id='word_1_559' title='bbox 2785 3427 3189 3495; x_wconf 87' lang='lat' dir='ltr'><strong>obsequentium</strong></span> <span class='ocrx_word' id='word_1_560' title='bbox 3224 3424 3394 3477; x_wconf 86' lang='lat' dir='ltr'><strong>turbis</strong></span> <span class='ocrx_word' id='word_1_561' title='bbox 3436 3422 3640 3475; x_wconf 90' lang='lat' dir='ltr'><strong>lautum</strong></span> 
     </span>
    </p>
   </div>
   <div class='ocr_carea' id='block_1_80' title="bbox 2076 3512 3640 3589">
    <p class='ocr_par' dir='ltr' id='par_1_80' title="bbox 2076 3512 3640 3589">
     <span class='ocr_line' id='line_1_80' title="bbox 2076 3512 3640 3589; baseline -0.013 -4"><span class='ocrx_word' id='word_1_562' title='bbox 2076 3531 2215 3586; x_wconf 90' lang='lat' dir='ltr'><strong>diem</strong></span> <span class='ocrx_word' id='word_1_563' title='bbox 2240 3527 2477 3589; x_wconf 89' lang='lat' dir='ltr'><strong>deduxit,</strong></span> <span class='ocrx_word' id='word_1_564' title='bbox 2514 3533 2569 3578; x_wconf 86' lang='lat' dir='ltr'><strong>et</strong></span> <span class='ocrx_word' id='word_1_565' title='bbox 2597 3522 2738 3576; x_wconf 87' lang='lat' dir='ltr'><strong>velut</strong></span> <span class='ocrx_word' id='word_1_566' title='bbox 2765 3517 3068 3573; x_wconf 88' lang='lat' dir='ltr'><strong>advenienti</strong></span> <span class='ocrx_word' id='word_1_567' title='bbox 3102 3525 3299 3583; x_wconf 67' lang='lat' dir='ltr'><strong>nuptm,</strong></span> <span class='ocrx_word' id='word_1_568' title='bbox 3333 3512 3640 3580; x_wconf 85' lang='lat' dir='ltr'><strong>Quadrage-</strong></span> 
     </span>
    </p>
   </div>
   <div class='ocr_carea' id='block_1_81' title="bbox 2075 3603 3638 3684">
    <p class='ocr_par' dir='ltr' id='par_1_81' title="bbox 2075 3603 3638 3684">
     <span class='ocr_line' id='line_1_81' title="bbox 2075 3603 3638 3684; baseline -0.013 -8"><span class='ocrx_word' id='word_1_569' title='bbox 2075 3623 2226 3676; x_wconf 68' lang='lat' dir='ltr'><strong>sima:</strong></span> <span class='ocrx_word' id='word_1_570' title='bbox 2254 3633 2374 3673; x_wconf 88' lang='lat' dir='ltr'><strong>cum</strong></span> <span class='ocrx_word' id='word_1_571' title='bbox 2409 3614 2629 3684; x_wconf 89' lang='lat' dir='ltr'><strong>nuptiali</strong></span> <span class='ocrx_word' id='word_1_572' title='bbox 2663 3610 2910 3666; x_wconf 87' lang='lat' dir='ltr'><strong>convivio</strong></span> <span class='ocrx_word' id='word_1_573' title='bbox 2933 3606 3356 3678; x_wconf 82' lang='lat' dir='ltr'><strong>gratulabundus</strong></span> <span class='ocrx_word' id='word_1_574' title='bbox 3378 3603 3638 3657; x_wconf 88' lang='lat' dir='ltr'><strong>occurrit.</strong></span> 
     </span>
    </p>
   </div>
   <div class='ocr_carea' id='block_1_82' title="bbox 2078 3693 3646 3766">
    <p class='ocr_par' dir='ltr' id='par_1_82' title="bbox 2078 3693 3646 3766">
     <span class='ocr_line' id='line_1_82' title="bbox 2078 3693 3646 3766; baseline -0.014 0"><span class='ocrx_word' id='word_1_575' title='bbox 2078 3711 2178 3766; x_wconf 91' lang='lat' dir='ltr'><strong>Ubi</strong></span> <span class='ocrx_word' id='word_1_576' title='bbox 2211 3711 2311 3763; x_wconf 90' lang='lat' dir='ltr'><strong>hoc</strong></span> <span class='ocrx_word' id='word_1_577' title='bbox 2333 3717 2536 3762; x_wconf 73' lang='lat' dir='ltr'><strong>tantum</strong></span> <span class='ocrx_word' id='word_1_578' title='bbox 2553 3701 2872 3766; x_wconf 62' lang='lat' dir='ltr'><strong>,«lissonalnt</strong></span> <span class='ocrx_word' id='word_1_579' title='bbox 2899 3696 3149 3766; x_wconf 71' lang='lat' dir='ltr'><strong>aregnla,</strong></span> <span class='ocrx_word' id='word_1_580' title='bbox 3172 3695 3295 3765; x_wconf 87' lang='lat' dir='ltr'><strong>quia</strong></span> <span class='ocrx_word' id='word_1_581' title='bbox 3319 3708 3441 3748; x_wconf 91' lang='lat' dir='ltr'><strong>cum</strong></span> <span class='ocrx_word' id='word_1_582' title='bbox 3470 3693 3646 3746; x_wconf 91' lang='lat' dir='ltr'><strong>adhuc</strong></span> 
     </span>
    </p>
   </div>
   <div class='ocr_carea' id='block_1_83' title="bbox 2077 3783 3642 3866">
    <p class='ocr_par' dir='ltr' id='par_1_83' title="bbox 2077 3783 3642 3866">
     <span class='ocr_line' id='line_1_83' title="bbox 2077 3783 3642 3866; baseline -0.015 -9"><span class='ocrx_word' id='word_1_583' title='bbox 2077 3803 2396 3857; x_wconf 69' lang='lat' dir='ltr'><strong>livescerent</strong></span> <span class='ocrx_word' id='word_1_584' title='bbox 2417 3801 2467 3853; x_wconf 93' lang='lat' dir='ltr'><strong>in</strong></span> <span class='ocrx_word' id='word_1_585' title='bbox 2504 3796 2768 3866; x_wconf 86' lang='lat' dir='ltr'><strong>capitibus</strong></span> <span class='ocrx_word' id='word_1_586' title='bbox 2795 3793 3026 3854; x_wconf 89' lang='lat' dir='ltr'><strong>cineres,</strong></span> <span class='ocrx_word' id='word_1_587' title='bbox 3051 3787 3357 3843; x_wconf 75' lang='lat' dir='ltr'><strong>:estuahant</strong></span> <span class='ocrx_word' id='word_1_588' title='bbox 3403 3783 3642 3854; x_wconf 84' lang='lat' dir='ltr'><strong>ingurgi-</strong></span> 
     </span>
    </p>
   </div>
   <div class='ocr_carea' id='block_1_84' title="bbox 2078 3871 3644 3953">
    <p class='ocr_par' dir='ltr' id='par_1_84' title="bbox 2078 3871 3644 3953">
     <span class='ocr_line' id='line_1_84' title="bbox 2078 3871 3644 3953; baseline -0.016 -6"><span class='ocrx_word' id='word_1_589' title='bbox 2078 3895 2172 3948; x_wconf 89' lang='lat' dir='ltr'><strong>tati</strong></span> <span class='ocrx_word' id='word_1_590' title='bbox 2222 3906 2370 3946; x_wconf 84' lang='lat' dir='ltr'><strong>mera</strong></span> <span class='ocrx_word' id='word_1_591' title='bbox 2399 3898 2450 3943; x_wconf 89' lang='lat' dir='ltr'><strong>et</strong></span> <span class='ocrx_word' id='word_1_592' title='bbox 2480 3885 2696 3941; x_wconf 85' lang='lat' dir='ltr'><strong>distenti</strong></span> <span class='ocrx_word' id='word_1_593' title='bbox 2729 3883 2954 3953; x_wconf 84' lang='lat' dir='ltr'><strong>dapibus</strong></span> <span class='ocrx_word' id='word_1_594' title='bbox 2978 3887 3210 3932; x_wconf 87' lang='lat' dir='ltr'><strong>ventres.</strong></span> <span class='ocrx_word' id='word_1_595' title='bbox 3254 3874 3380 3940; x_wconf 87' lang='lat' dir='ltr'><strong>Sed,</strong></span> <span class='ocrx_word' id='word_1_596' title='bbox 3424 3889 3457 3927; x_wconf 90' lang='grc' dir='ltr'>ο</span> <span class='ocrx_word' id='word_1_597' title='bbox 3505 3871 3644 3940; x_wconf 82' lang='lat' dir='ltr'><strong>vigi-</strong></span> 
     </span>
    </p>
   </div>
   <div class='ocr_carea' id='block_1_85' title="bbox 2075 3965 3640 4051">
    <p class='ocr_par' dir='ltr' id='par_1_85' title="bbox 2075 3965 3640 4051">
     <span class='ocr_line' id='line_1_85' title="bbox 2075 3965 3640 4051; baseline -0.017 -13"><span class='ocrx_word' id='word_1_598' title='bbox 2075 3984 2191 4038; x_wconf 90' lang='lat' dir='ltr'><strong>lans</strong></span> <span class='ocrx_word' id='word_1_599' title='bbox 2223 3997 2383 4051; x_wconf 89' lang='lat' dir='ltr'><strong>super</strong></span> <span class='ocrx_word' id='word_1_600' title='bbox 2430 3995 2527 4032; x_wconf 89' lang='lat' dir='ltr'><strong>nos</strong></span> <span class='ocrx_word' id='word_1_601' title='bbox 2572 3977 2749 4031; x_wconf 87' lang='lat' dir='ltr'><strong>divina</strong></span> <span class='ocrx_word' id='word_1_602' title='bbox 2795 3971 3105 4028; x_wconf 83' lang='lat' dir='ltr'><strong>clementia!</strong></span> <span class='ocrx_word' id='word_1_603' title='bbox 3156 3965 3437 4021; x_wconf 87' lang='lat' dir='ltr'><strong>incolumis</strong></span> <span class='ocrx_word' id='word_1_604' title='bbox 3495 3972 3640 4025; x_wconf 84' lang='lat' dir='ltr'><strong>tunc,</strong></span> 
     </span>
    </p>
   </div>
   <div class='ocr_carea' id='block_1_86' title="bbox 2075 4056 3646 4139">
    <p class='ocr_par' dir='ltr' id='par_1_86' title="bbox 2075 4056 3646 4139">
     <span class='ocr_line' id='line_1_86' title="bbox 2075 4056 3646 4139; baseline -0.015 -14"><span class='ocrx_word' id='word_1_605' title='bbox 2075 4080 2236 4139; x_wconf 90' lang='lat' dir='ltr'><strong>atque</strong></span> <span class='ocrx_word' id='word_1_606' title='bbox 2262 4070 2433 4138; x_wconf 83' lang='lat' dir='ltr'><strong>vcgeti</strong></span> <span class='ocrx_word' id='word_1_607' title='bbox 2465 4065 2668 4118; x_wconf 90' lang='lat' dir='ltr'><strong>vultum</strong></span> <span class='ocrx_word' id='word_1_608' title='bbox 2691 4060 2926 4131; x_wconf 89' lang='lat' dir='ltr'><strong>episcopi</strong></span> <span class='ocrx_word' id='word_1_609' title='bbox 2957 4056 3221 4128; x_wconf 80' lang='lat' dir='ltr'><strong>paralysis</strong></span> <span class='ocrx_word' id='word_1_610' title='bbox 3277 4063 3498 4120; x_wconf 74' lang='lat' dir='ltr'><strong>repente</strong></span> <span class='ocrx_word' id='word_1_611' title='bbox 3525 4064 3646 4103; x_wconf 85' lang='lat' dir='ltr'><strong>eor-</strong></span> 
     </span>
    </p>
   </div>
   <div class='ocr_carea' id='block_1_87' title="bbox 2077 4145 3642 4230">
    <p class='ocr_par' dir='ltr' id='par_1_87' title="bbox 2077 4145 3642 4230">
     <span class='ocr_line' id='line_1_87' title="bbox 2077 4145 3642 4230; baseline -0.016 -15"><span class='ocrx_word' id='word_1_612' title='bbox 2077 4160 2258 4230; x_wconf 88' lang='lat' dir='ltr'><strong>ripuit,</strong></span> <span class='ocrx_word' id='word_1_613' title='bbox 2285 4156 2506 4225; x_wconf 87' lang='lat' dir='ltr'><strong>ejusque</strong></span> <span class='ocrx_word' id='word_1_614' title='bbox 2542 4154 2734 4206; x_wconf 88' lang='lat' dir='ltr'><strong>faciem</strong></span> <span class='ocrx_word' id='word_1_615' title='bbox 2787 4151 3122 4203; x_wconf 86' lang='lat' dir='ltr'><strong>inhonestam</strong></span> <span class='ocrx_word' id='word_1_616' title='bbox 3177 4145 3292 4197; x_wconf 86' lang='lat' dir='ltr'><strong>visu</strong></span> <span class='ocrx_word' id='word_1_617' title='bbox 3341 4151 3500 4207; x_wconf 87' lang='lat' dir='ltr'><strong>atque</strong></span> <span class='ocrx_word' id='word_1_618' title='bbox 3549 4153 3642 4192; x_wconf 87' lang='lat' dir='ltr'><strong>ora</strong></span> 
     </span>
    </p>
   </div>
   <div class='ocr_carea' id='block_1_88' title="bbox 2073 4229 3642 4317">
    <p class='ocr_par' dir='ltr' id='par_1_88' title="bbox 2073 4229 3642 4317">
     <span class='ocr_line' id='line_1_88' title="bbox 2073 4229 3642 4317; baseline -0.018 -11"><span class='ocrx_word' id='word_1_619' title='bbox 2073 4229 2343 4311; x_wconf 87' lang='lat' dir='ltr'><strong>distorsit;</strong></span> <span class='ocrx_word' id='word_1_620' title='bbox 2373 4263 2469 4317; x_wconf 90' lang='lat' dir='ltr'><strong>per</strong></span> <span class='ocrx_word' id='word_1_621' title='bbox 2495 4245 2674 4314; x_wconf 89' lang='lat' dir='ltr'><strong>plures</strong></span> <span class='ocrx_word' id='word_1_622' title='bbox 2695 4244 2854 4295; x_wconf 81' lang='lat' dir='ltr'><strong>etiam</strong></span> <span class='ocrx_word' id='word_1_623' title='bbox 2878 4253 3066 4298; x_wconf 85' lang='lat' dir='ltr'><strong>annos,</strong></span> <span class='ocrx_word' id='word_1_624' title='bbox 3091 4235 3285 4304; x_wconf 90' lang='lat' dir='ltr'><strong>quibus</strong></span> <span class='ocrx_word' id='word_1_625' title='bbox 3305 4229 3642 4300; x_wconf 88' lang='lat' dir='ltr'><strong>postmodum</strong></span> 
     </span>
    </p>
   </div>
   <div class='ocr_carea' id='block_1_89' title="bbox 2073 4318 3642 4409">
    <p class='ocr_par' dir='ltr' id='par_1_89' title="bbox 2073 4318 3642 4409">
     <span class='ocr_line' id='line_1_89' title="bbox 2073 4318 3642 4409; baseline -0.017 -14"><span class='ocrx_word' id='word_1_626' title='bbox 2073 4339 2394 4409; x_wconf 79' lang='lat' dir='ltr'><strong>supervixit,</strong></span> <span class='ocrx_word' id='word_1_627' title='bbox 2419 4337 2521 4391; x_wconf 87' lang='lat' dir='ltr'><strong>hoc</strong></span> <span class='ocrx_word' id='word_1_628' title='bbox 2550 4335 2602 4388; x_wconf 90' lang='lat' dir='ltr'><strong>in</strong></span> <span class='ocrx_word' id='word_1_629' title='bbox 2633 4348 2691 4388; x_wconf 90' lang='lat' dir='ltr'><strong>se</strong></span> <span class='ocrx_word' id='word_1_630' title='bbox 2718 4332 2911 4386; x_wconf 72' lang='lat' dir='ltr'><strong>divina:</strong></span> <span class='ocrx_word' id='word_1_631' title='bbox 2937 4321 3418 4382; x_wconf 88' lang='lat' dir='ltr'><strong>animadversionis</strong></span> <span class='ocrx_word' id='word_1_632' title='bbox 3436 4318 3642 4386; x_wconf 81' lang='lat' dir='ltr'><strong>insigne</strong></span> 
     </span>
    </p>
   </div>
   <div class='ocr_carea' id='block_1_90' title="bbox 2072 4429 2328 4504">
    <p class='ocr_par' dir='ltr' id='par_1_90' title="bbox 2072 4429 2328 4504">
     <span class='ocr_line' id='line_1_90' title="bbox 2072 4429 2328 4504; baseline -0.02 -18"><span class='ocrx_word' id='word_1_633' title='bbox 2072 4429 2328 4504; x_wconf 88' lang='lat' dir='ltr'><strong>portavit.</strong></span> 
     </span>
    </p>
   </div>
   <div class='ocr_carea' id='block_1_91' title="bbox 2689 4508 3029 4569">
    <p class='ocr_par' dir='ltr' id='par_1_91' title="bbox 2689 4508 3029 4569">
     <span class='ocr_line' id='line_1_91' title="bbox 2689 4508 3029 4569; baseline -0.018 -1"><span class='ocrx_word' id='word_1_634' title='bbox 2689 4509 2912 4569; x_wconf 81' lang='lat' dir='ltr'><strong>CAPUT</strong></span> <span class='ocrx_word' id='word_1_635' title='bbox 2942 4508 3029 4564; x_wconf 82' lang='lat' dir='ltr'><strong>IV.</strong></span> 
     </span>
    </p>
   </div>
   <div class='ocr_carea' id='block_1_92' title="bbox 413 4579 3640 4696">
    <p class='ocr_par' dir='ltr' id='par_1_92' title="bbox 413 4579 3640 4696">
     <span class='ocr_line' id='line_1_92' title="bbox 413 4579 3640 4696; baseline 0.003 -42"><span class='ocrx_word' id='word_1_636' title='bbox 413 4601 582 4696; x_wconf 83' lang='lat' dir='ltr'><strong>deret,</strong></span> <span class='ocrx_word' id='word_1_637' title='bbox 614 4601 1029 4696; x_wconf 31' lang='lat' dir='ltr'><strong>gladio‘rcpcnte</strong></span> <span class='ocrx_word' id='word_1_638' title='bbox 1060 4617 1311 4672; x_wconf 90' lang='lat' dir='ltr'><strong>percussa</strong></span> <span class='ocrx_word' id='word_1_639' title='bbox 1339 4620 1529 4657; x_wconf 91' lang='lat' dir='ltr'><strong>manus</strong></span> <span class='ocrx_word' id='word_1_640' title='bbox 1565 4602 1682 4671; x_wconf 88' lang='lat' dir='ltr'><strong>ejus</strong></span> <span class='ocrx_word' id='word_1_641' title='bbox 1705 4605 1971 4675; x_wconf 83' lang='lat' dir='ltr'><strong>obriguit;</strong></span> <span class='ocrx_word' id='word_1_642' title='bbox 2005 4579 2051 4635; x_wconf 73' lang='grc' dir='ltr'><strong>θ</strong></span> <span class='ocrx_word' id='word_1_643' title='bbox 2081 4634 2315 4690; x_wconf 61' lang='lat' dir='ltr'><strong>Adam,“</strong></span> <span class='ocrx_word' id='word_1_644' title='bbox 2343 4624 2746 4696; x_wconf 59' lang='grc' dir='ltr'><strong>δεηιρνοηίεηδίε</strong></span> <span class='ocrx_word' id='word_1_645' title='bbox 2793 4623 3063 4696; x_wconf 18' lang='grc' dir='ltr'><strong>Ῠερξδσορηδ</strong></span> <span class='ocrx_word' id='word_1_646' title='bbox 3096 4617 3361 4696; x_wconf 55' lang='grc' dir='ltr'><strong>ὶηορξηαιο</strong></span> <span class='ocrx_word' id='word_1_647' title='bbox 3400 4613 3640 4674; x_wconf 81' lang='lat' dir='ltr'><strong>moritur,</strong></span> 
     </span>
    </p>
   </div>
   <div class='ocr_carea' id='block_1_93' title="bbox 402 4693 1976 4766">
    <p class='ocr_par' dir='ltr' id='par_1_93' title="bbox 402 4693 1976 4766">
     <span class='ocr_line' id='line_1_93' title="bbox 402 4693 1976 4766; baseline 0.004 -21"><span class='ocrx_word' id='word_1_648' title='bbox 402 4693 600 4761; x_wconf 84' lang='lat' dir='ltr'><strong>&#39;sicque</strong></span> <span class='ocrx_word' id='word_1_649' title='bbox 623 4694 922 4762; x_wconf 88' lang='lat' dir='ltr'><strong>stupefacta</strong></span> <span class='ocrx_word' id='word_1_650' title='bbox 950 4695 1148 4748; x_wconf 89' lang='lat' dir='ltr'><strong>mansit</strong></span> <span class='ocrx_word' id='word_1_651' title='bbox 1196 4711 1258 4749; x_wconf 90' lang='lat' dir='ltr'><strong>ac</strong></span> <span class='ocrx_word' id='word_1_652' title='bbox 1289 4696 1456 4766; x_wconf 86' lang='lat' dir='ltr'><strong>rigida</strong></span> <span class='ocrx_word' id='word_1_653' title='bbox 1485 4697 1758 4766; x_wconf 85' lang='lat' dir='ltr'><strong>deinceps,</strong></span> <span class='ocrx_word' id='word_1_654' title='bbox 1798 4706 1856 4750; x_wconf 90' lang='lat' dir='ltr'><strong>ut</strong></span> <span class='ocrx_word' id='word_1_655' title='bbox 1883 4697 1976 4751; x_wconf 88' lang='lat' dir='ltr'><strong>ba-</strong></span> 
     </span>
    </p>
   </div>
   <div class='ocr_carea' id='block_1_94' title="bbox 406 4779 1975 4855">
    <p class='ocr_par' dir='ltr' id='par_1_94' title="bbox 406 4779 1975 4855">
     <span class='ocr_line' id='line_1_94' title="bbox 406 4779 1975 4855; baseline 0.005 -21"><span class='ocrx_word' id='word_1_656' title='bbox 406 4779 521 4849; x_wconf 89' lang='lat' dir='ltr'><strong>julo</strong></span> <span class='ocrx_word' id='word_1_657' title='bbox 543 4799 641 4836; x_wconf 91' lang='lat' dir='ltr'><strong>suo</strong></span> <span class='ocrx_word' id='word_1_658' title='bbox 663 4783 831 4851; x_wconf 88' lang='lat' dir='ltr'><strong>magis</strong></span> <span class='ocrx_word' id='word_1_659' title='bbox 854 4793 995 4838; x_wconf 85' lang='lat' dir='ltr'><strong>esset</strong></span> <span class='ocrx_word' id='word_1_660' title='bbox 1021 4785 1169 4840; x_wconf 90' lang='lat' dir='ltr'><strong>oneri</strong></span> <span class='ocrx_word' id='word_1_661' title='bbox 1218 4801 1378 4855; x_wconf 86' lang='lat' dir='ltr'><strong>quam</strong></span> <span class='ocrx_word' id='word_1_662' title='bbox 1409 4786 1616 4840; x_wconf 89' lang='lat' dir='ltr'><strong>virtuti.</strong></span> <span class='ocrx_word' id='word_1_663' title='bbox 1646 4785 1762 4839; x_wconf 88' lang='lat' dir='ltr'><strong>.lam</strong></span> <span class='ocrx_word' id='word_1_664' title='bbox 1795 4788 1975 4855; x_wconf 84' lang='lat' dir='ltr'><strong>itaque</strong></span> 
     </span>
    </p>
   </div>
   <div class='ocr_carea' id='block_1_95' title="bbox 414 4873 1970 4943">
    <p class='ocr_par' dir='ltr' id='par_1_95' title="bbox 414 4873 1970 4943">
     <span class='ocr_line' id='line_1_95' title="bbox 414 4873 1970 4943; baseline 0.004 -20"><span class='ocrx_word' id='word_1_665' title='bbox 414 4873 616 4927; x_wconf 87' lang='lat' dir='ltr'><strong>inutilis</strong></span> <span class='ocrx_word' id='word_1_666' title='bbox 649 4873 841 4938; x_wconf 87' lang='lat' dir='ltr'><strong>factus,</strong></span> <span class='ocrx_word' id='word_1_667' title='bbox 873 4876 1149 4941; x_wconf 85' lang='lat' dir='ltr'><strong>mundum,</strong></span> <span class='ocrx_word' id='word_1_668' title='bbox 1181 4876 1306 4929; x_wconf 92' lang='lat' dir='ltr'><strong>dum</strong></span> <span class='ocrx_word' id='word_1_669' title='bbox 1357 4877 1691 4940; x_wconf 81' lang='lat' dir='ltr'><strong>abuteretur,</strong></span> <span class='ocrx_word' id='word_1_670' title='bbox 1739 4877 1970 4943; x_wconf 87' lang='lat' dir='ltr'><strong>abjecit;</strong></span> 
     </span>
    </p>
   </div>
   <div class='ocr_carea' id='block_1_96' title="bbox 413 4962 1976 5034">
    <p class='ocr_par' dir='ltr' id='par_1_96' title="bbox 413 4962 1976 5034">
     <span class='ocr_line' id='line_1_96' title="bbox 413 4962 1976 5034; baseline 0.002 -19"><span class='ocrx_word' id='word_1_671' title='bbox 413 4974 468 5016; x_wconf 84' lang='lat' dir='ltr'><strong>et</strong></span> <span class='ocrx_word' id='word_1_672' title='bbox 498 4979 602 5017; x_wconf 90' lang='lat' dir='ltr'><strong>non</strong></span> <span class='ocrx_word' id='word_1_673' title='bbox 622 4962 732 5031; x_wconf 89' lang='lat' dir='ltr'><strong>jam</strong></span> <span class='ocrx_word' id='word_1_674' title='bbox 759 4980 1033 5034; x_wconf 82' lang='lat' dir='ltr'><strong>manceps,</strong></span> <span class='ocrx_word' id='word_1_675' title='bbox 1058 4966 1148 5019; x_wconf 91' lang='lat' dir='ltr'><strong>sed</strong></span> <span class='ocrx_word' id='word_1_676' title='bbox 1174 4981 1293 5018; x_wconf 92' lang='lat' dir='ltr'><strong>cum</strong></span> <span class='ocrx_word' id='word_1_677' title='bbox 1317 4965 1590 5032; x_wconf 89' lang='lat' dir='ltr'><strong>Benjamin</strong></span> <span class='ocrx_word' id='word_1_678' title='bbox 1618 4974 1760 5019; x_wconf 88' lang='lat' dir='ltr'><strong>totus</strong></span> <span class='ocrx_word' id='word_1_679' title='bbox 1789 4967 1976 5019; x_wconf 80' lang='lat' dir='ltr'><strong>dexter</strong></span> 
     </span>
    </p>
   </div>
   <div class='ocr_carea' id='block_1_97' title="bbox 414 5043 1979 5123">
    <p class='ocr_par' dir='ltr' id='par_1_97' title="bbox 414 5043 1979 5123">
     <span class='ocr_line' id='line_1_97' title="bbox 414 5043 1979 5123; baseline 0.003 -19"><span class='ocrx_word' id='word_1_680' title='bbox 414 5051 566 5120; x_wconf 80' lang='lat' dir='ltr'><strong>(Gen.</strong></span> <span class='ocrx_word' id='word_1_681' title='bbox 591 5043 773 5121; x_wconf 77' lang='lat' dir='ltr'><strong>xxxv),</strong></span> <span class='ocrx_word' id='word_1_682' title='bbox 801 5053 850 5106; x_wconf 91' lang='lat' dir='ltr'><strong>in</strong></span> <span class='ocrx_word' id='word_1_683' title='bbox 875 5063 1058 5108; x_wconf 90' lang='lat' dir='ltr'><strong>sancta</strong></span> <span class='ocrx_word' id='word_1_684' title='bbox 1073 5071 1240 5123; x_wconf 89' lang='lat' dir='ltr'><strong>usque</strong></span> <span class='ocrx_word' id='word_1_685' title='bbox 1261 5055 1327 5108; x_wconf 88' lang='lat' dir='ltr'><strong>ad</strong></span> <span class='ocrx_word' id='word_1_686' title='bbox 1348 5054 1551 5109; x_wconf 87' lang='lat' dir='ltr'><strong>obitum</strong></span> <span class='ocrx_word' id='word_1_687' title='bbox 1572 5055 1979 5109; x_wconf 86' lang='lat' dir='ltr'><strong>conversatione</strong></span> 
     </span>
    </p>
   </div>
   <div class='ocr_carea' id='block_1_98' title="bbox 412 5145 728 5211">
    <p class='ocr_par' dir='ltr' id='par_1_98' title="bbox 412 5145 728 5211">
     <span class='ocr_line' id='line_1_98' title="bbox 412 5145 728 5211; baseline 0.003 -15"><span class='ocrx_word' id='word_1_688' title='bbox 412 5145 728 5211; x_wconf 83' lang='lat' dir='ltr'><strong>permansit.</strong></span> 
     </span>
    </p>
   </div>
   <div class='ocr_carea' id='block_1_99' title="bbox 1030 5233 1366 5291">
    <p class='ocr_par' dir='ltr' id='par_1_99' title="bbox 1030 5233 1366 5291">
     <span class='ocr_line' id='line_1_99' title="bbox 1030 5233 1366 5291; baseline -0.006 -1"><span class='ocrx_word' id='word_1_689' title='bbox 1030 5233 1254 5291; x_wconf 79' lang='lat' dir='ltr'><strong>CAPUT</strong></span> <span class='ocrx_word' id='word_1_690' title='bbox 1286 5236 1366 5290; x_wconf 92' lang='lat' dir='ltr'><strong>lIl.</strong></span> 
     </span>
    </p>
   </div>
   <div class='ocr_carea' id='block_1_100' title="bbox 415 5341 1951 5420">
    <p class='ocr_par' dir='ltr' id='par_1_100' title="bbox 415 5341 1951 5420">
     <span class='ocr_line' id='line_1_100' title="bbox 415 5341 1951 5420; baseline 0.005 -24"><span class='ocrx_word' id='word_1_691' title='bbox 415 5341 700 5415; x_wconf 74' lang='lat' dir='ltr'><strong>Episcopus</strong></span> <span class='ocrx_word' id='word_1_692' title='bbox 722 5349 1063 5420; x_wconf 67' lang='lat' dir='ltr'><strong>percussusin</strong></span> <span class='ocrx_word' id='word_1_693' title='bbox 1087 5360 1310 5420; x_wconf 79' lang='lat' dir='ltr'><strong>gutture,</strong></span> <span class='ocrx_word' id='word_1_694' title='bbox 1341 5349 1478 5418; x_wconf 84' lang='lat' dir='ltr'><strong>quod</strong></span> <span class='ocrx_word' id='word_1_695' title='bbox 1504 5350 1829 5417; x_wconf 71' lang='lat' dir='ltr'><strong>paupercula:</strong></span> <span class='ocrx_word' id='word_1_696' title='bbox 1855 5368 1951 5420; x_wconf 87' lang='lat' dir='ltr'><strong>por</strong></span> 
     </span>
    </p>
   </div>
   <div class='ocr_carea' id='block_1_101' title="bbox 695 5417 1682 5488">
    <p class='ocr_par' dir='ltr' id='par_1_101' title="bbox 695 5417 1682 5488">
     <span class='ocr_line' id='line_1_101' title="bbox 695 5417 1682 5488; baseline 0.004 -19"><span class='ocrx_word' id='word_1_697' title='bbox 695 5433 808 5469; x_wconf 80' lang='lat' dir='ltr'><strong>cum</strong></span> <span class='ocrx_word' id='word_1_698' title='bbox 841 5417 1150 5484; x_wconf 76' lang='lat' dir='ltr'><strong>abstulisset,</strong></span> <span class='ocrx_word' id='word_1_699' title='bbox 1182 5417 1417 5488; x_wconf 68' lang='lat' dir='ltr'><strong>religieni</strong></span> <span class='ocrx_word' id='word_1_700' title='bbox 1450 5435 1501 5472; x_wconf 77' lang='lat' dir='ltr'><strong>se</strong></span> <span class='ocrx_word' id='word_1_701' title='bbox 1523 5419 1682 5473; x_wconf 82' lang='lat' dir='ltr'><strong>dedit.</strong></span> 
     </span>
    </p>
   </div>
   <div class='ocr_carea' id='block_1_102' title="bbox 481 5512 1974 5586">
    <p class='ocr_par' dir='ltr' id='par_1_102' title="bbox 481 5512 1974 5586">
     <span class='ocr_line' id='line_1_102' title="bbox 481 5512 1974 5586; baseline 0.003 -21"><span class='ocrx_word' id='word_1_702' title='bbox 481 5512 689 5567; x_wconf 88' lang='lat' dir='ltr'><strong>Interea</strong></span> <span class='ocrx_word' id='word_1_703' title='bbox 717 5512 952 5570; x_wconf 83' lang='lat' dir='ltr'><strong>Joannes</strong></span> <span class='ocrx_word' id='word_1_704' title='bbox 986 5531 1198 5585; x_wconf 74' lang='lat' dir='ltr'><strong>quoque</strong></span> <span class='ocrx_word' id='word_1_705' title='bbox 1230 5515 1667 5571; x_wconf 85' lang='lat' dir='ltr'><strong>Commiaclensis</strong></span> <span class='ocrx_word' id='word_1_706' title='bbox 1695 5517 1974 5586; x_wconf 88' lang='lat' dir='ltr'><strong>episcopus</strong></span> 
     </span>
    </p>
   </div>
   <div class='ocr_carea' id='block_1_103' title="bbox 413 5602 1976 5678">
    <p class='ocr_par' dir='ltr' id='par_1_103' title="bbox 413 5602 1976 5678">
     <span class='ocr_line' id='line_1_103' title="bbox 413 5602 1976 5678; baseline 0.003 -24"><span class='ocrx_word' id='word_1_707' title='bbox 413 5602 479 5655; x_wconf 88' lang='lat' dir='ltr'><strong>ad</strong></span> <span class='ocrx_word' id='word_1_708' title='bbox 521 5603 834 5655; x_wconf 89' lang='lat' dir='ltr'><strong>memoriam</strong></span> <span class='ocrx_word' id='word_1_709' title='bbox 885 5605 1041 5667; x_wconf 84' lang='lat' dir='ltr'><strong>redit,</strong></span> <span class='ocrx_word' id='word_1_710' title='bbox 1073 5607 1162 5675; x_wconf 91' lang='lat' dir='ltr'><strong>qui</strong></span> <span class='ocrx_word' id='word_1_711' title='bbox 1211 5606 1335 5660; x_wconf 90' lang='lat' dir='ltr'><strong>dum</strong></span> <span class='ocrx_word' id='word_1_712' title='bbox 1363 5606 1769 5660; x_wconf 89' lang='lat' dir='ltr'><strong>conversionem</strong></span> <span class='ocrx_word' id='word_1_713' title='bbox 1810 5607 1976 5678; x_wconf 73' lang='lat'><strong>696</strong></span> 
     </span>
    </p>
   </div>
   <div class='ocr_carea' id='block_1_104' title="bbox 412 5692 1972 5765">
    <p class='ocr_par' dir='ltr' id='par_1_104' title="bbox 412 5692 1972 5765">
     <span class='ocr_line' id='line_1_104' title="bbox 412 5692 1972 5765; baseline 0.001 -16"><span class='ocrx_word' id='word_1_714' title='bbox 412 5706 563 5747; x_wconf 84' lang='lat' dir='ltr'><strong>suam</strong></span> <span class='ocrx_word' id='word_1_715' title='bbox 596 5707 695 5761; x_wconf 86' lang='lat' dir='ltr'><strong>per</strong></span> <span class='ocrx_word' id='word_1_716' title='bbox 721 5692 873 5763; x_wconf 69' lang='lat' dir='ltr'><strong>longe</strong></span> <span class='ocrx_word' id='word_1_717' title='bbox 897 5704 1194 5765; x_wconf 86' lang='lat' dir='ltr'><strong>temporum</strong></span> <span class='ocrx_word' id='word_1_718' title='bbox 1241 5697 1522 5752; x_wconf 89' lang='lat' dir='ltr'><strong>intervalla</strong></span> <span class='ocrx_word' id='word_1_719' title='bbox 1570 5696 1830 5760; x_wconf 70' lang='lat' dir='ltr'><strong>diﬂ‘erret,</strong></span> <span class='ocrx_word' id='word_1_720' title='bbox 1871 5697 1972 5750; x_wconf 72' lang='lat' dir='ltr'><strong>ali~</strong></span> 
     </span>
    </p>
   </div>
   <div class='ocr_carea' id='block_1_105' title="bbox 413 5782 1973 5857">
    <p class='ocr_par' dir='ltr' id='par_1_105' title="bbox 413 5782 1973 5857">
     <span class='ocr_line' id='line_1_105' title="bbox 413 5782 1973 5857; baseline 0.004 -23"><span class='ocrx_word' id='word_1_721' title='bbox 413 5782 628 5849; x_wconf 85' lang='lat' dir='ltr'><strong>quando</strong></span> <span class='ocrx_word' id='word_1_722' title='bbox 651 5782 869 5853; x_wconf 79' lang='lat' dir='ltr'><strong>contigit</strong></span> <span class='ocrx_word' id='word_1_723' title='bbox 897 5794 950 5839; x_wconf 93' lang='lat' dir='ltr'><strong>ut</strong></span> <span class='ocrx_word' id='word_1_724' title='bbox 981 5787 1030 5839; x_wconf 89' lang='lat' dir='ltr'><strong>in</strong></span> <span class='ocrx_word' id='word_1_725' title='bbox 1055 5786 1214 5841; x_wconf 82' lang='lat' dir='ltr'><strong>fundo</strong></span> <span class='ocrx_word' id='word_1_726' title='bbox 1242 5804 1357 5853; x_wconf 86' lang='lat' dir='ltr'><strong>suo,</strong></span> <span class='ocrx_word' id='word_1_727' title='bbox 1382 5804 1538 5856; x_wconf 86' lang='lat' dir='ltr'><strong>quem</strong></span> <span class='ocrx_word' id='word_1_728' title='bbox 1559 5788 1609 5842; x_wconf 89' lang='lat' dir='ltr'><strong>in</strong></span> <span class='ocrx_word' id='word_1_729' title='bbox 1627 5788 1973 5857; x_wconf 56' lang='lat' dir='ltr'><strong>saltuSpossi.</strong></span> 
     </span>
    </p>
   </div>
   <div class='ocr_carea' id='block_1_106' title="bbox 2327 4687 3397 4771">
    <p class='ocr_par' dir='ltr' id='par_1_106' title="bbox 2327 4687 3397 4771">
     <span class='ocr_line' id='line_1_106' title="bbox 2327 4687 3397 4771; baseline -0.015 -19"><span class='ocrx_word' id='word_1_730' title='bbox 2327 4687 2472 4771; x_wconf 41' lang='lat' dir='ltr'><strong>quod.</strong></span> <span class='ocrx_word' id='word_1_731' title='bbox 2493 4697 2755 4766; x_wconf 77' lang='lat' dir='ltr'><strong>religionis</strong></span> <span class='ocrx_word' id='word_1_732' title='bbox 2785 4687 3072 4762; x_wconf 79' lang='lat' dir='ltr'><strong>ingressum</strong></span> <span class='ocrx_word' id='word_1_733' title='bbox 3093 4687 3397 4741; x_wconf 78' lang='lat' dir='ltr'><strong>distulisset.</strong></span> 
     </span>
    </p>
   </div>
   <div class='ocr_carea' id='block_1_107' title="bbox 2149 4786 3646 4860">
    <p class='ocr_par' dir='ltr' id='par_1_107' title="bbox 2149 4786 3646 4860">
     <span class='ocr_line' id='line_1_107' title="bbox 2149 4786 3646 4860; baseline -0.017 -5"><span class='ocrx_word' id='word_1_734' title='bbox 2149 4800 2286 4855; x_wconf 82' lang='lat' dir='ltr'><strong>Num</strong></span> <span class='ocrx_word' id='word_1_735' title='bbox 2312 4807 2363 4851; x_wconf 93' lang='lat' dir='ltr'><strong>et</strong></span> <span class='ocrx_word' id='word_1_736' title='bbox 2399 4797 2566 4851; x_wconf 91' lang='lat' dir='ltr'><strong>Adam</strong></span> <span class='ocrx_word' id='word_1_737' title='bbox 2593 4791 3060 4860; x_wconf 57' lang='lat' dir='ltr'><strong>Sempronienscm</strong></span> <span class='ocrx_word' id='word_1_738' title='bbox 3087 4786 3392 4855; x_wconf 85' lang='lat' dir='ltr'><strong>episcopum</strong></span> <span class='ocrx_word' id='word_1_739' title='bbox 3419 4789 3646 4849; x_wconf 64' lang='lat' dir='ltr'><strong>prauor-</strong></span> 
     </span>
    </p>
   </div>
   <div class='ocr_carea' id='block_1_108' title="bbox 2082 4864 3766 4959">
    <p class='ocr_par' dir='ltr' id='par_1_108' title="bbox 2082 4864 3766 4959">
     <span class='ocr_line' id='line_1_108' title="bbox 2082 4864 3766 4959; baseline -0.024 -12"><span class='ocrx_word' id='word_1_740' title='bbox 2082 4893 2191 4953; x_wconf 92' lang='lat' dir='ltr'><strong>iho,</strong></span> <span class='ocrx_word' id='word_1_741' title='bbox 2248 4888 2424 4959; x_wconf 88' lang='lat' dir='ltr'><strong>quise</strong></span> <span class='ocrx_word' id='word_1_742' title='bbox 2473 4884 2793 4938; x_wconf 88' lang='lat' dir='ltr'><strong>monachum</strong></span> <span class='ocrx_word' id='word_1_743' title='bbox 2839 4879 2951 4932; x_wconf 78' lang='lat' dir='ltr'><strong>ﬁeri</strong></span> <span class='ocrx_word' id='word_1_744' title='bbox 2997 4889 3137 4945; x_wconf 79' lang='lat' dir='ltr'><strong>s:cpe</strong></span> <span class='ocrx_word' id='word_1_745' title='bbox 3165 4869 3667 4959; x_wconf 43' lang='lat' dir='ltr'><strong>promiserat;_sed’</strong></span> 
     </span>
    </p>
   </div>
   <div class='ocr_carea' id='block_1_109' title="bbox 2082 4957 3648 5048">
    <p class='ocr_par' dir='ltr' id='par_1_109' title="bbox 2082 4957 3648 5048">
     <span class='ocr_line' id='line_1_109' title="bbox 2082 4957 3648 5048; baseline -0.017 -12"><span class='ocrx_word' id='word_1_746' title='bbox 2082 4957 2296 5048; x_wconf 80' lang='lat' dir='ltr'><strong>semper</strong></span> <span class='ocrx_word' id='word_1_747' title='bbox 2351 4973 2726 5029; x_wconf 88' lang='lat' dir='ltr'><strong>excusationes</strong></span> <span class='ocrx_word' id='word_1_748' title='bbox 2774 4966 3094 5036; x_wconf 90' lang='lat' dir='ltr'><strong>quibusdam</strong></span> <span class='ocrx_word' id='word_1_749' title='bbox 3145 4961 3297 5030; x_wconf 90' lang='lat' dir='ltr'><strong>quasi</strong></span> <span class='ocrx_word' id='word_1_750' title='bbox 3345 4957 3648 5048; x_wconf 76' lang='lat' dir='ltr'><strong>rationibus</strong></span> 
     </span>
    </p>
   </div>
   <div class='ocr_carea' id='block_1_110' title="bbox 2079 5044 3668 5126">
    <p class='ocr_par' dir='ltr' id='par_1_110' title="bbox 2079 5044 3668 5126">
     <span class='ocr_line' id='line_1_110' title="bbox 2079 5044 3668 5126; baseline -0.017 -2"><span class='ocrx_word' id='word_1_751' title='bbox 2079 5044 2346 5124; x_wconf 75' lang='lat' dir='ltr'><strong>coloratas</strong></span> <span class='ocrx_word' id='word_1_752' title='bbox 2371 5062 2662 5119; x_wconf 87' lang='lat' dir='ltr'><strong>obtendere</strong></span> <span class='ocrx_word' id='word_1_753' title='bbox 2689 5057 2990 5126; x_wconf 88' lang='lat' dir='ltr'><strong>satagebat.</strong></span> <span class='ocrx_word' id='word_1_754' title='bbox 3013 5050 3313 5120; x_wconf 84' lang='lat' dir='ltr'><strong>Aliquando</strong></span> <span class='ocrx_word' id='word_1_755' title='bbox 3361 5048 3540 5100; x_wconf 90' lang='lat' dir='ltr'><strong>mitius</strong></span> <span class='ocrx_word' id='word_1_756' title='bbox 3563 5044 3668 5098; x_wconf 56' lang='lat' dir='ltr'><strong>fea,</strong></span> 
     </span>
    </p>
   </div>
   <div class='ocr_carea' id='block_1_111' title="bbox 2078 5138 3643 5221">
    <p class='ocr_par' dir='ltr' id='par_1_111' title="bbox 2078 5138 3643 5221">
     <span class='ocr_line' id='line_1_111' title="bbox 2078 5138 3643 5221; baseline -0.015 -7"><span class='ocrx_word' id='word_1_757' title='bbox 2078 5160 2282 5221; x_wconf 90' lang='lat' dir='ltr'><strong>briens,</strong></span> <span class='ocrx_word' id='word_1_758' title='bbox 2315 5172 2400 5211; x_wconf 90' lang='lat' dir='ltr'><strong>me</strong></span> <span class='ocrx_word' id='word_1_759' title='bbox 2427 5152 2637 5209; x_wconf 91' lang='lat' dir='ltr'><strong>vocavit</strong></span> <span class='ocrx_word' id='word_1_760' title='bbox 2663 5149 2728 5202; x_wconf 90' lang='lat' dir='ltr'><strong>ad</strong></span> <span class='ocrx_word' id='word_1_761' title='bbox 2757 5163 2845 5210; x_wconf 86' lang='lat' dir='ltr'><strong>se;</strong></span> <span class='ocrx_word' id='word_1_762' title='bbox 2869 5147 2952 5200; x_wconf 93' lang='lat' dir='ltr'><strong>eui</strong></span> <span class='ocrx_word' id='word_1_763' title='bbox 2970 5145 3244 5206; x_wconf 90' lang='lat' dir='ltr'><strong>nimirum,</strong></span> <span class='ocrx_word' id='word_1_764' title='bbox 3269 5149 3328 5194; x_wconf 92' lang='lat' dir='ltr'><strong>ut</strong></span> <span class='ocrx_word' id='word_1_765' title='bbox 3349 5138 3643 5192; x_wconf 82' lang='lat' dir='ltr'><strong>monachus</strong></span> 
     </span>
    </p>
   </div>
   <div class='ocr_carea' id='block_1_112' title="bbox 2080 5231 3646 5316">
    <p class='ocr_par' dir='ltr' id='par_1_112' title="bbox 2080 5231 3646 5316">
     <span class='ocr_line' id='line_1_112' title="bbox 2080 5231 3646 5316; baseline -0.013 -12"><span class='ocrx_word' id='word_1_766' title='bbox 2080 5251 2252 5312; x_wconf 86' lang='lat' dir='ltr'><strong>lieret,</strong></span> <span class='ocrx_word' id='word_1_767' title='bbox 2282 5262 2402 5302; x_wconf 91' lang='lat' dir='ltr'><strong>cum</strong></span> <span class='ocrx_word' id='word_1_768' title='bbox 2432 5261 2532 5316; x_wconf 83' lang='lat' dir='ltr'><strong>ego</strong></span> <span class='ocrx_word' id='word_1_769' title='bbox 2563 5243 2820 5297; x_wconf 87' lang='lat' dir='ltr'><strong>violenter</strong></span> <span class='ocrx_word' id='word_1_770' title='bbox 2863 5241 3187 5300; x_wconf 89' lang='lat' dir='ltr'><strong>insisterem,</strong></span> <span class='ocrx_word' id='word_1_771' title='bbox 3225 5235 3359 5289; x_wconf 88' lang='lat' dir='ltr'><strong>velle</strong></span> <span class='ocrx_word' id='word_1_772' title='bbox 3387 5249 3444 5288; x_wconf 90' lang='lat' dir='ltr'><strong>se</strong></span> <span class='ocrx_word' id='word_1_773' title='bbox 3467 5231 3646 5301; x_wconf 89' lang='lat' dir='ltr'><strong>perhi-</strong></span> 
     </span>
    </p>
   </div>
   <div class='ocr_carea' id='block_1_113' title="bbox 2080 5318 3642 5400">
    <p class='ocr_par' dir='ltr' id='par_1_113' title="bbox 2080 5318 3642 5400">
     <span class='ocr_line' id='line_1_113' title="bbox 2080 5318 3642 5400; baseline -0.014 -8"><span class='ocrx_word' id='word_1_774' title='bbox 2080 5340 2270 5400; x_wconf 87' lang='lat' dir='ltr'><strong>bebat;</strong></span> <span class='ocrx_word' id='word_1_775' title='bbox 2297 5345 2352 5390; x_wconf 92' lang='lat' dir='ltr'><strong>et</strong></span> <span class='ocrx_word' id='word_1_776' title='bbox 2397 5345 2572 5389; x_wconf 89' lang='lat' dir='ltr'><strong>tamen</strong></span> <span class='ocrx_word' id='word_1_777' title='bbox 2600 5343 2656 5386; x_wconf 91' lang='lat' dir='ltr'><strong>ut</strong></span> <span class='ocrx_word' id='word_1_778' title='bbox 2683 5347 2778 5400; x_wconf 87' lang='lat' dir='ltr'><strong>per</strong></span> <span class='ocrx_word' id='word_1_779' title='bbox 2810 5330 3068 5400; x_wconf 89' lang='lat' dir='ltr'><strong>quasdam</strong></span> <span class='ocrx_word' id='word_1_780' title='bbox 3098 5327 3384 5380; x_wconf 87' lang='lat' dir='ltr'><strong>verborum</strong></span> <span class='ocrx_word' id='word_1_781' title='bbox 3426 5318 3542 5388; x_wconf 88' lang='lat' dir='ltr'><strong>ejus</strong></span> <span class='ocrx_word' id='word_1_782' title='bbox 3574 5320 3642 5372; x_wconf 83' lang='lat' dir='ltr'><strong>ri-</strong></span> 
     </span>
    </p>
   </div>
   <div class='ocr_carea' id='block_1_114' title="bbox 2082 5408 3644 5494">
    <p class='ocr_par' dir='ltr' id='par_1_114' title="bbox 2082 5408 3644 5494">
     <span class='ocr_line' id='line_1_114' title="bbox 2082 5408 3644 5494; baseline -0.012 -13"><span class='ocrx_word' id='word_1_783' title='bbox 2082 5444 2196 5482; x_wconf 88' lang='lat' dir='ltr'><strong>mas</strong></span> <span class='ocrx_word' id='word_1_784' title='bbox 2225 5439 2506 5494; x_wconf 89' lang='lat' dir='ltr'><strong>erumpere</strong></span> <span class='ocrx_word' id='word_1_785' title='bbox 2529 5423 2826 5484; x_wconf 86' lang='lat' dir='ltr'><strong>videbatur,</strong></span> <span class='ocrx_word' id='word_1_786' title='bbox 2861 5434 2973 5474; x_wconf 91' lang='lat' dir='ltr'><strong>rem</strong></span> <span class='ocrx_word' id='word_1_787' title='bbox 3012 5416 3223 5470; x_wconf 77' lang='lat' dir='ltr'><strong>diII‘erre</strong></span> <span class='ocrx_word' id='word_1_788' title='bbox 3250 5412 3510 5468; x_wconf 85' lang='lat' dir='ltr'><strong>tentabat.</strong></span> <span class='ocrx_word' id='word_1_789' title='bbox 3545 5408 3644 5462; x_wconf 74' lang='lat' dir='ltr'><strong>Po—</strong></span> 
     </span>
    </p>
   </div>
   <div class='ocr_carea' id='block_1_115' title="bbox 2081 5501 3649 5584">
    <p class='ocr_par' dir='ltr' id='par_1_115' title="bbox 2081 5501 3649 5584">
     <span class='ocr_line' id='line_1_115' title="bbox 2081 5501 3649 5584; baseline -0.013 -14"><span class='ocrx_word' id='word_1_790' title='bbox 2081 5527 2285 5572; x_wconf 82' lang='lat' dir='ltr'><strong>stt-etne</strong></span> <span class='ocrx_word' id='word_1_791' title='bbox 2317 5515 2458 5584; x_wconf 89' lang='lat' dir='ltr'><strong>quod</strong></span> <span class='ocrx_word' id='word_1_792' title='bbox 2505 5517 2643 5581; x_wconf 89' lang='lat' dir='ltr'><strong>apud</strong></span> <span class='ocrx_word' id='word_1_793' title='bbox 2675 5527 2758 5565; x_wconf 90' lang='lat' dir='ltr'><strong>me</strong></span> <span class='ocrx_word' id='word_1_794' title='bbox 2789 5510 2960 5580; x_wconf 88' lang='lat' dir='ltr'><strong>magis</strong></span> <span class='ocrx_word' id='word_1_795' title='bbox 2980 5508 3233 5570; x_wconf 88' lang='lat' dir='ltr'><strong>obtinuit,</strong></span> <span class='ocrx_word' id='word_1_796' title='bbox 3258 5506 3364 5558; x_wconf 88' lang='lat' dir='ltr'><strong>ait:</strong></span> <span class='ocrx_word' id='word_1_797' title='bbox 3394 5503 3503 5572; x_wconf 84' lang='lat' dir='ltr'><strong>Ego</strong></span> <span class='ocrx_word' id='word_1_798' title='bbox 3531 5501 3649 5568; x_wconf 73' lang='lat' dir='ltr'><strong>qui-</strong></span> 
     </span>
    </p>
   </div>
   <div class='ocr_carea' id='block_1_116' title="bbox 2079 5595 3642 5676">
    <p class='ocr_par' dir='ltr' id='par_1_116' title="bbox 2079 5595 3642 5676">
     <span class='ocr_line' id='line_1_116' title="bbox 2079 5595 3642 5676; baseline -0.011 -15"><span class='ocrx_word' id='word_1_799' title='bbox 2079 5608 2226 5669; x_wconf 91' lang='lat' dir='ltr'><strong>dem,</strong></span> <span class='ocrx_word' id='word_1_800' title='bbox 2253 5616 2426 5676; x_wconf 89' lang='lat' dir='ltr'><strong>pater,</strong></span> <span class='ocrx_word' id='word_1_801' title='bbox 2458 5603 2715 5674; x_wconf 88' lang='lat' dir='ltr'><strong>quidquid</strong></span> <span class='ocrx_word' id='word_1_802' title='bbox 2745 5603 3009 5671; x_wconf 61' lang='lat' dir='ltr'><strong>praecipis,</strong></span> <span class='ocrx_word' id='word_1_803' title='bbox 3038 5601 3414 5654; x_wconf 85' lang='lat' dir='ltr'><strong>incunctanter</strong></span> <span class='ocrx_word' id='word_1_804' title='bbox 3433 5595 3642 5648; x_wconf 84' lang='lat' dir='ltr'><strong>obtem-</strong></span> 
     </span>
    </p>
   </div>
   <div class='ocr_carea' id='block_1_117' title="bbox 2081 5686 3642 5767">
    <p class='ocr_par' dir='ltr' id='par_1_117' title="bbox 2081 5686 3642 5767">
     <span class='ocr_line' id='line_1_117' title="bbox 2081 5686 3642 5767; baseline -0.014 -13"><span class='ocrx_word' id='word_1_805' title='bbox 2081 5713 2243 5767; x_wconf 90' lang='lat' dir='ltr'><strong>pero;</strong></span> <span class='ocrx_word' id='word_1_806' title='bbox 2274 5703 2642 5750; x_wconf 85' lang='lat' dir='ltr'><strong>verumtamen</strong></span> <span class='ocrx_word' id='word_1_807' title='bbox 2688 5693 2808 5748; x_wconf 90' lang='lat' dir='ltr'><strong>nolo</strong></span> <span class='ocrx_word' id='word_1_808' title='bbox 2841 5702 2893 5746; x_wconf 91' lang='lat' dir='ltr'><strong>te</strong></span> <span class='ocrx_word' id='word_1_809' title='bbox 2924 5693 3106 5754; x_wconf 88' lang='lat' dir='ltr'><strong>lateat,</strong></span> <span class='ocrx_word' id='word_1_810' title='bbox 3137 5689 3298 5760; x_wconf 77' lang='lat'><strong>697</strong></span> <span class='ocrx_word' id='word_1_811' title='bbox 3350 5686 3472 5755; x_wconf 87' lang='lat' dir='ltr'><strong>quia</strong></span> <span class='ocrx_word' id='word_1_812' title='bbox 3520 5697 3642 5735; x_wconf 77' lang='lat' dir='ltr'><strong>mox</strong></span> 
     </span>
    </p>
   </div>
   <div class='ocr_carea' id='block_1_118' title="bbox 2083 5779 3644 5855">
    <p class='ocr_par' dir='ltr' id='par_1_118' title="bbox 2083 5779 3644 5855">
     <span class='ocr_line' id='line_1_118' title="bbox 2083 5779 3644 5855; baseline -0.012 -14"><span class='ocrx_word' id='word_1_813' title='bbox 2083 5797 2142 5841; x_wconf 86' lang='lat' dir='ltr'><strong>ut</strong></span> <span class='ocrx_word' id='word_1_814' title='bbox 2166 5803 2263 5855; x_wconf 81' lang='lat' dir='ltr'><strong>ego</strong></span> <span class='ocrx_word' id='word_1_815' title='bbox 2290 5786 2463 5841; x_wconf 89' lang='lat' dir='ltr'><strong>factus</strong></span> <span class='ocrx_word' id='word_1_816' title='bbox 2503 5783 2652 5839; x_wconf 85' lang='lat' dir='ltr'><strong>fuero</strong></span> <span class='ocrx_word' id='word_1_817' title='bbox 2679 5783 2992 5855; x_wconf 84' lang='lat' dir='ltr'><strong>monachus,</strong></span> <span class='ocrx_word' id='word_1_818' title='bbox 3025 5782 3216 5850; x_wconf 54' lang='grc' dir='ltr'>[ιι-ξυιυς</span> <span class='ocrx_word' id='word_1_819' title='bbox 3244 5790 3454 5845; x_wconf 85' lang='lat' dir='ltr'><strong>quoque</strong></span> <span class='ocrx_word' id='word_1_820' title='bbox 3481 5779 3644 5840; x_wconf 88' lang='lat' dir='ltr'><strong>atque</strong></span> 
     </span>
    </p>
   </div>
  </div>
