4138 6320
491 383 591 442 671

952 386 1009 439 S.
1042 383 1243 439 PETRI
1279 378 1558 435 DAMIANI
1593 377 1741 434 OPP.
1786 374 2020 432 TOMUS
2056 372 2186 428 SEU
2225 374 2403 430 PARS
2440 376 2524 432 Ill.
2550 374 3000 439 —0PUSCULA
3039 372 3268 429 VARIA.

3629 371 3734 427 672

498 502 700 572 rapinis
720 501 834 556 hanc
863 497 1238 570 proculdubio
1286 495 1492 566 patebit
1539 493 1801 558 Ecclesia;
1850 491 2070 560 insuper
2098 493 2143 549 Α
2172 487 2343 559 elligie
2374 490 2647 559 pauperis,
2694 496 2749 542 et
2786 496 3037 555 umquam
3075 482 3284 553 prolixo
3317 481 3432 551 jam
3465 481 3616 537 crine
3640 482 3735 539 de-

490 603 545 648 et
592 591 957 663 possessiones
1006 589 1142 658 ejus,
1181 594 1237 642 et
1284 585 1483 656 prmdia
1536 582 1747 638 scelesti
1814 581 2062 636 homines

490 678 749 736 radicitus
770 680 1165 749 exstirpabunt.
1192 674 1304 730 Hoc
1328 689 1460 744 ergo
1480 672 1728 734 audiens,
1766 671 1890 726 dum
1915 668 2065 724 deluo

493 787 584 827 sus
622 768 880 825 Ecclesiae
906 776 1012 821 tant
1055 764 1407 835 periclitanti,
1455 762 1590 831 proh
1627 759 1816 821 dolor!
1872 758 2065 812 animat

497 874 599 916 non
633 858 876 928 prtevidi.
921 855 1200 910 Recedens
1246 854 1408 924 igitur
1436 851 1562 915 sibi,
1590 850 1810 919 suisque
1839 845 2064 902 manda-

493 960 606 1003 tum
642 947 786 1011 dedi,
810 945 942 999 utsi
988 943 1213 1014 languor
1264 941 1605 1010 aliquatenus
1642 939 2065 1009 ingravesceret,

493 1035 740 1091 autmibi
797 1049 894 1105 per
935 1030 1170 1101 iudicem
1206 1030 1452 1101 protinus
1502 1028 1924 1089 innotescerent,
1975 1032 2069 1078 aut

494 1126 644 1181 illtttn
675 1123 742 1177 ad
772 1121 1159 1177 monasterium
1186 1134 1293 1174 non
1315 1119 1473 1189 longe
1508 1116 1743 1188 positum
1769 1113 2064 1169 deferrent.

567 1216 733 1270 Porro
782 1222 961 1269 autem
1010 1222 1295 1282 postquam
1337 1224 1437 1282 ego
1477 1207 1698 1273 recessi,
1746 1205 1915 1261 frater
1950 1204 2068 1273 ejus

494 1306 613 1361 hmo
646 1304 775 1359 mihi
810 1320 905 1373 per
939 1280 1185 1357 nuntium
1215 1280 1520 1371 delegavit:
1558 1299 1818 1353 Dominus
1850 1297 2068 1366 quidem

496 1411 669 1462 meus,
701 1405 764 1451 ut
802 1409 1104 1465 speramus,
1146 1408 1242 1462 per
1278 1393 1515 1447 divinam
1553 1389 1894 1445 clementiam
1937 1404 2071 1443 con~

496 1484 758 1549 valescct;
794 1490 1161 1537 verumtamen
1203 1481 1392 1536 hortor
1427 1488 1486 1534 ut
1516 1478 1804 1535 revertaris
1830 1478 1898 1533 ad
1920 1492 2066 1543 eum,

499 1575 604 1629 hoc
644 1573 851 1629 scilicet
885 1573 1094 1632 ordine,
1138 1579 1196 1624 ut
1230 1569 1481 1626 videlicet
1517 1567 1795 1623 Dominico
1827 1568 1913 1622 die
1945 1583 2070 1637 pro-

495 1663 950 1736 pius-aecedeudo
982 1662 1048 1716 ad
1076 1660 1382 1716 coenobium
1420 1661 1480 1714 Β.
1512 1657 1803 1722 Vincentii,
1833 1657 1974 1726 quod
2004 1658 2071 1712 ab

496 1755 806 1824 episcopatu
846 1753 933 1806 vix
964 1752 1203 1821 quinque
1223 1750 1489 1822 lapidibus
1516 1749 1698 1814 distat,
1735 1748 2068 1818 requiescas.

2163 576 2358 632 formis
2381 579 2575 648 egebat
2600 586 2717 632 arte
2746 575 3001 631 tonsoris.
3032 574 3125 628 llle
3148 573 3391 644 protinus
3420 582 3737 628 reverenter

2165 679 2477 737 assurgens,
2524 667 2664 721 inter
2708 676 2903 721 caetera
2945 662 3195 718 oliieiosaa
3236 662 3593 717 humanitatis
3630 662 3738 717 im-

2164 755 2356 824 pendia
2392 754 2556 823 coepit
2595 753 2745 807 illunt
2782 752 3076 822 forcipibus
3112 750 3428 817 attendere;
3466 750 3563 805 sed
3606 750 3738 806 dum

2169 853 2351 900 tornat
2378 860 2441 900 ac
2468 846 2697 914 satagit,
2726 858 2864 905 ecce,
2891 842 3091 911 reperit
3119 841 3252 896 duos
3281 841 3335 895 in
3360 839 3616 910 occipitio
3637 840 3738 897 sub

2162 935 2408 992 crinibus
2427 934 2612 991 oculos
2632 934 2927 989 latitantes.
2953 931 3183 1001 Expavit
3204 931 3389 995 homo,
3412 939 3741 1009 stupensqtte

2167 1027 2520 1092 contremuit,
2563 1024 2961 1095 etquidtvellet
3009 1038 3132 1079 esse
3162 1022 3305 1091 quod
3360 1030 3608 1077 cerneret
3640 1037 3737 1093 pa-

2168 1117 2324 1172 vidus
2366 1117 2639 1187 inquisivit
2659 1133 2686 1182 ;.
2706 1116 2792 1172 cui
2827 1130 2953 1170 mox
2984 1112 3074 1168 ille
3118 1130 3132 1167 :
3175 1112 3309 1183 Ego,
3354 1109 3742 1182 inquit,.Jestts

2167 1224 2352 1272 vocor,
2382 1209 2474 1279 qui
2503 1208 2738 1277 undique
2765 1215 2959 1280 cuncta
2987 1202 3354 1273 contemplor;
3393 1211 3450 1258 et
3484 1203 3585 1258 isti-
3602 1211 3727 1258 sunt

2167 1299 2331 1364 oculi,
2355 1299 2553 1368 quibus
2576 1298 2741 1353 etiam
2775 1311 2926 1351 suem
2958 1295 3090 1358 vidi,
3120 1308 3283 1363 quem
3306 1306 3476 1362 nuper
3501 1293 3557 1347 in
3579 1306 3741 1347 cavea

2169 1387 2516 1453 conclusisti;
2561 1399 2794 1456 moxque
2825 1383 3106 1454 disparuit.
3154 1382 3248 1436 llle
3277 1381 3521 1452 protinus
3549 1379 3616 1434 ad
3651 1393 3746 1436 cor

2172 1480 2406 1544 rediens,
2455 1488 2511 1533 et
2549 1477 2787 1532 divinam
2823 1476 2969 1531 circa
3010 1489 3069 1530 se
3110 1472 3452 1529 clementiam
3488 1486 3748 1542 recogno-

2170 1571 2267 1633 vit,
2301 1578 2357 1624 et
2379 1569 2523 1638 quod
2553 1568 2734 1637 inique
2760 1574 3175 1637 prtesumpserat
3231 1563 3596 1619 satisfactione
3614 1578 3747 1633 pur-

2174 1659 2340 1731 gavit.
2391 1657 2497 1714 Sed
2540 1658 2632 1728 qui
2682 1658 2779 1714 tibi
2827 1665 2935 1711 tant
2983 1653 3222 1709 unanimi
3269 1652 3525 1709 fraternis
3560 1652 3752 1724 gratiae

2177 1750 2543 1807 familiaritate
2570 1747 2885 1820 conjungor,
2912 1748 3158 1811 obsecro,
3187 1761 3296 1800 non
3323 1753 3383 1799 te
3419 1745 3601 1814 pigeat
3649 1742 3751 1797 mi-

497 1843 905 1899 Secunda'vero
940 1840 1075 1896 feria
1106 1834 1372 1897 maturius
1400 1855 1651 1910 surgens,
1684 1855 1748 1895 ac
1778 1839 2072 1895 matutinas
2104 1840 2146 1899 Β
2174 1845 2381 1901 nimum
2417 1844 2545 1915 quid
2580 1843 2770 1898 audire
2807 1842 2952 1912 quod
2992 1840 3201 1909 loquor.
3242 1839 3301 1893 In
3338 1839 3442 1894 hoc
3476 1837 3622 1893 enim
3657 1851 3751 1892 co-

497 1934 685 1989 laudes
714 1934 956 1989 suaviter
986 1932 1279 2002 equitando
1308 1932 1640 2002 persolvens,
1687 1931 1754 1989 ad
1796 1946 1894 1989 nos
1935 1930 2074 1988 dilu-

507 2023 629 2079 culo
673 2021 910 2091 noudum
941 2019 1149 2091 plenius
1180 2021 1452 2075 diescente
1492 2022 1795 2092 pertingas;
1837 2029 1891 2077 et
1931 2028 2076 2091 post-

497 2112 616 2167 haec
648 2109 837 2165 venire
867 2118 938 2174 te,
969 2123 1172 2178 quaeso,
1204 2124 1310 2163 non
1352 2110 1551 2178 pigeat.
1593 2108 1728 2163 Nam
1765 2109 1812 2164 si
1838 2109 2072 2174 veneris,

503 2199 577 2254 tui
606 2198 762 2253 labor
786 2197 997 2252 itineris
1023 2198 1461 2266 compensatione
1483 2213 1721 2269 congrua
1751 2214 1859 2253 non
1890 2198 2075 2268 priva-

497 2290 668 2346 bitur.
707 2290 823 2346 Hoc
871 2290 1118 2345 ultimum
1164 2305 1263 2360 ego
1306 2290 1550 2354 audiens,
1598 2291 1741 2346 illico
1784 2302 2079 2346 nauseatus

499 2383 780 2447 exhorrui,
813 2390 868 2438 et
901 2391 1155 2453 tanquam
1192 2383 1323 2438 mibi
1363 2398 1488 2452 spes
1515 2384 1739 2437 daretur
1768 2400 2075 2451 munerum,

501 2485 601 2542 pro
622 2470 870 2542 pecunias
891 2481 1099 2541 quaestu
1122 2472 1203 2528 ire
1233 2486 1318 2526 me
1349 2472 1594 2527 funditus
1623 2473 1917 2543 abnegavi;
1947 2488 2080 2528 con—

501 2561 726 2616 scicntia
751 2569 887 2616 teste
913 2576 1016 2616 non
1040 2562 1294 2627 mentior,
1319 2561 1495 2631 ipsum
1519 2577 1734 2631 quoque
1757 2577 1863 2618 non
1887 2554 2081 2618 leviter

503 2649 839 2707 conviciatus
869 2666 1013 2714 sum,
1057 2650 1203 2705 velut
1233 2650 1532 2705 inhonestae
1573 2650 1859 2721 legationis
1897 2661 2083 2707 aucto-

504 2754 643 2796 rem.
683 2740 890 2797 Rursus
932 2751 1111 2796 tamen
1153 2756 1239 2795 tne
1282 2742 1335 2795 itt
1384 2743 1701 2811 memetipso
1737 2743 2077 2814 recolligens,

508 2829 702 2886 timere
728 2831 889 2900 coepi,
923 2847 989 2885 ne
1020 2832 1064 2886 si
1095 2831 1183 2886 bic
1211 2832 1372 2886 homo
1415 2846 1481 2885 ex
1519 2832 1621 2888 hac
1658 2833 1770 2886 vita
1803 2834 2079 2899 transiret,

504 2931 595 2972 me
626 2918 967 2985 postmodum
1012 2918 1340 2973 conscientia
1380 2919 1719 2990 negligentiae
1749 2921 2080 2991 redarguens

504 3006 794 3065 cruciaret.
846 3006 986 3072 Quid
1035 3008 1215 3063 verbis
1266 3008 1559 3063 immorer?
1611 3008 1849 3065 Tandem
1899 3011 2081 3081 parui,

506 3104 803 3163 cunctaque
831 3096 971 3150 sicut
1009 3095 1098 3151 ille
1134 3097 1486 3151 mandaverat
1524 3112 1623 3166 per
1675 3098 1926 3153 ordinent
1973 3116 2085 3155 scr-

504 3199 658 3250 vatts,
698 3201 820 3241 cum
868 3188 954 3241 vix
1000 3188 1127 3242 dum
1168 3203 1363 3242 aurora
1400 3197 1801 3257 prorumperet,
1836 3190 2081 3244 ecclesia:
2110 3177 2154 3239 C

507 3273 686 3329 lumen
716 3275 1005 3330 accedendi
1048 3275 1112 3347 [Ῑ.
1149 3277 1309 3332 linten
1354 3277 1605 3348 accessi].
1657 3277 1764 3333 Sed
1791 3293 1919 3334 ecce
1958 3295 2079 3335 cum

506 3381 695 3423 onmes
738 3367 866 3422 hinc
907 3368 1033 3423 inde
1082 3377 1504 3438 perstreperent,
1552 3368 1710 3425 ﬂetus
1751 3380 1807 3425 et
1847 3370 2082 3440 ejulatus

505 3458 835 3524 emitterent,
879 3459 965 3513 vix
1011 3459 1220 3515 duobus
1259 3461 1642 3517 assistentibus
1686 3465 1890 3531 pueris.
1941 3465 2082 3518 intra

508 3548 811 3604 cubiculum
840 3549 1071 3605 cadaver
1097 3551 1334 3621 episcopi
1356 3551 1573 3619 jacebat
1593 3555 1860 3608 exanime.
1886 3553 1944 3607 In
1975 3570 2084 3623 quo

508 3638 765 3694 nimirum
825 3654 973 3706 casu,
1034 3656 1097 3696 ac
1152 3656 1365 3697 summo
1412 3644 1591 3698 studio
1639 3643 2079 3712 perpendendum

509 3739 712 3800 quanta
750 3731 1011 3786 adversus
1036 3731 1279 3788 incautos
1307 3732 1466 3802 hujus
1505 3734 1629 3788 vitae
1655 3734 1943 3788 dilectores
1974 3733 2085 3786 cal-

509 3822 617 3875 lida
653 3822 1035 3878 machinatoris
1063 3824 1349 3879 insidietur
1375 3825 1597 3880 astutia.
1630 3825 1898 3880 Accurate
1937 3824 2085 3879 scili-

513 3922 599 3967 cet
625 3920 682 3967 et
719 3921 908 3984 argute
943 3913 1073 3969 illud
1105 3915 1235 3969 mihi
1266 3915 1529 3986 temporis
1569 3922 1828 3985 punctum
1864 3929 1961 3985 per
1988 3929 2085 3968 ora

514 4004 843 4057 mittentiuut
898 4004 1176 4060 constituit
1227 4016 1285 4058 ut
1335 4007 1599 4069 venirem,
1651 4006 1794 4074 quod
1845 4003 2085 4074 cpisc0pi

515 4109 662 4147 mors
705 4093 976 4162 inopinata
1010 4097 1358 4164 praecederet,
1401 4105 1460 4150 ut
1487 4105 1541 4151 et
1573 4094 1718 4151 illius
1749 4109 1834 4150 me
1876 4108 2084 4165 praeve-

513 4184 655 4237 niret
687 4198 931 4248 occasus,
967 4195 1020 4239 et
1060 4199 1207 4239 meos
1246 4185 1603 4240 frustraretur
1626 4187 1910 4241 adventus.
1943 4186 2084 4254 Quid

508 4289 638 4345 ergo
666 4277 879 4345 prodest
902 4275 1043 4344 quod
1071 4278 1195 4330 dum
1219 4277 1286 4329 ad
1309 4278 1678 4332 conversionis
1704 4278 1935 4348 gratiam
1962 4292 2084 4347 pro-

514 4379 786 4428 vocamur,
820 4366 1066 4435 elypeum
1094 4352 1247 4419 nebis
1273 4365 1638 4420 excusationis
1671 4380 1889 4434 semper
1916 4379 2087 4433 oppo-

514 4454 711 4515 nimus,
736 4463 789 4508 et
815 4466 1067 4523 tauquam
1100 4455 1240 4509 Deus
1269 4454 1481 4509 iutcrne
1520 4471 1624 4508 non
1657 4453 1860 4515 videat,
1889 4467 2079 4506 neces-

514 4544 736 4599 sitatum
768 4558 871 4598 neu
901 4544 1204 4613 urgentium
1240 4542 1497 4597 fabricam
1525 4542 1911 4611 compilatnus?
1949 4540 2084 4595 Nam
2116 4516 2162 4574 ι)

517 4632 637 4693 cum
671 4649 862 4706 parvas
887 4636 1158 4705 quaslibet
1187 4652 1275 4691 res
1316 4636 1470 4691 nobis
1499 4633 1696 4703 injuste
1735 4634 1978 4690 sublatas
2006 4635 2087 4690 di-

514 4727 703 4783 stricte
725 4725 1013 4795 dijudicet;
1047 4728 1375 4782 credendum
1405 4734 1484 4781 est
1543 4726 1686 4795 quod
1718 4725 1989 4782 hominem
2016 4727 2089 4782 si-

516 4819 684 4874 bimet
738 4819 1026 4885 subtrahi,
1080 4821 1370 4889 pretiosam
1427 4819 1633 4875 scilicet
1682 4819 2087 4886 substantiam,

517 4910 888 4977 aequanimiter
917 4908 1117 4965 ferret?

1133 5000 1362 5058 CAPUT
1407 5000 1469 5056 ν.

608 5099 803 5154 Christi
824 5103 1148 5171 providentia
1177 5119 1301 5172 erga
1334 5100 1781 5173 eleemosynarum
1806 5101 1999 5172 furem.

589 5189 773 5244 Dicam
798 5192 938 5260 quod
971 5192 1102 5247 mihi
1141 5191 1526 5261 Guarimpotus
1550 5206 1740 5259 senex,
1779 5192 1863 5246 vir
1903 5191 2092 5247 videli-

517 5284 603 5333 cet
628 5278 1061 5345 honestissinms,
1090 5281 1331 5349 apprime
1357 5280 1550 5335 litteris
1579 5280 1822 5334 eruditus
1860 5295 1924 5334 ae
1973 5294 2090 5335 me-

516 5369 688 5433 dicus,
717 5369 924 5423 retulit:
949 5369 1198 5437 Quidam,
1227 5370 1421 5439 inquit,
1450 5371 1684 5424 alienum
1707 5384 1858 5423 suem
1887 5367 2087 5424 furtive

516 5459 807 5529 subripuit,
834 5469 890 5516 et
911 5475 1088 5515 cavea:
1114 5461 1479 5516 clandestinus
1507 5460 1742 5516 inclusit.
1772 5459 1868 5514 Vir
1906 5467 2083 5514 tamen

519 5553 608 5608 ille
632 5552 851 5622 pietatis
886 5552 1138 5622 operibus
1175 5552 1416 5608 intentus
1453 5559 1817 5607 consueverat
1840 5565 1989 5616 esse,
2034 5559 2089 5605 et

518 5643 787 5714 przccipue
823 5644 1209 5699 humanitatem
1236 5643 1538 5715 peregrinis
1572 5656 1625 5697 et
1662 5644 1967 5713 hospitibus
2004 5656 2090 5697 se—

520 5734 675 5791 dulus
700 5735 1005 5792 exhibebat.
1037 5733 1206 5806 698
1237 5734 1445 5792 Interea
1485 5735 1636 5792 adest
1673 5735 1824 5793 dives
1849 5732 2005 5792 Jesus
2034 5735 2088 5791 in

2175 1937 2380 2009 piosior
2445 1933 2618 2007 gratia
2672 1948 2821 2005 pura:
2876 1948 2939 1988 ac
2985 1947 3092 1987 non
3148 1938 3411 2000 suspectae
3463 1925 3752 1981 cltaritatis

2176 2026 2503 2090 ostenditur,
2545 2025 2591 2079 si
2635 2024 2898 2094 quidquid
2931 2022 3079 2078 venit
3124 2021 3178 2076 itt
3221 2027 3476 2086 mentem,
3508 2032 3613 2077 non
3644 2024 3751 2075 tam

2179 2117 2386 2172 urbane
2416 2122 2578 2187 quam
2600 2113 2920 2186 simpliciter
2947 2110 3239 2181 proferam.

2784 2202 3011 2265 CAPUT
3052 2203 3140 2258 Vl.

2181 2301 2471 2357 Pambom‘s
2506 2301 2734 2356 Romani
2765 2300 2965 2372 furtum
3014 2298 3158 2369 furto
3200 2297 3450 2354 divinitus
3490 2296 3752 2368 punitum.

2249 2394 2409 2451 Certe
2443 2395 2524 2449 vir
2550 2394 2792 2464 quidam,
2825 2391 3044 2447 nomine
3078 2389 3307 2456 Pambo,
3334 2389 3513 2444 clarus
3539 2388 3757 2458 quidem

2180 2499 2401 2557 genere,
2438 2483 2533 2538 sed
2578 2482 2754 2537 tenuis
2788 2474 3065 2546 facultate,
3094 2478 3281 2534 Romae
3317 2477 3669 2542 constitutus,
3700 2477 3756 2531 in

2182 2587 2290 2627 uno
2326 2585 2535 2626 mecum
2571 2568 2896 2624 versabatur
2925 2567 3180 2638 hospitio,
3201 2581 3323 2622 cum
3352 2566 3637 2621 Heinricus
3657 2566 3759 2634 piae

2183 2661 2459 2717 memoriae
2498 2675 2615 2724 rex,
2664 2656 2923 2714 coronam
2969 2659 3208 2727 suscepit
3249 2656 3482 2725 imperii.
3526 2654 3584 2709 lu
3625 2654 3760 2725 ipsis

2182 2762 2365 2808 autem
2394 2751 2595 2823 vigiliis
2624 2750 2919 2805 Dominicaa
2947 2747 3276 2812 Nativitatis,
3304 2746 3621 2816 propinqua:
3642 2743 3758 2813 jam

2183 2842 2328 2898 nocti
2359 2841 2766 2896 imminentibus
2806 2835 3061 2903 tenebris,
3090 2852 3197 2892 non
3228 2850 3429 2905 parvus
3468 2848 3758 2904 porcorum

2184 2947 2317 3006 grex
2356 2950 2454 3005 per
2486 2934 2699 3005 longam
2737 2933 3099 2988 nundinarum
3134 2929 3403 3000 porticum
3442 2927 3760 2983 ducebatur.

2186 3024 2338 3082 Tunc
2365 3025 2621 3096 praefatus
2652 3024 2857 3079 Pambo
2903 3023 3046 3078 inter
3084 3036 3252 3092 opaca
3292 3018 3562 3074 venalium
3596 3031 3760 3071 unum

2185 3133 2217 3172 e
2247 3117 2426 3187 porcis
2455 3116 2668 3170 irruens
2692 3115 3006 3185 arpaxavit,I
3030 3112 3217 3168 fauces
3257 3127 3326 3165 ne
3354 3109 3639 3180 grunniret
3667 3107 3763 3162 ob-

2184 3210 2434 3273 strinxit;
2462 3209 2649 3277 sicque
2683 3206 3112 3279 gratulabundus
3145 3204 3212 3258 ad
3240 3203 3437 3269 socios,
3466 3210 3528 3256 ut
3558 3200 3611 3254 in
3641 3213 3765 3254 cra-

2186 3298 2386 3354 stinum
2433 3304 2740 3367 pararetur,
2784 3295 3030 3351 abduxit.
3072 3294 3420 3349 lllucescente
3462 3293 3646 3360 itaque
3677 3300 3768 3343 sa-

2185 3395 2469 3443 crosancta
2499 3387 2863 3450 solemnitate,
2898 3401 2995 3440 suo
3024 3384 3220 3439 fruitur
3245 3382 3468 3445 scelere,
3510 3390 3566 3436 et
3600 3380 3768 3436 satia-

2187 3486 2273 3533 tus
2317 3477 2554 3533 exsultat
2597 3478 2665 3532 de
2714 3478 2795 3532 sui
2842 3474 3085 3530 criminis
3132 3471 3472 3542 impunitate.
3530 3469 3770 3523 Putabat

2186 3568 2331 3620 enim
2365 3565 2613 3629 fortasse,
2646 3565 2789 3634 quod
2823 3564 2925 3619 boc
2968 3578 3073 3617 non
3114 3560 3420 3615 attenderet
3452 3560 3623 3622 Deus;
3668 3560 3767 3614 sed

2187 3658 2553 3725 subsequente
2593 3654 2838 3725 proxima
2869 3660 3044 3718 nocte,
3080 3651 3268 3706 didicit
3296 3651 3422 3719 quia
3454 3664 3617 3720 super
3639 3664 3765 3703 eum

2186 3748 2364 3803 divina
2397 3746 2680 3801 retributio
2720 3744 2978 3814 vigilavit.
3019 3741 3152 3797 Nam
3194 3742 3322 3796 dum
3365 3756 3564 3811 equum
3604 3748 3764 3794 suum

2188 3838 2330 3893 male
2371 3838 2685 3892 custodiens
2727 3836 3081 3902 obdormiret,
3123 3833 3301 3890 subito
3344 3830 3433 3886 fur
3473 3831 3761 3895 habenam,

2188 3944 2348 3998 quam
2382 3927 2469 3983 ille
2494 3928 2608 3983 suis
2635 3927 2953 3980 innexuerat
2981 3925 3247 3987 manibus,
3273 3928 3453 3976 astute
3482 3917 3760 3983 subduxit,

2188 4032 2492 4088 equumque
2520 4033 2643 4073 cum
2680 4016 2833 4071 freno
2858 4017 3046 4081 sumit,
3079 4024 3133 4070 et
3174 4014 3360 4070 sellam
3409 4010 3761 4081 transposuit.

2193 4110 2469 4180 Evigilans
2512 4110 2693 4179 itaque
2723 4108 2903 4164 subtili
2933 4122 2991 4163 se
3027 4108 3196 4162 sensit
3226 4104 3508 4159 multatum
3534 4100 3761 4171 judicio,

2190 4203 2317 4272 quia
2361 4217 2425 4256 ex
2467 4202 2656 4254 eadem
2696 4215 2855 4253 manu
2885 4213 2989 4268 qua
3030 4211 3251 4267 porcum
3298 4201 3574 4269 rapuerat,
3603 4199 3764 4246 aucto

2189 4292 2376 4348 fenore
2416 4290 2685 4345 caballum
2724 4290 2824 4345 sibi
2855 4290 3168 4357 subreptum
3198 4302 3317 4343 esse
3352 4286 3624 4356 cognovit.
3654 4282 3765 4339 Sed

2189 4381 2436 4451 quamvis
2476 4379 2529 4433 in
2574 4380 2677 4433 hoc
2707 4379 2923 4432 homine
2957 4392 2989 4432 e
3031 4378 3257 4448 vestigio
3298 4378 3370 4432 sit
3406 4376 3540 4431 ultio
3578 4383 3764 4430 secuta

2190 4483 2313 4542 post
2332 4472 2563 4541 culpam,
2594 4485 2699 4524 non
2722 4471 2917 4523 mirum
2950 4471 3092 4539 quod
3118 4485 3147 4522 a
3175 4469 3496 4538 quibusdam
3521 4465 3766 4536 reprobis

2191 4564 2477 4633 aliquando
2502 4576 2665 4632 pccna
2696 4560 2965 4625 diﬂ'ertur,
2995 4560 3215 4628 suisque
3242 4557 3768 4639 sceleribus‘diutius

2192 4653 2561 4724 pcrfrttuntur.
2597 4652 2749 4706 Sicut
2773 4651 2915 4705 enim
2946 4648 3227 4719 Scriptura
3258 4655 3489 4701 teetatur
3519 4687 3533 4711 ,
3590 4663 3610 4698 ι
3658 4645 3767 4699 Du-

2190 4752 2321 4798 cunt
2345 4743 2398 4796 in
2436 4742 2593 4796 bonis
2624 4741 2740 4795 dies
2768 4756 2914 4805 suos,
2944 4749 3000 4794 et
3029 4739 3079 4793 in
3116 4746 3317 4809 puncto
3338 4739 3404 4791 ad
3434 4737 3644 4792 inferna
3667 4738 3766 4792 dc—

2192 4831 2457 4887 sccndunt
2483 4830 2602 4901 (Job
2632 4830 2768 4896 xxi).
2805 4846 2823 4879 ι

2793 4917 3020 4973 CAPUT
3061 4917 3167 4973 vn.
3400 4985 3411 4991 _

2266 5011 2499 5066 Clericus
2528 5010 2830 5064 luxuriosus
2859 5025 2978 5064 cum
3018 5008 3200 5079 pellice
3242 5008 3482 5062 incendio
3516 5005 3692 5078 periit.

2265 5100 2486 5156 Memini
2514 5100 2688 5169 plane,
2718 5098 2841 5169 quia
2864 5115 2986 5154 cum
3012 5100 3154 5169 apud
3179 5098 3478 5153 Parmense
3508 5098 3765 5168 oppidum

2193 5190 2496 5245 liberalium
2537 5190 2732 5245 artium
2763 5191 2957 5245 studiis
2981 5190 3254 5245 docendus
3284 5190 3612 5254 insisterem,
3637 5189 3765 5242 dttm

2195 5282 2371 5336 adhuc
2402 5281 2649 5336 videlicet
2679 5281 2732 5335 itt
2766 5281 2882 5351 ipso
2912 5281 3293 5336 adolescentiae
3328 5279 3482 5345 ﬂore,
3527 5290 3584 5335 et
3627 5295 3762 5333 nova

2194 5369 2448 5439 pubertas
2492 5369 2738 5424 indueret
2772 5370 2940 5441 699
2977 5368 3194 5432 faciem,
3225 5378 3281 5423 et
3321 5379 3485 5423 tes-tus
3524 5367 3766 5424 libidinis

2194 5459 2514 5515 accenderet
2537 5475 2776 5524 carnem,
2807 5460 3035 5515 clericus
3057 5458 3299 5529 quidam,
3331 5458 3651 5513 Zeuzolinus
3671 5473 3766 5513 no-

2195 5550 2360 5614 mine,
2384 5550 2629 5621 pellicem
2651 5566 2802 5609 snam
2821 5552 2975 5622 juxta
3001 5567 3176 5606 meum
3202 5551 3762 5621 babebatbospitiunt.

2197 5649 2255 5696 ut
2281 5640 2450 5705 aiunt,
2478 5651 2697 5710 aspectu
2722 5641 2980 5696 lubricam
3029 5651 3082 5696 et
3111 5642 3392 5697 inhonesto
3417 5642 3551 5696 satis
3572 5642 3765 5697 decore

2196 5742 2497 5789 venustam.
2544 5731 2641 5788 Hic
2681 5734 2862 5803 itaque
2901 5732 3178 5800 nitidnlus,
3213 5743 3267 5788 et
3305 5748 3516 5804 semper
3542 5742 3781 5791 ornatus
