4138 6320
339 247 447 303 673

956 211 1217 297 orasc.
1243 213 1394 296 χιιι.
1435 272 1504 281 -
1543 241 1631 296 ne
1671 239 1807 297 non
1842 239 2204 297 FALLENDA
2244 241 2400 296 FIDE
2438 242 2572 299 nso
2608 241 3011 300 OBSTRlCTA.

3473 243 3574 296 67$

341 374 504 430 atque
529 335 850 426 conspicuus
886 354 1190 419 incedebat,
1217 327 1303 421 ita
1335 361 1395 406 ut
1431 360 1592 422 caput
1619 351 1733 422 ejus
1763 367 1902 407 nun—
1931 353 1979 411 A
2008 347 2120 402 luto
2147 350 2516 404 conversionis
2554 359 2658 405 tuae
2691 351 2894 416 debito,
2937 350 2991 404 in
3044 349 3191 405 soliis
3217 347 3571 418 judicantium

340 467 502 525 quam
549 449 651 504 nisi
695 446 996 518 gibellinica
1044 445 1200 515 pellis
1239 445 1540 512 obtegeret,
1594 442 1904 496 indumenta

340 541 643 604 earbasina,
674 548 836 608 atque
869 537 1107 590 niventia
1150 535 1325 603 siligio
1353 548 1452 602 per
1477 543 1648 587 artem
1689 531 1906 588 fullonis

341 630 605 692 inliceret,
639 627 855 682 calceus
894 631 1166 694 postremo
1201 623 1265 675 ad
1313 621 1531 690 aquilini
1577 619 1736 674 rostri
1787 635 1907 688 spe-

343 720 482 775 ciem
525 732 632 771 non
671 714 901 769 falleret.
933 711 1064 765 Erat
1114 710 1188 764 illi
1232 719 1493 779 prazterea
1525 724 1628 761 vox
1663 708 1906 777 gracilis,

343 806 526 862 suavis
551 821 615 860 ac
645 801 868 866 tinnula,
893 801 1027 854 adeo
1072 808 1134 852 ut
1166 798 1218 851 in
1240 797 1470 852 ecclesia
1501 796 1780 851 modulans
1808 811 1908 850 au-

346 895 605 952 dientium
637 893 800 949 corda
833 890 1106 951 mulceret,
1146 896 1200 942 et
1233 887 1523 941 astantium
1557 886 1609 939 in
1641 901 1699 940 se
1739 885 1910 954 plebis

343 1004 439 1044 ora
467 992 826 1042 converteret.
854 981 1116 1038 Amuebat
1135 987 1358 1046 uterque
1387 976 1617 1040 deliciis,
1647 976 1911 1030 rubebant

345 1091 440 1131 ora
470 1073 831 1136 ﬂammantia;
878 1070 1116 1140 quotidie
1156 1067 1437 1123 cachinnis
1485 1067 1710 1120 invicem
1751 1074 1913 1134 atque

347 1166 618 1230 ludibriis,
642 1164 918 1219 oculorum
940 1157 1159 1215 nutibus
1194 1165 1248 1212 et
1275 1156 1622 1211 scurrilitatis
1645 1155 1910 1210 illecebris

347 1256 555 1313 festivis
584 1252 998 1326 applandebant.

421 1347 516 1402 His
549 1361 677 1416 ergo
713 1343 866 1398 furiis
897 1358 958 1397 ac
984 1341 1206 1412 perditis
1248 1341 1506 1403 moribus,
1539 1338 1660 1408 quia
1687 1351 1912 1406 corpore

347 1439 630 1508 contiguus
661 1435 902 1498 aderam,
952 1440 1130 1486 mente
1167 1431 1490 1501 longinquus
1521 1444 1638 1483 esse
1675 1443 1779 1482 non
1819 1441 1912 1495 po-

348 1540 540 1583 teram.
574 1526 710 1592 Quid
742 1523 952 1579 dicam?
990 1523 1115 1590 quia
1145 1523 1270 1575 dum
1320 1522 1432 1574 haec
1458 1533 1757 1583 cernerem,
1790 1515 1916 1570 titil-

344 1618 508 1674 lantis
557 1616 781 1670 luxuriae
831 1613 1106 1667 molestias
1154 1611 1368 1682 pertuli,
1413 1626 1535 1666 cum
1576 1612 1736 1665 etiam
1768 1618 1915 1679 post-

348 1724 510 1779 quam
536 1708 601 1761 ad
627 1720 868 1760 eremum
897 1704 1042 1768 veni,
1073 1703 1312 1772 ejusdem
1358 1701 1610 1756 lenocinii
1649 1700 1909 1755 memoria
1943 1703 1986 1762 Β

348 1813 436 1852 me
478 1797 671 1866 schius
712 1793 1052 1864 colapbizare
1093 1799 1199 1847 non
1248 1792 1484 1856 destitit;
1516 1806 1680 1861 saepe,
1721 1789 1911 1852 fateor,

348 1888 479 1944 mihi
512 1887 774 1955 malignus
804 1887 976 1939 hostis
1011 1885 1110 1938 hoc
1137 1883 1354 1938 schema
1385 1883 1682 1953 proposuit,
1712 1891 1767 1936 et
1797 1882 1916 1936 illos

345 1994 468 2035 esse
498 1978 770 2034 feliccsac
815 1976 1172 2038 beatissimos,
1215 1975 1305 2044 qui
1344 1982 1450 2027 tam
1483 1973 1718 2043 jucunde
1767 1973 1914 2028 vive-

347 2079 494 2134 rent,
541 2067 868 2138 persuadere
917 2065 1162 2119 tentavit.
1209 2064 1316 2118 Sed
1365 2062 1524 2131 hujus
1571 2061 1916 2117 beatitudinis

349 2159 560 2215 initium
591 2157 844 2221 diximus,
877 2165 1272 2224 consequenter
1298 2155 1462 2210 etiam
1500 2169 1607 2224 quo
1645 2153 1749 2207 ﬁne
1787 2168 1917 2207 con-

346 2247 607 2302 cluserint
648 2253 970 2300 attexamus.
1023 2244 1158 2298 Nam
1205 2245 1330 2298 dum
1378 2259 1475 2312 per
1517 2243 1754 2312 quinque
1802 2242 1918 2297 fere

349 2353 610 2394 annorum
640 2336 805 2390 lustra
832 2336 884 2388 in
906 2335 1007 2389 hac
1037 2334 1312 2388 luxuriosa
1334 2333 1607 2402 voluptate
1635 2333 1914 2396 vixissent,

349 2437 474 2482 ante
511 2441 734 2491 annum,
779 2441 900 2480 cum
947 2439 1230 2501 commune
1268 2424 1433 2493 ipsius
1468 2423 1618 2478 urbis
1663 2422 1918 2492 ﬂagraret

349 2520 680 2584 incendium,
711 2519 763 2572 in
791 2533 894 2572 una
922 2518 1079 2572 domo
1105 2517 1328 2586 reperti,
1354 2527 1578 2584 uterque
1609 2515 1768 2569 simul
1794 2516 1917 2585 igne

350 2609 652 2678 consumpti
702 2618 849 2663 sunt.
903 2607 993 2662 Sic
1041 2607 1121 2662 sic
1170 2606 1423 2660 nimirum
1477 2604 1689 2658 ﬂamma
1741 2605 1918 2660 libidi-

353 2699 438 2753 nis
493 2698 669 2768 ignem
725 2697 923 2753 meruit
972 2681 1401 2760 combustionis;
1451 2705 1504 2750 et
1559 2695 1687 2764 quid
1743 2695 1916 2749 dulcis

349 2789 461 2842 vita
497 2787 804 2854 contulerit,
835 2801 1078 2853 amarus,
1109 2787 1242 2858 prob
1275 2786 1456 2842 dolor!
1495 2787 1673 2842 exitus
1697 2785 1917 2841 demon-

349 2880 560 2934 stravit.

422 2971 528 3029 Sed
560 2981 618 3028 ut
646 2973 712 3029 ad
751 2987 873 3028 reos
902 2973 1141 3038 redeam,
1178 2971 1268 3042 qui
1304 2969 1712 3027 conversionem
1759 2983 1912 3024 suam

351 3070 406 3116 et
435 3062 774 3132 pollicentur,
803 3071 857 3118 et
883 3061 1091 3127 fallunt,
1129 3063 1413 3132 presbyter
1441 3060 1656 3130 quidam
1698 3059 1915 3114 Maurus

350 3153 590 3216 nomine,
616 3162 738 3206 ante
762 3167 931 3207 annos
952 3168 1153 3222 paucos
1179 3167 1236 3207 se
1260 3153 1388 3206 mihi
1412 3153 1603 3206 devote
1625 3150 1914 3213 commisit,

349 3256 543 3311 meque
572 3252 801 3304 certum,
831 3243 954 3312 quia
983 3244 1280 3298 monachus
1301 3243 1352 3296 in
1377 3258 1558 3296 eremo
1591 3241 1763 3304 ﬂeret,
1797 3241 1917 3294 red-

350 3328 514 3396 didit;
555 3331 715 3400 paulo
759 3341 879 3400 post
908 3341 1176 3386 mutatum
1203 3341 1284 3386 est
1326 3347 1418 3386 cor
1453 3331 1590 3400 ejus,
1632 3347 1696 3386 ac
1741 3330 1917 3384 fiedus

351 3421 492 3487 quod
537 3435 634 3489 pro
665 3436 748 3474 me
776 3436 900 3475 cum
948 3420 1058 3474 Deo
1102 3423 1399 3495 pepigerat,
1430 3422 1671 3475 violavit.
1715 3420 1822 3474 Sed
1858 3427 1917 3472 ut

349 3511 566 3565 caecitas
594 3511 788 3565 mentis
829 3522 1134 3580 erumperet
1166 3513 1217 3566 in
1238 3532 1240 3535 ·
1259 3512 1599 3581 superﬁciem
1629 3511 1833 3572 carnis,
1862 3519 1917 3564 et

350 3601 524 3670 caligo
557 3616 676 3670 qua:
714 3601 915 3655 latebat
966 3601 1167 3671 liquido
1194 3603 1503 3672 pingeretur
1532 3602 1584 3655 in
1623 3601 1821 3664 fronte,
1861 3597 1914 3652 in

349 3690 464 3759 ejus
490 3689 645 3743 oculo
674 3699 894 3759 repente
915 3691 1105 3744 vulnus
1120 3690 1382 3756 oboritur,
1406 3690 1547 3759 quod
1572 3705 1717 3755 eum,
1743 3690 1916 3744 donec

311 3792 314 3796 '
350 3779 570 3840 advixit,
602 3781 887 3834 inhonesta
922 3779 1265 3834 deformitate
1296 3780 1527 3834 fcedavit.
1562 3779 1913 3833 Postmodum

350 3883 480 3924 vero
501 3869 624 3922 dum
646 3869 906 3923 orationis
934 3869 1110 3922 studio
1133 3868 1355 3922 Romam
1381 3877 1646 3936 pergeret,
1674 3883 1915 3921 amnem-

347 3975 455 4031 que
506 3961 681 4014 tenuis
734 3961 1018 4014 admodum
1068 3959 1295 4030 gurgitis
1354 3959 1740 4023 transvadcret,
1791 3973 1912 4012 cum

346 4051 528 4106 caeteri
585 4065 773 4104 omnes
825 4050 1019 4103 vadum
1074 4047 1224 4102 illaesi
1275 4057 1706 4111 transmearent,
1767 4049 1913 4103 solus

346 4154 518 4211 equus
545 4142 686 4196 illius
714 4141 890 4196 subito
913 4141 1030 4195 sine
1057 4155 1267 4195 sessore
1299 4149 1542 4208 repertus
1575 4149 1676 4194 est.
1715 4139 1914 4208 Requi-

348 4238 529 4284 rentes
573 4231 733 4300 igitur
777 4244 920 4294 eum,
966 4231 1091 4284 dum
1136 4245 1232 4298 per
1272 4229 1480 4283 alveum
1529 4228 1762 4284 ﬂuminis
1808 4231 1911 4284 huc

347 4319 580 4389 illucque
624 4319 948 4384 discurrunt,
991 4319 1148 4373 undis
1193 4319 1335 4372 [nunc
1373 4319 1623 4372 obrutum
1663 4319 1912 4373 exanime

2007 437 2226 501 sedeas;
2264 437 2345 492 vel
2375 455 2479 494 non
2513 439 2710 506 soluto,
2741 450 2868 496 ante
2903 440 3137 494 tribunal
3160 441 3470 510 aequissimi
3489 441 3576 509 ju-

2007 528 2143 582 dicis
2191 528 2456 583 rationem
2522 531 2828 585 redditurus
2891 531 3117 586 assistas
3167 530 3381 601 (Matth.
3436 534 3572 602 xta).

2008 617 2182 672 Unum
2210 621 2341 684 scio,
2369 620 2495 688 quia
2526 621 2569 674 si
2599 636 2627 673 a
2659 621 2844 674 mundi
2869 623 3202 676 vanitatibus
3244 623 3348 676 ulla
3383 638 3572 692 posses

2008 709 2217 763 ratione
2238 711 2504 774 converti,
2545 710 2702 766 ﬁeres
2736 712 2923 780 procul
2950 712 3111 767 dubio
3152 729 3215 767 os
3246 713 3362 778 Dei,
3397 729 3576 782 przcco

2008 795 2228 863 Christi,
2272 799 2396 852 tuba
2445 799 2679 853 caelestis
2719 800 2916 869 eloquii
2943 840 2956 863 ,
3006 801 3312 856 destructor
3353 802 3575 866 diaboli,

2008 885 2217 939 :edilicii
2266 886 2518 940 fundator
2569 889 2796 952 aeterni;
2863 903 3011 943 esses
3069 903 3341 958 postremo
3395 891 3576 945 lumen

2010 975 2286 1042 Ecclesiae,
2334 992 2399 1032 ac
2447 994 2634 1033 murus
2681 979 3114 1049 inexpugnabilis
3171 981 3378 1034 militiae
3419 980 3576 1036 Chri-

2010 1064 2220 1119 stianze.

2336 1257 2861 1319 DISSERTATIO
2905 1261 3248 1334 ALTERA,

2207 1394 2289 1435 DE
2330 1395 2651 1438 SERVANDA
2691 1397 2836 1438 FIDE
2867 1396 2988 1438 1)Εο
3031 1398 3374 1442 ΡΗιΕΞΤΙΤΔ.

2009 1495 2400 1571 Ancnuenrun.
2427 1528 2497 1538 —
2535 1498 2774 1571 Attonem
2808 1500 3084 1568 quemdam
3125 1501 3446 1568 professione
3481 1501 3577 1571 ju-

2083 1567 2471 1641 risconsnltum,
2516 1569 2603 1641 qui
2651 1585 2768 1620 cum
2817 1567 2920 1621 Deo
2956 1567 3279 1641 sedicatum
3327 1567 3582 1641 reliquum

2083 1637 2202 1688 vita:
2230 1639 2281 1688 in
2317 1637 2630 1708 "tonasterio
2662 1648 2899 1708 acturum
2925 1639 3085 1690 verbis
3109 1641 3363 1708 conceptis
3387 1637 3586 1707 pollici-

2084 1713 2166 1756 tus
2211 1715 2360 1767 esset,
2405 1705 2561 1772 ﬁdem
2599 1707 2751 1777 impie
2792 1717 3038 1774 prwstare
3068 1705 3584 1777 recusabatsperiu-

2086 1776 2322 1845 riumque
2363 1791 2515 1845 suum
2546 1775 2970 1845 cavillationibus
3017 1778 3329 1845 quibusdam
3365 1775 3441 1844 (ut
3484 1779 3584 1830 Im-

2073 1842 2310 1914 jusmodi
2338 1842 2502 1914 solent
2534 1844 2788 1912 homines)
2813 1855 2858 1896 et
2884 1842 3129 1913 captiosis
3160 1842 3585 1914 argumentorum

2084 1912 2280 1984 laqueis
2303 1913 2579 1981 defendere
2605 1915 2898 1984 nitebatur;
2923 1912 2954 1966 α
2985 1925 3090 1966 tam
3120 1912 3320 1982 nefririo
3353 1916 3587 1984 facinore

2083 1983 2360 2052 deterrere
2385 1992 2606 2035 conatur
2645 1993 2691 2036 et
2732 1983 2898 2052 culpa:
2926 1985 3306 2052 magnitudine,
3346 1983 3392 2038 et
3435 1999 3586 2052 pana

2086 2061 2206 2104 ante
2242 2050 2420 2104 oculos
2455 2053 2742 2122 proposita.

2082 2139 2296 2193 Arroan
2327 2139 2598 2194 causidico
2649 2140 2858 2193 Psraus
2884 2148 3139 2209 peccator
3163 2140 3458 2194 monachus
3497 2154 3588 2195 sa-

2015 2228 2180 2284 lutem
2215 2230 2267 2282 in
2296 2229 2540 2283 Domino.
2657 2226 2660 2228 ’

2085 2321 2308 2376 Constat
2338 2332 2408 2385 te,
2449 2327 2532 2375 vlr
2571 2321 2814 2387 illustris,
2843 2323 3042 2378 domini
3079 2322 3339 2378 Mainardi
3379 2321 3591 2377 abbatis

2017 2411 2266 2466 manibus
2297 2421 2487 2481 sponte
2515 2413 2889 2477 commissum,
2917 2423 2971 2468 et
3009 2428 3107 2482 pro
3135 2412 3342 2469 ccelesti
3375 2411 3589 2468 deside-

2017 2505 2099 2558 rio
2123 2505 2494 2559 monachicum
2523 2506 2800 2561 devovisse
2829 2507 3160 2576 propositum
3193 2523 3206 2561 :
3232 2521 3375 2562 nunc
3405 2514 3586 2560 autem

2023 2607 2200 2654 mente
2234 2607 2460 2661 mutata,
2492 2599 2630 2653 sicut
2651 2598 2866 2661 dicitur,
2910 2615 3016 2654 non
3061 2600 3220 2654 modo
3257 2609 3442 2653 votum
3472 2598 3587 2652 vio«

2017 2689 2129 2742 lare
2151 2689 2413 2757 disponis,
2439 2689 2532 2742 sed
2557 2697 2612 2742 et
2639 2688 2691 2742 id
2725 2688 2840 2742 ﬁeri
2874 2703 3032 2756 posse
3083 2703 3181 2757 per
3210 2686 3406 2741 multas
3432 2699 3592 2756 argu-

2018 2787 2323 2833 mentorum
2353 2777 2621 2833 versutias
2645 2777 2937 2832 cavillaris.
2965 2777 3100 2830 Hinc
3124 2785 3229 2842 est,
3267 2775 3408 2845 quod
3431 2791 3586 2829 eum-

2017 2869 2136 2923 dem
2181 2867 2428 2922 abbatem
2482 2869 2583 2921 hoc
2629 2867 2944 2936 conspuisse
2984 2864 3166 2936 jurgio
3215 2865 3589 2920 stomachatus

2017 2958 2276 3012 assereris
2309 2972 2323 3010 :
2355 2955 2614 3017 Ostende,
2645 2956 2913 3025 inquiens,
2947 2955 3073 3008 mihi
3101 2953 3422 3008 authenticae
3447 2952 3595 3008 Scri-t

1941 3044 1986 3106 C
2020 3058 2188 3117 plura:
2219 3047 2565 3109 sententiam,
2595 3061 2700 3114 qua
2734 3060 2842 3108 me,
2866 3043 2949 3098 vel
2974 3042 3170 3097 mundo
3193 3043 3352 3113 digne
3383 3041 3589 3104 calum-

2017 3139 2182 3192 nieris
2208 3138 2558 3200 abstractum,
2591 3135 2672 3189 vel
2699 3136 3008 3189 monasticae
3036 3134 3232 3204 regula:
3251 3133 3376 3204 jure
3401 3132 3578 3190 fatea-

2015 3228 2092 3282 ris
2133 3227 2444 3282 ohnoxium.
2488 3224 2556 3278 Ut
2583 3225 2749 3295 igitur
2777 3225 2911 3293 legis
2937 3225 3110 3294 perito
3151 3225 3269 3279 viro
3307 3225 3362 3280 in
3395 3224 3589 3295 primis

2015 3319 2080 3373 de
2096 3316 2292 3372 forensi
2313 3316 2434 3386 jure
2459 3315 2832 3384 respondeam,
2861 3313 3118 3368 Romanis
3140 3313 3347 3383 legibus
3367 3321 3586 3368 cautum

2014 3416 2117 3472 est,
2166 3416 2224 3462 ut
2259 3405 2401 3475 quod
2442 3404 2607 3460 semel
2638 3419 2668 3458 a
2697 3403 2858 3458 dante
2881 3403 3213 3468 conceditur,
3245 3402 3389 3458 nullo
3429 3401 3588 3457 modo

2014 3509 2316 3554 revocetur.
3113 3535 3116 3538 λ

2525 3585 2752 3642 CAPUT
2793 3584 3076 3641 PRIMUM.

2156 3699 2308 3764 Quod
2339 3697 2431 3751 Dei
2452 3708 2569 3751 vota
2592 3715 2653 3751 ac
2679 3699 2936 3768 promissa
2965 3697 3159 3751 violare
3186 3695 3331 3765 nefas
3353 3697 3442 3750 sit.

2083 3786 2217 3840 Cum
2247 3801 2376 3856 ergo
2405 3786 2518 3840 haec
2549 3786 2688 3855 apud
2718 3786 2964 3839 homines
2987 3786 3244 3855 jubcatur
3267 3784 3437 3839 forma
3466 3800 3585 3840 ser-

2013 3878 2152 3950 vari,
2184 3885 2390 3945 quanto
2421 3875 2592 3944 magis
2623 3876 2764 3943 apud
2810 3874 2975 3929 Deum
3015 3876 3172 3929 debet
3210 3873 3588 3929 inviolabiliter

2013 3966 2313 4019 custodiri!
2383 3964 2551 4017 llonio
2598 3964 2778 4032 itaque
2833 3979 2936 4018 non
2993 3964 3195 4016 amittit
3237 3965 3379 4032 quod
3425 3963 3589 4018 semei

2014 4056 2226 4123 accepit
2253 4073 2265 4107 :
2303 4056 2442 4108 Deus
2471 4062 2649 4107 autem
2681 4053 3038 4123 possessionis
3067 4067 3176 4106 suze
3213 4051 3336 4119 jure
3365 4051 3584 4106 frauda-

2011 4146 2194 4200 hitur?
2225 4145 2478 4200 Terrena:
2511 4145 2718 4199 rniliti:e
2747 4146 2929 4206 duces,
2958 4158 3054 4197 eos
3082 4143 3183 4197 sibi
3216 4145 3306 4213 qni
3339 4144 3584 4198 militiam

2013 4233 2237 4306 professi
2283 4243 2428 4299 sunt,
2474 4235 2777 4298 vindicant;
2827 4249 2924 4288 nos
2973 4234 3022 4286 in
3062 4234 3225 4286 divini
3266 4235 3575 4302 procinctus

1997 4338 2164 4377 arma
2207 4322 2474 4392 juramus,
2522 4323 2890 4376 characterem
2932 4320 3086 4374 nobis
3119 4321 3321 4374 militiae
3351 4321 3588 4376 ctelestis

347 4410 577 4463 cadaver
621 4409 914 4462 inveniunt.
963 4408 1074 4463 Hoc
1121 4409 1300 4478 itaque
1350 4409 1504 4462 modo
1547 4409 1674 4462 dum
1725 4417 1909 4463 sancto
1943 4387 1989 4446 D
2018 4413 2399 4483 imprimimus,
2429 4421 2482 4466 et
2513 4421 2692 4465 notam
2738 4413 2892 4465 nobis
2919 4410 3135 4464 inurere
3166 4413 3450 4482 transfugii
3478 4428 3583 4466 non

347 4500 621 4570 proposito
692 4499 991 4568 vagationis
1060 4509 1171 4554 suae
1241 4499 1560 4569 quisquilias
1631 4499 1906 4569 prtetulit,

348 4590 623 4659 utriusque
652 4589 851 4644 laboris
886 4589 1134 4643 meritum
1165 4590 1382 4644 delusus
1409 4591 1610 4644 amisit.

419 4680 617 4735 Verum
644 4696 743 4748 ego
773 4681 897 4735 dum
925 4671 1205 4735 dulcedine
1238 4689 1340 4735 tua:
1367 4682 1653 4736 charitatis
1676 4681 1904 4747 illectus,

347 4785 648 4825 sermonem
677 4771 877 4825 diutius
905 4771 1181 4839 protraho,
1215 4768 1316 4824 non
1345 4771 1484 4826 clam
1522 4788 1606 4826 me
1631 4781 1736 4838 est,
1765 4775 1908 4843 quod

348 4861 562 4914 modum
613 4859 724 4928 jam
771 4861 1072 4929 compendii
1109 4861 1414 4930 epistolaris
1467 4864 1691 4919 excedo.
1744 4864 1912 4918 Porro

347 4963 526 5008 autem
565 4967 667 5006 non
705 4967 805 5021 ego
842 4963 892 5007 te
921 4953 1150 5022 peritum
1193 4953 1340 5007 rudis
1370 4954 1652 5020 admoneo,
1702 4971 1808 5009 non
1846 4956 1912 5010 de

347 5039 643 5110 Scripturis
677 5041 920 5119 exempla
956 5056 1214 5110 propono,
1251 5044 1342 5096 sed
1385 5050 1638 5110 tanquam
1679 5045 1912 5100 rusticus

345 5143 437 5184 res
466 5138 673 5182 tantum
702 5130 1020 5183 domesticas
1047 5129 1234 5192 retuli;
1271 5139 1329 5184 ut
1359 5133 1687 5200 quotidianis
1707 5145 1912 5188 stoma-

343 5217 506 5272 chum
534 5219 781 5288 dapibus,
805 5219 1053 5273 hebetem
1087 5219 1280 5272 vilibus
1299 5221 1364 5271 ad
1389 5221 1651 5274 edendum
1675 5222 1906 5291 siliquis,

343 5308 430 5362 vel
471 5311 652 5364 herbis
681 5310 976 5362 virentibus
1019 5304 1333 5369 excitarem.
1383 5309 1464 5362 Ad
1512 5319 1614 5364 tua:
1657 5311 1819 5379 igitur
1859 5323 1910 5367 te

347 5399 564 5453 remitto
606 5399 800 5452 mentis
837 5398 1148 5462 armarium,
1181 5400 1268 5452 ubi
1305 5409 1452 5454 certe
1495 5400 1740 5469 plnrinne
1782 5417 1911 5455 con-

347 5489 548 5542 duntur
572 5503 778 5559 paginae
821 5486 1242 5557 Scripturarum.
1289 5487 1401 5542 Illic
1440 5489 1722 5557 prudentia
1751 5490 1912 5559 700

290 5609 292 5612 -
349 5586 436 5630 tua
475 5577 702 5631 solerter
731 5577 986 5646 inquirat,
1020 5578 1148 5648 quid
1191 5579 1381 5632 melius
1409 5578 1500 5634 sit.
1534 5594 1600 5632 an
1633 5587 1691 5632 ut
1725 5594 1912 5648 perso-

2016 4502 2305 4558 timemus?
2335 4502 2537 4556 Dedisti
2572 4501 2679 4556 Deo
2705 4516 2810 4554 non
2847 4516 3058 4565 aurum,
3094 4515 3196 4554 non
3229 4515 3450 4569 equum,
3479 4516 3584 4555 non

2015 4591 2248 4659 denique
2274 4589 2528 4654 alienum,
2559 4588 2700 4658 quod
2728 4597 2884 4643 extra
2910 4597 2982 4652 te,
3013 4589 3104 4642 sed
3137 4589 3504 4657 temetipsum,
3533 4600 3588 4642 et

2014 4696 2158 4735 nunc
2181 4680 2500 4735 subtrahere
2525 4679 2749 4734 niteris?
2773 4679 2943 4745 Quam
2965 4693 3094 4746 ergo
3113 4693 3347 4732 mercem
3372 4679 3484 4731 vice
3510 4680 3585 4730 tui

2013 4770 2241 4824 Domino
2275 4769 2642 4839 permutabis?
2674 4788 2691 4820 ι
2722 4769 2891 4834 Quam
2919 4770 3063 4822 enim
3101 4769 3577 4822 commutationem

2015 4861 2163 4915 dabit
2179 4861 2338 4914 homo
2359 4876 2456 4929 pro
2478 4861 2655 4913 anima
2679 4860 2808 4914 sua?
2831 4859 3043 4928 (Matth.
3069 4857 3204 4928 xvi.)
3227 4877 3245 4909 ι
3271 4857 3589 4926 Quanquam

2017 4948 2228 5020 Moyses
2251 4948 2303 5000 in
2327 4948 2441 5017 lege
2462 4948 2763 5016 praecipiat:
2794 4964 2812 4997 ‹
2844 4946 3038 5010 Homo,
3064 4947 3254 5014 inquit,
3281 4945 3371 5014 qui
3405 4954 3586 4998 votum

2017 5039 2210 5095 fecerit
2240 5050 2294 5093 et
2313 5037 2780 5108 spoponderitDeo
2797 5037 3032 5090 animam
3053 5050 3230 5099 suam,
3255 5033 3592 5089 subarstima-

2017 5130 2162 5184 tione
2184 5130 2339 5198 701
2357 5127 2508 5182 dabit
2526 5128 2754 5198 pretium
2772 5127 2955 5196 (Lavit.
2970 5124 3163 5194 xxvn).
3186 5142 3205 5175 ι
3236 5123 3335 5178 Ubi
3365 5124 3592 5179 solerter

2015 5221 2396 5275 attendendum
2447 5229 2530 5273 est
2560 5219 2698 5286 quod
2752 5217 2907 5287 paulo
2934 5216 3160 5271 inferius
3208 5214 3588 5270 subinfertur:

2021 5330 2039 5362 ε
2071 5311 2240 5366 Omne
2261 5309 2403 5378 quod
2434 5309 2658 5362 Domino
2686 5315 3051 5370 consecratur,
3084 5307 3196 5360 sive
3218 5307 3378 5360 homo
3404 5305 3589 5368 fuerit,

2016 5403 2129 5455 sive
2162 5400 2386 5464 animal,
2415 5401 2525 5453 sive
2553 5414 2702 5468 ager,
2754 5415 2857 5453 non
2887 5398 3063 5463 vendi,
3099 5412 3196 5452 nec
3226 5398 3416 5452 redimi
3442 5407 3594 5467 pote-

1985 5515 1990 5522 ›
2019 5491 2117 5555 rit;
2151 5489 2409 5558 quidquid
2450 5491 2593 5543 enim
2637 5489 2802 5543 semel
2831 5489 2992 5544 fuerit
3031 5496 3429 5553 consecratum,
3461 5504 3589 5544 san-

2017 5591 2162 5636 ctum
2194 5593 2500 5636 sanetorum
2532 5582 2633 5636 erit
2682 5581 2904 5636 Domino
2937 5580 3144 5651 (Ibid).
3176 5601 3194 5634 ι
3239 5581 3375 5636 Audi
3404 5582 3590 5647 etiam,
