  <div class='ocr_page' id='page_1' title='image "/cluster/home/n/w/nwhite01/storage/ocr_20150623/145/hvd.32044015471824/345.png"; bbox 0 0 4142 5396; ppageno 0'>
   <div class='ocr_carea' id='block_1_1' title="bbox 521 165 626 221">
    <p class='ocr_par' dir='ltr' id='par_1_1' title="bbox 521 165 626 221">
     <span class='ocr_line' id='line_1_1' title="bbox 521 165 626 221; baseline -0.01 -1"><span class='ocrx_word' id='word_1_1' title='bbox 521 165 626 221; x_wconf 81' lang='lat'><strong>675</strong></span> 
     </span>
    </p>
   </div>
   <div class='ocr_carea' id='block_1_2' title="bbox 968 140 3315 214">
    <p class='ocr_par' dir='ltr' id='par_1_2' title="bbox 968 140 3315 214">
     <span class='ocr_line' id='line_1_2' title="bbox 968 140 3315 214; baseline -0.008 0"><span class='ocrx_word' id='word_1_2' title='bbox 968 158 1045 214; x_wconf 71' lang='lat' dir='ltr'><strong>&#39;S.</strong></span> <span class='ocrx_word' id='word_1_3' title='bbox 1071 154 1278 214; x_wconf 79' lang='lat' dir='ltr'><strong>PETRI</strong></span> <span class='ocrx_word' id='word_1_4' title='bbox 1318 153 1601 213; x_wconf 67' lang='lat' dir='ltr'><strong>DAMIANI</strong></span> <span class='ocrx_word' id='word_1_5' title='bbox 1636 151 1788 211; x_wconf 81' lang='lat' dir='ltr'><strong>OPP.</strong></span> <span class='ocrx_word' id='word_1_6' title='bbox 1829 147 2066 207; x_wconf 79' lang='lat' dir='ltr'><strong>TOMUS</strong></span> <span class='ocrx_word' id='word_1_7' title='bbox 2101 146 2231 203; x_wconf 82' lang='lat' dir='ltr'><strong>SEU</strong></span> <span class='ocrx_word' id='word_1_8' title='bbox 2262 143 2438 200; x_wconf 79' lang='lat' dir='ltr'><strong>PARS</strong></span> <span class='ocrx_word' id='word_1_9' title='bbox 2472 142 2558 198; x_wconf 85' lang='lat' dir='ltr'><strong>Ill.</strong></span> <span class='ocrx_word' id='word_1_10' title='bbox 2589 172 2659 184; x_wconf 90' lang='lat'><strong>-—</strong></span> <span class='ocrx_word' id='word_1_11' title='bbox 2687 140 3049 199; x_wconf 71' lang='lat' dir='ltr'><strong>OPUSCULA</strong></span> <span class='ocrx_word' id='word_1_12' title='bbox 3086 140 3315 196; x_wconf 71' lang='lat' dir='ltr'><strong>VARIA.</strong></span> 
     </span>
    </p>
   </div>
   <div class='ocr_carea' id='block_1_3' title="bbox 3671 144 3786 203">
    <p class='ocr_par' dir='ltr' id='par_1_3' title="bbox 3671 144 3786 203">
     <span class='ocr_line' id='line_1_3' title="bbox 3671 144 3786 203; baseline 0.017 -2"><span class='ocrx_word' id='word_1_13' title='bbox 3671 144 3786 203; x_wconf 81' lang='lat'><strong>676</strong></span> 
     </span>
    </p>
   </div>
   <div class='ocr_carea' id='block_1_4' title="bbox 522 254 3792 344">
    <p class='ocr_par' dir='ltr' id='par_1_4' title="bbox 522 254 3792 344">
     <span class='ocr_line' id='line_1_4' title="bbox 522 254 3792 344; baseline 0.003 -37"><span class='ocrx_word' id='word_1_14' title='bbox 522 278 596 334; x_wconf 62' lang='lat' dir='ltr'><strong>mi</strong></span> <span class='ocrx_word' id='word_1_15' title='bbox 645 275 740 341; x_wconf 54' lang='lat' dir='ltr'><strong>mi,</strong></span> <span class='ocrx_word' id='word_1_16' title='bbox 772 286 933 344; x_wconf 64' lang='lat' dir='ltr'><strong>quam</strong></span> <span class='ocrx_word' id='word_1_17' title='bbox 983 268 1281 325; x_wconf 50' lang='lat' dir='ltr'><strong>terribilem</strong></span> <span class='ocrx_word' id='word_1_18' title='bbox 1334 268 1388 323; x_wconf 77' lang='lat' dir='ltr'><strong>in</strong></span> <span class='ocrx_word' id='word_1_19' title='bbox 1425 276 1478 323; x_wconf 65' lang='lat' dir='ltr'><strong>rc</strong></span> <span class='ocrx_word' id='word_1_20' title='bbox 1523 264 1847 323; x_wconf 84' lang='lat' dir='ltr'><strong>sententiam</strong></span> <span class='ocrx_word' id='word_1_21' title='bbox 1876 262 1960 317; x_wconf 84' lang='lat' dir='ltr'><strong>vir</strong></span> <span class='ocrx_word' id='word_1_22' title='bbox 2017 274 2104 315; x_wconf 85' lang='lat' dir='ltr'><strong>sa-</strong></span> <span class='ocrx_word' id='word_1_23' title='bbox 2131 266 2178 321; x_wconf 77' lang='grc' dir='ltr'>Α</span> <span class='ocrx_word' id='word_1_24' title='bbox 2208 264 2397 311; x_wconf 87' lang='lat' dir='ltr'><strong>trauco</strong></span> <span class='ocrx_word' id='word_1_25' title='bbox 2427 254 2781 326; x_wconf 73' lang='lat' dir='ltr'><strong>spopondisti,</strong></span> <span class='ocrx_word' id='word_1_26' title='bbox 2832 255 2927 311; x_wconf 90' lang='lat' dir='ltr'><strong>sed</strong></span> <span class='ocrx_word' id='word_1_27' title='bbox 2976 255 3314 324; x_wconf 88' lang='lat' dir='ltr'><strong>temetipsum</strong></span> <span class='ocrx_word' id='word_1_28' title='bbox 3344 255 3452 312; x_wconf 91' lang='lat' dir='ltr'><strong>Deo</strong></span> <span class='ocrx_word' id='word_1_29' title='bbox 3480 257 3792 328; x_wconf 80' lang='lat' dir='ltr'><strong>specialiter</strong></span> 
     </span>
    </p>
   </div>
   <div class='ocr_carea' id='block_1_5' title="bbox 522 350 2106 438">
    <p class='ocr_par' dir='ltr' id='par_1_5' title="bbox 522 350 2106 438">
     <span class='ocr_line' id='line_1_5' title="bbox 522 350 2106 438; baseline -0.012 -16"><span class='ocrx_word' id='word_1_30' title='bbox 522 369 676 438; x_wconf 85' lang='lat' dir='ltr'><strong>piens</strong></span> <span class='ocrx_word' id='word_1_31' title='bbox 705 361 991 420; x_wconf 78' lang='lat' dir='ltr'><strong>manifeste</strong></span> <span class='ocrx_word' id='word_1_32' title='bbox 1042 360 1322 430; x_wconf 84' lang='lat' dir='ltr'><strong>depromat</strong></span> <span class='ocrx_word' id='word_1_33' title='bbox 1360 372 1375 412; x_wconf 90' lang='lat'><strong>:</strong></span> <span class='ocrx_word' id='word_1_34' title='bbox 1412 376 1429 408; x_wconf 76' lang='grc' dir='ltr'><strong>ι</strong></span> <span class='ocrx_word' id='word_1_35' title='bbox 1460 356 1699 419; x_wconf 74' lang='lat' dir='ltr'><strong>initium,</strong></span> <span class='ocrx_word' id='word_1_36' title='bbox 1717 355 1814 418; x_wconf 91' lang='lat' dir='ltr'><strong>ait,</strong></span> <span class='ocrx_word' id='word_1_37' title='bbox 1843 350 2106 422; x_wconf 63' lang='lat' dir='ltr'><strong>superbiae</strong></span> 
     </span>
    </p>
   </div>
   <div class='ocr_carea' id='block_1_6' title="bbox 523 438 2108 520">
    <p class='ocr_par' dir='ltr' id='par_1_6' title="bbox 523 438 2108 520">
     <span class='ocr_line' id='line_1_6' title="bbox 523 438 2108 520; baseline -0.011 -9"><span class='ocrx_word' id='word_1_38' title='bbox 523 454 780 518; x_wconf 83' lang='lat' dir='ltr'><strong>hominis,</strong></span> <span class='ocrx_word' id='word_1_39' title='bbox 813 458 1123 520; x_wconf 87' lang='lat' dir='ltr'><strong>apostatare</strong></span> <span class='ocrx_word' id='word_1_40' title='bbox 1149 463 1178 500; x_wconf 90' lang='lat' dir='ltr'><strong>a</strong></span> <span class='ocrx_word' id='word_1_41' title='bbox 1206 446 1338 510; x_wconf 89' lang='lat' dir='ltr'><strong>Deo.</strong></span> <span class='ocrx_word' id='word_1_42' title='bbox 1397 445 1652 515; x_wconf 87' lang='lat' dir='ltr'><strong>quoniam</strong></span> <span class='ocrx_word' id='word_1_43' title='bbox 1676 443 1744 498; x_wconf 90' lang='lat' dir='ltr'><strong>ab</strong></span> <span class='ocrx_word' id='word_1_44' title='bbox 1771 457 1836 497; x_wconf 89' lang='lat' dir='ltr'><strong>eo</strong></span> <span class='ocrx_word' id='word_1_45' title='bbox 1859 441 1948 510; x_wconf 90' lang='lat' dir='ltr'><strong>qui</strong></span> <span class='ocrx_word' id='word_1_46' title='bbox 1979 438 2108 493; x_wconf 86' lang='lat' dir='ltr'><strong>fecit</strong></span> 
     </span>
    </p>
   </div>
   <div class='ocr_carea' id='block_1_7' title="bbox 525 531 2111 605">
    <p class='ocr_par' dir='ltr' id='par_1_7' title="bbox 525 531 2111 605">
     <span class='ocr_line' id='line_1_7' title="bbox 525 531 2111 605; baseline -0.009 -5"><span class='ocrx_word' id='word_1_47' title='bbox 525 546 674 602; x_wconf 89' lang='lat' dir='ltr'><strong>illum</strong></span> <span class='ocrx_word' id='word_1_48' title='bbox 729 542 951 597; x_wconf 63' lang='lat' dir='ltr'><strong>recessit</strong></span> <span class='ocrx_word' id='word_1_49' title='bbox 979 554 1073 594; x_wconf 92' lang='lat' dir='ltr'><strong>cor</strong></span> <span class='ocrx_word' id='word_1_50' title='bbox 1096 537 1244 605; x_wconf 82' lang='lat' dir='ltr'><strong>ejus;</strong></span> <span class='ocrx_word' id='word_1_51' title='bbox 1270 537 1527 605; x_wconf 90' lang='lat' dir='ltr'><strong>quoniam</strong></span> <span class='ocrx_word' id='word_1_52' title='bbox 1556 535 1764 589; x_wconf 92' lang='lat' dir='ltr'><strong>initium</strong></span> <span class='ocrx_word' id='word_1_53' title='bbox 1786 531 1962 587; x_wconf 90' lang='lat' dir='ltr'><strong>omnis</strong></span> <span class='ocrx_word' id='word_1_54' title='bbox 1982 545 2111 599; x_wconf 88' lang='lat' dir='ltr'><strong>pee-</strong></span> 
     </span>
    </p>
   </div>
   <div class='ocr_carea' id='block_1_8' title="bbox 524 618 2104 699">
    <p class='ocr_par' dir='ltr' id='par_1_8' title="bbox 524 618 2104 699">
     <span class='ocr_line' id='line_1_8' title="bbox 524 618 2104 699; baseline -0.014 -8"><span class='ocrx_word' id='word_1_55' title='bbox 524 636 630 691; x_wconf 86' lang='lat' dir='ltr'><strong>cati</strong></span> <span class='ocrx_word' id='word_1_56' title='bbox 686 639 771 687; x_wconf 88' lang='lat' dir='ltr'><strong>est</strong></span> <span class='ocrx_word' id='word_1_57' title='bbox 835 629 1085 699; x_wconf 79' lang='lat' dir='ltr'><strong>superbia</strong></span> <span class='ocrx_word' id='word_1_58' title='bbox 1144 641 1159 679; x_wconf 94' lang='lat'><strong>:</strong></span> <span class='ocrx_word' id='word_1_59' title='bbox 1223 625 1313 694; x_wconf 89' lang='lat' dir='ltr'><strong>qui</strong></span> <span class='ocrx_word' id='word_1_60' title='bbox 1373 623 1605 678; x_wconf 90' lang='lat' dir='ltr'><strong>tennerit</strong></span> <span class='ocrx_word' id='word_1_61' title='bbox 1661 621 1851 684; x_wconf 90' lang='lat' dir='ltr'><strong>illam,</strong></span> <span class='ocrx_word' id='word_1_62' title='bbox 1927 618 2104 671; x_wconf 88' lang='lat' dir='ltr'><strong>adim-</strong></span> 
     </span>
    </p>
   </div>
   <div class='ocr_carea' id='block_1_9' title="bbox 521 708 2107 795">
    <p class='ocr_par' dir='ltr' id='par_1_9' title="bbox 521 708 2107 795">
     <span class='ocr_line' id='line_1_9' title="bbox 521 708 2107 795; baseline -0.012 -15"><span class='ocrx_word' id='word_1_63' title='bbox 521 727 756 795; x_wconf 85' lang='lat' dir='ltr'><strong>plebitur</strong></span> <span class='ocrx_word' id='word_1_64' title='bbox 800 719 1099 775; x_wconf 85' lang='lat' dir='ltr'><strong>maledictis</strong></span> <span class='ocrx_word' id='word_1_65' title='bbox 1130 758 1145 781; x_wconf 89' lang='lat'><strong>,</strong></span> <span class='ocrx_word' id='word_1_66' title='bbox 1221 725 1277 771; x_wconf 91' lang='lat' dir='ltr'><strong>et</strong></span> <span class='ocrx_word' id='word_1_67' title='bbox 1322 716 1599 771; x_wconf 85' lang='lat' dir='ltr'><strong>subvertet</strong></span> <span class='ocrx_word' id='word_1_68' title='bbox 1651 727 1774 768; x_wconf 89' lang='lat' dir='ltr'><strong>eum</strong></span> <span class='ocrx_word' id='word_1_69' title='bbox 1832 711 1884 765; x_wconf 88' lang='lat' dir='ltr'><strong>in</strong></span> <span class='ocrx_word' id='word_1_70' title='bbox 1945 708 2107 763; x_wconf 84' lang='lat' dir='ltr'><strong>linem</strong></span> 
     </span>
    </p>
   </div>
   <div class='ocr_carea' id='block_1_10' title="bbox 526 814 890 888">
    <p class='ocr_par' dir='ltr' id='par_1_10' title="bbox 526 814 890 888">
     <span class='ocr_line' id='line_1_10' title="bbox 526 814 890 888; baseline -0.016 -19"><span class='ocrx_word' id='word_1_71' title='bbox 526 815 721 888; x_wconf 79' lang='lat' dir='ltr'><strong>(Eccli.</strong></span> <span class='ocrx_word' id='word_1_72' title='bbox 754 814 826 876; x_wconf 73' lang='grc' dir='ltr'><strong>Χ).</strong></span> <span class='ocrx_word' id='word_1_73' title='bbox 872 830 890 863; x_wconf 75' lang='grc' dir='ltr'><strong>ι</strong></span> 
     </span>
    </p>
   </div>
   <div class='ocr_carea' id='block_1_11' title="bbox 594 891 2111 977">
    <p class='ocr_par' dir='ltr' id='par_1_11' title="bbox 594 891 2111 977">
     <span class='ocr_line' id='line_1_11' title="bbox 594 891 2111 977; baseline -0.011 -17"><span class='ocrx_word' id='word_1_74' title='bbox 594 908 759 977; x_wconf 77' lang='lat' dir='ltr'><strong>Ergo,</strong></span> <span class='ocrx_word' id='word_1_75' title='bbox 801 903 972 957; x_wconf 80' lang='lat' dir='ltr'><strong>frater</strong></span> <span class='ocrx_word' id='word_1_76' title='bbox 1002 901 1094 962; x_wconf 87' lang='lat' dir='ltr'><strong>mi.</strong></span> <span class='ocrx_word' id='word_1_77' title='bbox 1136 899 1288 969; x_wconf 90' lang='lat' dir='ltr'><strong>juxta</strong></span> <span class='ocrx_word' id='word_1_78' title='bbox 1317 896 1602 954; x_wconf 86' lang='lat' dir='ltr'><strong>consilium</strong></span> <span class='ocrx_word' id='word_1_79' title='bbox 1631 893 1871 966; x_wconf 87' lang='lat' dir='ltr'><strong>ejusdem</strong></span> <span class='ocrx_word' id='word_1_80' title='bbox 1897 891 2111 961; x_wconf 85' lang='lat' dir='ltr'><strong>sapien-</strong></span> 
     </span>
    </p>
   </div>
   <div class='ocr_carea' id='block_1_12' title="bbox 527 986 2108 1055">
    <p class='ocr_par' dir='ltr' id='par_1_12' title="bbox 527 986 2108 1055">
     <span class='ocr_line' id='line_1_12' title="bbox 527 986 2108 1055; baseline -0.009 -4"><span class='ocrx_word' id='word_1_81' title='bbox 527 997 595 1051; x_wconf 88' lang='lat' dir='ltr'><strong>tis</strong></span> <span class='ocrx_word' id='word_1_82' title='bbox 627 1014 640 1050; x_wconf 90' lang='lat'><strong>:</strong></span> <span class='ocrx_word' id='word_1_83' title='bbox 678 1014 696 1047; x_wconf 76' lang='grc' dir='ltr'><strong>ι</strong></span> <span class='ocrx_word' id='word_1_84' title='bbox 732 996 1067 1049; x_wconf 76' lang='lat' dir='ltr'><strong>Convertere</strong></span> <span class='ocrx_word' id='word_1_85' title='bbox 1094 991 1161 1044; x_wconf 89' lang='lat' dir='ltr'><strong>ad</strong></span> <span class='ocrx_word' id='word_1_86' title='bbox 1190 990 1496 1055; x_wconf 85' lang='lat' dir='ltr'><strong>Dominum,</strong></span> <span class='ocrx_word' id='word_1_87' title='bbox 1532 996 1584 1042; x_wconf 90' lang='lat' dir='ltr'><strong>et</strong></span> <span class='ocrx_word' id='word_1_88' title='bbox 1617 986 1860 1055; x_wconf 80' lang='lat' dir='ltr'><strong>relinque</strong></span> <span class='ocrx_word' id='word_1_89' title='bbox 1888 992 2108 1054; x_wconf 85' lang='lat' dir='ltr'><strong>peccata</strong></span> 
     </span>
    </p>
   </div>
   <div class='ocr_carea' id='block_1_13' title="bbox 524 1071 2108 1154">
    <p class='ocr_par' dir='ltr' id='par_1_13' title="bbox 524 1071 2108 1154">
     <span class='ocr_line' id='line_1_13' title="bbox 524 1071 2108 1154; baseline -0.01 -13"><span class='ocrx_word' id='word_1_90' title='bbox 524 1095 639 1149; x_wconf 88' lang='lat' dir='ltr'><strong>tua,</strong></span> <span class='ocrx_word' id='word_1_91' title='bbox 670 1098 893 1154; x_wconf 87' lang='lat' dir='ltr'><strong>precare</strong></span> <span class='ocrx_word' id='word_1_92' title='bbox 930 1090 1055 1135; x_wconf 87' lang='lat' dir='ltr'><strong>ante</strong></span> <span class='ocrx_word' id='word_1_93' title='bbox 1092 1080 1286 1134; x_wconf 78' lang='lat' dir='ltr'><strong>faciem</strong></span> <span class='ocrx_word' id='word_1_94' title='bbox 1330 1077 1445 1141; x_wconf 90' lang='lat' dir='ltr'><strong>Dei,</strong></span> <span class='ocrx_word' id='word_1_95' title='bbox 1475 1086 1531 1131; x_wconf 91' lang='lat' dir='ltr'><strong>et</strong></span> <span class='ocrx_word' id='word_1_96' title='bbox 1574 1075 1756 1130; x_wconf 87' lang='lat' dir='ltr'><strong>minue</strong></span> <span class='ocrx_word' id='word_1_97' title='bbox 1791 1071 2108 1128; x_wconf 80' lang='lat' dir='ltr'><strong>oll‘endicula</strong></span> 
     </span>
    </p>
   </div>
   <div class='ocr_carea' id='block_1_14' title="bbox 525 1161 2110 1245">
    <p class='ocr_par' dir='ltr' id='par_1_14' title="bbox 525 1161 2110 1245">
     <span class='ocr_line' id='line_1_14' title="bbox 525 1161 2110 1245; baseline -0.009 -15"><span class='ocrx_word' id='word_1_98' title='bbox 525 1175 737 1245; x_wconf 86' lang='lat' dir='ltr'><strong>(Ibid.).</strong></span> <span class='ocrx_word' id='word_1_99' title='bbox 774 1192 791 1225; x_wconf 76' lang='grc' dir='ltr'><strong>ι</strong></span> <span class='ocrx_word' id='word_1_100' title='bbox 850 1171 949 1227; x_wconf 87' lang='lat' dir='ltr'><strong>Ubi</strong></span> <span class='ocrx_word' id='word_1_101' title='bbox 1002 1179 1200 1241; x_wconf 70' lang='lat' dir='ltr'><strong>praesto</strong></span> <span class='ocrx_word' id='word_1_102' title='bbox 1249 1166 1571 1236; x_wconf 80' lang='lat' dir='ltr'><strong>snbjnngit:</strong></span> <span class='ocrx_word' id='word_1_103' title='bbox 1636 1183 1656 1216; x_wconf 75' lang='grc' dir='ltr'><strong>ι</strong></span> <span class='ocrx_word' id='word_1_104' title='bbox 1700 1164 1996 1219; x_wconf 79' lang='lat' dir='ltr'><strong>Revertere</strong></span> <span class='ocrx_word' id='word_1_105' title='bbox 2041 1161 2110 1216; x_wconf 87' lang='lat' dir='ltr'><strong>ad</strong></span> 
     </span>
    </p>
   </div>
   <div class='ocr_carea' id='block_1_15' title="bbox 525 1251 2111 1326">
    <p class='ocr_par' dir='ltr' id='par_1_15' title="bbox 525 1251 2111 1326">
     <span class='ocr_line' id='line_1_15' title="bbox 525 1251 2111 1326; baseline -0.007 -8"><span class='ocrx_word' id='word_1_106' title='bbox 525 1264 838 1326; x_wconf 88' lang='lat' dir='ltr'><strong>Dominum,</strong></span> <span class='ocrx_word' id='word_1_107' title='bbox 865 1270 914 1315; x_wconf 91' lang='lat' dir='ltr'><strong>et</strong></span> <span class='ocrx_word' id='word_1_108' title='bbox 960 1271 1206 1313; x_wconf 76' lang='lat' dir='ltr'><strong>avertere</strong></span> <span class='ocrx_word' id='word_1_109' title='bbox 1241 1258 1310 1311; x_wconf 85' lang='lat' dir='ltr'><strong>ab</strong></span> <span class='ocrx_word' id='word_1_110' title='bbox 1366 1256 1625 1325; x_wconf 88' lang='lat' dir='ltr'><strong>injustitia</strong></span> <span class='ocrx_word' id='word_1_111' title='bbox 1680 1264 1807 1319; x_wconf 84' lang='lat' dir='ltr'><strong>tua;</strong></span> <span class='ocrx_word' id='word_1_112' title='bbox 1855 1262 1911 1308; x_wconf 90' lang='lat' dir='ltr'><strong>et</strong></span> <span class='ocrx_word' id='word_1_113' title='bbox 1949 1251 2111 1307; x_wconf 89' lang='lat' dir='ltr'><strong>nimis</strong></span> 
     </span>
    </p>
   </div>
   <div class='ocr_carea' id='block_1_16' title="bbox 523 1343 2110 1422">
    <p class='ocr_par' dir='ltr' id='par_1_16' title="bbox 523 1343 2110 1422">
     <span class='ocr_line' id='line_1_16' title="bbox 523 1343 2110 1422; baseline -0.008 -11"><span class='ocrx_word' id='word_1_114' title='bbox 523 1357 672 1412; x_wconf 89' lang='lat' dir='ltr'><strong>odito</strong></span> <span class='ocrx_word' id='word_1_115' title='bbox 694 1354 1142 1415; x_wconf 54' lang='lat' dir='ltr'><strong>exsecrationem.</strong></span> <span class='ocrx_word' id='word_1_116' title='bbox 1173 1360 1226 1407; x_wconf 88' lang='lat' dir='ltr'><strong>et</strong></span> <span class='ocrx_word' id='word_1_117' title='bbox 1250 1366 1512 1422; x_wconf 75' lang='lat' dir='ltr'><strong>cognosce</strong></span> <span class='ocrx_word' id='word_1_118' title='bbox 1537 1348 1778 1420; x_wconf 89' lang='lat' dir='ltr'><strong>justitias</strong></span> <span class='ocrx_word' id='word_1_119' title='bbox 1808 1353 1864 1401; x_wconf 90' lang='lat' dir='ltr'><strong>et</strong></span> <span class='ocrx_word' id='word_1_120' title='bbox 1905 1343 2110 1412; x_wconf 78' lang='lat' dir='ltr'><strong>judicia</strong></span> 
     </span>
    </p>
   </div>
   <div class='ocr_carea' id='block_1_17' title="bbox 526 1433 2108 1511">
    <p class='ocr_par' dir='ltr' id='par_1_17' title="bbox 526 1433 2108 1511">
     <span class='ocr_line' id='line_1_17' title="bbox 526 1433 2108 1511; baseline -0.007 -13"><span class='ocrx_word' id='word_1_121' title='bbox 526 1444 642 1510; x_wconf 85' lang='lat' dir='ltr'><strong>Dei,</strong></span> <span class='ocrx_word' id='word_1_122' title='bbox 665 1452 719 1499; x_wconf 91' lang='lat' dir='ltr'><strong>et</strong></span> <span class='ocrx_word' id='word_1_123' title='bbox 735 1454 817 1497; x_wconf 90' lang='lat' dir='ltr'><strong>sta</strong></span> <span class='ocrx_word' id='word_1_124' title='bbox 841 1444 892 1497; x_wconf 89' lang='lat' dir='ltr'><strong>in</strong></span> <span class='ocrx_word' id='word_1_125' title='bbox 916 1452 1062 1497; x_wconf 82' lang='lat' dir='ltr'><strong>sorte</strong></span> <span class='ocrx_word' id='word_1_126' title='bbox 1083 1440 1464 1511; x_wconf 82' lang='lat' dir='ltr'><strong>propositionis</strong></span> <span class='ocrx_word' id='word_1_127' title='bbox 1492 1448 1547 1494; x_wconf 93' lang='lat' dir='ltr'><strong>et</strong></span> <span class='ocrx_word' id='word_1_128' title='bbox 1571 1436 1834 1494; x_wconf 91' lang='lat' dir='ltr'><strong>orationis</strong></span> <span class='ocrx_word' id='word_1_129' title='bbox 1862 1433 2108 1490; x_wconf 82' lang='lat' dir='ltr'><strong>altissimi</strong></span> 
     </span>
    </p>
   </div>
   <div class='ocr_carea' id='block_1_18' title="bbox 524 1527 2110 1605">
    <p class='ocr_par' dir='ltr' id='par_1_18' title="bbox 524 1527 2110 1605">
     <span class='ocr_line' id='line_1_18' title="bbox 524 1527 2110 1605; baseline -0.006 -18"><span class='ocrx_word' id='word_1_130' title='bbox 524 1532 619 1588; x_wconf 88' lang='lat' dir='ltr'><strong>Dei</strong></span> <span class='ocrx_word' id='word_1_131' title='bbox 650 1532 858 1605; x_wconf 57' lang='lat' dir='ltr'><strong>(llud).</strong></span> <span class='ocrx_word' id='word_1_132' title='bbox 894 1549 913 1582; x_wconf 75' lang='grc' dir='ltr'><strong>ι</strong></span> <span class='ocrx_word' id='word_1_133' title='bbox 944 1530 1073 1583; x_wconf 87' lang='lat' dir='ltr'><strong>Illud</strong></span> <span class='ocrx_word' id='word_1_134' title='bbox 1112 1531 1277 1583; x_wconf 86' lang='lat' dir='ltr'><strong>etiam</strong></span> <span class='ocrx_word' id='word_1_135' title='bbox 1331 1528 1574 1600; x_wconf 84' lang='lat' dir='ltr'><strong>ejusdem</strong></span> <span class='ocrx_word' id='word_1_136' title='bbox 1601 1527 1703 1581; x_wconf 86' lang='lat' dir='ltr'><strong>viri</strong></span> <span class='ocrx_word' id='word_1_137' title='bbox 1735 1535 1787 1580; x_wconf 89' lang='lat' dir='ltr'><strong>te</strong></span> <span class='ocrx_word' id='word_1_138' title='bbox 1838 1539 1944 1579; x_wconf 85' lang='lat' dir='ltr'><strong>non</strong></span> <span class='ocrx_word' id='word_1_139' title='bbox 1973 1539 2110 1595; x_wconf 70' lang='lat' dir='ltr'><strong>pra:-</strong></span> 
     </span>
    </p>
   </div>
   <div class='ocr_carea' id='block_1_19' title="bbox 2206 344 3787 418">
    <p class='ocr_par' dir='ltr' id='par_1_19' title="bbox 2206 344 3787 418">
     <span class='ocr_line' id='line_1_19' title="bbox 2206 344 3787 418; baseline 0.003 -17"><span class='ocrx_word' id='word_1_140' title='bbox 2206 346 2475 401; x_wconf 86' lang='lat' dir='ltr'><strong>obtulisti!</strong></span> <span class='ocrx_word' id='word_1_141' title='bbox 2500 345 2724 416; x_wconf 73' lang='lat' dir='ltr'><strong>Coepiin</strong></span> <span class='ocrx_word' id='word_1_142' title='bbox 2770 344 2990 415; x_wconf 87' lang='lat' dir='ltr'><strong>quidem</strong></span> <span class='ocrx_word' id='word_1_143' title='bbox 3040 344 3207 399; x_wconf 83' lang='lat' dir='ltr'><strong>divini</strong></span> <span class='ocrx_word' id='word_1_144' title='bbox 3236 346 3438 401; x_wconf 88' lang='lat' dir='ltr'><strong>amoris</strong></span> <span class='ocrx_word' id='word_1_145' title='bbox 3468 346 3587 418; x_wconf 81' lang='lat' dir='ltr'><strong>igne</strong></span> <span class='ocrx_word' id='word_1_146' title='bbox 3612 347 3787 407; x_wconf 82' lang='lat' dir='ltr'><strong>ferve-</strong></span> 
     </span>
    </p>
   </div>
   <div class='ocr_carea' id='block_1_20' title="bbox 2208 434 3787 510">
    <p class='ocr_par' dir='ltr' id='par_1_20' title="bbox 2208 434 3787 510">
     <span class='ocr_line' id='line_1_20' title="bbox 2208 434 3787 510; baseline 0.003 -19"><span class='ocrx_word' id='word_1_147' title='bbox 2208 451 2379 502; x_wconf 87' lang='lat' dir='ltr'><strong>scere,</strong></span> <span class='ocrx_word' id='word_1_148' title='bbox 2409 451 2531 490; x_wconf 90' lang='lat' dir='ltr'><strong>cum</strong></span> <span class='ocrx_word' id='word_1_149' title='bbox 2564 443 2615 491; x_wconf 91' lang='lat' dir='ltr'><strong>te</strong></span> <span class='ocrx_word' id='word_1_150' title='bbox 2660 435 2949 490; x_wconf 89' lang='lat' dir='ltr'><strong>decrevisti</strong></span> <span class='ocrx_word' id='word_1_151' title='bbox 2986 434 3194 490; x_wconf 79' lang='lat' dir='ltr'><strong>militize</strong></span> <span class='ocrx_word' id='word_1_152' title='bbox 3239 434 3474 491; x_wconf 79' lang='lat' dir='ltr'><strong>caelestis</strong></span> <span class='ocrx_word' id='word_1_153' title='bbox 3524 437 3787 510; x_wconf 87' lang='lat' dir='ltr'><strong>obsequio</strong></span> 
     </span>
    </p>
   </div>
   <div class='ocr_carea' id='block_1_21' title="bbox 2206 525 3788 598">
    <p class='ocr_par' dir='ltr' id='par_1_21' title="bbox 2206 525 3788 598">
     <span class='ocr_line' id='line_1_21' title="bbox 2206 525 3788 598; baseline 0.006 -19"><span class='ocrx_word' id='word_1_154' title='bbox 2206 527 2517 596; x_wconf 87' lang='lat' dir='ltr'><strong>mancip‘are</strong></span> <span class='ocrx_word' id='word_1_155' title='bbox 2549 543 2561 581; x_wconf 90' lang='lat'><strong>:</strong></span> <span class='ocrx_word' id='word_1_156' title='bbox 2597 525 2790 580; x_wconf 89' lang='lat' dir='ltr'><strong>ardere</strong></span> <span class='ocrx_word' id='word_1_157' title='bbox 2819 525 3021 580; x_wconf 83' lang='lat' dir='ltr'><strong>scilicet</strong></span> <span class='ocrx_word' id='word_1_158' title='bbox 3042 541 3138 593; x_wconf 86' lang='lat' dir='ltr'><strong>per</strong></span> <span class='ocrx_word' id='word_1_159' title='bbox 3166 526 3411 596; x_wconf 85' lang='lat' dir='ltr'><strong>spiritum</strong></span> <span class='ocrx_word' id='word_1_160' title='bbox 3439 528 3673 598; x_wconf 78' lang='lat' dir='ltr'><strong>coepisti,</strong></span> <span class='ocrx_word' id='word_1_161' title='bbox 3691 530 3788 588; x_wconf 88' lang='lat' dir='ltr'><strong>sed</strong></span> 
     </span>
    </p>
   </div>
   <div class='ocr_carea' id='block_1_22' title="bbox 2208 613 3787 689">
    <p class='ocr_par' dir='ltr' id='par_1_22' title="bbox 2208 613 3787 689">
     <span class='ocr_line' id='line_1_22' title="bbox 2208 613 3787 689; baseline 0.005 -22"><span class='ocrx_word' id='word_1_162' title='bbox 2208 629 2306 683; x_wconf 87' lang='lat' dir='ltr'><strong>per</strong></span> <span class='ocrx_word' id='word_1_163' title='bbox 2331 616 2651 683; x_wconf 83' lang='lat' dir='ltr'><strong>degenerem</strong></span> <span class='ocrx_word' id='word_1_164' title='bbox 2685 613 2867 669; x_wconf 89' lang='lat' dir='ltr'><strong>carnis</strong></span> <span class='ocrx_word' id='word_1_165' title='bbox 2906 614 3176 682; x_wconf 76' lang='lat' dir='ltr'><strong>ignaviam</strong></span> <span class='ocrx_word' id='word_1_166' title='bbox 3221 616 3458 685; x_wconf 81' lang='lat' dir='ltr'><strong>tcpuisti.</strong></span> <span class='ocrx_word' id='word_1_167' title='bbox 3492 617 3644 673; x_wconf 91' lang='lat' dir='ltr'><strong>Unde</strong></span> <span class='ocrx_word' id='word_1_168' title='bbox 3690 633 3787 689; x_wconf 82' lang='lat' dir='ltr'><strong>per</strong></span> 
     </span>
    </p>
   </div>
   <div class='ocr_carea' id='block_1_23' title="bbox 2207 700 3789 772">
    <p class='ocr_par' dir='ltr' id='par_1_23' title="bbox 2207 700 3789 772">
     <span class='ocr_line' id='line_1_23' title="bbox 2207 700 3789 772; baseline 0.004 -17"><span class='ocrx_word' id='word_1_169' title='bbox 2207 702 2583 772; x_wconf 84' lang='lat' dir='ltr'><strong>Apocalypsim</strong></span> <span class='ocrx_word' id='word_1_170' title='bbox 2614 700 2836 756; x_wconf 82' lang='lat' dir='ltr'><strong>Joannis</strong></span> <span class='ocrx_word' id='word_1_171' title='bbox 2863 703 3127 756; x_wconf 89' lang='lat' dir='ltr'><strong>sententia</strong></span> <span class='ocrx_word' id='word_1_172' title='bbox 3156 702 3337 758; x_wconf 70' lang='lat' dir='ltr'><strong>bmcin</strong></span> <span class='ocrx_word' id='word_1_173' title='bbox 3372 714 3423 759; x_wconf 92' lang='lat' dir='ltr'><strong>te</strong></span> <span class='ocrx_word' id='word_1_174' title='bbox 3451 706 3627 760; x_wconf 88' lang='lat' dir='ltr'><strong>divina</strong></span> <span class='ocrx_word' id='word_1_175' title='bbox 3656 706 3789 762; x_wconf 87' lang='lat' dir='ltr'><strong>diri-</strong></span> 
     </span>
    </p>
   </div>
   <div class='ocr_carea' id='block_1_24' title="bbox 2207 792 3789 867">
    <p class='ocr_par' dir='ltr' id='par_1_24' title="bbox 2207 792 3789 867">
     <span class='ocr_line' id='line_1_24' title="bbox 2207 792 3789 867; baseline 0.006 -22"><span class='ocrx_word' id='word_1_176' title='bbox 2207 792 2371 862; x_wconf 77' lang='lat' dir='ltr'><strong>gitur,</strong></span> <span class='ocrx_word' id='word_1_177' title='bbox 2402 808 2521 846; x_wconf 92' lang='lat' dir='ltr'><strong>cum</strong></span> <span class='ocrx_word' id='word_1_178' title='bbox 2552 800 2768 862; x_wconf 84' lang='lat' dir='ltr'><strong>torpens</strong></span> <span class='ocrx_word' id='word_1_179' title='bbox 2806 793 3019 847; x_wconf 89' lang='lat' dir='ltr'><strong>animus</strong></span> <span class='ocrx_word' id='word_1_180' title='bbox 3049 801 3171 848; x_wconf 89' lang='lat' dir='ltr'><strong>tuus</strong></span> <span class='ocrx_word' id='word_1_181' title='bbox 3208 808 3239 849; x_wconf 87' lang='lat' dir='ltr'><strong>a</strong></span> <span class='ocrx_word' id='word_1_182' title='bbox 3275 803 3463 850; x_wconf 89' lang='lat' dir='ltr'><strong>sancto</strong></span> <span class='ocrx_word' id='word_1_183' title='bbox 3510 797 3789 867; x_wconf 90' lang='lat' dir='ltr'><strong>proposito</strong></span> 
     </span>
    </p>
   </div>
   <div class='ocr_carea' id='block_1_25' title="bbox 2207 882 3785 956">
    <p class='ocr_par' dir='ltr' id='par_1_25' title="bbox 2207 882 3785 956">
     <span class='ocr_line' id='line_1_25' title="bbox 2207 882 3785 956; baseline 0.005 -19"><span class='ocrx_word' id='word_1_184' title='bbox 2207 894 2538 939; x_wconf 86' lang='lat' dir='ltr'><strong>revocatur:</strong></span> <span class='ocrx_word' id='word_1_185' title='bbox 2593 902 2609 935; x_wconf 75' lang='grc' dir='ltr'><strong>ι</strong></span> <span class='ocrx_word' id='word_1_186' title='bbox 2643 883 2861 940; x_wconf 84' lang='lat' dir='ltr'><strong>Utinam</strong></span> <span class='ocrx_word' id='word_1_187' title='bbox 2915 882 3139 955; x_wconf 80' lang='lat' dir='ltr'><strong>frigidus</strong></span> <span class='ocrx_word' id='word_1_188' title='bbox 3191 900 3341 942; x_wconf 88' lang='lat' dir='ltr'><strong>esses</strong></span> <span class='ocrx_word' id='word_1_189' title='bbox 3402 896 3494 943; x_wconf 90' lang='lat' dir='ltr'><strong>aut</strong></span> <span class='ocrx_word' id='word_1_190' title='bbox 3545 888 3785 956; x_wconf 83' lang='lat' dir='ltr'><strong>calidus;</strong></span> 
     </span>
    </p>
   </div>
   <div class='ocr_carea' id='block_1_26' title="bbox 2209 973 3784 1050">
    <p class='ocr_par' dir='ltr' id='par_1_26' title="bbox 2209 973 3784 1050">
     <span class='ocr_line' id='line_1_26' title="bbox 2209 973 3784 1050; baseline 0.004 -23"><span class='ocrx_word' id='word_1_191' title='bbox 2209 973 2303 1027; x_wconf 86' lang='lat' dir='ltr'><strong>sed</strong></span> <span class='ocrx_word' id='word_1_192' title='bbox 2328 975 2449 1043; x_wconf 85' lang='lat' dir='ltr'><strong>quia</strong></span> <span class='ocrx_word' id='word_1_193' title='bbox 2481 975 2690 1044; x_wconf 76' lang='lat' dir='ltr'><strong>tepidus</strong></span> <span class='ocrx_word' id='word_1_194' title='bbox 2720 990 2801 1038; x_wconf 91' lang='lat' dir='ltr'><strong>es,</strong></span> <span class='ocrx_word' id='word_1_195' title='bbox 2828 982 2884 1030; x_wconf 91' lang='lat' dir='ltr'><strong>et</strong></span> <span class='ocrx_word' id='word_1_196' title='bbox 2922 990 3023 1031; x_wconf 90' lang='lat' dir='ltr'><strong>nee</strong></span> <span class='ocrx_word' id='word_1_197' title='bbox 3068 976 3314 1047; x_wconf 79' lang='lat' dir='ltr'><strong>frigidus,</strong></span> <span class='ocrx_word' id='word_1_198' title='bbox 3345 994 3519 1050; x_wconf 90' lang='lat' dir='ltr'><strong>neque</strong></span> <span class='ocrx_word' id='word_1_199' title='bbox 3558 980 3784 1045; x_wconf 83' lang='lat' dir='ltr'><strong>calidus,</strong></span> 
     </span>
    </p>
   </div>
   <div class='ocr_carea' id='block_1_27' title="bbox 2211 1063 3786 1141">
    <p class='ocr_par' dir='ltr' id='par_1_27' title="bbox 2211 1063 3786 1141">
     <span class='ocr_line' id='line_1_27' title="bbox 2211 1063 3786 1141; baseline 0.007 -25"><span class='ocrx_word' id='word_1_200' title='bbox 2211 1063 2463 1132; x_wconf 89' lang='lat' dir='ltr'><strong>incipiam</strong></span> <span class='ocrx_word' id='word_1_201' title='bbox 2496 1074 2549 1119; x_wconf 88' lang='lat' dir='ltr'><strong>te</strong></span> <span class='ocrx_word' id='word_1_202' title='bbox 2596 1080 2845 1120; x_wconf 87' lang='lat' dir='ltr'><strong>evomere</strong></span> <span class='ocrx_word' id='word_1_203' title='bbox 2872 1081 2940 1121; x_wconf 86' lang='lat' dir='ltr'><strong>ex</strong></span> <span class='ocrx_word' id='word_1_204' title='bbox 2966 1082 3064 1123; x_wconf 92' lang='lat' dir='ltr'><strong>ore</strong></span> <span class='ocrx_word' id='word_1_205' title='bbox 3099 1083 3219 1122; x_wconf 87' lang='lat' dir='ltr'><strong>meo</strong></span> <span class='ocrx_word' id='word_1_206' title='bbox 3243 1067 3425 1138; x_wconf 85' lang='lat' dir='ltr'><strong>(Apoc.</strong></span> <span class='ocrx_word' id='word_1_207' title='bbox 3457 1069 3560 1141; x_wconf 84' lang='lat' dir='ltr'><strong>tn).</strong></span> <span class='ocrx_word' id='word_1_208' title='bbox 3591 1089 3609 1123; x_wconf 73' lang='grc' dir='ltr'><strong>ι</strong></span> <span class='ocrx_word' id='word_1_209' title='bbox 3644 1069 3786 1127; x_wconf 87' lang='lat' dir='ltr'><strong>Sane</strong></span> 
     </span>
    </p>
   </div>
   <div class='ocr_carea' id='block_1_28' title="bbox 2211 1160 3785 1232">
    <p class='ocr_par' dir='ltr' id='par_1_28' title="bbox 2211 1160 3785 1232">
     <span class='ocr_line' id='line_1_28' title="bbox 2211 1160 3785 1232; baseline 0.002 -19"><span class='ocrx_word' id='word_1_210' title='bbox 2211 1168 2568 1229; x_wconf 67' lang='lat' dir='ltr'><strong>prieterqnam</strong></span> <span class='ocrx_word' id='word_1_211' title='bbox 2594 1160 2745 1215; x_wconf 83' lang='lat' dir='ltr'><strong>cibus</strong></span> <span class='ocrx_word' id='word_1_212' title='bbox 2774 1161 3062 1225; x_wconf 86' lang='lat' dir='ltr'><strong>evomitur,</strong></span> <span class='ocrx_word' id='word_1_213' title='bbox 3094 1162 3224 1215; x_wconf 89' lang='lat' dir='ltr'><strong>nulli</strong></span> <span class='ocrx_word' id='word_1_214' title='bbox 3255 1177 3483 1232; x_wconf 90' lang='lat' dir='ltr'><strong>prorsus</strong></span> <span class='ocrx_word' id='word_1_215' title='bbox 3513 1164 3633 1218; x_wconf 88' lang='lat' dir='ltr'><strong>usui</strong></span> <span class='ocrx_word' id='word_1_216' title='bbox 3653 1179 3785 1219; x_wconf 86' lang='lat' dir='ltr'><strong>con-</strong></span> 
     </span>
    </p>
   </div>
   <div class='ocr_carea' id='block_1_29' title="bbox 2209 1249 3787 1325">
    <p class='ocr_par' dir='ltr' id='par_1_29' title="bbox 2209 1249 3787 1325">
     <span class='ocr_line' id='line_1_29' title="bbox 2209 1249 3787 1325; baseline 0.006 -24"><span class='ocrx_word' id='word_1_217' title='bbox 2209 1265 2375 1319; x_wconf 78' lang='lat' dir='ltr'><strong>gruus</strong></span> <span class='ocrx_word' id='word_1_218' title='bbox 2422 1249 2715 1318; x_wconf 74' lang='lat' dir='ltr'><strong>iudicatur.</strong></span> <span class='ocrx_word' id='word_1_219' title='bbox 2741 1250 2820 1306; x_wconf 86' lang='lat' dir='ltr'><strong>Tu</strong></span> <span class='ocrx_word' id='word_1_220' title='bbox 2869 1267 2996 1307; x_wconf 91' lang='lat' dir='ltr'><strong>vero</strong></span> <span class='ocrx_word' id='word_1_221' title='bbox 3040 1261 3096 1307; x_wconf 92' lang='lat' dir='ltr'><strong>et</strong></span> <span class='ocrx_word' id='word_1_222' title='bbox 3129 1253 3182 1308; x_wconf 89' lang='lat' dir='ltr'><strong>in</strong></span> <span class='ocrx_word' id='word_1_223' title='bbox 3210 1269 3409 1325; x_wconf 89' lang='lat' dir='ltr'><strong>corpus</strong></span> <span class='ocrx_word' id='word_1_224' title='bbox 3436 1253 3639 1311; x_wconf 85' lang='lat' dir='ltr'><strong>Christi</strong></span> <span class='ocrx_word' id='word_1_225' title='bbox 3670 1265 3787 1310; x_wconf 80' lang='lat' dir='ltr'><strong>tan-</strong></span> 
     </span>
    </p>
   </div>
   <div class='ocr_carea' id='block_1_30' title="bbox 2211 1340 3787 1415">
    <p class='ocr_par' dir='ltr' id='par_1_30' title="bbox 2211 1340 3787 1415">
     <span class='ocr_line' id='line_1_30' title="bbox 2211 1340 3787 1415; baseline 0.006 -22"><span class='ocrx_word' id='word_1_226' title='bbox 2211 1355 2373 1410; x_wconf 88' lang='lat' dir='ltr'><strong>quam</strong></span> <span class='ocrx_word' id='word_1_227' title='bbox 2413 1355 2580 1394; x_wconf 87' lang='lat' dir='ltr'><strong>suave</strong></span> <span class='ocrx_word' id='word_1_228' title='bbox 2609 1340 2918 1396; x_wconf 89' lang='lat' dir='ltr'><strong>refectionis</strong></span> <span class='ocrx_word' id='word_1_229' title='bbox 2946 1342 3160 1411; x_wconf 91' lang='lat' dir='ltr'><strong>epulum</strong></span> <span class='ocrx_word' id='word_1_230' title='bbox 3190 1344 3469 1415; x_wconf 89' lang='lat' dir='ltr'><strong>trajeeisti,</strong></span> <span class='ocrx_word' id='word_1_231' title='bbox 3508 1347 3633 1401; x_wconf 92' lang='lat' dir='ltr'><strong>dum</strong></span> <span class='ocrx_word' id='word_1_232' title='bbox 3687 1348 3787 1402; x_wconf 81' lang='lat' dir='ltr'><strong>ob-</strong></span> 
     </span>
    </p>
   </div>
   <div class='ocr_carea' id='block_1_31' title="bbox 2212 1429 3791 1503">
    <p class='ocr_par' dir='ltr' id='par_1_31' title="bbox 2212 1429 3791 1503">
     <span class='ocr_line' id='line_1_31' title="bbox 2212 1429 3791 1503; baseline 0.001 -17"><span class='ocrx_word' id='word_1_233' title='bbox 2212 1430 2493 1486; x_wconf 85' lang='lat' dir='ltr'><strong>servandis</strong></span> <span class='ocrx_word' id='word_1_234' title='bbox 2521 1429 2639 1500; x_wconf 87' lang='lat' dir='ltr'><strong>ejus</strong></span> <span class='ocrx_word' id='word_1_235' title='bbox 2669 1431 2913 1486; x_wconf 84' lang='lat' dir='ltr'><strong>excubiis</strong></span> <span class='ocrx_word' id='word_1_236' title='bbox 2947 1440 2996 1486; x_wconf 94' lang='lat' dir='ltr'><strong>te</strong></span> <span class='ocrx_word' id='word_1_237' title='bbox 3026 1447 3124 1501; x_wconf 91' lang='lat' dir='ltr'><strong>per</strong></span> <span class='ocrx_word' id='word_1_238' title='bbox 3141 1432 3535 1503; x_wconf 88' lang='lat' dir='ltr'><strong>astipulationis</strong></span> <span class='ocrx_word' id='word_1_239' title='bbox 3567 1444 3791 1491; x_wconf 85' lang='lat' dir='ltr'><strong>etcom-</strong></span> 
     </span>
    </p>
   </div>
   <div class='ocr_carea' id='block_1_32' title="bbox 2212 1518 3787 1595">
    <p class='ocr_par' dir='ltr' id='par_1_32' title="bbox 2212 1518 3787 1595">
     <span class='ocr_line' id='line_1_32' title="bbox 2212 1518 3787 1595; baseline 0.004 -21"><span class='ocrx_word' id='word_1_240' title='bbox 2212 1518 2489 1574; x_wconf 79' lang='lat' dir='ltr'><strong>missionis</strong></span> <span class='ocrx_word' id='word_1_241' title='bbox 2532 1518 2795 1587; x_wconf 87' lang='lat' dir='ltr'><strong>judicium</strong></span> <span class='ocrx_word' id='word_1_242' title='bbox 2852 1522 3150 1587; x_wconf 83' lang='lat' dir='ltr'><strong>tradidisti;</strong></span> <span class='ocrx_word' id='word_1_243' title='bbox 3205 1539 3349 1579; x_wconf 90' lang='lat' dir='ltr'><strong>nunc</strong></span> <span class='ocrx_word' id='word_1_244' title='bbox 3400 1534 3600 1589; x_wconf 90' lang='lat' dir='ltr'><strong>autem,</strong></span> <span class='ocrx_word' id='word_1_245' title='bbox 3655 1527 3787 1595; x_wconf 86' lang='lat' dir='ltr'><strong>proh</strong></span> 
     </span>
    </p>
   </div>
   <div class='ocr_carea' id='block_1_33' title="bbox 527 1608 3791 1689">
    <p class='ocr_par' dir='ltr' id='par_1_33' title="bbox 527 1608 3791 1689">
     <span class='ocr_line' id='line_1_33' title="bbox 527 1608 3791 1689; baseline -0.002 -14"><span class='ocrx_word' id='word_1_246' title='bbox 527 1630 719 1676; x_wconf 89' lang='lat' dir='ltr'><strong>tereat.</strong></span> <span class='ocrx_word' id='word_1_247' title='bbox 754 1639 773 1671; x_wconf 71' lang='grc' dir='ltr'><strong>ι</strong></span> <span class='ocrx_word' id='word_1_248' title='bbox 810 1619 928 1674; x_wconf 82' lang='lat' dir='ltr'><strong>Non</strong></span> <span class='ocrx_word' id='word_1_249' title='bbox 958 1620 1267 1689; x_wconf 85' lang='lat' dir='ltr'><strong>impediaris</strong></span> <span class='ocrx_word' id='word_1_250' title='bbox 1288 1634 1445 1672; x_wconf 88' lang='lat' dir='ltr'><strong>orare</strong></span> <span class='ocrx_word' id='word_1_251' title='bbox 1466 1632 1697 1687; x_wconf 92' lang='lat' dir='ltr'><strong>semper,</strong></span> <span class='ocrx_word' id='word_1_252' title='bbox 1720 1625 1775 1671; x_wconf 93' lang='lat' dir='ltr'><strong>et</strong></span> <span class='ocrx_word' id='word_1_253' title='bbox 1795 1631 1898 1671; x_wconf 84' lang='lat' dir='ltr'><strong>non</strong></span> <span class='ocrx_word' id='word_1_254' title='bbox 1921 1630 2108 1671; x_wconf 86' lang='lat' dir='ltr'><strong>verea-</strong></span> <span class='ocrx_word' id='word_1_255' title='bbox 2140 1613 2181 1672; x_wconf 82' lang='grc' dir='ltr'><strong>Β</strong></span> <span class='ocrx_word' id='word_1_256' title='bbox 2211 1608 2391 1664; x_wconf 86' lang='lat' dir='ltr'><strong>dolor!</strong></span> <span class='ocrx_word' id='word_1_257' title='bbox 2433 1609 2588 1678; x_wconf 89' lang='lat' dir='ltr'><strong>quasi</strong></span> <span class='ocrx_word' id='word_1_258' title='bbox 2630 1609 2905 1665; x_wconf 85' lang='lat' dir='ltr'><strong>fastiditus</strong></span> <span class='ocrx_word' id='word_1_259' title='bbox 2938 1616 3228 1678; x_wconf 77' lang='lat' dir='ltr'><strong>evomeris,</strong></span> <span class='ocrx_word' id='word_1_260' title='bbox 3261 1614 3386 1668; x_wconf 90' lang='lat' dir='ltr'><strong>dum</strong></span> <span class='ocrx_word' id='word_1_261' title='bbox 3416 1624 3597 1669; x_wconf 88' lang='lat' dir='ltr'><strong>votum</strong></span> <span class='ocrx_word' id='word_1_262' title='bbox 3627 1630 3791 1684; x_wconf 88' lang='lat' dir='ltr'><strong>spon-</strong></span> 
     </span>
    </p>
   </div>
   <div class='ocr_carea' id='block_1_34' title="bbox 525 1708 2107 1780">
    <p class='ocr_par' dir='ltr' id='par_1_34' title="bbox 525 1708 2107 1780">
     <span class='ocr_line' id='line_1_34' title="bbox 525 1708 2107 1780; baseline -0.003 -14"><span class='ocrx_word' id='word_1_263' title='bbox 525 1711 602 1767; x_wconf 86' lang='lat' dir='ltr'><strong>ris</strong></span> <span class='ocrx_word' id='word_1_264' title='bbox 630 1725 803 1780; x_wconf 88' lang='lat' dir='ltr'><strong>usque</strong></span> <span class='ocrx_word' id='word_1_265' title='bbox 855 1710 921 1764; x_wconf 91' lang='lat' dir='ltr'><strong>ad</strong></span> <span class='ocrx_word' id='word_1_266' title='bbox 953 1723 1178 1764; x_wconf 77' lang='lat' dir='ltr'><strong>mortem</strong></span> <span class='ocrx_word' id='word_1_267' title='bbox 1227 1708 1553 1778; x_wconf 83' lang='lat' dir='ltr'><strong>jnstiticari;</strong></span> <span class='ocrx_word' id='word_1_268' title='bbox 1592 1710 1849 1779; x_wconf 90' lang='lat' dir='ltr'><strong>quoniam</strong></span> <span class='ocrx_word' id='word_1_269' title='bbox 1898 1722 2107 1762; x_wconf 86' lang='lat' dir='ltr'><strong>merces</strong></span> 
     </span>
    </p>
   </div>
   <div class='ocr_carea' id='block_1_35' title="bbox 527 1799 2108 1873">
    <p class='ocr_par' dir='ltr' id='par_1_35' title="bbox 527 1799 2108 1873">
     <span class='ocr_line' id='line_1_35' title="bbox 527 1799 2108 1873; baseline -0.003 -14"><span class='ocrx_word' id='word_1_270' title='bbox 527 1804 738 1860; x_wconf 90' lang='lat' dir='ltr'><strong>Domini</strong></span> <span class='ocrx_word' id='word_1_271' title='bbox 763 1812 943 1858; x_wconf 89' lang='lat' dir='ltr'><strong>manet</strong></span> <span class='ocrx_word' id='word_1_272' title='bbox 970 1803 1020 1857; x_wconf 92' lang='lat' dir='ltr'><strong>in</strong></span> <span class='ocrx_word' id='word_1_273' title='bbox 1046 1813 1307 1858; x_wconf 70' lang='lat' dir='ltr'><strong>aeternum</strong></span> <span class='ocrx_word' id='word_1_274' title='bbox 1340 1801 1530 1872; x_wconf 84' lang='lat' dir='ltr'><strong>(Eccli.</strong></span> <span class='ocrx_word' id='word_1_275' title='bbox 1562 1801 1766 1873; x_wconf 72' lang='lat' dir='ltr'><strong>xvnt).i</strong></span> <span class='ocrx_word' id='word_1_276' title='bbox 1794 1801 1925 1856; x_wconf 90' lang='lat' dir='ltr'><strong>lllud</strong></span> <span class='ocrx_word' id='word_1_277' title='bbox 1945 1799 2108 1855; x_wconf 89' lang='lat' dir='ltr'><strong>etiam</strong></span> 
     </span>
    </p>
   </div>
   <div class='ocr_carea' id='block_1_36' title="bbox 523 1892 2111 1952">
    <p class='ocr_par' dir='ltr' id='par_1_36' title="bbox 523 1892 2111 1952">
     <span class='ocr_line' id='line_1_36' title="bbox 523 1892 2111 1952; baseline -0.002 -2"><span class='ocrx_word' id='word_1_278' title='bbox 523 1911 631 1952; x_wconf 87' lang='lat' dir='ltr'><strong>non</strong></span> <span class='ocrx_word' id='word_1_279' title='bbox 656 1894 1038 1950; x_wconf 90' lang='lat' dir='ltr'><strong>obliviscaris:</strong></span> <span class='ocrx_word' id='word_1_280' title='bbox 1084 1913 1104 1947; x_wconf 75' lang='grc' dir='ltr'><strong>ι</strong></span> <span class='ocrx_word' id='word_1_281' title='bbox 1146 1892 1261 1950; x_wconf 86' lang='lat' dir='ltr'><strong>Non</strong></span> <span class='ocrx_word' id='word_1_282' title='bbox 1316 1895 1499 1950; x_wconf 85' lang='lat' dir='ltr'><strong>tardes</strong></span> <span class='ocrx_word' id='word_1_283' title='bbox 1545 1894 1788 1949; x_wconf 87' lang='lat' dir='ltr'><strong>converti</strong></span> <span class='ocrx_word' id='word_1_284' title='bbox 1835 1896 1902 1948; x_wconf 87' lang='lat' dir='ltr'><strong>ad</strong></span> <span class='ocrx_word' id='word_1_285' title='bbox 1929 1892 2111 1948; x_wconf 86' lang='lat' dir='ltr'><strong>Domi-</strong></span> 
     </span>
    </p>
   </div>
   <div class='ocr_carea' id='block_1_37' title="bbox 522 1982 2108 2049">
    <p class='ocr_par' dir='ltr' id='par_1_37' title="bbox 522 1982 2108 2049">
     <span class='ocr_line' id='line_1_37' title="bbox 522 1982 2108 2049; baseline -0.003 -10"><span class='ocrx_word' id='word_1_286' title='bbox 522 1999 673 2046; x_wconf 91' lang='lat' dir='ltr'><strong>num,</strong></span> <span class='ocrx_word' id='word_1_287' title='bbox 703 1989 757 2037; x_wconf 88' lang='lat' dir='ltr'><strong>et</strong></span> <span class='ocrx_word' id='word_1_288' title='bbox 805 1998 873 2037; x_wconf 90' lang='lat' dir='ltr'><strong>ne</strong></span> <span class='ocrx_word' id='word_1_289' title='bbox 915 1982 1131 2038; x_wconf 77' lang='lat' dir='ltr'><strong>differas</strong></span> <span class='ocrx_word' id='word_1_290' title='bbox 1175 1983 1241 2038; x_wconf 89' lang='lat' dir='ltr'><strong>de</strong></span> <span class='ocrx_word' id='word_1_291' title='bbox 1287 1982 1373 2037; x_wconf 87' lang='lat' dir='ltr'><strong>die</strong></span> <span class='ocrx_word' id='word_1_292' title='bbox 1417 1983 1470 2037; x_wconf 90' lang='lat' dir='ltr'><strong>in</strong></span> <span class='ocrx_word' id='word_1_293' title='bbox 1518 1984 1692 2049; x_wconf 88' lang='lat' dir='ltr'><strong>diem;</strong></span> <span class='ocrx_word' id='word_1_294' title='bbox 1739 1982 1919 2038; x_wconf 91' lang='lat' dir='ltr'><strong>subito</strong></span> <span class='ocrx_word' id='word_1_295' title='bbox 1965 1982 2108 2036; x_wconf 91' lang='lat' dir='ltr'><strong>enim</strong></span> 
     </span>
    </p>
   </div>
   <div class='ocr_carea' id='block_1_38' title="bbox 523 2070 2113 2141">
    <p class='ocr_par' dir='ltr' id='par_1_38' title="bbox 523 2070 2113 2141">
     <span class='ocr_line' id='line_1_38' title="bbox 523 2070 2113 2141; baseline 0.003 -19"><span class='ocrx_word' id='word_1_296' title='bbox 523 2071 706 2124; x_wconf 77' lang='lat' dir='ltr'><strong>veniet</strong></span> <span class='ocrx_word' id='word_1_297' title='bbox 740 2071 818 2124; x_wconf 89' lang='lat' dir='ltr'><strong>ira</strong></span> <span class='ocrx_word' id='word_1_298' title='bbox 847 2070 1010 2134; x_wconf 90' lang='lat' dir='ltr'><strong>illius,</strong></span> <span class='ocrx_word' id='word_1_299' title='bbox 1043 2080 1097 2125; x_wconf 91' lang='lat' dir='ltr'><strong>et</strong></span> <span class='ocrx_word' id='word_1_300' title='bbox 1143 2072 1195 2126; x_wconf 91' lang='lat' dir='ltr'><strong>in</strong></span> <span class='ocrx_word' id='word_1_301' title='bbox 1252 2080 1494 2140; x_wconf 90' lang='lat' dir='ltr'><strong>tempore</strong></span> <span class='ocrx_word' id='word_1_302' title='bbox 1538 2072 1790 2127; x_wconf 67' lang='lat' dir='ltr'><strong>vindicta:</strong></span> <span class='ocrx_word' id='word_1_303' title='bbox 1838 2071 2113 2141; x_wconf 78' lang='lat' dir='ltr'><strong>disperdet</strong></span> 
     </span>
    </p>
   </div>
   <div class='ocr_carea' id='block_1_39' title="bbox 528 2156 2112 2230">
    <p class='ocr_par' dir='ltr' id='par_1_39' title="bbox 528 2156 2112 2230">
     <span class='ocr_line' id='line_1_39' title="bbox 528 2156 2112 2230; baseline 0.003 -19"><span class='ocrx_word' id='word_1_304' title='bbox 528 2168 583 2213; x_wconf 89' lang='lat' dir='ltr'><strong>te</strong></span> <span class='ocrx_word' id='word_1_305' title='bbox 613 2156 785 2227; x_wconf 82' lang='lat' dir='ltr'><strong>(Eccl.</strong></span> <span class='ocrx_word' id='word_1_306' title='bbox 819 2159 896 2230; x_wconf 90' lang='lat' dir='ltr'><strong>v).</strong></span> <span class='ocrx_word' id='word_1_307' title='bbox 929 2180 947 2212; x_wconf 77' lang='grc' dir='ltr'><strong>ι</strong></span> <span class='ocrx_word' id='word_1_308' title='bbox 1003 2159 1352 2216; x_wconf 83' lang='lat' dir='ltr'><strong>Ecclesiastes</strong></span> <span class='ocrx_word' id='word_1_309' title='bbox 1377 2162 1539 2216; x_wconf 91' lang='lat' dir='ltr'><strong>etiam</strong></span> <span class='ocrx_word' id='word_1_310' title='bbox 1589 2161 1761 2217; x_wconf 89' lang='lat' dir='ltr'><strong>dicit:</strong></span> <span class='ocrx_word' id='word_1_311' title='bbox 1795 2180 1813 2212; x_wconf 76' lang='grc' dir='ltr'><strong>ι</strong></span> <span class='ocrx_word' id='word_1_312' title='bbox 1846 2161 2112 2215; x_wconf 83' lang='lat' dir='ltr'><strong>Memento</strong></span> 
     </span>
    </p>
   </div>
   <div class='ocr_carea' id='block_1_40' title="bbox 526 2247 2110 2319">
    <p class='ocr_par' dir='ltr' id='par_1_40' title="bbox 526 2247 2110 2319">
     <span class='ocr_line' id='line_1_40' title="bbox 526 2247 2110 2319; baseline 0.001 -16"><span class='ocrx_word' id='word_1_313' title='bbox 526 2247 805 2303; x_wconf 82' lang='lat' dir='ltr'><strong>Creatoris</strong></span> <span class='ocrx_word' id='word_1_314' title='bbox 842 2248 918 2301; x_wconf 92' lang='lat' dir='ltr'><strong>tui</strong></span> <span class='ocrx_word' id='word_1_315' title='bbox 952 2248 1005 2302; x_wconf 92' lang='lat' dir='ltr'><strong>iu</strong></span> <span class='ocrx_word' id='word_1_316' title='bbox 1038 2250 1228 2305; x_wconf 87' lang='lat' dir='ltr'><strong>diebus</strong></span> <span class='ocrx_word' id='word_1_317' title='bbox 1267 2249 1567 2318; x_wconf 90' lang='lat' dir='ltr'><strong>juventutis</strong></span> <span class='ocrx_word' id='word_1_318' title='bbox 1615 2258 1720 2304; x_wconf 82' lang='lat' dir='ltr'><strong>tuae</strong></span> <span class='ocrx_word' id='word_1_319' title='bbox 1747 2289 1763 2315; x_wconf 92' lang='lat'><strong>,</strong></span> <span class='ocrx_word' id='word_1_320' title='bbox 1823 2260 2110 2319; x_wconf 87' lang='lat' dir='ltr'><strong>antequam</strong></span> 
     </span>
    </p>
   </div>
   <div class='ocr_carea' id='block_1_41' title="bbox 525 2337 2114 2410">
    <p class='ocr_par' dir='ltr' id='par_1_41' title="bbox 525 2337 2114 2410">
     <span class='ocr_line' id='line_1_41' title="bbox 525 2337 2114 2410; baseline 0.004 -21"><span class='ocrx_word' id='word_1_321' title='bbox 525 2337 711 2393; x_wconf 82' lang='lat' dir='ltr'><strong>veniat</strong></span> <span class='ocrx_word' id='word_1_322' title='bbox 758 2346 969 2407; x_wconf 88' lang='lat' dir='ltr'><strong>tempus</strong></span> <span class='ocrx_word' id='word_1_323' title='bbox 1016 2338 1320 2395; x_wconf 80' lang='lat' dir='ltr'><strong>amictionis</strong></span> <span class='ocrx_word' id='word_1_324' title='bbox 1383 2348 1529 2403; x_wconf 63' lang='lat' dir='ltr'><strong>tuae,</strong></span> <span class='ocrx_word' id='word_1_325' title='bbox 1584 2348 1641 2394; x_wconf 86' lang='lat' dir='ltr'><strong>et</strong></span> <span class='ocrx_word' id='word_1_326' title='bbox 1686 2341 2114 2410; x_wconf 80' lang='lat' dir='ltr'><strong>appmpiuqnent</strong></span> 
     </span>
    </p>
   </div>
   <div class='ocr_carea' id='block_1_42' title="bbox 528 2425 2109 2501">
    <p class='ocr_par' dir='ltr' id='par_1_42' title="bbox 528 2425 2109 2501">
     <span class='ocr_line' id='line_1_42' title="bbox 528 2425 2109 2501; baseline 0.001 -20"><span class='ocrx_word' id='word_1_327' title='bbox 528 2425 657 2481; x_wconf 89' lang='lat' dir='ltr'><strong>anni</strong></span> <span class='ocrx_word' id='word_1_328' title='bbox 677 2426 743 2481; x_wconf 88' lang='lat' dir='ltr'><strong>de</strong></span> <span class='ocrx_word' id='word_1_329' title='bbox 766 2426 962 2496; x_wconf 86' lang='lat' dir='ltr'><strong>quibus</strong></span> <span class='ocrx_word' id='word_1_330' title='bbox 981 2428 1130 2483; x_wconf 89' lang='lat' dir='ltr'><strong>dicas</strong></span> <span class='ocrx_word' id='word_1_331' title='bbox 1157 2446 1171 2482; x_wconf 93' lang='lat'><strong>:</strong></span> <span class='ocrx_word' id='word_1_332' title='bbox 1194 2427 1307 2483; x_wconf 86' lang='lat' dir='ltr'><strong>Non</strong></span> <span class='ocrx_word' id='word_1_333' title='bbox 1334 2429 1464 2483; x_wconf 82' lang='lat' dir='ltr'><strong>milii</strong></span> <span class='ocrx_word' id='word_1_334' title='bbox 1490 2428 1698 2500; x_wconf 85' lang='lat' dir='ltr'><strong>placent</strong></span> <span class='ocrx_word' id='word_1_335' title='bbox 1719 2428 1915 2501; x_wconf 73' lang='lat' dir='ltr'><strong>(Ecclc.</strong></span> <span class='ocrx_word' id='word_1_336' title='bbox 1942 2431 2063 2501; x_wconf 86' lang='lat' dir='ltr'><strong>xu).</strong></span> <span class='ocrx_word' id='word_1_337' title='bbox 2091 2449 2109 2481; x_wconf 73' lang='grc' dir='ltr'><strong>ι</strong></span> 
     </span>
    </p>
   </div>
   <div class='ocr_carea' id='block_1_43' title="bbox 1154 2521 2076 2605">
    <p class='ocr_par' dir='ltr' id='par_1_43' title="bbox 1154 2521 2076 2605">
     <span class='ocr_line' id='line_1_43' title="bbox 1154 2521 2076 2605; baseline 0 -29"><span class='ocrx_word' id='word_1_338' title='bbox 1154 2521 1482 2576; x_wconf 71' lang='lat' dir='ltr'><strong>CAPUTIL</strong></span> <span class='ocrx_word' id='word_1_339' title='bbox 2064 2591 2076 2605; x_wconf 39' lang='lat'><strong><em>.</em></strong></span> 
     </span>
    </p>
   </div>
   <div class='ocr_carea' id='block_1_44' title="bbox 598 2609 2044 2682">
    <p class='ocr_par' dir='ltr' id='par_1_44' title="bbox 598 2609 2044 2682">
     <span class='ocr_line' id='line_1_44' title="bbox 598 2609 2044 2682; baseline 0.001 -16"><span class='ocrx_word' id='word_1_340' title='bbox 598 2609 752 2676; x_wconf 76' lang='lat' dir='ltr'><strong>Quod</strong></span> <span class='ocrx_word' id='word_1_341' title='bbox 769 2611 859 2682; x_wconf 83' lang='lat' dir='ltr'><strong>qui</strong></span> <span class='ocrx_word' id='word_1_342' title='bbox 878 2621 995 2666; x_wconf 77' lang='lat' dir='ltr'><strong>rota</strong></span> <span class='ocrx_word' id='word_1_343' title='bbox 1017 2628 1121 2666; x_wconf 76' lang='lat' dir='ltr'><strong>non</strong></span> <span class='ocrx_word' id='word_1_344' title='bbox 1145 2612 1368 2682; x_wconf 78' lang='lat' dir='ltr'><strong>perﬁcit,</strong></span> <span class='ocrx_word' id='word_1_345' title='bbox 1392 2612 1557 2667; x_wconf 85' lang='lat' dir='ltr'><strong>Deum</strong></span> <span class='ocrx_word' id='word_1_346' title='bbox 1581 2613 1788 2667; x_wconf 81' lang='lat' dir='ltr'><strong>videtur</strong></span> <span class='ocrx_word' id='word_1_347' title='bbox 1807 2613 2044 2668; x_wconf 79' lang='lat' dir='ltr'><strong>irridere.</strong></span> 
     </span>
    </p>
   </div>
   <div class='ocr_carea' id='block_1_45' title="bbox 597 2700 2119 2773">
    <p class='ocr_par' dir='ltr' id='par_1_45' title="bbox 597 2700 2119 2773">
     <span class='ocr_line' id='line_1_45' title="bbox 597 2700 2119 2773; baseline 0.003 -18"><span class='ocrx_word' id='word_1_348' title='bbox 597 2700 849 2756; x_wconf 89' lang='lat' dir='ltr'><strong>Obtulisti</strong></span> <span class='ocrx_word' id='word_1_349' title='bbox 883 2701 1223 2771; x_wconf 89' lang='lat' dir='ltr'><strong>temetipsum</strong></span> <span class='ocrx_word' id='word_1_350' title='bbox 1260 2702 1393 2770; x_wconf 91' lang='lat' dir='ltr'><strong>Deo,</strong></span> <span class='ocrx_word' id='word_1_351' title='bbox 1438 2714 1494 2758; x_wconf 91' lang='lat' dir='ltr'><strong>et</strong></span> <span class='ocrx_word' id='word_1_352' title='bbox 1538 2704 1714 2759; x_wconf 88' lang='lat' dir='ltr'><strong>factus</strong></span> <span class='ocrx_word' id='word_1_353' title='bbox 1760 2704 1942 2773; x_wconf 84' lang='lat' dir='ltr'><strong>refuga</strong></span> <span class='ocrx_word' id='word_1_354' title='bbox 1991 2705 2119 2759; x_wconf 89' lang='lat' dir='ltr'><strong>sub-</strong></span> 
     </span>
    </p>
   </div>
   <div class='ocr_carea' id='block_1_46' title="bbox 529 2790 2116 2860">
    <p class='ocr_par' dir='ltr' id='par_1_46' title="bbox 529 2790 2116 2860">
     <span class='ocr_line' id='line_1_46' title="bbox 529 2790 2116 2860; baseline 0.003 -17"><span class='ocrx_word' id='word_1_355' title='bbox 529 2790 786 2844; x_wconf 83' lang='lat' dir='ltr'><strong>traxisti?</strong></span> <span class='ocrx_word' id='word_1_356' title='bbox 824 2791 994 2846; x_wconf 90' lang='lat' dir='ltr'><strong>Deum</strong></span> <span class='ocrx_word' id='word_1_357' title='bbox 1017 2806 1267 2860; x_wconf 90' lang='lat' dir='ltr'><strong>puerum,</strong></span> <span class='ocrx_word' id='word_1_358' title='bbox 1297 2799 1352 2847; x_wconf 89' lang='lat' dir='ltr'><strong>et</strong></span> <span class='ocrx_word' id='word_1_359' title='bbox 1391 2801 1441 2846; x_wconf 89' lang='lat' dir='ltr'><strong>te</strong></span> <span class='ocrx_word' id='word_1_360' title='bbox 1468 2792 1602 2847; x_wconf 86' lang='lat' dir='ltr'><strong>facis</strong></span> <span class='ocrx_word' id='word_1_361' title='bbox 1628 2808 1809 2847; x_wconf 88' lang='lat' dir='ltr'><strong>ovum.</strong></span> <span class='ocrx_word' id='word_1_362' title='bbox 1833 2791 1966 2847; x_wconf 81' lang='lat' dir='ltr'><strong>Nam</strong></span> <span class='ocrx_word' id='word_1_363' title='bbox 1990 2793 2116 2847; x_wconf 81' lang='lat' dir='ltr'><strong>dum</strong></span> 
     </span>
    </p>
   </div>
   <div class='ocr_carea' id='block_1_47' title="bbox 529 2879 2113 2952">
    <p class='ocr_par' dir='ltr' id='par_1_47' title="bbox 529 2879 2113 2952">
     <span class='ocr_line' id='line_1_47' title="bbox 529 2879 2113 2952; baseline 0.002 -19"><span class='ocrx_word' id='word_1_364' title='bbox 529 2887 584 2933; x_wconf 91' lang='lat' dir='ltr'><strong>te</strong></span> <span class='ocrx_word' id='word_1_365' title='bbox 612 2879 714 2934; x_wconf 82' lang='lat' dir='ltr'><strong>sibi</strong></span> <span class='ocrx_word' id='word_1_366' title='bbox 742 2879 893 2950; x_wconf 88' lang='lat' dir='ltr'><strong>prius</strong></span> <span class='ocrx_word' id='word_1_367' title='bbox 919 2880 1159 2935; x_wconf 89' lang='lat' dir='ltr'><strong>oblatum</strong></span> <span class='ocrx_word' id='word_1_368' title='bbox 1184 2882 1420 2950; x_wconf 90' lang='lat' dir='ltr'><strong>conaris,</strong></span> <span class='ocrx_word' id='word_1_369' title='bbox 1455 2882 1610 2952; x_wconf 87' lang='lat' dir='ltr'><strong>quasi</strong></span> <span class='ocrx_word' id='word_1_370' title='bbox 1651 2882 1883 2937; x_wconf 86' lang='lat' dir='ltr'><strong>ludendo</strong></span> <span class='ocrx_word' id='word_1_371' title='bbox 1908 2883 2113 2937; x_wconf 87' lang='lat' dir='ltr'><strong>subdu-</strong></span> 
     </span>
    </p>
   </div>
   <div class='ocr_carea' id='block_1_48' title="bbox 2209 1697 3791 1768">
    <p class='ocr_par' dir='ltr' id='par_1_48' title="bbox 2209 1697 3791 1768">
     <span class='ocr_line' id='line_1_48' title="bbox 2209 1697 3791 1768; baseline 0.004 -15"><span class='ocrx_word' id='word_1_372' title='bbox 2209 1698 2378 1753; x_wconf 91' lang='lat' dir='ltr'><strong>siouis</strong></span> <span class='ocrx_word' id='word_1_373' title='bbox 2407 1697 2704 1768; x_wconf 83' lang='lat' dir='ltr'><strong>refringere</strong></span> <span class='ocrx_word' id='word_1_374' title='bbox 2756 1715 2820 1755; x_wconf 90' lang='lat' dir='ltr'><strong>ac</strong></span> <span class='ocrx_word' id='word_1_375' title='bbox 2851 1699 3053 1754; x_wconf 88' lang='lat' dir='ltr'><strong>violare</strong></span> <span class='ocrx_word' id='word_1_376' title='bbox 3081 1702 3326 1768; x_wconf 88' lang='lat' dir='ltr'><strong>conaris;</strong></span> <span class='ocrx_word' id='word_1_377' title='bbox 3357 1718 3466 1758; x_wconf 88' lang='lat' dir='ltr'><strong>non</strong></span> <span class='ocrx_word' id='word_1_378' title='bbox 3506 1704 3791 1759; x_wconf 88' lang='lat' dir='ltr'><strong>attendens</strong></span> 
     </span>
    </p>
   </div>
   <div class='ocr_carea' id='block_1_49' title="bbox 2211 1788 3791 1863">
    <p class='ocr_par' dir='ltr' id='par_1_49' title="bbox 2211 1788 3791 1863">
     <span class='ocr_line' id='line_1_49' title="bbox 2211 1788 3791 1863; baseline 0.006 -21"><span class='ocrx_word' id='word_1_379' title='bbox 2211 1790 2353 1858; x_wconf 90' lang='lat' dir='ltr'><strong>quod</strong></span> <span class='ocrx_word' id='word_1_380' title='bbox 2378 1789 2433 1844; x_wconf 92' lang='lat' dir='ltr'><strong>in</strong></span> <span class='ocrx_word' id='word_1_381' title='bbox 2465 1789 2605 1844; x_wconf 92' lang='lat' dir='ltr'><strong>libro</strong></span> <span class='ocrx_word' id='word_1_382' title='bbox 2632 1788 2853 1845; x_wconf 83' lang='lat' dir='ltr'><strong>Numeri</strong></span> <span class='ocrx_word' id='word_1_383' title='bbox 2874 1806 2974 1861; x_wconf 91' lang='lat' dir='ltr'><strong>per</strong></span> <span class='ocrx_word' id='word_1_384' title='bbox 2996 1791 3212 1863; x_wconf 80' lang='lat' dir='ltr'><strong>Moysen</strong></span> <span class='ocrx_word' id='word_1_385' title='bbox 3241 1792 3501 1849; x_wconf 89' lang='lat' dir='ltr'><strong>Dominus</strong></span> <span class='ocrx_word' id='word_1_386' title='bbox 3530 1794 3648 1849; x_wconf 90' lang='lat' dir='ltr'><strong>ait:</strong></span> <span class='ocrx_word' id='word_1_387' title='bbox 3686 1812 3705 1848; x_wconf 74' lang='grc' dir='ltr'><strong>ι</strong></span> <span class='ocrx_word' id='word_1_388' title='bbox 3732 1794 3791 1852; x_wconf 88' lang='lat' dir='ltr'><strong>Si</strong></span> 
     </span>
    </p>
   </div>
   <div class='ocr_carea' id='block_1_50' title="bbox 2211 1879 3794 1951">
    <p class='ocr_par' dir='ltr' id='par_1_50' title="bbox 2211 1879 3794 1951">
     <span class='ocr_line' id='line_1_50' title="bbox 2211 1879 3794 1951; baseline 0.007 -18"><span class='ocrx_word' id='word_1_389' title='bbox 2211 1879 2333 1949; x_wconf 90' lang='lat' dir='ltr'><strong>quis</strong></span> <span class='ocrx_word' id='word_1_390' title='bbox 2375 1879 2616 1934; x_wconf 89' lang='lat' dir='ltr'><strong>virorum</strong></span> <span class='ocrx_word' id='word_1_391' title='bbox 2658 1891 2841 1936; x_wconf 90' lang='lat' dir='ltr'><strong>votum</strong></span> <span class='ocrx_word' id='word_1_392' title='bbox 2880 1882 3107 1938; x_wconf 92' lang='lat' dir='ltr'><strong>Domino</strong></span> <span class='ocrx_word' id='word_1_393' title='bbox 3139 1885 3365 1951; x_wconf 88' lang='lat' dir='ltr'><strong>voverit,</strong></span> <span class='ocrx_word' id='word_1_394' title='bbox 3418 1895 3511 1941; x_wconf 86' lang='lat' dir='ltr'><strong>aut</strong></span> <span class='ocrx_word' id='word_1_395' title='bbox 3557 1901 3619 1942; x_wconf 89' lang='lat' dir='ltr'><strong>se</strong></span> <span class='ocrx_word' id='word_1_396' title='bbox 3666 1895 3794 1945; x_wconf 62' lang='lat' dir='ltr'><strong>coni</strong></span> 
     </span>
    </p>
   </div>
   <div class='ocr_carea' id='block_1_51' title="bbox 2211 1967 3792 2037">
    <p class='ocr_par' dir='ltr' id='par_1_51' title="bbox 2211 1967 3792 2037">
     <span class='ocr_line' id='line_1_51' title="bbox 2211 1967 3792 2037; baseline 0.007 -16"><span class='ocrx_word' id='word_1_397' title='bbox 2211 1968 2492 2023; x_wconf 82' lang='lat' dir='ltr'><strong>strinxerit</strong></span> <span class='ocrx_word' id='word_1_398' title='bbox 2538 1967 2869 2037; x_wconf 87' lang='lat' dir='ltr'><strong>jurameuto,</strong></span> <span class='ocrx_word' id='word_1_399' title='bbox 2925 1988 3030 2027; x_wconf 90' lang='lat' dir='ltr'><strong>non</strong></span> <span class='ocrx_word' id='word_1_400' title='bbox 3088 1973 3248 2030; x_wconf 81' lang='lat' dir='ltr'><strong>faciet</strong></span> <span class='ocrx_word' id='word_1_401' title='bbox 3309 1974 3522 2030; x_wconf 91' lang='lat' dir='ltr'><strong>irritum</strong></span> <span class='ocrx_word' id='word_1_402' title='bbox 3571 1978 3792 2033; x_wconf 84' lang='lat' dir='ltr'><strong>verbum</strong></span> 
     </span>
    </p>
   </div>
   <div class='ocr_carea' id='block_1_52' title="bbox 2212 2061 3791 2138">
    <p class='ocr_par' dir='ltr' id='par_1_52' title="bbox 2212 2061 3791 2138">
     <span class='ocr_line' id='line_1_52' title="bbox 2212 2061 3791 2138; baseline 0.006 -25"><span class='ocrx_word' id='word_1_403' title='bbox 2212 2073 2400 2125; x_wconf 87' lang='lat' dir='ltr'><strong>suum;</strong></span> <span class='ocrx_word' id='word_1_404' title='bbox 2448 2061 2543 2115; x_wconf 90' lang='lat' dir='ltr'><strong>sed</strong></span> <span class='ocrx_word' id='word_1_405' title='bbox 2585 2075 2743 2116; x_wconf 91' lang='lat' dir='ltr'><strong>omne</strong></span> <span class='ocrx_word' id='word_1_406' title='bbox 2781 2064 2924 2132; x_wconf 91' lang='lat' dir='ltr'><strong>quod</strong></span> <span class='ocrx_word' id='word_1_407' title='bbox 2966 2065 3259 2134; x_wconf 88' lang='lat' dir='ltr'><strong>promisit,</strong></span> <span class='ocrx_word' id='word_1_408' title='bbox 3319 2064 3565 2136; x_wconf 84' lang='lat' dir='ltr'><strong>implebit</strong></span> <span class='ocrx_word' id='word_1_409' title='bbox 3603 2067 3791 2138; x_wconf 85' lang='lat' dir='ltr'><strong>(Num.</strong></span> 
     </span>
    </p>
   </div>
   <div class='ocr_carea' id='block_1_53' title="bbox 2211 2147 3795 2224">
    <p class='ocr_par' dir='ltr' id='par_1_53' title="bbox 2211 2147 3795 2224">
     <span class='ocr_line' id='line_1_53' title="bbox 2211 2147 3795 2224; baseline 0.008 -23"><span class='ocrx_word' id='word_1_410' title='bbox 2211 2147 2407 2219; x_wconf 78' lang='grc' dir='ltr'><strong>χχχιι).</strong></span> <span class='ocrx_word' id='word_1_411' title='bbox 2447 2169 2465 2201; x_wconf 77' lang='grc' dir='ltr'><strong>ι</strong></span> <span class='ocrx_word' id='word_1_412' title='bbox 2499 2149 2567 2204; x_wconf 84' lang='grc' dir='ltr'><strong>Ει</strong></span> <span class='ocrx_word' id='word_1_413' title='bbox 2604 2150 2821 2219; x_wconf 85' lang='lat' dir='ltr'><strong>quidem</strong></span> <span class='ocrx_word' id='word_1_414' title='bbox 2842 2153 2896 2207; x_wconf 93' lang='lat' dir='ltr'><strong>in</strong></span> <span class='ocrx_word' id='word_1_415' title='bbox 2924 2164 3215 2224; x_wconf 75' lang='lat' dir='ltr'><strong>couSpectii</strong></span> <span class='ocrx_word' id='word_1_416' title='bbox 3244 2155 3518 2211; x_wconf 83' lang='lat' dir='ltr'><strong>hominum</strong></span> <span class='ocrx_word' id='word_1_417' title='bbox 3549 2157 3795 2214; x_wconf 82' lang='lat' dir='ltr'><strong>laicuses</strong></span> 
     </span>
    </p>
   </div>
   <div class='ocr_carea' id='block_1_54' title="bbox 2213 2241 3794 2317">
    <p class='ocr_par' dir='ltr' id='par_1_54' title="bbox 2213 2241 3794 2317">
     <span class='ocr_line' id='line_1_54' title="bbox 2213 2241 3794 2317; baseline 0.008 -24"><span class='ocrx_word' id='word_1_418' title='bbox 2213 2253 2310 2308; x_wconf 87' lang='lat' dir='ltr'><strong>per</strong></span> <span class='ocrx_word' id='word_1_419' title='bbox 2328 2241 2695 2310; x_wconf 88' lang='lat' dir='ltr'><strong>paludamenti</strong></span> <span class='ocrx_word' id='word_1_420' title='bbox 2746 2259 2810 2298; x_wconf 91' lang='lat' dir='ltr'><strong>ac</strong></span> <span class='ocrx_word' id='word_1_421' title='bbox 2838 2245 3114 2301; x_wconf 66' lang='lat' dir='ltr'><strong>saecularis</strong></span> <span class='ocrx_word' id='word_1_422' title='bbox 3144 2247 3358 2302; x_wconf 82' lang='lat' dir='ltr'><strong>habitus</strong></span> <span class='ocrx_word' id='word_1_423' title='bbox 3387 2248 3657 2317; x_wconf 86' lang='lat' dir='ltr'><strong>speciem;</strong></span> <span class='ocrx_word' id='word_1_424' title='bbox 3702 2251 3794 2305; x_wconf 87' lang='lat' dir='ltr'><strong>sed</strong></span> 
     </span>
    </p>
   </div>
   <div class='ocr_carea' id='block_1_55' title="bbox 2216 2329 3795 2403">
    <p class='ocr_par' dir='ltr' id='par_1_55' title="bbox 2216 2329 3795 2403">
     <span class='ocr_line' id='line_1_55' title="bbox 2216 2329 3795 2403; baseline 0.006 -20"><span class='ocrx_word' id='word_1_425' title='bbox 2216 2329 2268 2383; x_wconf 92' lang='lat' dir='ltr'><strong>in</strong></span> <span class='ocrx_word' id='word_1_426' title='bbox 2301 2331 2391 2385; x_wconf 88' lang='lat' dir='ltr'><strong>Dei</strong></span> <span class='ocrx_word' id='word_1_427' title='bbox 2435 2333 2824 2403; x_wconf 85' lang='lat' dir='ltr'><strong>omnipotentis</strong></span> <span class='ocrx_word' id='word_1_428' title='bbox 2871 2334 3150 2393; x_wconf 92' lang='lat' dir='ltr'><strong>obtutibus</strong></span> <span class='ocrx_word' id='word_1_429' title='bbox 3202 2351 3232 2391; x_wconf 90' lang='lat' dir='ltr'><strong>a</strong></span> <span class='ocrx_word' id='word_1_430' title='bbox 3265 2339 3530 2393; x_wconf 84' lang='lat' dir='ltr'><strong>monacho</strong></span> <span class='ocrx_word' id='word_1_431' title='bbox 3554 2338 3795 2394; x_wconf 87' lang='lat' dir='ltr'><strong>cecidisti</strong></span> 
     </span>
    </p>
   </div>
   <div class='ocr_carea' id='block_1_56' title="bbox 2214 2424 3798 2498">
    <p class='ocr_par' dir='ltr' id='par_1_56' title="bbox 2214 2424 3798 2498">
     <span class='ocr_line' id='line_1_56' title="bbox 2214 2424 3798 2498; baseline 0.004 -23"><span class='ocrx_word' id='word_1_432' title='bbox 2214 2438 2311 2494; x_wconf 80' lang='lat' dir='ltr'><strong>per</strong></span> <span class='ocrx_word' id='word_1_433' title='bbox 2340 2424 2590 2478; x_wconf 87' lang='lat' dir='ltr'><strong>violatam</strong></span> <span class='ocrx_word' id='word_1_434' title='bbox 2621 2426 2761 2480; x_wconf 89' lang='lat' dir='ltr'><strong>sacri</strong></span> <span class='ocrx_word' id='word_1_435' title='bbox 2797 2428 3057 2496; x_wconf 85' lang='lat' dir='ltr'><strong>propositi</strong></span> <span class='ocrx_word' id='word_1_436' title='bbox 3086 2429 3451 2498; x_wconf 89' lang='lat' dir='ltr'><strong>sponsionem.</strong></span> <span class='ocrx_word' id='word_1_437' title='bbox 3478 2428 3673 2485; x_wconf 87' lang='lat' dir='ltr'><strong>Coram</strong></span> <span class='ocrx_word' id='word_1_438' title='bbox 3700 2428 3798 2483; x_wconf 88' lang='lat' dir='ltr'><strong>bo-</strong></span> 
     </span>
    </p>
   </div>
   <div class='ocr_carea' id='block_1_57' title="bbox 2218 2515 3795 2592">
    <p class='ocr_par' dir='ltr' id='par_1_57' title="bbox 2218 2515 3795 2592">
     <span class='ocr_line' id='line_1_57' title="bbox 2218 2515 3795 2592; baseline 0.004 -26"><span class='ocrx_word' id='word_1_439' title='bbox 2218 2515 2453 2568; x_wconf 83' lang='lat' dir='ltr'><strong>minibus</strong></span> <span class='ocrx_word' id='word_1_440' title='bbox 2479 2525 2630 2570; x_wconf 87' lang='lat' dir='ltr'><strong>stare</strong></span> <span class='ocrx_word' id='word_1_441' title='bbox 2657 2518 3014 2587; x_wconf 88' lang='lat' dir='ltr'><strong>conspiceris.</strong></span> <span class='ocrx_word' id='word_1_442' title='bbox 3039 2520 3135 2575; x_wconf 89' lang='lat' dir='ltr'><strong>sed</strong></span> <span class='ocrx_word' id='word_1_443' title='bbox 3174 2520 3229 2574; x_wconf 92' lang='lat' dir='ltr'><strong>in</strong></span> <span class='ocrx_word' id='word_1_444' title='bbox 3272 2529 3560 2592; x_wconf 87' lang='lat' dir='ltr'><strong>conspectu</strong></span> <span class='ocrx_word' id='word_1_445' title='bbox 3587 2519 3795 2574; x_wconf 88' lang='lat' dir='ltr'><strong>Domini</strong></span> 
     </span>
    </p>
   </div>
   <div class='ocr_carea' id='block_1_58' title="bbox 2218 2604 3794 2677">
    <p class='ocr_par' dir='ltr' id='par_1_58' title="bbox 2218 2604 3794 2677">
     <span class='ocr_line' id='line_1_58' title="bbox 2218 2604 3794 2677; baseline 0.004 -18"><span class='ocrx_word' id='word_1_446' title='bbox 2218 2606 2482 2661; x_wconf 80' lang='lat' dir='ltr'><strong>cecidisti.</strong></span> <span class='ocrx_word' id='word_1_447' title='bbox 2513 2604 2645 2661; x_wconf 78' lang='lat' dir='ltr'><strong>Nam</strong></span> <span class='ocrx_word' id='word_1_448' title='bbox 2672 2609 2814 2677; x_wconf 87' lang='lat' dir='ltr'><strong>quod</strong></span> <span class='ocrx_word' id='word_1_449' title='bbox 2847 2609 2939 2663; x_wconf 89' lang='lat' dir='ltr'><strong>tibi</strong></span> <span class='ocrx_word' id='word_1_450' title='bbox 2968 2608 3146 2666; x_wconf 86' lang='lat' dir='ltr'><strong>fuerat</strong></span> <span class='ocrx_word' id='word_1_451' title='bbox 3182 2620 3310 2667; x_wconf 89' lang='lat' dir='ltr'><strong>ante</strong></span> <span class='ocrx_word' id='word_1_452' title='bbox 3360 2611 3794 2667; x_wconf 89' lang='lat' dir='ltr'><strong>commissiouem</strong></span> 
     </span>
    </p>
   </div>
   <div class='ocr_carea' id='block_1_59' title="bbox 2218 2695 3796 2774">
    <p class='ocr_par' dir='ltr' id='par_1_59' title="bbox 2218 2695 3796 2774">
     <span class='ocr_line' id='line_1_59' title="bbox 2218 2695 3796 2774; baseline 0.003 -24"><span class='ocrx_word' id='word_1_453' title='bbox 2218 2695 2449 2760; x_wconf 91' lang='lat' dir='ltr'><strong>licitum.</strong></span> <span class='ocrx_word' id='word_1_454' title='bbox 2480 2699 2546 2754; x_wconf 89' lang='lat' dir='ltr'><strong>de</strong></span> <span class='ocrx_word' id='word_1_455' title='bbox 2599 2711 2799 2755; x_wconf 71' lang='lat' dir='ltr'><strong>cietero</strong></span> <span class='ocrx_word' id='word_1_456' title='bbox 2853 2702 2946 2757; x_wconf 90' lang='lat' dir='ltr'><strong>tibi</strong></span> <span class='ocrx_word' id='word_1_457' title='bbox 3000 2701 3165 2758; x_wconf 90' lang='lat' dir='ltr'><strong>licere</strong></span> <span class='ocrx_word' id='word_1_458' title='bbox 3196 2718 3302 2760; x_wconf 90' lang='lat' dir='ltr'><strong>non</strong></span> <span class='ocrx_word' id='word_1_459' title='bbox 3329 2703 3553 2774; x_wconf 91' lang='lat' dir='ltr'><strong>poterit,</strong></span> <span class='ocrx_word' id='word_1_460' title='bbox 3588 2706 3714 2758; x_wconf 88' lang='lat' dir='ltr'><strong>dum</strong></span> <span class='ocrx_word' id='word_1_461' title='bbox 3762 2716 3796 2755; x_wconf 82' lang='lat' dir='ltr'><strong>a</strong></span> 
     </span>
    </p>
   </div>
   <div class='ocr_carea' id='block_1_60' title="bbox 2220 2775 3506 2859">
    <p class='ocr_par' dir='ltr' id='par_1_60' title="bbox 2220 2775 3506 2859">
     <span class='ocr_line' id='line_1_60' title="bbox 2220 2775 3506 2859; baseline 0.006 -19"><span class='ocrx_word' id='word_1_462' title='bbox 2220 2787 2457 2842; x_wconf 91' lang='lat' dir='ltr'><strong>melioris</strong></span> <span class='ocrx_word' id='word_1_463' title='bbox 2484 2790 2742 2859; x_wconf 90' lang='lat' dir='ltr'><strong>propositi</strong></span> <span class='ocrx_word' id='word_1_464' title='bbox 2768 2775 3154 2846; x_wconf 76' lang='lat' dir='ltr'><strong>deliberatione</strong></span> <span class='ocrx_word' id='word_1_465' title='bbox 3175 2792 3506 2848; x_wconf 88' lang='lat' dir='ltr'><strong>succumbis.</strong></span> 
     </span>
    </p>
   </div>
   <div class='ocr_carea' id='block_1_61' title="bbox 2835 2881 3187 2939">
    <p class='ocr_par' dir='ltr' id='par_1_61' title="bbox 2835 2881 3187 2939">
     <span class='ocr_line' id='line_1_61' title="bbox 2835 2881 3187 2939; baseline 0.006 -2"><span class='ocrx_word' id='word_1_466' title='bbox 2835 2881 3063 2939; x_wconf 81' lang='lat' dir='ltr'><strong>CAPUT</strong></span> <span class='ocrx_word' id='word_1_467' title='bbox 3102 2883 3187 2939; x_wconf 86' lang='lat' dir='ltr'><strong>lll.</strong></span> 
     </span>
    </p>
   </div>
   <div class='ocr_carea' id='block_1_62' title="bbox 529 2955 3753 3047">
    <p class='ocr_par' dir='ltr' id='par_1_62' title="bbox 529 2955 3753 3047">
     <span class='ocr_line' id='line_1_62' title="bbox 529 2955 3753 3047; baseline 0.002 -23"><span class='ocrx_word' id='word_1_468' title='bbox 529 2984 678 3034; x_wconf 87' lang='lat' dir='ltr'><strong>cere,</strong></span> <span class='ocrx_word' id='word_1_469' title='bbox 732 2969 935 3025; x_wconf 82' lang='lat' dir='ltr'><strong>videris</strong></span> <span class='ocrx_word' id='word_1_470' title='bbox 974 2985 1098 3025; x_wconf 89' lang='lat' dir='ltr'><strong>eum</strong></span> <span class='ocrx_word' id='word_1_471' title='bbox 1137 2970 1275 3026; x_wconf 85' lang='lat' dir='ltr'><strong>velle</strong></span> <span class='ocrx_word' id='word_1_472' title='bbox 1319 2971 1466 3027; x_wconf 86' lang='lat' dir='ltr'><strong>velut</strong></span> <span class='ocrx_word' id='word_1_473' title='bbox 1524 2987 1750 3043; x_wconf 88' lang='lat' dir='ltr'><strong>puerum</strong></span> <span class='ocrx_word' id='word_1_474' title='bbox 1797 2971 2111 3040; x_wconf 78' lang='lat' dir='ltr'><strong>obgannire.</strong></span> <span class='ocrx_word' id='word_1_475' title='bbox 2141 2955 2189 3017; x_wconf 66' lang='grc' dir='ltr'><strong>(ἶ</strong></span> <span class='ocrx_word' id='word_1_476' title='bbox 2274 2970 2423 3037; x_wconf 79' lang='lat' dir='ltr'><strong>Bona</strong></span> <span class='ocrx_word' id='word_1_477' title='bbox 2448 2989 2603 3042; x_wconf 77' lang='lat' dir='ltr'><strong>Opera</strong></span> <span class='ocrx_word' id='word_1_478' title='bbox 2631 2974 2790 3043; x_wconf 83' lang='lat' dir='ltr'><strong>ﬁdem</strong></span> <span class='ocrx_word' id='word_1_479' title='bbox 2816 2974 3169 3044; x_wconf 79' lang='lat' dir='ltr'><strong>[rangentium</strong></span> <span class='ocrx_word' id='word_1_480' title='bbox 3198 2975 3304 3029; x_wconf 87' lang='lat' dir='ltr'><strong>Deo</strong></span> <span class='ocrx_word' id='word_1_481' title='bbox 3334 2976 3505 3030; x_wconf 77' lang='lat' dir='ltr'><strong>minus</strong></span> <span class='ocrx_word' id='word_1_482' title='bbox 3529 2974 3753 3047; x_wconf 78' lang='lat' dir='ltr'><strong>placent.</strong></span> 
     </span>
    </p>
   </div>
   <div class='ocr_carea' id='block_1_63' title="bbox 539 3059 2118 3128">
    <p class='ocr_par' dir='ltr' id='par_1_63' title="bbox 539 3059 2118 3128">
     <span class='ocr_line' id='line_1_63' title="bbox 539 3059 2118 3128; baseline 0.003 -16"><span class='ocrx_word' id='word_1_483' title='bbox 539 3079 557 3112; x_wconf 79' lang='grc' dir='ltr'><strong>ι</strong></span> <span class='ocrx_word' id='word_1_484' title='bbox 594 3059 772 3116; x_wconf 86' lang='lat' dir='ltr'><strong>Nolite</strong></span> <span class='ocrx_word' id='word_1_485' title='bbox 807 3075 1024 3125; x_wconf 86' lang='lat' dir='ltr'><strong>errare;</strong></span> <span class='ocrx_word' id='word_1_486' title='bbox 1069 3059 1211 3116; x_wconf 88' lang='lat' dir='ltr'><strong>Deus</strong></span> <span class='ocrx_word' id='word_1_487' title='bbox 1238 3077 1346 3116; x_wconf 88' lang='lat' dir='ltr'><strong>non</strong></span> <span class='ocrx_word' id='word_1_488' title='bbox 1372 3060 1649 3117; x_wconf 89' lang='lat' dir='ltr'><strong>irridetur.</strong></span> <span class='ocrx_word' id='word_1_489' title='bbox 1683 3060 1813 3128; x_wconf 65' lang='lat' dir='ltr'><strong>Quae</strong></span> <span class='ocrx_word' id='word_1_490' title='bbox 1841 3060 1984 3115; x_wconf 90' lang='lat' dir='ltr'><strong>enim</strong></span> <span class='ocrx_word' id='word_1_491' title='bbox 2028 3075 2118 3116; x_wconf 89' lang='lat' dir='ltr'><strong>se-</strong></span> 
     </span>
    </p>
   </div>
   <div class='ocr_carea' id='block_1_64' title="bbox 533 3146 2117 3221">
    <p class='ocr_par' dir='ltr' id='par_1_64' title="bbox 533 3146 2117 3221">
     <span class='ocr_line' id='line_1_64' title="bbox 533 3146 2117 3221; baseline -0.001 -18"><span class='ocrx_word' id='word_1_492' title='bbox 533 3149 831 3207; x_wconf 85' lang='lat' dir='ltr'><strong>minaverit</strong></span> <span class='ocrx_word' id='word_1_493' title='bbox 856 3149 1035 3211; x_wconf 88' lang='lat' dir='ltr'><strong>homo,</strong></span> <span class='ocrx_word' id='word_1_494' title='bbox 1061 3151 1179 3204; x_wconf 79' lang='lat' dir='ltr'><strong>haec</strong></span> <span class='ocrx_word' id='word_1_495' title='bbox 1199 3159 1366 3205; x_wconf 90' lang='lat' dir='ltr'><strong>metet</strong></span> <span class='ocrx_word' id='word_1_496' title='bbox 1400 3146 1545 3219; x_wconf 78' lang='lat' dir='ltr'><strong>(Gal.</strong></span> <span class='ocrx_word' id='word_1_497' title='bbox 1574 3149 1672 3221; x_wconf 76' lang='grc' dir='ltr'><strong>γι).</strong></span> <span class='ocrx_word' id='word_1_498' title='bbox 1718 3167 1738 3202; x_wconf 74' lang='grc' dir='ltr'><strong>ι</strong></span> <span class='ocrx_word' id='word_1_499' title='bbox 1773 3148 1992 3204; x_wconf 89' lang='lat' dir='ltr'><strong>Deludis</strong></span> <span class='ocrx_word' id='word_1_500' title='bbox 2018 3165 2117 3203; x_wconf 86' lang='lat' dir='ltr'><strong>an-</strong></span> 
     </span>
    </p>
   </div>
   <div class='ocr_carea' id='block_1_65' title="bbox 530 3236 2122 3302">
    <p class='ocr_par' dir='ltr' id='par_1_65' title="bbox 530 3236 2122 3302">
     <span class='ocr_line' id='line_1_65' title="bbox 530 3236 2122 3302; baseline 0.001 -11"><span class='ocrx_word' id='word_1_501' title='bbox 530 3236 998 3302; x_wconf 82' lang='lat' dir='ltr'><strong>ctorem,otl‘eudis</strong></span> <span class='ocrx_word' id='word_1_502' title='bbox 1017 3239 1297 3294; x_wconf 88' lang='lat' dir='ltr'><strong>mendacio</strong></span> <span class='ocrx_word' id='word_1_503' title='bbox 1320 3237 1621 3293; x_wconf 84' lang='lat' dir='ltr'><strong>veritatem.</strong></span> <span class='ocrx_word' id='word_1_504' title='bbox 1646 3237 1815 3293; x_wconf 90' lang='lat' dir='ltr'><strong>Porro</strong></span> <span class='ocrx_word' id='word_1_505' title='bbox 1837 3252 1958 3292; x_wconf 91' lang='lat' dir='ltr'><strong>cum</strong></span> <span class='ocrx_word' id='word_1_506' title='bbox 1980 3237 2122 3293; x_wconf 85' lang='lat' dir='ltr'><strong>Deus</strong></span> 
     </span>
    </p>
   </div>
   <div class='ocr_carea' id='block_1_66' title="bbox 530 3327 2121 3400">
    <p class='ocr_par' dir='ltr' id='par_1_66' title="bbox 530 3327 2121 3400">
     <span class='ocr_line' id='line_1_66' title="bbox 530 3327 2121 3400; baseline 0.001 -17"><span class='ocrx_word' id='word_1_507' title='bbox 530 3329 603 3383; x_wconf 72' lang='lat' dir='ltr'><strong>sit</strong></span> <span class='ocrx_word' id='word_1_508' title='bbox 628 3328 998 3398; x_wconf 87' lang='lat' dir='ltr'><strong>proculdubio</strong></span> <span class='ocrx_word' id='word_1_509' title='bbox 1015 3330 1250 3395; x_wconf 86' lang='lat' dir='ltr'><strong>Veritas,</strong></span> <span class='ocrx_word' id='word_1_510' title='bbox 1279 3329 1427 3385; x_wconf 92' lang='lat' dir='ltr'><strong>nullo</strong></span> <span class='ocrx_word' id='word_1_511' title='bbox 1455 3329 1627 3400; x_wconf 77' lang='lat' dir='ltr'><strong>magis</strong></span> <span class='ocrx_word' id='word_1_512' title='bbox 1645 3327 1937 3384; x_wconf 70' lang='lat' dir='ltr'><strong>offenditur</strong></span> <span class='ocrx_word' id='word_1_513' title='bbox 1990 3330 2121 3385; x_wconf 69' lang='lat' dir='ltr'><strong>vitio</strong></span> 
     </span>
    </p>
   </div>
   <div class='ocr_carea' id='block_1_67' title="bbox 532 3417 2121 3488">
    <p class='ocr_par' dir='ltr' id='par_1_67' title="bbox 532 3417 2121 3488">
     <span class='ocr_line' id='line_1_67' title="bbox 532 3417 2121 3488; baseline 0.001 -16"><span class='ocrx_word' id='word_1_514' title='bbox 532 3433 692 3488; x_wconf 88' lang='lat' dir='ltr'><strong>quam</strong></span> <span class='ocrx_word' id='word_1_515' title='bbox 714 3419 1014 3474; x_wconf 74' lang='lat' dir='ltr'><strong>mendacio.</strong></span> <span class='ocrx_word' id='word_1_516' title='bbox 1042 3417 1182 3473; x_wconf 82' lang='lat' dir='ltr'><strong>Audi</strong></span> <span class='ocrx_word' id='word_1_517' title='bbox 1212 3418 1396 3488; x_wconf 90' lang='lat' dir='ltr'><strong>itaque</strong></span> <span class='ocrx_word' id='word_1_518' title='bbox 1432 3419 1563 3488; x_wconf 91' lang='lat' dir='ltr'><strong>quid</strong></span> <span class='ocrx_word' id='word_1_519' title='bbox 1618 3419 1672 3473; x_wconf 92' lang='lat' dir='ltr'><strong>in</strong></span> <span class='ocrx_word' id='word_1_520' title='bbox 1705 3418 2121 3474; x_wconf 86' lang='lat' dir='ltr'><strong>Deuterouomio</strong></span> 
     </span>
    </p>
   </div>
   <div class='ocr_carea' id='block_1_68' title="bbox 533 3506 2123 3579">
    <p class='ocr_par' dir='ltr' id='par_1_68' title="bbox 533 3506 2123 3579">
     <span class='ocr_line' id='line_1_68' title="bbox 533 3506 2123 3579; baseline 0.003 -18"><span class='ocrx_word' id='word_1_521' title='bbox 533 3522 630 3577; x_wconf 88' lang='lat' dir='ltr'><strong>per</strong></span> <span class='ocrx_word' id='word_1_522' title='bbox 685 3508 903 3579; x_wconf 83' lang='lat' dir='ltr'><strong>Moysen</strong></span> <span class='ocrx_word' id='word_1_523' title='bbox 949 3508 1211 3562; x_wconf 88' lang='lat' dir='ltr'><strong>Dominus</strong></span> <span class='ocrx_word' id='word_1_524' title='bbox 1251 3509 1397 3563; x_wconf 87' lang='lat' dir='ltr'><strong>dicat</strong></span> <span class='ocrx_word' id='word_1_525' title='bbox 1429 3525 1444 3563; x_wconf 90' lang='lat'><strong>:</strong></span> <span class='ocrx_word' id='word_1_526' title='bbox 1483 3527 1501 3561; x_wconf 75' lang='grc' dir='ltr'><strong>ι</strong></span> <span class='ocrx_word' id='word_1_527' title='bbox 1534 3506 1667 3563; x_wconf 92' lang='lat' dir='ltr'><strong>Cum</strong></span> <span class='ocrx_word' id='word_1_528' title='bbox 1698 3517 1881 3563; x_wconf 87' lang='lat' dir='ltr'><strong>votum</strong></span> <span class='ocrx_word' id='word_1_529' title='bbox 1911 3511 2123 3565; x_wconf 89' lang='lat' dir='ltr'><strong>voveris</strong></span> 
     </span>
    </p>
   </div>
   <div class='ocr_carea' id='block_1_69' title="bbox 533 3598 2123 3671">
    <p class='ocr_par' dir='ltr' id='par_1_69' title="bbox 533 3598 2123 3671">
     <span class='ocr_line' id='line_1_69' title="bbox 533 3598 2123 3671; baseline 0.001 -18"><span class='ocrx_word' id='word_1_530' title='bbox 533 3598 762 3653; x_wconf 86' lang='lat' dir='ltr'><strong>Domino</strong></span> <span class='ocrx_word' id='word_1_531' title='bbox 786 3599 896 3654; x_wconf 86' lang='lat' dir='ltr'><strong>Deo</strong></span> <span class='ocrx_word' id='word_1_532' title='bbox 918 3608 1031 3663; x_wconf 88' lang='lat' dir='ltr'><strong>tuo,</strong></span> <span class='ocrx_word' id='word_1_533' title='bbox 1054 3615 1158 3653; x_wconf 91' lang='lat' dir='ltr'><strong>non</strong></span> <span class='ocrx_word' id='word_1_534' title='bbox 1189 3598 1427 3655; x_wconf 82' lang='lat' dir='ltr'><strong>tardabis</strong></span> <span class='ocrx_word' id='word_1_535' title='bbox 1451 3600 1709 3665; x_wconf 84' lang='lat' dir='ltr'><strong>reddere;</strong></span> <span class='ocrx_word' id='word_1_536' title='bbox 1733 3601 1859 3669; x_wconf 89' lang='lat' dir='ltr'><strong>quia</strong></span> <span class='ocrx_word' id='word_1_537' title='bbox 1885 3602 2123 3671; x_wconf 86' lang='lat' dir='ltr'><strong>requiret</strong></span> 
     </span>
    </p>
   </div>
   <div class='ocr_carea' id='block_1_70' title="bbox 535 3691 2120 3763">
    <p class='ocr_par' dir='ltr' id='par_1_70' title="bbox 535 3691 2120 3763">
     <span class='ocr_line' id='line_1_70' title="bbox 535 3691 2120 3763; baseline 0 -17"><span class='ocrx_word' id='word_1_538' title='bbox 535 3691 662 3746; x_wconf 90' lang='lat' dir='ltr'><strong>illud</strong></span> <span class='ocrx_word' id='word_1_539' title='bbox 690 3692 950 3747; x_wconf 84' lang='lat' dir='ltr'><strong>Dominus</strong></span> <span class='ocrx_word' id='word_1_540' title='bbox 975 3691 1118 3747; x_wconf 90' lang='lat' dir='ltr'><strong>Deus</strong></span> <span class='ocrx_word' id='word_1_541' title='bbox 1145 3703 1300 3759; x_wconf 86' lang='lat' dir='ltr'><strong>tutis;</strong></span> <span class='ocrx_word' id='word_1_542' title='bbox 1330 3704 1384 3748; x_wconf 90' lang='lat' dir='ltr'><strong>et</strong></span> <span class='ocrx_word' id='word_1_543' title='bbox 1406 3693 1451 3748; x_wconf 90' lang='lat' dir='ltr'><strong>si</strong></span> <span class='ocrx_word' id='word_1_544' title='bbox 1481 3701 1721 3749; x_wconf 90' lang='lat' dir='ltr'><strong>moratus</strong></span> <span class='ocrx_word' id='word_1_545' title='bbox 1747 3692 1932 3756; x_wconf 86' lang='lat' dir='ltr'><strong>fueris,</strong></span> <span class='ocrx_word' id='word_1_546' title='bbox 1959 3708 2120 3763; x_wconf 92' lang='lat' dir='ltr'><strong>repu-</strong></span> 
     </span>
    </p>
   </div>
   <div class='ocr_carea' id='block_1_71' title="bbox 538 3783 2123 3855">
    <p class='ocr_par' dir='ltr' id='par_1_71' title="bbox 538 3783 2123 3855">
     <span class='ocr_line' id='line_1_71' title="bbox 538 3783 2123 3855; baseline 0.002 -17"><span class='ocrx_word' id='word_1_547' title='bbox 538 3783 740 3839; x_wconf 91' lang='lat' dir='ltr'><strong>tabitur</strong></span> <span class='ocrx_word' id='word_1_548' title='bbox 761 3784 856 3839; x_wconf 91' lang='lat' dir='ltr'><strong>tibi</strong></span> <span class='ocrx_word' id='word_1_549' title='bbox 880 3784 933 3838; x_wconf 91' lang='lat' dir='ltr'><strong>in</strong></span> <span class='ocrx_word' id='word_1_550' title='bbox 955 3793 1237 3855; x_wconf 89' lang='lat' dir='ltr'><strong>peccatum</strong></span> <span class='ocrx_word' id='word_1_551' title='bbox 1265 3803 1278 3839; x_wconf 91' lang='lat'><strong>:</strong></span> <span class='ocrx_word' id='word_1_552' title='bbox 1307 3786 1354 3839; x_wconf 89' lang='lat' dir='ltr'><strong>si</strong></span> <span class='ocrx_word' id='word_1_553' title='bbox 1375 3785 1612 3840; x_wconf 89' lang='lat' dir='ltr'><strong>nolueris</strong></span> <span class='ocrx_word' id='word_1_554' title='bbox 1636 3785 1891 3854; x_wconf 90' lang='lat' dir='ltr'><strong>polliceri,</strong></span> <span class='ocrx_word' id='word_1_555' title='bbox 1920 3787 2123 3855; x_wconf 86' lang='lat' dir='ltr'><strong>absque</strong></span> 
     </span>
    </p>
   </div>
   <div class='ocr_carea' id='block_1_72' title="bbox 534 3869 2126 3948">
    <p class='ocr_par' dir='ltr' id='par_1_72' title="bbox 534 3869 2126 3948">
     <span class='ocr_line' id='line_1_72' title="bbox 534 3869 2126 3948; baseline 0.001 -20"><span class='ocrx_word' id='word_1_556' title='bbox 534 3882 759 3943; x_wconf 88' lang='lat' dir='ltr'><strong>peccato</strong></span> <span class='ocrx_word' id='word_1_557' title='bbox 784 3876 931 3939; x_wconf 87' lang='lat' dir='ltr'><strong>eris;</strong></span> <span class='ocrx_word' id='word_1_558' title='bbox 953 3876 1094 3945; x_wconf 84' lang='lat' dir='ltr'><strong>quod</strong></span> <span class='ocrx_word' id='word_1_559' title='bbox 1123 3886 1304 3932; x_wconf 86' lang='lat' dir='ltr'><strong>autem</strong></span> <span class='ocrx_word' id='word_1_560' title='bbox 1333 3877 1502 3933; x_wconf 88' lang='lat' dir='ltr'><strong>semel</strong></span> <span class='ocrx_word' id='word_1_561' title='bbox 1526 3892 1809 3948; x_wconf 73' lang='lat' dir='ltr'><strong>egressura</strong></span> <span class='ocrx_word' id='word_1_562' title='bbox 1842 3885 1930 3932; x_wconf 91' lang='lat' dir='ltr'><strong>est</strong></span> <span class='ocrx_word' id='word_1_563' title='bbox 1952 3869 2018 3932; x_wconf 81' lang='lat' dir='ltr'><strong>de</strong></span> <span class='ocrx_word' id='word_1_564' title='bbox 2046 3877 2126 3931; x_wconf 88' lang='lat' dir='ltr'><strong>la-</strong></span> 
     </span>
    </p>
   </div>
   <div class='ocr_carea' id='block_1_73' title="bbox 537 3965 2121 4040">
    <p class='ocr_par' dir='ltr' id='par_1_73' title="bbox 537 3965 2121 4040">
     <span class='ocr_line' id='line_1_73' title="bbox 537 3965 2121 4040; baseline 0.004 -22"><span class='ocrx_word' id='word_1_565' title='bbox 537 3965 641 4021; x_wconf 89' lang='lat' dir='ltr'><strong>biis</strong></span> <span class='ocrx_word' id='word_1_566' title='bbox 667 3967 792 4031; x_wconf 88' lang='lat' dir='ltr'><strong>tuis,</strong></span> <span class='ocrx_word' id='word_1_567' title='bbox 819 3968 1159 4033; x_wconf 87' lang='lat' dir='ltr'><strong>observabis,</strong></span> <span class='ocrx_word' id='word_1_568' title='bbox 1187 3978 1242 4023; x_wconf 88' lang='lat' dir='ltr'><strong>et</strong></span> <span class='ocrx_word' id='word_1_569' title='bbox 1271 3969 1441 4025; x_wconf 89' lang='lat' dir='ltr'><strong>facies</strong></span> <span class='ocrx_word' id='word_1_570' title='bbox 1496 3971 1641 4025; x_wconf 90' lang='lat' dir='ltr'><strong>sicut</strong></span> <span class='ocrx_word' id='word_1_571' title='bbox 1686 3970 1981 4040; x_wconf 80' lang='lat' dir='ltr'><strong>promisisti</strong></span> <span class='ocrx_word' id='word_1_572' title='bbox 2014 3969 2121 4025; x_wconf 85' lang='lat' dir='ltr'><strong>Do-</strong></span> 
     </span>
    </p>
   </div>
   <div class='ocr_carea' id='block_1_74' title="bbox 538 4058 2125 4132">
    <p class='ocr_par' dir='ltr' id='par_1_74' title="bbox 538 4058 2125 4132">
     <span class='ocr_line' id='line_1_74' title="bbox 538 4058 2125 4132; baseline 0.003 -19"><span class='ocrx_word' id='word_1_573' title='bbox 538 4058 685 4114; x_wconf 87' lang='lat' dir='ltr'><strong>mino</strong></span> <span class='ocrx_word' id='word_1_574' title='bbox 738 4060 846 4115; x_wconf 91' lang='lat' dir='ltr'><strong>Deo</strong></span> <span class='ocrx_word' id='word_1_575' title='bbox 879 4069 990 4127; x_wconf 91' lang='lat' dir='ltr'><strong>tuo,</strong></span> <span class='ocrx_word' id='word_1_576' title='bbox 1039 4069 1099 4116; x_wconf 89' lang='lat' dir='ltr'><strong>et</strong></span> <span class='ocrx_word' id='word_1_577' title='bbox 1130 4063 1348 4132; x_wconf 89' lang='lat' dir='ltr'><strong>propria</strong></span> <span class='ocrx_word' id='word_1_578' title='bbox 1380 4061 1677 4127; x_wconf 86' lang='lat' dir='ltr'><strong>voluntate,</strong></span> <span class='ocrx_word' id='word_1_579' title='bbox 1706 4070 1763 4117; x_wconf 91' lang='lat' dir='ltr'><strong>et</strong></span> <span class='ocrx_word' id='word_1_580' title='bbox 1797 4077 1894 4118; x_wconf 90' lang='lat' dir='ltr'><strong>ore</strong></span> <span class='ocrx_word' id='word_1_581' title='bbox 1927 4072 2018 4118; x_wconf 87' lang='lat' dir='ltr'><strong>tuo</strong></span> <span class='ocrx_word' id='word_1_582' title='bbox 2046 4062 2125 4117; x_wconf 80' lang='lat' dir='ltr'><strong>lo-</strong></span> 
     </span>
    </p>
   </div>
   <div class='ocr_carea' id='block_1_75' title="bbox 536 4140 2125 4222">
    <p class='ocr_par' dir='ltr' id='par_1_75' title="bbox 536 4140 2125 4222">
     <span class='ocr_line' id='line_1_75' title="bbox 536 4140 2125 4222; baseline 0.002 -20"><span class='ocrx_word' id='word_1_583' title='bbox 536 4157 696 4204; x_wconf 84' lang='lat' dir='ltr'><strong>cutus</strong></span> <span class='ocrx_word' id='word_1_584' title='bbox 733 4163 795 4204; x_wconf 87' lang='lat' dir='ltr'><strong>es</strong></span> <span class='ocrx_word' id='word_1_585' title='bbox 823 4147 1003 4218; x_wconf 81' lang='lat' dir='ltr'><strong>(Deut.</strong></span> <span class='ocrx_word' id='word_1_586' title='bbox 1054 4150 1234 4222; x_wconf 84' lang='lat' dir='ltr'><strong>xxttt).</strong></span> <span class='ocrx_word' id='word_1_587' title='bbox 1269 4169 1290 4205; x_wconf 74' lang='grc' dir='ltr'><strong>ι</strong></span> <span class='ocrx_word' id='word_1_588' title='bbox 1316 4140 1430 4206; x_wconf 87' lang='lat' dir='ltr'><strong>lino</strong></span> <span class='ocrx_word' id='word_1_589' title='bbox 1453 4153 1726 4221; x_wconf 88' lang='lat' dir='ltr'><strong>perpende</strong></span> <span class='ocrx_word' id='word_1_590' title='bbox 1772 4152 2016 4221; x_wconf 86' lang='lat' dir='ltr'><strong>insuper,</strong></span> <span class='ocrx_word' id='word_1_591' title='bbox 2069 4159 2125 4207; x_wconf 91' lang='lat' dir='ltr'><strong>et</strong></span> 
     </span>
    </p>
   </div>
   <div class='ocr_carea' id='block_1_76' title="bbox 542 4235 2124 4310">
    <p class='ocr_par' dir='ltr' id='par_1_76' title="bbox 542 4235 2124 4310">
     <span class='ocr_line' id='line_1_76' title="bbox 542 4235 2124 4310; baseline 0.004 -21"><span class='ocrx_word' id='word_1_592' title='bbox 542 4235 657 4291; x_wconf 70' lang='lat' dir='ltr'><strong>limo</strong></span> <span class='ocrx_word' id='word_1_593' title='bbox 674 4252 838 4306; x_wconf 90' lang='lat' dir='ltr'><strong>quam</strong></span> <span class='ocrx_word' id='word_1_594' title='bbox 864 4236 1213 4295; x_wconf 89' lang='lat' dir='ltr'><strong>formidolosa</strong></span> <span class='ocrx_word' id='word_1_595' title='bbox 1234 4240 1504 4295; x_wconf 87' lang='lat' dir='ltr'><strong>sententia</strong></span> <span class='ocrx_word' id='word_1_596' title='bbox 1524 4240 1615 4305; x_wconf 92' lang='lat' dir='ltr'><strong>sit,</strong></span> <span class='ocrx_word' id='word_1_597' title='bbox 1638 4255 1799 4310; x_wconf 91' lang='lat' dir='ltr'><strong>quam</strong></span> <span class='ocrx_word' id='word_1_598' title='bbox 1824 4255 1919 4310; x_wconf 92' lang='lat' dir='ltr'><strong>per</strong></span> <span class='ocrx_word' id='word_1_599' title='bbox 1947 4239 2124 4295; x_wconf 85' lang='lat' dir='ltr'><strong>Evan-</strong></span> 
     </span>
    </p>
   </div>
   <div class='ocr_carea' id='block_1_77' title="bbox 2292 3063 3804 3137">
    <p class='ocr_par' dir='ltr' id='par_1_77' title="bbox 2292 3063 3804 3137">
     <span class='ocr_line' id='line_1_77' title="bbox 2292 3063 3804 3137; baseline 0.001 -19"><span class='ocrx_word' id='word_1_600' title='bbox 2292 3063 2399 3118; x_wconf 90' lang='lat' dir='ltr'><strong>Sed</strong></span> <span class='ocrx_word' id='word_1_601' title='bbox 2425 3066 2550 3133; x_wconf 84' lang='lat' dir='ltr'><strong>quia</strong></span> <span class='ocrx_word' id='word_1_602' title='bbox 2579 3066 2708 3119; x_wconf 89' lang='lat' dir='ltr'><strong>mibi</strong></span> <span class='ocrx_word' id='word_1_603' title='bbox 2736 3065 2873 3121; x_wconf 89' lang='lat' dir='ltr'><strong>forte</strong></span> <span class='ocrx_word' id='word_1_604' title='bbox 2902 3082 3008 3120; x_wconf 92' lang='lat' dir='ltr'><strong>non</strong></span> <span class='ocrx_word' id='word_1_605' title='bbox 3033 3066 3232 3131; x_wconf 87' lang='lat' dir='ltr'><strong>credis,</strong></span> <span class='ocrx_word' id='word_1_606' title='bbox 3266 3066 3510 3137; x_wconf 88' lang='lat' dir='ltr'><strong>meisque</strong></span> <span class='ocrx_word' id='word_1_607' title='bbox 3536 3066 3804 3121; x_wconf 79' lang='lat' dir='ltr'><strong>semani—</strong></span> 
     </span>
    </p>
   </div>
   <div class='ocr_carea' id='block_1_78' title="bbox 2221 3142 3803 3221">
    <p class='ocr_par' dir='ltr' id='par_1_78' title="bbox 2221 3142 3803 3221">
     <span class='ocr_line' id='line_1_78' title="bbox 2221 3142 3803 3221; baseline 0 -12"><span class='ocrx_word' id='word_1_608' title='bbox 2221 3154 2323 3209; x_wconf 91' lang='lat' dir='ltr'><strong>bus</strong></span> <span class='ocrx_word' id='word_1_609' title='bbox 2375 3154 2535 3208; x_wconf 79' lang='lat' dir='ltr'><strong>ﬁdem</strong></span> <span class='ocrx_word' id='word_1_610' title='bbox 2581 3155 2840 3210; x_wconf 88' lang='lat' dir='ltr'><strong>adbibere</strong></span> <span class='ocrx_word' id='word_1_611' title='bbox 2884 3156 3205 3221; x_wconf 90' lang='lat' dir='ltr'><strong>contemnis,</strong></span> <span class='ocrx_word' id='word_1_612' title='bbox 3242 3142 3430 3211; x_wconf 79' lang='lat' dir='ltr'><strong>beatus</strong></span> <span class='ocrx_word' id='word_1_613' title='bbox 3469 3154 3660 3211; x_wconf 88' lang='lat' dir='ltr'><strong>saltem</strong></span> <span class='ocrx_word' id='word_1_614' title='bbox 3709 3154 3803 3209; x_wconf 90' lang='lat' dir='ltr'><strong>tibi</strong></span> 
     </span>
    </p>
   </div>
   <div class='ocr_carea' id='block_1_79' title="bbox 2222 3242 3806 3314">
    <p class='ocr_par' dir='ltr' id='par_1_79' title="bbox 2222 3242 3806 3314">
     <span class='ocr_line' id='line_1_79' title="bbox 2222 3242 3806 3314; baseline -0.001 -16"><span class='ocrx_word' id='word_1_615' title='bbox 2222 3243 2518 3314; x_wconf 82' lang='lat' dir='ltr'><strong>Gregorius</strong></span> <span class='ocrx_word' id='word_1_616' title='bbox 2546 3259 2684 3313; x_wconf 88' lang='lat' dir='ltr'><strong>papa</strong></span> <span class='ocrx_word' id='word_1_617' title='bbox 2709 3242 2957 3311; x_wconf 77' lang='lat' dir='ltr'><strong>sufﬁciat,</strong></span> <span class='ocrx_word' id='word_1_618' title='bbox 2987 3245 3080 3314; x_wconf 93' lang='lat' dir='ltr'><strong>qui</strong></span> <span class='ocrx_word' id='word_1_619' title='bbox 3109 3245 3212 3299; x_wconf 90' lang='lat' dir='ltr'><strong>hoc</strong></span> <span class='ocrx_word' id='word_1_620' title='bbox 3247 3246 3299 3299; x_wconf 90' lang='lat' dir='ltr'><strong>in</strong></span> <span class='ocrx_word' id='word_1_621' title='bbox 3324 3245 3484 3299; x_wconf 90' lang='lat' dir='ltr'><strong>tertia</strong></span> <span class='ocrx_word' id='word_1_622' title='bbox 3511 3243 3806 3314; x_wconf 86' lang='lat' dir='ltr'><strong>expositio-</strong></span> 
     </span>
    </p>
   </div>
   <div class='ocr_carea' id='block_1_80' title="bbox 2223 3334 3806 3404">
    <p class='ocr_par' dir='ltr' id='par_1_80' title="bbox 2223 3334 3806 3404">
     <span class='ocr_line' id='line_1_80' title="bbox 2223 3334 3806 3404; baseline -0.002 -15"><span class='ocrx_word' id='word_1_623' title='bbox 2223 3334 2306 3389; x_wconf 92' lang='lat' dir='ltr'><strong>nis</strong></span> <span class='ocrx_word' id='word_1_624' title='bbox 2329 3334 2550 3389; x_wconf 88' lang='lat' dir='ltr'><strong>bomilia</strong></span> <span class='ocrx_word' id='word_1_625' title='bbox 2585 3350 2748 3404; x_wconf 91' lang='lat' dir='ltr'><strong>super</strong></span> <span class='ocrx_word' id='word_1_626' title='bbox 2776 3334 3139 3399; x_wconf 85' lang='lat' dir='ltr'><strong>Ezechielem,</strong></span> <span class='ocrx_word' id='word_1_627' title='bbox 3167 3350 3265 3404; x_wconf 90' lang='lat' dir='ltr'><strong>per</strong></span> <span class='ocrx_word' id='word_1_628' title='bbox 3301 3334 3418 3389; x_wconf 63' lang='lat' dir='ltr'><strong>haec</strong></span> <span class='ocrx_word' id='word_1_629' title='bbox 3448 3334 3638 3390; x_wconf 89' lang='lat' dir='ltr'><strong>eadem</strong></span> <span class='ocrx_word' id='word_1_630' title='bbox 3688 3348 3806 3402; x_wconf 78' lang='lat' dir='ltr'><strong>qua:</strong></span> 
     </span>
    </p>
   </div>
   <div class='ocr_carea' id='block_1_81' title="bbox 2221 3418 3807 3492">
    <p class='ocr_par' dir='ltr' id='par_1_81' title="bbox 2221 3418 3807 3492">
     <span class='ocr_line' id='line_1_81' title="bbox 2221 3418 3807 3492; baseline -0.003 -14"><span class='ocrx_word' id='word_1_631' title='bbox 2221 3423 2594 3492; x_wconf 89' lang='lat' dir='ltr'><strong>supponimus,</strong></span> <span class='ocrx_word' id='word_1_632' title='bbox 2626 3421 2789 3477; x_wconf 87' lang='lat' dir='ltr'><strong>verba</strong></span> <span class='ocrx_word' id='word_1_633' title='bbox 2818 3422 3100 3477; x_wconf 87' lang='lat' dir='ltr'><strong>declarat:</strong></span> <span class='ocrx_word' id='word_1_634' title='bbox 3148 3438 3167 3472; x_wconf 77' lang='grc' dir='ltr'><strong>ι</strong></span> <span class='ocrx_word' id='word_1_635' title='bbox 3208 3421 3367 3485; x_wconf 89' lang='lat' dir='ltr'><strong>Sunt,</strong></span> <span class='ocrx_word' id='word_1_636' title='bbox 3419 3421 3518 3484; x_wconf 89' lang='lat' dir='ltr'><strong>ait,</strong></span> <span class='ocrx_word' id='word_1_637' title='bbox 3568 3418 3807 3476; x_wconf 86' lang='lat' dir='ltr'><strong>nonnulli</strong></span> 
     </span>
    </p>
   </div>
   <div class='ocr_carea' id='block_1_82' title="bbox 2221 3512 3808 3582">
    <p class='ocr_par' dir='ltr' id='par_1_82' title="bbox 2221 3512 3808 3582">
     <span class='ocr_line' id='line_1_82' title="bbox 2221 3512 3808 3582; baseline 0.002 -17"><span class='ocrx_word' id='word_1_638' title='bbox 2221 3512 2311 3582; x_wconf 86' lang='lat' dir='ltr'><strong>qui</strong></span> <span class='ocrx_word' id='word_1_639' title='bbox 2350 3512 2487 3565; x_wconf 92' lang='lat' dir='ltr'><strong>bona</strong></span> <span class='ocrx_word' id='word_1_640' title='bbox 2519 3512 2734 3580; x_wconf 90' lang='lat' dir='ltr'><strong>quidem</strong></span> <span class='ocrx_word' id='word_1_641' title='bbox 2784 3527 2906 3580; x_wconf 86' lang='lat' dir='ltr'><strong>quae</strong></span> <span class='ocrx_word' id='word_1_642' title='bbox 2952 3521 3219 3566; x_wconf 85' lang='lat' dir='ltr'><strong>nevernnt</strong></span> <span class='ocrx_word' id='word_1_643' title='bbox 3275 3520 3591 3580; x_wconf 85' lang='lat' dir='ltr'><strong>operantur,</strong></span> <span class='ocrx_word' id='word_1_644' title='bbox 3648 3520 3808 3582; x_wconf 82' lang='lat' dir='ltr'><strong>atque</strong></span> 
     </span>
    </p>
   </div>
   <div class='ocr_carea' id='block_1_83' title="bbox 2223 3600 3810 3670">
    <p class='ocr_par' dir='ltr' id='par_1_83' title="bbox 2223 3600 3810 3670">
     <span class='ocr_line' id='line_1_83' title="bbox 2223 3600 3810 3670; baseline 0.001 -14"><span class='ocrx_word' id='word_1_645' title='bbox 2223 3602 2339 3656; x_wconf 69' lang='grc' dir='ltr'><strong>ιιωο</strong></span> <span class='ocrx_word' id='word_1_646' title='bbox 2384 3611 2689 3670; x_wconf 85' lang='lat' dir='ltr'><strong>operantes.</strong></span> <span class='ocrx_word' id='word_1_647' title='bbox 2742 3600 2964 3657; x_wconf 88' lang='lat' dir='ltr'><strong>meliora</strong></span> <span class='ocrx_word' id='word_1_648' title='bbox 3009 3602 3342 3668; x_wconf 88' lang='lat' dir='ltr'><strong>deliberant;</strong></span> <span class='ocrx_word' id='word_1_649' title='bbox 3374 3602 3468 3657; x_wconf 89' lang='lat' dir='ltr'><strong>sed</strong></span> <span class='ocrx_word' id='word_1_650' title='bbox 3511 3612 3810 3658; x_wconf 85' lang='lat' dir='ltr'><strong>retractan-</strong></span> 
     </span>
    </p>
   </div>
   <div class='ocr_carea' id='block_1_84' title="bbox 2224 3694 3811 3764">
    <p class='ocr_par' dir='ltr' id='par_1_84' title="bbox 2224 3694 3811 3764">
     <span class='ocr_line' id='line_1_84' title="bbox 2224 3694 3811 3764; baseline 0 -15"><span class='ocrx_word' id='word_1_651' title='bbox 2224 3703 2303 3750; x_wconf 91' lang='lat' dir='ltr'><strong>tes</strong></span> <span class='ocrx_word' id='word_1_652' title='bbox 2329 3694 2571 3759; x_wconf 85' lang='lat' dir='ltr'><strong>meliora,</strong></span> <span class='ocrx_word' id='word_1_653' title='bbox 2603 3710 2723 3764; x_wconf 85' lang='lat' dir='ltr'><strong>quae</strong></span> <span class='ocrx_word' id='word_1_654' title='bbox 2763 3694 3195 3751; x_wconf 88' lang='lat' dir='ltr'><strong>deliberaverant</strong></span> <span class='ocrx_word' id='word_1_655' title='bbox 3247 3694 3556 3750; x_wconf 87' lang='lat' dir='ltr'><strong>immutant.</strong></span> <span class='ocrx_word' id='word_1_656' title='bbox 3601 3695 3668 3749; x_wconf 85' lang='lat' dir='ltr'><strong>Et</strong></span> <span class='ocrx_word' id='word_1_657' title='bbox 3692 3694 3811 3764; x_wconf 89' lang='lat' dir='ltr'><strong>qui-</strong></span> 
     </span>
    </p>
   </div>
   <div class='ocr_carea' id='block_1_85' title="bbox 2223 3784 3807 3856">
    <p class='ocr_par' dir='ltr' id='par_1_85' title="bbox 2223 3784 3807 3856">
     <span class='ocr_line' id='line_1_85' title="bbox 2223 3784 3807 3856; baseline 0.001 -17"><span class='ocrx_word' id='word_1_658' title='bbox 2223 3784 2345 3840; x_wconf 90' lang='lat' dir='ltr'><strong>dem</strong></span> <span class='ocrx_word' id='word_1_659' title='bbox 2383 3784 2524 3840; x_wconf 86' lang='lat' dir='ltr'><strong>bona</strong></span> <span class='ocrx_word' id='word_1_660' title='bbox 2554 3793 2721 3856; x_wconf 77' lang='lat' dir='ltr'><strong>agunt</strong></span> <span class='ocrx_word' id='word_1_661' title='bbox 2747 3801 2866 3855; x_wconf 67' lang='lat' dir='ltr'><strong>qua:</strong></span> <span class='ocrx_word' id='word_1_662' title='bbox 2909 3794 3225 3855; x_wconf 70' lang='lat' dir='ltr'><strong>coeperunt;</strong></span> <span class='ocrx_word' id='word_1_663' title='bbox 3258 3786 3352 3841; x_wconf 87' lang='lat' dir='ltr'><strong>sed</strong></span> <span class='ocrx_word' id='word_1_664' title='bbox 3402 3801 3432 3839; x_wconf 88' lang='lat' dir='ltr'><strong>a</strong></span> <span class='ocrx_word' id='word_1_665' title='bbox 3475 3785 3807 3851; x_wconf 85' lang='lat' dir='ltr'><strong>melioribus,</strong></span> 
     </span>
    </p>
   </div>
   <div class='ocr_carea' id='block_1_86' title="bbox 2224 3876 3809 3946">
    <p class='ocr_par' dir='ltr' id='par_1_86' title="bbox 2224 3876 3809 3946">
     <span class='ocr_line' id='line_1_86' title="bbox 2224 3876 3809 3946; baseline 0.003 -17"><span class='ocrx_word' id='word_1_666' title='bbox 2224 3891 2346 3946; x_wconf 75' lang='lat' dir='ltr'><strong>quac</strong></span> <span class='ocrx_word' id='word_1_667' title='bbox 2401 3876 2876 3943; x_wconf 84' lang='lat' dir='ltr'><strong>deliberaverant,</strong></span> <span class='ocrx_word' id='word_1_668' title='bbox 2927 3878 3306 3933; x_wconf 89' lang='lat' dir='ltr'><strong>succumbunt.</strong></span> <span class='ocrx_word' id='word_1_669' title='bbox 3364 3896 3383 3931; x_wconf 78' lang='grc' dir='ltr'><strong>ι</strong></span> <span class='ocrx_word' id='word_1_670' title='bbox 3442 3876 3507 3932; x_wconf 77' lang='lat' dir='ltr'><strong>lii</strong></span> <span class='ocrx_word' id='word_1_671' title='bbox 3557 3876 3809 3933; x_wconf 86' lang='lat' dir='ltr'><strong>nimirum</strong></span> 
     </span>
    </p>
   </div>
   <div class='ocr_carea' id='block_1_87' title="bbox 2225 3965 3811 4037">
    <p class='ocr_par' dir='ltr' id='par_1_87' title="bbox 2225 3965 3811 4037">
     <span class='ocr_line' id='line_1_87' title="bbox 2225 3965 3811 4037; baseline 0.001 -17"><span class='ocrx_word' id='word_1_672' title='bbox 2225 3975 2352 4020; x_wconf 90' lang='lat' dir='ltr'><strong>ante</strong></span> <span class='ocrx_word' id='word_1_673' title='bbox 2387 3967 2622 4022; x_wconf 82' lang='lat' dir='ltr'><strong>humana</strong></span> <span class='ocrx_word' id='word_1_674' title='bbox 2669 3965 2874 4035; x_wconf 90' lang='lat' dir='ltr'><strong>judicia</strong></span> <span class='ocrx_word' id='word_1_675' title='bbox 2911 3976 3058 4023; x_wconf 88' lang='lat' dir='ltr'><strong>stare</strong></span> <span class='ocrx_word' id='word_1_676' title='bbox 3100 3967 3353 4023; x_wconf 89' lang='lat' dir='ltr'><strong>videntur</strong></span> <span class='ocrx_word' id='word_1_677' title='bbox 3395 3968 3449 4021; x_wconf 91' lang='lat' dir='ltr'><strong>in</strong></span> <span class='ocrx_word' id='word_1_678' title='bbox 3489 3980 3673 4037; x_wconf 90' lang='lat' dir='ltr'><strong>opere,</strong></span> <span class='ocrx_word' id='word_1_679' title='bbox 3718 3965 3811 4022; x_wconf 85' lang='lat' dir='ltr'><strong>sed</strong></span> 
     </span>
    </p>
   </div>
   <div class='ocr_carea' id='block_1_88' title="bbox 2224 4056 3809 4128">
    <p class='ocr_par' dir='ltr' id='par_1_88' title="bbox 2224 4056 3809 4128">
     <span class='ocr_line' id='line_1_88' title="bbox 2224 4056 3809 4128; baseline -0.001 -16"><span class='ocrx_word' id='word_1_680' title='bbox 2224 4067 2352 4112; x_wconf 78' lang='lat' dir='ltr'><strong>ante</strong></span> <span class='ocrx_word' id='word_1_681' title='bbox 2385 4058 2769 4128; x_wconf 89' lang='lat' dir='ltr'><strong>omnipotentis</strong></span> <span class='ocrx_word' id='word_1_682' title='bbox 2801 4057 2894 4113; x_wconf 88' lang='lat' dir='ltr'><strong>Dei</strong></span> <span class='ocrx_word' id='word_1_683' title='bbox 2935 4058 3120 4114; x_wconf 91' lang='lat' dir='ltr'><strong>oculos</strong></span> <span class='ocrx_word' id='word_1_684' title='bbox 3172 4058 3484 4113; x_wconf 90' lang='lat' dir='ltr'><strong>ceciderunt</strong></span> <span class='ocrx_word' id='word_1_685' title='bbox 3519 4057 3571 4111; x_wconf 91' lang='lat' dir='ltr'><strong>in</strong></span> <span class='ocrx_word' id='word_1_686' title='bbox 3603 4056 3809 4111; x_wconf 81' lang='lat' dir='ltr'><strong>delibe-</strong></span> 
     </span>
    </p>
   </div>
   <div class='ocr_carea' id='block_1_89' title="bbox 2227 4145 3813 4218">
    <p class='ocr_par' dir='ltr' id='par_1_89' title="bbox 2227 4145 3813 4218">
     <span class='ocr_line' id='line_1_89' title="bbox 2227 4145 3813 4218; baseline -0.003 -15"><span class='ocrx_word' id='word_1_687' title='bbox 2227 4149 2458 4203; x_wconf 84' lang='lat' dir='ltr'><strong>ratione.</strong></span> <span class='ocrx_word' id='word_1_688' title='bbox 2514 4148 2663 4203; x_wconf 89' lang='lat' dir='ltr'><strong>Unde</strong></span> <span class='ocrx_word' id='word_1_689' title='bbox 2723 4148 2784 4202; x_wconf 86' lang='lat' dir='ltr'><strong>lit</strong></span> <span class='ocrx_word' id='word_1_690' title='bbox 2834 4147 3174 4218; x_wconf 90' lang='lat' dir='ltr'><strong>plerumque,</strong></span> <span class='ocrx_word' id='word_1_691' title='bbox 3214 4155 3273 4201; x_wconf 91' lang='lat' dir='ltr'><strong>ut</strong></span> <span class='ocrx_word' id='word_1_692' title='bbox 3318 4154 3375 4202; x_wconf 89' lang='lat' dir='ltr'><strong>et</strong></span> <span class='ocrx_word' id='word_1_693' title='bbox 3434 4145 3633 4201; x_wconf 89' lang='lat' dir='ltr'><strong>bonum</strong></span> <span class='ocrx_word' id='word_1_694' title='bbox 3677 4157 3813 4214; x_wconf 81' lang='lat' dir='ltr'><strong>opus</strong></span> 
     </span>
    </p>
   </div>
   <div class='ocr_carea' id='block_1_90' title="bbox 2229 4236 3813 4307">
    <p class='ocr_par' dir='ltr' id='par_1_90' title="bbox 2229 4236 3813 4307">
     <span class='ocr_line' id='line_1_90' title="bbox 2229 4236 3813 4307; baseline -0.004 -13"><span class='ocrx_word' id='word_1_695' title='bbox 2229 4252 2415 4294; x_wconf 88' lang='lat' dir='ltr'><strong>eorum</strong></span> <span class='ocrx_word' id='word_1_696' title='bbox 2460 4238 2636 4293; x_wconf 91' lang='lat' dir='ltr'><strong>minus</strong></span> <span class='ocrx_word' id='word_1_697' title='bbox 2692 4238 2904 4307; x_wconf 88' lang='lat' dir='ltr'><strong>placeat</strong></span> <span class='ocrx_word' id='word_1_698' title='bbox 2947 4237 3105 4304; x_wconf 90' lang='lat' dir='ltr'><strong>Deo;</strong></span> <span class='ocrx_word' id='word_1_699' title='bbox 3162 4236 3287 4307; x_wconf 91' lang='lat' dir='ltr'><strong>quia</strong></span> <span class='ocrx_word' id='word_1_700' title='bbox 3338 4251 3459 4292; x_wconf 88' lang='lat' dir='ltr'><strong>cum</strong></span> <span class='ocrx_word' id='word_1_701' title='bbox 3517 4250 3614 4305; x_wconf 89' lang='lat' dir='ltr'><strong>per</strong></span> <span class='ocrx_word' id='word_1_702' title='bbox 3661 4249 3813 4288; x_wconf 81' lang='lat' dir='ltr'><strong>men-</strong></span> 
     </span>
    </p>
   </div>
   <div class='ocr_carea' id='block_1_91' title="bbox 538 4300 3815 4397">
    <p class='ocr_par' dir='ltr' id='par_1_91' title="bbox 538 4300 3815 4397">
     <span class='ocr_line' id='line_1_91' title="bbox 538 4300 3815 4397; baseline -0.001 -14"><span class='ocrx_word' id='word_1_703' title='bbox 538 4300 740 4394; x_wconf 70' lang='lat' dir='ltr'><strong>geliuin</strong></span> <span class='ocrx_word' id='word_1_704' title='bbox 776 4329 1036 4384; x_wconf 90' lang='lat' dir='ltr'><strong>Dominus</strong></span> <span class='ocrx_word' id='word_1_705' title='bbox 1089 4330 1322 4395; x_wconf 89' lang='lat' dir='ltr'><strong>intonat,</strong></span> <span class='ocrx_word' id='word_1_706' title='bbox 1351 4331 1540 4387; x_wconf 86' lang='lat' dir='ltr'><strong>dicens</strong></span> <span class='ocrx_word' id='word_1_707' title='bbox 1572 4300 1857 4387; x_wconf 28' lang='lat' dir='ltr'><strong>:dNemo</strong></span> <span class='ocrx_word' id='word_1_708' title='bbox 1909 4333 2128 4388; x_wconf 86' lang='lat' dir='ltr'><strong>mittens</strong></span> <span class='ocrx_word' id='word_1_709' title='bbox 2158 4300 2205 4360; x_wconf 68' lang='grc' dir='ltr'><strong>Β</strong></span> <span class='ocrx_word' id='word_1_710' title='bbox 2236 4328 2306 4383; x_wconf 89' lang='lat' dir='ltr'><strong>tis</strong></span> <span class='ocrx_word' id='word_1_711' title='bbox 2364 4300 2807 4383; x_wconf 74' lang='lat' dir='ltr'><strong>deliberationem</strong></span> <span class='ocrx_word' id='word_1_712' title='bbox 2863 4327 2916 4383; x_wconf 91' lang='lat' dir='ltr'><strong>in</strong></span> <span class='ocrx_word' id='word_1_713' title='bbox 2970 4300 3194 4383; x_wconf 47' lang='lat' dir='ltr'><strong>meliori-</strong></span> <span class='ocrx_word' id='word_1_714' title='bbox 3233 4326 3400 4397; x_wconf 75' lang='lat' dir='ltr'><strong>gradu</strong></span> <span class='ocrx_word' id='word_1_715' title='bbox 3444 4300 3815 4381; x_wconf 76' lang='lat' dir='ltr'><strong>inconstanter</strong></span> 
     </span>
    </p>
   </div>
   <div class='ocr_carea' id='block_1_92' title="bbox 544 4418 2131 4492">
    <p class='ocr_par' dir='ltr' id='par_1_92' title="bbox 544 4418 2131 4492">
     <span class='ocr_line' id='line_1_92' title="bbox 544 4418 2131 4492; baseline 0.006 -24"><span class='ocrx_word' id='word_1_716' title='bbox 544 4431 763 4472; x_wconf 89' lang='lat' dir='ltr'><strong>manum</strong></span> <span class='ocrx_word' id='word_1_717' title='bbox 786 4433 939 4472; x_wconf 85' lang='lat' dir='ltr'><strong>suam</strong></span> <span class='ocrx_word' id='word_1_718' title='bbox 970 4418 1039 4473; x_wconf 89' lang='lat' dir='ltr'><strong>ad</strong></span> <span class='ocrx_word' id='word_1_719' title='bbox 1067 4428 1330 4484; x_wconf 89' lang='lat' dir='ltr'><strong>aratrum,</strong></span> <span class='ocrx_word' id='word_1_720' title='bbox 1359 4429 1415 4476; x_wconf 89' lang='lat' dir='ltr'><strong>et</strong></span> <span class='ocrx_word' id='word_1_721' title='bbox 1446 4421 1743 4491; x_wconf 87' lang='lat' dir='ltr'><strong>respiciens</strong></span> <span class='ocrx_word' id='word_1_722' title='bbox 1771 4431 1940 4485; x_wconf 88' lang='lat' dir='ltr'><strong>retro,</strong></span> <span class='ocrx_word' id='word_1_723' title='bbox 1971 4430 2131 4492; x_wconf 87' lang='lat' dir='ltr'><strong>aptus</strong></span> 
     </span>
    </p>
   </div>
   <div class='ocr_carea' id='block_1_93' title="bbox 541 4508 2129 4583">
    <p class='ocr_par' dir='ltr' id='par_1_93' title="bbox 541 4508 2129 4583">
     <span class='ocr_line' id='line_1_93' title="bbox 541 4508 2129 4583; baseline 0.003 -20"><span class='ocrx_word' id='word_1_724' title='bbox 541 4516 631 4563; x_wconf 87' lang='lat' dir='ltr'><strong>est</strong></span> <span class='ocrx_word' id='word_1_725' title='bbox 642 4522 810 4577; x_wconf 75' lang='lat' dir='ltr'><strong>regno</strong></span> <span class='ocrx_word' id='word_1_726' title='bbox 830 4508 922 4562; x_wconf 89' lang='lat' dir='ltr'><strong>Dei</strong></span> <span class='ocrx_word' id='word_1_727' title='bbox 945 4508 1096 4580; x_wconf 85' lang='lat' dir='ltr'><strong>(Luc.</strong></span> <span class='ocrx_word' id='word_1_728' title='bbox 1125 4511 1226 4579; x_wconf 88' lang='lat' dir='ltr'><strong>tx).</strong></span> <span class='ocrx_word' id='word_1_729' title='bbox 1257 4530 1277 4562; x_wconf 77' lang='grc' dir='ltr'><strong>ι</strong></span> <span class='ocrx_word' id='word_1_730' title='bbox 1306 4511 1676 4583; x_wconf 86' lang='lat' dir='ltr'><strong>Spopondisti,</strong></span> <span class='ocrx_word' id='word_1_731' title='bbox 1705 4521 1759 4568; x_wconf 90' lang='lat' dir='ltr'><strong>et</strong></span> <span class='ocrx_word' id='word_1_732' title='bbox 1789 4514 2129 4582; x_wconf 87' lang='lat' dir='ltr'><strong>sponsionem</strong></span> 
     </span>
    </p>
   </div>
   <div class='ocr_carea' id='block_1_94' title="bbox 546 4598 2128 4674">
    <p class='ocr_par' dir='ltr' id='par_1_94' title="bbox 546 4598 2128 4674">
     <span class='ocr_line' id='line_1_94' title="bbox 546 4598 2128 4674; baseline 0.005 -22"><span class='ocrx_word' id='word_1_733' title='bbox 546 4598 752 4655; x_wconf 79' lang='lat' dir='ltr'><strong>violare</strong></span> <span class='ocrx_word' id='word_1_734' title='bbox 773 4615 881 4655; x_wconf 89' lang='lat' dir='ltr'><strong>non</strong></span> <span class='ocrx_word' id='word_1_735' title='bbox 906 4601 1138 4657; x_wconf 79' lang='lat' dir='ltr'><strong>metuis?</strong></span> <span class='ocrx_word' id='word_1_736' title='bbox 1173 4600 1396 4669; x_wconf 81' lang='lat' dir='ltr'><strong>Vovisti,</strong></span> <span class='ocrx_word' id='word_1_737' title='bbox 1424 4612 1485 4660; x_wconf 91' lang='lat' dir='ltr'><strong>et</strong></span> <span class='ocrx_word' id='word_1_738' title='bbox 1504 4615 1687 4661; x_wconf 89' lang='lat' dir='ltr'><strong>votum</strong></span> <span class='ocrx_word' id='word_1_739' title='bbox 1716 4605 1933 4661; x_wconf 87' lang='lat' dir='ltr'><strong>solvere</strong></span> <span class='ocrx_word' id='word_1_740' title='bbox 1957 4605 2128 4674; x_wconf 78' lang='lat' dir='ltr'><strong>negli-</strong></span> 
     </span>
    </p>
   </div>
   <div class='ocr_carea' id='block_1_95' title="bbox 544 4689 2128 4763">
    <p class='ocr_par' dir='ltr' id='par_1_95' title="bbox 544 4689 2128 4763">
     <span class='ocr_line' id='line_1_95' title="bbox 544 4689 2128 4763; baseline 0.004 -20"><span class='ocrx_word' id='word_1_741' title='bbox 544 4690 662 4760; x_wconf 74' lang='lat' dir='ltr'><strong>gis?</strong></span> <span class='ocrx_word' id='word_1_742' title='bbox 691 4704 812 4746; x_wconf 90' lang='lat' dir='ltr'><strong>eum</strong></span> <span class='ocrx_word' id='word_1_743' title='bbox 832 4689 1116 4746; x_wconf 82' lang='lat' dir='ltr'><strong>Psalmista</strong></span> <span class='ocrx_word' id='word_1_744' title='bbox 1142 4690 1291 4747; x_wconf 85' lang='lat' dir='ltr'><strong>dicat</strong></span> <span class='ocrx_word' id='word_1_745' title='bbox 1315 4709 1329 4746; x_wconf 91' lang='lat'><strong>:</strong></span> <span class='ocrx_word' id='word_1_746' title='bbox 1361 4710 1381 4747; x_wconf 78' lang='grc' dir='ltr'><strong>ι</strong></span> <span class='ocrx_word' id='word_1_747' title='bbox 1412 4694 1604 4750; x_wconf 84' lang='lat' dir='ltr'><strong>Venite</strong></span> <span class='ocrx_word' id='word_1_748' title='bbox 1643 4704 1700 4750; x_wconf 90' lang='lat' dir='ltr'><strong>et</strong></span> <span class='ocrx_word' id='word_1_749' title='bbox 1722 4695 1930 4751; x_wconf 87' lang='lat' dir='ltr'><strong>reddite</strong></span> <span class='ocrx_word' id='word_1_750' title='bbox 1952 4694 2128 4763; x_wconf 81' lang='lat' dir='ltr'><strong>(Psal.</strong></span> 
     </span>
    </p>
   </div>
   <div class='ocr_carea' id='block_1_96' title="bbox 545 4781 2125 4853">
    <p class='ocr_par' dir='ltr' id='par_1_96' title="bbox 545 4781 2125 4853">
     <span class='ocr_line' id='line_1_96' title="bbox 545 4781 2125 4853; baseline 0.003 -15"><span class='ocrx_word' id='word_1_751' title='bbox 545 4782 729 4853; x_wconf 77' lang='lat' dir='ltr'><strong>Lxxv).</strong></span> <span class='ocrx_word' id='word_1_752' title='bbox 763 4802 784 4835; x_wconf 76' lang='grc' dir='ltr'><strong>ι</strong></span> <span class='ocrx_word' id='word_1_753' title='bbox 822 4781 1078 4839; x_wconf 82' lang='lat' dir='ltr'><strong>Salomon</strong></span> <span class='ocrx_word' id='word_1_754' title='bbox 1132 4786 1297 4840; x_wconf 83' lang='lat' dir='ltr'><strong>etiam</strong></span> <span class='ocrx_word' id='word_1_755' title='bbox 1344 4786 1400 4841; x_wconf 85' lang='lat' dir='ltr'><strong>in</strong></span> <span class='ocrx_word' id='word_1_756' title='bbox 1455 4787 1802 4844; x_wconf 83' lang='lat' dir='ltr'><strong>Proverbiis:</strong></span> <span class='ocrx_word' id='word_1_757' title='bbox 1840 4807 1860 4841; x_wconf 70' lang='grc' dir='ltr'><strong>ε</strong></span> <span class='ocrx_word' id='word_1_758' title='bbox 1896 4786 1996 4843; x_wconf 88' lang='lat' dir='ltr'><strong>Fili</strong></span> <span class='ocrx_word' id='word_1_759' title='bbox 2033 4788 2125 4852; x_wconf 91' lang='lat' dir='ltr'><strong>mi,</strong></span> 
     </span>
    </p>
   </div>
   <div class='ocr_carea' id='block_1_97' title="bbox 547 4873 2130 4950">
    <p class='ocr_par' dir='ltr' id='par_1_97' title="bbox 547 4873 2130 4950">
     <span class='ocr_line' id='line_1_97' title="bbox 547 4873 2130 4950; baseline 0.004 -24"><span class='ocrx_word' id='word_1_760' title='bbox 547 4873 742 4943; x_wconf 89' lang='lat' dir='ltr'><strong>inquit,</strong></span> <span class='ocrx_word' id='word_1_761' title='bbox 788 4874 834 4928; x_wconf 92' lang='lat' dir='ltr'><strong>si</strong></span> <span class='ocrx_word' id='word_1_762' title='bbox 870 4874 1226 4944; x_wconf 88' lang='lat' dir='ltr'><strong>spoponderis</strong></span> <span class='ocrx_word' id='word_1_763' title='bbox 1249 4889 1346 4945; x_wconf 89' lang='lat' dir='ltr'><strong>pro</strong></span> <span class='ocrx_word' id='word_1_764' title='bbox 1374 4878 1551 4933; x_wconf 90' lang='lat' dir='ltr'><strong>amico</strong></span> <span class='ocrx_word' id='word_1_765' title='bbox 1574 4887 1687 4943; x_wconf 90' lang='lat' dir='ltr'><strong>tuo,</strong></span> <span class='ocrx_word' id='word_1_766' title='bbox 1715 4878 1948 4935; x_wconf 83' lang='lat' dir='ltr'><strong>defixiin</strong></span> <span class='ocrx_word' id='word_1_767' title='bbox 1990 4879 2130 4950; x_wconf 88' lang='lat' dir='ltr'><strong>apud</strong></span> 
     </span>
    </p>
   </div>
   <div class='ocr_carea' id='block_1_98' title="bbox 546 4968 2132 5039">
    <p class='ocr_par' dir='ltr' id='par_1_98' title="bbox 546 4968 2132 5039">
     <span class='ocr_line' id='line_1_98' title="bbox 546 4968 2132 5039; baseline 0.006 -25"><span class='ocrx_word' id='word_1_768' title='bbox 546 4971 867 5018; x_wconf 87' lang='lat' dir='ltr'><strong>extraneum</strong></span> <span class='ocrx_word' id='word_1_769' title='bbox 922 4979 1144 5020; x_wconf 83' lang='lat' dir='ltr'><strong>manum</strong></span> <span class='ocrx_word' id='word_1_770' title='bbox 1202 4975 1400 5032; x_wconf 90' lang='lat' dir='ltr'><strong>tuam;</strong></span> <span class='ocrx_word' id='word_1_771' title='bbox 1460 4968 1783 5039; x_wconf 87' lang='lat' dir='ltr'><strong>illaqueatus</strong></span> <span class='ocrx_word' id='word_1_772' title='bbox 1839 4985 1900 5025; x_wconf 90' lang='lat' dir='ltr'><strong>es</strong></span> <span class='ocrx_word' id='word_1_773' title='bbox 1951 4968 2132 5024; x_wconf 85' lang='lat' dir='ltr'><strong>verbis</strong></span> 
     </span>
    </p>
   </div>
   <div class='ocr_carea' id='block_1_99' title="bbox 542 5049 2017 5100">
    <p class='ocr_par' dir='ltr' id='par_1_99' title="bbox 542 5049 2017 5100">
     <span class='ocr_line' id='line_1_99' title="bbox 542 5049 2017 5100; baseline -0.011 0"><span class='ocrx_word' id='word_1_774' title='bbox 542 5049 661 5100; x_wconf 83' lang='lat' dir='ltr'><strong>oris</strong></span> <span class='ocrx_word' id='word_1_775' title='bbox 684 5050 782 5100; x_wconf 75' lang='lat' dir='ltr'><strong>lui.</strong></span> <span class='ocrx_word' id='word_1_776' title='bbox 813 5061 871 5100; x_wconf 81' lang='lat' dir='ltr'><strong>el.</strong></span> <span class='ocrx_word' id='word_1_777' title='bbox 893 5061 1083 5100; x_wconf 70' lang='lat' dir='ltr'><strong>cantus</strong></span> <span class='ocrx_word' id='word_1_778' title='bbox 1111 5055 1346 5100; x_wconf 72' lang='lat' dir='ltr'><strong>nrnnriie</strong></span> <span class='ocrx_word' id='word_1_779' title='bbox 1393 5058 1731 5094; x_wconf 61' lang='grc' dir='ltr'><strong>ρλ--α-ι-ιειη·</strong></span> <span class='ocrx_word' id='word_1_780' title='bbox 1781 5066 1794 5076; x_wconf 88' lang='lat'><strong><em>-</em></strong></span> <span class='ocrx_word' id='word_1_781' title='bbox 1842 5058 1855 5071; x_wconf 79' lang='lat'><strong>-</strong></span> <span class='ocrx_word' id='word_1_782' title='bbox 1952 5055 2017 5074; x_wconf 67' lang='grc' dir='ltr'>-η</span> 
     </span>
    </p>
   </div>
   <div class='ocr_carea' id='block_1_100' title="bbox 2234 4415 3816 4489">
    <p class='ocr_par' dir='ltr' id='par_1_100' title="bbox 2234 4415 3816 4489">
     <span class='ocr_line' id='line_1_100' title="bbox 2234 4415 3816 4489; baseline -0.001 -19"><span class='ocrx_word' id='word_1_783' title='bbox 2234 4417 2474 4487; x_wconf 90' lang='lat' dir='ltr'><strong>ponitur,</strong></span> <span class='ocrx_word' id='word_1_784' title='bbox 2531 4417 2634 4472; x_wconf 87' lang='lat' dir='ltr'><strong>hoc</strong></span> <span class='ocrx_word' id='word_1_785' title='bbox 2702 4417 2878 4486; x_wconf 89' lang='lat' dir='ltr'><strong>ipsum</strong></span> <span class='ocrx_word' id='word_1_786' title='bbox 2940 4416 3283 4489; x_wconf 75' lang='lat' dir='ltr'><strong>cogitationis</strong></span> <span class='ocrx_word' id='word_1_787' title='bbox 3336 4415 3698 4472; x_wconf 86' lang='lat' dir='ltr'><strong>inconstantia</strong></span> <span class='ocrx_word' id='word_1_788' title='bbox 3723 4428 3816 4469; x_wconf 88' lang='lat' dir='ltr'><strong>ae—</strong></span> 
     </span>
    </p>
   </div>
   <div class='ocr_carea' id='block_1_101' title="bbox 2233 4515 2408 4563">
    <p class='ocr_par' dir='ltr' id='par_1_101' title="bbox 2233 4515 2408 4563">
     <span class='ocr_line' id='line_1_101' title="bbox 2233 4515 2408 4563; baseline -0.011 0"><span class='ocrx_word' id='word_1_789' title='bbox 2233 4515 2408 4563; x_wconf 67' lang='lat' dir='ltr'><strong>CUSRL</strong></span> 
     </span>
    </p>
   </div>
   <div class='ocr_carea' id='block_1_102' title="bbox 2307 4594 3815 4667">
    <p class='ocr_par' dir='ltr' id='par_1_102' title="bbox 2307 4594 3815 4667">
     <span class='ocr_line' id='line_1_102' title="bbox 2307 4594 3815 4667; baseline -0.005 -14"><span class='ocrx_word' id='word_1_790' title='bbox 2307 4597 2412 4653; x_wconf 87' lang='lat' dir='ltr'><strong>Sed</strong></span> <span class='ocrx_word' id='word_1_791' title='bbox 2441 4599 2567 4667; x_wconf 86' lang='lat' dir='ltr'><strong>quia</strong></span> <span class='ocrx_word' id='word_1_792' title='bbox 2626 4596 2850 4667; x_wconf 84' lang='lat' dir='ltr'><strong>perfecti</strong></span> <span class='ocrx_word' id='word_1_793' title='bbox 2896 4597 3096 4667; x_wconf 88' lang='lat' dir='ltr'><strong>quique</strong></span> <span class='ocrx_word' id='word_1_794' title='bbox 3138 4612 3331 4667; x_wconf 81' lang='lat' dir='ltr'><strong>magna</strong></span> <span class='ocrx_word' id='word_1_795' title='bbox 3361 4610 3421 4651; x_wconf 90' lang='lat' dir='ltr'><strong>se</strong></span> <span class='ocrx_word' id='word_1_796' title='bbox 3472 4594 3815 4649; x_wconf 86' lang='lat' dir='ltr'><strong>discretionis</strong></span> 
     </span>
    </p>
   </div>
   <div class='ocr_carea' id='block_1_103' title="bbox 2235 4682 3817 4757">
    <p class='ocr_par' dir='ltr' id='par_1_103' title="bbox 2235 4682 3817 4757">
     <span class='ocr_line' id='line_1_103' title="bbox 2235 4682 3817 4757; baseline -0.005 -13"><span class='ocrx_word' id='word_1_797' title='bbox 2235 4687 2532 4744; x_wconf 83' lang='lat' dir='ltr'><strong>subtilitate</strong></span> <span class='ocrx_word' id='word_1_798' title='bbox 2559 4687 2920 4757; x_wconf 83' lang='lat' dir='ltr'><strong>conspiciunt,</strong></span> <span class='ocrx_word' id='word_1_799' title='bbox 2957 4702 3024 4741; x_wconf 92' lang='lat' dir='ltr'><strong>ne</strong></span> <span class='ocrx_word' id='word_1_800' title='bbox 3055 4688 3122 4741; x_wconf 91' lang='lat' dir='ltr'><strong>ad</strong></span> <span class='ocrx_word' id='word_1_801' title='bbox 3168 4685 3436 4741; x_wconf 85' lang='lat' dir='ltr'><strong>deteriora</strong></span> <span class='ocrx_word' id='word_1_802' title='bbox 3472 4699 3709 4753; x_wconf 83' lang='lat' dir='ltr'><strong>unquam</strong></span> <span class='ocrx_word' id='word_1_803' title='bbox 3734 4682 3817 4736; x_wconf 88' lang='lat' dir='ltr'><strong>vel</strong></span> 
     </span>
    </p>
   </div>
   <div class='ocr_carea' id='block_1_104' title="bbox 2237 4776 3814 4849">
    <p class='ocr_par' dir='ltr' id='par_1_104' title="bbox 2237 4776 3814 4849">
     <span class='ocr_line' id='line_1_104' title="bbox 2237 4776 3814 4849; baseline -0.006 -14"><span class='ocrx_word' id='word_1_804' title='bbox 2237 4780 2289 4835; x_wconf 90' lang='lat' dir='ltr'><strong>in</strong></span> <span class='ocrx_word' id='word_1_805' title='bbox 2317 4794 2499 4849; x_wconf 90' lang='lat' dir='ltr'><strong>opere,</strong></span> <span class='ocrx_word' id='word_1_806' title='bbox 2526 4777 2609 4833; x_wconf 87' lang='lat' dir='ltr'><strong>vel</strong></span> <span class='ocrx_word' id='word_1_807' title='bbox 2638 4779 2691 4831; x_wconf 92' lang='lat' dir='ltr'><strong>in</strong></span> <span class='ocrx_word' id='word_1_808' title='bbox 2723 4778 3051 4848; x_wconf 73' lang='lat' dir='ltr'><strong>cogitatione</strong></span> <span class='ocrx_word' id='word_1_809' title='bbox 3087 4776 3439 4840; x_wconf 87' lang='lat' dir='ltr'><strong>delabantur;</strong></span> <span class='ocrx_word' id='word_1_810' title='bbox 3471 4784 3526 4829; x_wconf 88' lang='lat' dir='ltr'><strong>et</strong></span> <span class='ocrx_word' id='word_1_811' title='bbox 3556 4783 3814 4844; x_wconf 88' lang='lat' dir='ltr'><strong>quantum</strong></span> 
     </span>
    </p>
   </div>
   <div class='ocr_carea' id='block_1_105' title="bbox 2237 4865 3816 4945">
    <p class='ocr_par' dir='ltr' id='par_1_105' title="bbox 2237 4865 3816 4945">
     <span class='ocr_line' id='line_1_105' title="bbox 2237 4865 3816 4945; baseline -0.006 -18"><span class='ocrx_word' id='word_1_812' title='bbox 2237 4875 2476 4943; x_wconf 87' lang='lat' dir='ltr'><strong>quotidie</strong></span> <span class='ocrx_word' id='word_1_813' title='bbox 2499 4873 2807 4945; x_wconf 80' lang='lat' dir='ltr'><strong>proficiunt,</strong></span> <span class='ocrx_word' id='word_1_814' title='bbox 2834 4872 3167 4929; x_wconf 87' lang='lat' dir='ltr'><strong>incessanter</strong></span> <span class='ocrx_word' id='word_1_815' title='bbox 3186 4878 3435 4942; x_wconf 86' lang='lat' dir='ltr'><strong>pensant,</strong></span> <span class='ocrx_word' id='word_1_816' title='bbox 3462 4876 3609 4924; x_wconf 91' lang='lat' dir='ltr'><strong>recte</strong></span> <span class='ocrx_word' id='word_1_817' title='bbox 3636 4866 3703 4921; x_wconf 89' lang='lat' dir='ltr'><strong>de</strong></span> <span class='ocrx_word' id='word_1_818' title='bbox 3733 4865 3816 4919; x_wconf 88' lang='lat' dir='ltr'><strong>bis</strong></span> 
     </span>
    </p>
   </div>
   <div class='ocr_carea' id='block_1_106' title="bbox 2239 4950 3814 5026">
    <p class='ocr_par' dir='ltr' id='par_1_106' title="bbox 2239 4950 3814 5026">
     <span class='ocr_line' id='line_1_106' title="bbox 2239 4950 3814 5026; baseline -0.007 -8"><span class='ocrx_word' id='word_1_819' title='bbox 2239 4964 2472 5018; x_wconf 90' lang='lat' dir='ltr'><strong>dicitur:</strong></span> <span class='ocrx_word' id='word_1_820' title='bbox 2503 4982 2521 5015; x_wconf 78' lang='grc' dir='ltr'><strong>ι</strong></span> <span class='ocrx_word' id='word_1_821' title='bbox 2558 4962 2673 5019; x_wconf 86' lang='lat' dir='ltr'><strong>Non</strong></span> <span class='ocrx_word' id='word_1_822' title='bbox 2716 4959 3147 5026; x_wconf 86' lang='lat' dir='ltr'><strong>revertebantur,</strong></span> <span class='ocrx_word' id='word_1_823' title='bbox 3181 4975 3306 5016; x_wconf 90' lang='lat' dir='ltr'><strong>eum</strong></span> <span class='ocrx_word' id='word_1_824' title='bbox 3343 4957 3693 5021; x_wconf 86' lang='lat' dir='ltr'><strong>incederent;</strong></span> <span class='ocrx_word' id='word_1_825' title='bbox 3721 4950 3814 5009; x_wconf 88' lang='lat' dir='ltr'><strong>sed</strong></span> 
     </span>
    </p>
   </div>
   <div class='ocr_carea' id='block_1_107' title="bbox 2926 5046 3814 5100">
    <p class='ocr_par' dir='ltr' id='par_1_107' title="bbox 2926 5046 3814 5100">
     <span class='ocr_line' id='line_1_107' title="bbox 2926 5046 3814 5100; baseline 0.018 -23"><span class='ocrx_word' id='word_1_826' title='bbox 2926 5054 3026 5080; x_wconf 59' lang='grc' dir='ltr'><strong>τι...</strong></span> <span class='ocrx_word' id='word_1_827' title='bbox 3052 5067 3202 5078; x_wconf 66' lang='grc' dir='ltr'><strong>..η-..ι</strong></span> <span class='ocrx_word' id='word_1_828' title='bbox 3229 5067 3315 5076; x_wconf 60' lang='grc' dir='ltr'><strong>υ-α</strong></span> <span class='ocrx_word' id='word_1_829' title='bbox 3333 5051 3574 5079; x_wconf 59' lang='grc' dir='ltr'><strong>-ιειειαοη-</strong></span> <span class='ocrx_word' id='word_1_830' title='bbox 3599 5046 3814 5100; x_wconf 59' lang='grc' dir='ltr'><strong>[εἶρξαι.</strong></span> 
     </span>
    </p>
   </div>
   <div class='ocr_carea' id='block_1_108' title="bbox 2281 5054 3315 5084">
    <p class='ocr_par' dir='ltr' id='par_1_108' title="bbox 2281 5054 3315 5084">
     <span class='ocr_line' id='line_1_108' title="bbox 2281 5054 3315 5084; baseline -0.005 -4"><span class='ocrx_word' id='word_1_831' title='bbox 2281 5071 2512 5080; x_wconf 63' lang='grc' dir='ltr'><strong>-.ν--ι-η---δ</strong></span> <span class='ocrx_word' id='word_1_832' title='bbox 2539 5056 2653 5076; x_wconf 35' lang='lat'><strong>&quot;’4‘</strong></span> <span class='ocrx_word' id='word_1_833' title='bbox 2689 5064 2809 5084; x_wconf 65' lang='grc' dir='ltr'><strong><em>ῆπιοΑ</em></strong></span> <span class='ocrx_word' id='word_1_834' title='bbox 2840 5054 3026 5082; x_wconf 61' lang='grc' dir='ltr'><strong>ΓαιΑξΑυυι</strong></span> <span class='ocrx_word' id='word_1_835' title='bbox 3052 5067 3202 5078; x_wconf 53' lang='grc' dir='ltr'><strong>-..ΔΜ</strong></span> <span class='ocrx_word' id='word_1_836' title='bbox 3229 5067 3315 5076; x_wconf 56' lang='grc' dir='ltr'><strong>...κα</strong></span> 
     </span>
    </p>
   </div>
  </div>
