4138 6320
413 285 520 349 G77

1001 287 1242 349 OPUSC.
1285 287 1441 344 XLII.
1482 318 1552 331 ——
1595 288 1682 343 DE
1719 284 1855 343 NON
1895 281 2252 339 FALLENDA
2295 281 2451 336 ΗΒΕ
2492 282 2627 341 DEO
2662 281 3071 340 OBSTRICTA.

3552 292 3655 348 678

416 408 569 482 gravi
623 408 940 478 iniquitate;
987 407 1178 462 semini
1211 421 1464 476 nequam,
1513 405 1633 460 filiis
1662 403 1935 459 sceleratis
1966 419 1978 453 :
2012 403 2056 461 Α
2089 397 2235 462 leris,
2264 399 2602 453 auctoritatis
2634 407 2684 454 te
2706 398 2818 452 lora
2849 399 3156 464 cohibeant,
3183 401 3468 472 pravisque
3493 420 3661 460 cona-

363 504 371 510 “
416 500 819 570 dereliquerunt
855 499 1160 564 Dominum,
1191 499 1696 567 blasphemaverunt
1740 506 1983 550 sanctum

417 592 598 656 lsrael,
623 593 912 646 abalienati
947 600 1073 646 sunt
1105 599 1399 645 retrorsum
1432 589 1588 658 (Isai.
1622 588 1680 658 l).
1713 606 1730 638 ι
1764 586 1838 640 De
1869 587 1986 656 qui-

417 683 516 738 bus
545 682 806 737 Jeremias
837 698 850 734 :
891 699 908 733 (
940 681 1091 736 Facti
1145 689 1269 735 sunt
1299 687 1615 741 retrorsum,
1653 687 1704 734 et
1730 692 1832 732 ron
1861 685 1985 730 ante

420 775 551 847 (ιον.
584 773 704 844 vn).
738 792 756 825 ι

485 864 760 933 Perpende
783 877 931 933 ergo,
956 861 1081 932 quia
1111 860 1201 930 qui
1233 869 1526 916 retrorsum
1557 859 1890 913 abalienatur
1933 856 1984 910 in

415 953 621 1008 semine
657 967 905 1022 nequam,
937 958 989 1003 et
1021 950 1164 1003 inter
1185 949 1476 1003 sceleratos
1507 947 1644 1001 filios
1673 952 1943 1016 ponuntur
1969 961 1983 997 :

417 1043 535 1096 illos
592 1040 822 1103 scilicet,
875 1039 965 1108 qui
1021 1053 1126 1091 non
1159 1053 1278 1090 cum
1309 1035 1685 1090 benedictione
1727 1033 1902 1104 dignis
1935 1033 1986 1086 in

413 1129 741 1185 hmreditatis
761 1127 882 1195 jura
909 1125 1226 1188 succedunt,
1254 1123 1450 1194 quibus
1474 1123 1675 1177 dictum
1703 1130 1786 1176 est
1817 1135 1831 1175 :
1869 1140 1885 1173 ι
1929 1119 1987 1174 1η

414 1220 515 1274 hoc
547 1219 716 1274 vocati
749 1218 902 1282 estis,
926 1225 985 1272 ut
1030 1215 1459 1271 benedictionem
1490 1213 1802 1268 haereditate
1823 1211 1990 1281 possi-

412 1309 660 1380 dealis(l
700 1307 840 1361 Petr.
868 1308 990 1379 ill):
1037 1324 1056 1358 ι
1109 1305 1201 1360 sed
1225 1320 1346 1358 cum
1376 1303 1456 1357 eis
1497 1303 1696 1372 potius,
1727 1302 1817 1371 qui
1863 1316 1989 1355 scn-

412 1400 631 1454 tentiam
681 1407 950 1469 perpetuae
1004 1395 1394 1450 maledictionis
1450 1393 1750 1456 incurrunt,
1797 1392 1991 1460 quibus

410 1491 597 1558 utique
627 1489 861 1542 dicitur:
899 1506 916 1538 ι
947 1484 1212 1539 Maledicti
1254 1484 1342 1552 qui
1375 1481 1645 1538 declinant
1671 1497 1700 1536 a
1723 1482 1990 1536 mandatis

412 1581 518 1634 tuis
553 1577 722 1644 (Psal.
749 1577 956 1646 cxvm).
997 1594 1014 1626 ι
1046 1573 1308 1642 Expedire
1356 1581 1408 1626 le
1437 1571 1669 1641 coepisti,
1702 1571 1890 1636 frater,
1922 1569 1989 1625 de

410 1650 615 1738 laqueis
666 1667 823 1737 hujus
881 1665 1166 1737 perniciosi
1227 1679 1290 1718 ac
1327 1663 1627 1732 deccptoris
1676 1661 1886 1726 mundi,
1935 1669 1990 1715 et

410 1756 669 1814 festinare
697 1759 761 1813 ad
802 1757 1134 1814 dulcedinem
1183 1754 1277 1808 Dei
1307 1771 1322 1820 ;
1357 1769 1500 1808 nunc
1549 1753 1786 1823 disponis
1813 1769 1843 1808 a
1876 1755 1983 1808 Deo

412 1852 686 1917 recedere,
745 1859 800 1905 et
854 1848 1040 1903 mundi
1102 1855 1153 1901 te
1200 1862 1386 1900 rursus
1425 1845 1630 1915 laqueis
1678 1846 1982 1914 implicare?

409 1939 612 1994 Contra
677 1941 819 2009 quod
881 1938 1073 1994 Petrus
1137 1937 1251 1990 ait:
1289 1954 1308 1986 ‹
1362 1935 1417 1990 Si
1468 1937 1611 1991 enim
1657 1936 1982 2004 refugientes

409 2028 874 2096 coinquinationes
903 2027 1083 2080 mundi
1113 2026 1164 2078 in
1183 2024 1544 2095 cognitionem
1575 2023 1784 2078 Domini
1809 2025 1980 2078 nostri

409 2129 463 2173 et
494 2117 790 2172 Salvatoris
813 2116 938 2171 Jesu
964 2115 1183 2180 Christi,
1208 2115 1291 2169 his
1320 2129 1504 2168 rursus
1533 2114 1790 2183 implicati
1819 2129 1980 2183 supe-

409 2218 615 2273 rantur,
654 2207 791 2262 facta
820 2207 1039 2261 sunteis
1061 2206 1355 2276 posteriora
1386 2205 1651 2258 deteriora
1706 2204 1976 2274 prioribus

409 2297 460 2368 (1
490 2297 606 2352 Pet.
631 2304 713 2370 ιι).
748 2319 766 2351 ι
795 2299 980 2354 Melius
1009 2300 1152 2354 enim
1204 2307 1322 2353 erat
1379 2297 1482 2351 illis
1513 2312 1619 2351 non
1649 2310 1982 2366 cognoscere

407 2388 548 2442 viam
597 2389 859 2458 iustitiae,
891 2405 1048 2458 quam
1099 2399 1219 2457 post
1273 2389 1634 2458 agnitionem,
1688 2398 1981 2442 retrorsum

407 2477 646 2531 converti
685 2476 752 2530 ab
774 2493 839 2532 eo
891 2477 1032 2546 quod
1064 2477 1168 2531 illis
1197 2478 1448 2531 traditum
1494 2487 1573 2530 est
1599 2486 1783 2530 sancto
1828 2493 1984 2530 man-

408 2566 552 2620 dato.
580 2565 810 2637 Contigit
835 2567 978 2620 enim
1001 2566 1080 2620 eis
1105 2566 1232 2620 illud
1257 2581 1379 2619 vere
1406 2567 1749 2634 proverbium
1786 2583 1800 2619 :
1831 2584 1848 2616 ι
1879 2567 1980 2618 (1a-

409 2657 494 2711 nis
530 2672 778 2712 reversus
815 2659 882 2712 ad
909 2673 1064 2712 suum
1102 2659 1384 2722 vomitum,
1418 2668 1470 2710 et
1500 2672 1593 2712 sus
1627 2657 1734 2711 lota
1757 2657 1811 2712 in
1835 2658 1983 2712 volu-

409 2744 563 2801 labro
589 2745 683 2800 luti
714 2744 894 2818 (Prov.
927 2746 1098 2816 xxvi).
1139 2765 1158 2798 ι

478 2857 645 2913 Porro
681 2859 820 2914 sicut
858 2875 953 2929 per
980 2861 1292 2929 prophetam
1340 2858 1575 2915 dicitur:
1615 2883 1632 2912 ι
1675 2862 1845 2927 Quam
1887 2860 1984 2914 du-

410 2963 527 3002 rum
584 2958 638 3002 et
664 2965 904 3004 amarum
933 2961 1014 3004 est
1043 2950 1392 3020 dereliquisse
1423 2959 1474 3004 te
1507 2952 1782 3005 Dominum
1815 2953 1980 3006 Deum

412 3047 560 3091 tuum
593 3038 724 3109 (λεν.
752 3041 834 3110 ιι).
874 3058 892 3092 ι
923 3039 1227 3110 lterumque
1257 3041 1322 3096 de
1354 3049 1406 3096 te
1441 3041 1650 3110 tuisque
1673 3041 1936 3098 similibus
1965 3060 1978 3094 :

415 3148 434 3180 ι
465 3128 568 3194 Me,
591 3131 778 3200 inquit,
806 3131 1206 3201 dereliquerunt
1227 3131 1427 3186 fontem
1457 3146 1611 3200 aqua:
1638 3131 1786 3194 vivae,
1817 3139 1870 3184 et
1903 3131 1986 3186 fo-

413 3218 608 3272 derunt
631 3221 728 3274 sibi
759 3221 1043 3288 cisternas,
1071 3222 1333 3276 cisternas
1365 3223 1668 3290 dissipatas,
1701 3237 1818 3291 quae
1851 3238 1983 3276 con-

411 3311 584 3366 tinere
620 3327 725 3366 non
749 3311 926 3366 valent
950 3328 1118 3382 aquas
1137 3313 1376 3385 (lbid.).i
1409 3314 1554 3380 Quos
1582 3322 1768 3368 contra
1790 3313 1984 3368 Paulus

412 3403 684 3469 admonet,
709 3404 932 3458 dicens:
973 3423 990 3456 ι
1025 3403 1230 3468 Videte,
1271 3404 1488 3468 fratres,
1535 3419 1602 3458 ne
1639 3403 1777 3458 forte
1819 3403 1888 3458 sit
1929 3403 1980 3457 in

411 3491 590 3560 aliquo
619 3505 856 3546 vesnum
887 3508 980 3548 cor
1015 3493 1210 3546 malum
1236 3493 1648 3558 incredulitatis,
1674 3493 1981 3548 discedendi

414 3597 445 3634 a
475 3581 583 3635 Deo
611 3581 731 3635 vivo
777 3591 832 3636 et
873 3597 1000 3635 vero
1033 3580 1218 3652 (Hebr.
1245 3581 1350 3650 ιιι).
1390 3601 1408 3633 ι
1455 3581 1498 3636 A
1530 3582 1640 3636 Deo
1676 3581 1832 3650 plane
1877 3597 1982 3637 non

414 3672 678 3725 receditur
703 3673 956 3740 gradibus
988 3673 1201 3741 pedum,
1239 3673 1331 3727 sed
1381 3687 1668 3741 pravorum
1709 3680 1984 3742 perpetra-

414 3759 646 3815 tionibus
672 3776 913 3830 operum.
937 3761 1004 3816 Et
1031 3777 1151 3816 cum
1193 3778 1222 3815 a
1253 3761 1496 3816 celsioris
1525 3763 1783 3831 propositi
1812 3762 1983 3818 subli-

415 3850 598 3904 mitate
628 3852 920 3917 corruitur,
951 3861 1074 3906 tunc
1097 3867 1128 3904 a
1157 3853 1287 3916 Deo,
1315 3852 1404 3921 qui
1431 3858 1514 3906 est
1536 3862 1721 3907 vertex
1743 3860 1797 3907 et
1821 3855 1984 3909 cardo

410 3939 668 3994 bonorum
721 3941 999 4006 omnium,
1053 3941 1235 3996 infelix
1290 3941 1468 3995 anima
1517 3951 1815 4012 separatur.
1867 3943 1984 3998 Non

409 4031 602 4086 suﬂicit
625 4031 740 4094 tibi,
766 4032 889 4100 quia
913 4031 1050 4086 sacri
1073 4031 1279 4087 ordinis
1293 4031 1634 4100 sponsionem
1657 4032 1853 4086 violata
1881 4032 1986 4088 fide

412 4120 947 4190 conarisinfringere,
970 4119 1069 4174 nisi
1099 4118 1403 4189 etejusdum
1426 4135 1692 4190 perversa:
1721 4119 1986 4176 defensio-

412 4209 496 4264 nis
533 4210 810 4263 audaciam
845 4210 1000 4274 velis,
1031 4219 1082 4263 et
1118 4209 1172 4263 in
1221 4209 1355 4264 alios
1407 4207 1615 4263 frivolis
1661 4209 1982 4278 quibusdam

413 4301 961 4370 argumentationibus
999 4315 1316 4371 propagare.
1353 4299 1692 4369 Dogmatizas
1724 4299 1892 4364 enim,
1925 4307 1984 4354 ut

413 4389 664 4455 arbitror,
707 4390 830 4458 quia
862 4390 987 4444 licet
1025 4391 1288 4459 quispiam
1320 4388 1568 4444 manibus
1595 4403 1651 4444 se
1684 4390 1982 4443 committat

414 4478 644 4543 abbatis,
690 4488 743 4533 et
775 4495 986 4534 sacrum
1037 4479 1351 4550 polliceatur
1397 4481 1578 4535 subire
1625 4480 1977 4549 propositum,

414 4582 519 4621 non
552 4567 898 4636 prohibeatur
937 4568 1240 4638 bujusmodi
1289 4570 1594 4638 sponsionis
1630 4569 1831 4625 violare
1859 4585 1985 4638 pro-

417 4657 661 4712 missum.
705 4657 780 4712 Ex
809 4660 1004 4728 quibus
1032 4659 1272 4728 profecto
1324 4661 1712 4715 assertionibus
1766 4662 1984 4727 hatresis

415 4746 603 4811 oritur,
628 4749 728 4803 nisi
764 4760 988 4804 conatus
1026 4752 1125 4804 iste
1151 4762 1272 4805 tuus
1297 4752 1618 4820 quantocius
1640 4753 1980 4820 reprimatur.

417 4833 598 4903 Neque
625 4837 768 4891 enim
797 4854 919 4892 mox
969 4848 1029 4892 ut
1081 4841 1202 4908 quis
1232 4841 1283 4894 in
1314 4841 1561 4895 hazresim
1603 4840 1816 4906 labitur,
1858 4841 1984 4910 jure

417 4927 658 4995 protinus
686 4929 923 4984 hmretici
951 4931 1206 4985 vocabulo
1231 4932 1546 4994 denotatur;
1576 4931 1670 4985 sed
1717 4931 1803 4985 ille
1850 4933 1985 4986 dun-

420 5024 566 5070 taxat
595 5018 879 5073 haereticus
908 5021 1098 5074 merito
1122 5021 1380 5076 dicendus
1403 5031 1487 5076 est
1515 5020 1607 5091 qui
1638 5031 1815 5075 tuetur
1835 5037 1984 5076 erro-

417 5120 548 5170 rem,
571 5109 662 5176 qui
696 5109 932 5164 defendit
957 5111 1332 5166 abomiaabilis
1378 5111 1617 5183 perfidia:
1638 5112 1976 5182 pravitatem.

417 5192 701 5260 Praaterea,
737 5213 836 5254 nec
862 5199 958 5255 abs
978 5215 1036 5254 re
1071 5215 1191 5256 esse
1213 5201 1500 5265 credimus,
1526 5201 1569 5256 si
1599 5201 1680 5256 vel
1720 5214 1886 5269 pauca
1917 5200 1982 5254 de

417 5287 589 5339 sacris
614 5289 912 5344 canonibus
941 5289 1185 5358 exempla
1236 5305 1545 5360 ponamus;
1599 5297 1863 5358 quatenus
1913 5305 1981 5342 ex

422 5373 644 5431 diversis
670 5381 1079 5435 auctoritatibus
1107 5383 1382 5436 evidenter
1409 5389 1684 5449 appareat,
1715 5387 1982 5448 quatenus

419 5468 682 5522 aversioni
711 5470 872 5541 704
900 5480 1001 5524 ture
1037 5471 1349 5525 reluctantis
1377 5469 1599 5536 justitiae
1657 5483 1840 5521 murus
1888 5467 1983 5522 ob-

416 5553 594 5622 sistat;
620 5567 678 5612 ut
691 5560 1065 5614 oberrantibus
1091 5560 1460 5613 inconstantia:
1483 5569 1583 5610 tme
1609 5555 1846 5624 vestigiis
1868 5555 1984 5608 nul-

417 5645 530 5704 lum
551 5657 729 5719 pateat
757 5664 977 5718 prorsus
997 5647 1297 5717 aufugium;
1325 5649 1413 5703 sed
1441 5657 1758 5716 quocunque
1788 5651 1838 5698 te
1865 5659 1984 5700 ver-

2090 490 2229 543 tibus
2257 490 2600 544 concorditer
2641 499 2800 558 atque
2851 490 2970 544 ideo
3010 490 3250 545 valenter
3275 493 3565 549 obsistant.
3595 496 3666 553 Et

2085 579 2210 632 dum
2272 595 2370 650 per
2429 578 2706 634 anfractus
2761 579 3015 634 oberrare
3068 582 3371 649 contendis,
3415 585 3661 642 obicibus

2085 671 2320 739 undique
2350 670 2769 738 circumpositis,
2804 670 3005 724 invitus
3031 673 3096 724 ad
3143 673 3274 726 recti
3315 675 3548 729 tramitis
3590 675 3658 731 li-o

2087 773 2242 812 neam
2316 761 2623 813 revertaris.
2683 760 2914 813 Attende
2984 761 3144 830 igitur
3218 763 3346 831 quid
3415 767 3664 822 statuerit

2085 845 2520 903 Chalcedonense
2575 849 2860 902 concilium
2900 848 3038 919 (Act.
3089 867 3176 916 xv,
3235 869 3352 905 can.
3394 851 3448 925 7)
3482 872 3496 908 :
3538 854 3660 927 (Qui

2086 939 2492 1002 monachorum,
2523 939 2712 1007 inquit,
2745 939 2904 992 vitam
2933 940 3323 1008 expetiverunt,
3353 945 3662 1010 statuimus,

2086 1042 2259 1095 neque
2281 1029 2346 1082 ad
2381 1029 2649 1092 militiam,
2681 1043 2852 1097 neque
2879 1029 2945 1082 ad
2969 1029 3280 1098 dignitatem
3308 1031 3539 1100 aliquam
3566 1050 3662 1089 ve-

2087 1115 2206 1168 nire
2245 1117 2590 1170 mundanam.
2625 1116 2730 1171 Sed
2785 1117 2887 1171 hoc
2923 1126 3207 1183 tentantes,
3240 1129 3294 1173 et
3341 1136 3444 1174 non
3502 1137 3665 1192 agen-

2089 1213 2169 1260 tes
2223 1207 2608 1275 pmnitentiam,
2638 1207 2926 1276 quominus
2981 1205 3309 1262 redeant'ad
3337 1209 3438 1264 hoc
3463 1250 3478 1275 ,
3520 1211 3664 1280 quod

2085 1306 2303 1366 propter
2334 1298 2618 1352 hominum
2671 1297 2924 1367 primitus
2980 1296 3301 1368 elegerunt,
3348 1300 3664 1354 anathema-

2091 1384 2291 1456 tizari.)

2699 1479 2926 1536 CAPUT
2963 1479 3052 1534 ιν.

2088 1587 2440 1644 Conciliorum
2478 1591 2694 1644 decretis
2745 1591 2999 1660 religiosa:
3026 1591 3140 1644 vita?
3159 1591 3478 1659 propositum
3504 1592 3665 1648 relin-

2583 1671 2798 1728 quentes
2834 1663 3175 1713 damnantur.

2016 1739 2058 1797 Β
2155 1759 2290 1813 Audi
2319 1759 2664 1814 nihilominus
2689 1768 2737 1813 et
2765 1758 2960 1813 Leonis
2983 1774 3130 1828 papa:
3151 1758 3424 1813 decretum
3452 1758 3663 1830 (Leonis

2083 1867 2167 1919 pp.
2197 1851 2347 1917 epist.
2387 1848 2474 1911 90,
2505 1849 2572 1901 ad
2607 1847 2871 1902 Rusticum
2907 1846 3073 1900 Narb.
3104 1864 3184 1916 ep.
3223 1849 3362 1917 apud
3390 1848 3540 1902 Crat.
3561 1849 3654 1914 20,

2085 1953 2138 2006 q.
2166 1938 2220 2002 5,
2249 1936 2604 2007 Propositum)
2653 1955 2670 1986 ι
2720 1935 3099 2006 :PrOpositum
3141 1939 3387 1992 monachi
3444 1939 3661 2008 proprio

2084 2027 2307 2080 arbitrio
2335 2034 2426 2079 aut
2476 2026 2750 2081 voluntate
2771 2037 3100 2096 susceptum,
3127 2028 3300 2081 deseri
3349 2045 3452 2082 non
3484 2035 3664 2099 potest

2084 2119 2287 2186 absque
2311 2126 2546 2186 peccato.
2584 2137 2602 2170 ι

2153 2207 2303 2273 Quod
2334 2208 2476 2261 enim
2505 2207 2626 2276 quis
2653 2207 2797 2262 vovit
2844 2207 2952 2262 Deo
3008 2207 3166 2261 debet
3211 2206 3453 2262 reddere.
3513 2207 3663 2263 Unde

2084 2296 2171 2365 qui
2213 2295 2394 2349 relicta
2451 2295 2840 2364 singularitatis
2885 2295 3238 2364 professione,
3286 2295 3355 2349 ad
3412 2295 3656 2350 militiam

2086 2387 2169 2440 vel
2222 2387 2287 2440 ad
2344 2387 2556 2456 nuptias
2593 2385 2874 2441 devolutus
2908 2394 3012 2452 est,
3064 2387 3290 2456 publica:
3327 2386 3662 2454 paenitentia:

2085 2476 2448 2530 satisfactione
2481 2477 2789 2546 purgandus
2818 2486 2928 2540 est;
2963 2477 3089 2546 quia
3113 2485 3165 2530 et
3189 2476 3232 2529 si
3264 2475 3524 2532 innocens
3556 2478 3660 2530 mi-

2085 2569 2217 2633 litia,
2245 2578 2299 2622 et
2326 2569 2607 2623 honestum
2639 2583 2757 2622 esse
2780 2568 3302 2638 potest'conjugium,
3343 2568 3659 2624 electionem

2088 2667 2264 2711 tamen
2307 2658 2582 2711 meliorem
2620 2658 2922 2711 deseruisse
2986 2658 3342 2724 transgressio
3384 2666 3486 2712 est.
3551 2656 3662 2711 Mo-

2085 2748 2240 2802 nachi
2273 2747 2428 2817 plane
2454 2749 2784 2817 propositum
2812 2747 3028 2816 proprio
3081 2757 3205 2801 tunc
3229 2747 3452 2801 arbitrio
3479 2763 3661 2803 susce-

2083 2838 2228 2907 pisti,
2277 2854 2398 2892 cum
2427 2839 2492 2892 ad
2541 2837 2914 2892 monachicum
2950 2847 3000 2892 te
3029 2836 3380 2890 transiturum
3415 2838 3658 2893 ordinem

2085 2929 2435 2998 spopondisti.

2155 3018 2290 3072 llinc
2320 3029 2423 3084 est,
2454 3018 2593 3088 quod
2620 3019 2866 3089 egregius
2899 3018 2986 3072 ille
3012 3018 3094 3072 vir
3121 3034 3225 3073 non
3268 3019 3363 3084 ait,
3395 3019 3539 3088 quod
3579 3019 3660 3073 in-

2087 3107 2202 3162 duit
2257 3107 2378 3177 quis
2413 3123 2516 3161 non
2554 3107 2711 3162 debet
2738 3123 2972 3172 exuere;
3007 3107 3098 3162 sed
3148 3108 3323 3176 potius
3367 3109 3462 3174 ait,
3514 3108 3657 3178 quod
3721 3112 3726 3122 '

2085 3197 2235 3250 vovit
2288 3197 2398 3251 Deo
2485 3197 2644 3252 debet
2691 3197 2936 3252 reddere.
2994 3197 3063 3252 Ut
3109 3198 3384 3252 evidenter
3415 3197 3657 3264 edoceat,

2083 3285 2332 3354 quoniam
2358 3295 2412 3340 et
2435 3301 2651 3354 vovere,
2671 3297 2753 3342 est
2780 3287 3082 3357 suscipere;
3105 3298 3159 3343 et
3181 3298 3361 3342 votum
3383 3287 3654 3360 frangere,

2082 3377 2264 3446 procul
2294 3377 2452 3433 dubio
2502 3394 2716 3434 sacrum
2771 3379 3099 3448 propositum
3125 3381 3347 3435 violare.
3377 3381 3514 3436 Hine
3541 3390 3646 3446 est,

2083 3466 2224 3536 quod
2276 3471 2611 3536 postmodum
2669 3483 2773 3523 non
2819 3453 2968 3533 dicit,
3015 3459 3226 3524 sacrum
3265 3469 3506 3526 habitum
3568 3473 3660 3526 dc-

2083 3557 2348 3623 seruisse;
2406 3560 2522 3623 sed,
2557 3559 2893 3626 eleCtionem,
2949 3560 3142 3630 inquit,
3172 3561 3448 3616 meliorem
3506 3563 3654 3617 dese-

2083 3647 2278 3710 ruisse,
2309 3650 2664 3718 transgressio
2691 3657 2793 3703 est.
2820 3647 2954 3704 Hinc
2983 3659 3064 3704 est
3087 3651 3271 3720 etiam,
3301 3651 3442 3720 quod
3471 3651 3522 3705 in
3553 3651 3658 3706 To-

2084 3735 2262 3790 letano
2301 3737 2530 3790 concilio
2573 3739 2842 3807 reperitur
2890 3737 3070 3808 (Cone.
3106 3718 3218 3791 Tol.
3261 3718 3333 3801 vr,
3364 3754 3486 3794 can.
3520 3738 3610 3810 l8)
3642 3758 3654 3792 :

2086 3825 2424 3896 (Monachum
2448 3835 2624 3882 autem
2655 3837 2878 3897 paterna
2908 3829 3139 3893 devotio,
3175 3837 3267 3882 aut
3293 3829 3508 3900 propria
3531 3846 3656 3900 pro-

2083 3916 2248 3970 fessio
2277 3916 2420 3980 facit,
2452 3918 2708 3987 quidquid
2738 3919 2927 3973 borum
2965 3918 3145 3984 fuerit,
3175 3920 3460 3989 allegatum
3490 3920 3554 3992 [[.
3583 3921 3660 3973 al-

2087 4006 2328 4077 ligatum]
2361 4007 2584 4061 tenebit.
2612 4008 2843 4062 Proinde
2866 4009 2948 4062 his
2981 4010 3044 4063 ad
3070 4011 3324 4062 mundum
3353 4011 3657 4065 revertendi

2087 4096 2414 4151 recludimus
2438 4097 2667 4160 aditum,
2696 4107 2749 4152 et
2777 4113 2968 4151 omnes
2995 4097 3062 4151 ad
3089 4097 3342 4152 saeculum
3385 4097 3662 4153 interdici-

2086 4199 2204 4238 mus
2242 4184 2562 4254 regressus.)
3188 4251 3193 4255 π

2157 4272 2261 4326 Sed
2285 4269 2394 4339 jam
2425 4273 2599 4327 abhis
2621 4272 3072 4341 supersedendum
3101 4281 3204 4335 est,
3239 4287 3305 4326 ne
3354 4273 3479 4326 dum
3529 4288 3652 4341 pro-

2084 4363 2404 4431 positionem
2454 4372 2692 4416 nostram
2735 4363 2974 4432 pluribus
3006 4363 3226 4416 nitimur
3257 4361 3294 4415 S
3330 4363 3655 4430 ripturarum

2089 4454 2405 4508 testimoniis
2425 4453 2676 4523 allegare,
2703 4455 2982 4509 videamur
3010 4453 3060 4506 in
3092 4451 3364 4520 epistolari
3401 4467 3654 4522 compen-

2085 4547 2172 4601 dio
2201 4546 2422 4602 lacinias
2452 4556 2654 4602 texere.
2714 4546 2808 4601 llis
2853 4547 3014 4617 igitur
3057 4546 3315 4615 tantisper
3359 4545 3654 4599 instructus

2083 4637 2345 4708 exemplis
2379 4637 2660 4706 diligenter
2680 4637 2912 4699 attende,
2939 4652 3100 4706 quam
3132 4635 3414 4704 plectibilis
3443 4635 3512 4690 sit
3554 4648 3650 4688 ex-

2082 4739 2266 4779 cessus
2284 4725 2624 4793 sponsionctn
2649 4726 2785 4780 sacri
2806 4725 3010 4779 ordinis
3029 4724 3162 4779 viola
3173 4740 3248 4778 re.
3271 4723 3654 4790 Quamobrem,

2084 4815 2422 4870 dilectissime
2446 4816 2540 4881 fili,
2559 4827 2815 4871 venenata
2834 4816 2968 4869 male
2981 4815 3362 4869 blandientium
3378 4819 3657 4867 contemne

2089 4905 2342 4967 consilia;
2376 4906 2693 4973 perniciosa,
2718 4906 2796 4959 vel
2822 4905 2997 4972 potius
3017 4902 3291 4957 mortifera
3315 4901 3654 4955 suadentium

2090 4992 2363 5046 ridcndam
2391 4993 2737 5062 perhorresco
2784 4994 3014 5053 veniam.
3067 5000 3123 5045 et
3168 5008 3195 5044 a
3228 4991 3399 5046 sibilis
3443 4989 3654 5059 antiqui

2089 5083 2354 5153 serpentis
2379 5099 2537 5140 aures
2574 5085 2784 5139 obtura.
2816 5081 3062 5148 Sacrum,
3090 5083 3227 5135 sicut
3251 5080 3519 5151 pollicitus
3570 5095 3651 5144 es,

2090 5189 2193 5227 non
2224 5175 2402 5228 tardes
2423 5171 2570 5228 adire
2593 5175 2963 5244 propositum;
3008 5182 3068 5226 ut
3113 5187 3219 5227 non
3250 5187 3370 5226 cum
3417 5171 3503 5226 his
3564 5172 3657 5240 qui

2093 5263 2319 5331 apostati
2359 5271 2482 5316 sunt
2524 5264 2821 5325 subruaris,
2849 5262 2989 5330 quod
3013 5262 3172 5324 absit,
3201 5262 3253 5315 in
3284 5261 3532 5330 poenam,
3561 5260 3656 5314 sed

2089 5365 2210 5404 cum
2240 5352 2326 5405 bis
2351 5353 2526 5420 potius
2569 5353 2660 5422 qui
2692 5352 3035 5422 apostolicam
3069 5361 3286 5406 tenuere
3334 5349 3654 5415 doctrinam,

2090 5440 2395 5510 porrigente
2417 5456 2633 5497 maumn
2659 5441 2894 5507 Christo,
2917 5440 3236 5511 quandoque
3258 5439 3572 5512 proveharis
3591 5438 3659 5494 ad

2090 5533 2331 5607 gloriam.
