4142 5396
549 228 654 286 679

1012 228 1070 285 S.
1110 227 1313 330 PE'IV‘RI
1358 228 1633 284 DAMIANI
1671 227 1821 284 OI’P.
1864 226 2099 286 TOMUS
2132 229 2262 286 SEU
2303 227 2482 284 PARS
2516 227 3061 286 Ill.-—OPUSCULA
3104 228 3327 285 VARIA.

3692 229 3805 286 680

656 549 1781 672 705-7060PUSCULUM
1876 478 3005 691 QUADBAGESIMUM
3064 490 3684 674 TERTIUM.

902 776 1009 838 DE
1069 775 1336 838 LAUDE
1397 773 1995 836 FLAGELLOLUM
2070 775 2200 849 ET,
2253 775 2357 837 UT
2416 774 2927 851 LOQUUNTUR,
2985 772 3473 839 DlSCIPLlNE.

542 1049 937 1106 Auamma.
965 1080 1035 1090 —
1067 1048 1437 1104 Intermissum
1477 1062 1509 1103 a
1547 1046 1777 1103 emnobii
1807 1042 2429 1116 Cas_inensis_monachis
2468 1041 2692 1116 singulis
2726 1042 3069 1116 diebus,iqui
3108 1041 3401 1099 Sabbatum
3460 1045 3786 1116 praecedunt,

614 1121 927 1175 verberibus
955 1119 1005 1172 in
1037 1129 1327 1188 conspectu
1366 1119 1606 1174 omnium
1642 1131 1837 1185 corpus
1866 1113 2156 1173 amictandi
2205 1113 2646 1167 consuetudinem
2700 1115 3055 1168 revocandam
3100 1130 3239 1181 esse,
3272 1113 3473 1172 multis
3491 1117 3790 1172 rationibus

626 1200 852 1243 conatur
876 1190 1181 1244 ostendere.

617 1322 830 1378 Sanctis
859 1321 1118 1376 fratribus
1167 1321 1221 1375 in
1248 1318 1429 1377 Casini
1470 1320 1669 1375 montis
1693 1313 1898 1375 caelesti
1926 1318 2113 1374 schola
2143 1323 2189 1380 Α
2217 1333 2314 1388 per
2337 1335 2431 1377 ora
2455 1319 2830 1390 quorumdam,
2872 1324 3126 1388 tanquam
3158 1333 3256 1389 per
3287 1334 3537 1375 vasorum
3563 1328 3786 1379 suarum

541 1410 884 1482 degentibus,
944 1409 1158 1466 Parncs
1219 1418 1467 1479 peccator
1526 1409 1820 1463 monachus
1883 1408 2115 1463 servitu-

543 1510 673 1565 tem.
1693 1552 1699 1559 ,
1786 1568 1789 1569 ν

611 1587 929 1644 Observatio
976 1595 1140 1642 sexta:
1178 1586 1344 1651 ferire,
1397 1586 1755 1665 dilectissimi,
1803 1586 1886 1640 cui
1930 1592 2110 1641 vestra

541 1690 726 1736 sancta
752 1679 964 1734 devotio
986 1678 1274 1743 dedicavit,
1296 1687 1350 1733 et
1363 1678 1549 1749 jejunii
1572 1677 1828 1732 salutaris
1858 1678 2110 1741 inediam,

540 1779 596 1825 ct
624 1769 1039 1839 apostolicorum
1064 1769 1341 1823 verberum
1384 1769 1740 1839 disciplinam,
1767 1777 1897 1838 quot
1934 1769 2107 1825 homi-

538 1875 666 1916 num
692 1859 1057 1915 multitudines
1083 1861 1149 1914 ad
1180 1860 1478 1928 exemplum
1511 1860 1700 1915 salutis
1726 1860 2031 1924 attraxerit,
2058 1869 2113 1915 et

537 1960 793 2018 tanquam
825 1949 1031 2004 novella
1063 1950 1256 2005 divina:
1285 1950 1637 2021 plantationis
1665 1951 1802 2005 oliva
1832 1952 1883 2006 iu
1911 1951 2114 2008 exube-

538 2043 772 2097 rantiam
814 2042 1113 2112 germinum
1162 2043 1485 2112 propagines
1530 2042 1895 2111 pullularet-it,
1944 2051 2109 2097 testes

537 2141 665 2187 sunt
690 2147 794 2186 non
821 2132 977 2187 modo
1010 2134 1330 2187 monasteria
1363 2142 1559 2196 vestra,
1583 2132 1684 2187 hoc
1710 2141 1812 2197 est,
1838 2147 1955 2201 quae
1981 2146 2111 2185 suo-

538 2238 660 2276 rum
707 2222 940 2292 gaudent
967 2222 1167 2276 imitari
1207 2222 1427 2292 vestigia
1467 2223 1866 2292 magistrorum.
1910 2222 2003 2277 sed
2057 2231 2113 2276 et

538 2312 912 2366 multitudines
934 2311 1146 2366 urbium
1199 2322 1362 2381 atque
1417 2312 1683 2375 villarum,
1734 2327 1852 2379 qua:
1880 2326 1937 2366 se
1966 2325 2111 2365 com.

508 2402 775 2459 ‘muniter
824 2403 1131 2475 ingerentes
1175 2412 1336 2470 atque
1373 2402 1618 2458 ltetantes
1659 2400 1889 2471 idipsmn
1914 2400 2113 2470 plausi-

535 2489 719 2546 biliter
762 2492 1030 2560 arripiunt
1076 2491 1379 2545 institutum
1431 2491 1579 2545 Adeo
1621 2499 1681 2544 ut
1725 2490 1964 2560 plerique
2002 2504 2113 2559 pra:

538 2581 837 2637 devotionis
882 2581 1075 2635 ardore
1123 2589 1407 2651 concepto,
1452 2581 1554 2635 nisi
1597 2580 1916 2649 quantocius
1952 2579 2112 2649 hujus

2217 1427 2439 1483 organa,
2491 1411 2643 1467 vobis
2689 1404 2997 1481 concrepat,
3032 1412 3257 1467 dicens:
3305 1411 3517 1482 Jejunio
3567 1416 3785 1484 quidem

2215 1518 2323 1557 non
2370 1502 2583 1573 penitus
2621 1502 3027 1572 improbandum
3058 1511 3140 1557 est
3176 1518 3372 1573 corpus
3396 1514 3661 1571 atterere,
3692 1502 3786 1561 sed

2216 1604 2371 1667 turpe
2412 1594 2573 1649 nimis
2597 1602 2652 1648 et
2690 1592 3031 1647 inhonestum
3060 1602 3142 1646 est
3168 1603 3293 1647 ante
3338 1602 3414 1648 tot
3446 1593 3671 1648 fratrum
3702 1595 3789 1650 in-

2216 1685 2476 1741 tuentium
2509 1683 2691 1740 oculos
2718 1680 2958 1737 membra
3006 1683 3230 1737 nudare.
3268 1683 3337 1738 Et
3376 1683 3515 1739 unde
3552 1699 3654 1738 vox
3684 1684 3784 1740 ista

2213 1775 2475 1844 procedit,
2509 1768 2610 1828 nisi
2665 1766 2732 1827 ab
2788 1766 2879 1828 illo
2913 1771 3002 1842 qui
3056 1782 3306 1842 parentes
3355 1773 3568 1843 generis
3615 1772 3790 1830 nostri

2215 1862 2895 1923 nuditatem,erubescere
2949 1855 3252 1930 compulit?
3319 1859 3473 1931 (Gen.
3521 1862 3607 1932 ιι.)
3651 1863 3790 1917 Ante

2211 1968 2396 2009 vocem
2473 1953 2669 2023 quippe
2732 1951 2996 2022 serpentis
3036 1991 3053 2017 ,
3120 1950 3198 2005 ait
3248 1949 3569 2021 Scriptura:
3654 1951 3787 2004 Erat

2212 2054 2439 2114 uterque
2487 2045 2683 2106 nudus,
2715 2042 2883 2096 Adam
2915 2041 3124 2096 scilicet
3180 2049 3236 2095 et
3262 2056 3398 2095 uxor
3434 2041 3570 2110 ejus.
3603 2051 3657 2096 et
3685 2054 3786 2093 non

2213 2116 2623 2187 erubescebant.
2677 2131 2748 2185 At.
2775 2140 3059 2200 postquam
3107 2130 3186 2185 eis
3244 2137 3504 2184 venenata
3564 2128 3787 2184 consilia

2213 2224 2388 2279 callidi
2419 2220 2671 2277 draconis
2720 2220 2998 2277 instiliavit
3050 2220 3268 2288 astutia,
3325 2221 3565 2291 proriuus
3614 2219 3787 2287 scrip-i

2213 2322 2326 2369 tum
2380 2320 2462 2367 est
2514 2331 2526 2366 :
2593 2331 2611 2363 ι
2665 2313 2906 2380 Cumque
2969 2311 3346 2381 cognovissent
3402 2324 3461 2364 se
3512 2316 3630 2363 esse
3689 2321 3786 2361 nn-

2214 2408 2330 2469 dos,
2375 2412 2707 2459 consuerunt
2750 2402 2875 2457 folia
2920 2403 3075 2467 licus,
3106 2410 3159 2457 et
3187 2401 3431 2455 fecerunt
3456 2400 3556 2455 sibi
3585 2398 3787 2467 perizo-

2214 2504 2356 2548 mata
2398 2485 2550 2567 (Gen.
2599 2493 2681 2557 ιι).
2719 2513 2736 2545 ι
2777 2492 3055 2547 Audenter
3077 2493 3275 2555 dicam,
3312 2489 3642 2545 dilectissimi
3672 2486 3783 2543 fra-

2216 2592 2324 2638 tres
2363 2586 2486 2647 tnei,
2519 2585 2643 2652 quia
2698 2583 2961 2652 quisquis,
3014 2590 3071 2635 ut
3121 2580 3521 2651 compatiuntur
3546 2580 3784 2643 Christo.

537 2673 891 2729 observantia:
918 2673 1213 2743 suscipiant
1250 2670 1507 2743 regulam,
1558 2688 1665 2727 non
1702 2672 1871 2727 levem
1912 2687 1972 2726 se
2024 2688 2095 2726 re-
2137 2666 2180 2725 Β
2210 2673 2401 2728 nudati
2432 2673 2666 2727 vestibus
2695 2671 2985 2736 erubescit,
3014 2670 3102 2725 hic
3128 2669 3315 2739 procul
3343 2670 3505 2725 dubio
3525 2668 3789 2738 serpentis

537 2770 728 2833 putent
755 2761 983 2831 propria:
1028 2761 1217 2816 salutis
1254 2760 1495 2831 perferre
1519 2759 1821 2829 jacturam;
1877 2756 2105 2815 nullate-

538 2866 640 2905 nus
687 2850 1037 2917 ambigentes,
1093 2849 1218 2920 quia
1257 2850 1383 2902 dum
1415 2850 1502 2903 die
1535 2849 1713 2903 crucis
1741 2863 1836 2918 per
1860 2864 2113 2918 corpora-

539 2938 645 2994 lem
667 2937 1041 2993 alimentorum
1064 2953 1122 2993 se
1147 2938 1531 2993 continentiam
1562 2946 1819 3002 mactant,
1841 2938 2110 3007 passionis

539 3028 914 3100 Redemptoris
965 3029 1021 3084 in
1069 3029 1295 3083 veritate
1351 3030 1784 3096 communicant;
1839 3040 2001 3099 atque
2042 3030 2109 3084 ad

541 3119 835 3177 Dominicze
885 3120 1300 3175 resurrectionis
1328 3119 1553 3190 gloriam
1584 3136 1642 3176 se
1681 3122 1965 3193 pervenire
2002 3137 2111 3177 non

537 3212 767 3266 inaniter
793 3212 1053 3277 credunt;
1088 3212 1235 3276 dum,
1264 3210 1483 3267 Christo
1535 3213 1587 3267 in
1614 3227 1776 3268 cruce
1822 3212 2108 3282 pendente,

539 3302 641 3372 ipsi
670 3316 881 3372 quoque
906 3317 1015 3357 sua:
1043 3304 1223 3357 carnis
1252 3302 1532 3358 illecebras
1559 3318 1656 3372 per
1680 3302 1956 3372 abnegatae
1979 3301 2113 3357 rele-

537 3390 732 3446 ctionis
776 3391 1073 3461 patibulum
1129 3391 1470 3462 cruciligunt.
1521 3391 1659 3446 Hinc
1703 3399 1787 3446 est
1836 3391 1980 3460 quod
2036 3391 2112 3444 ait

537 3480 825 3550 Apostolus
866 3498 881 3535 :
918 3499 935 3532 ι
990 3480 1047 3535 Si
1089 3480 1478 3550 compatimur,
1512 3487 1567 3534 et
1614 3480 2106 3550 conregnabimus;

545 3571 590 3626 si
617 3571 1021 3635 commorimur,
1052 3580 1106 3623 et
1147 3569 1495 3624 convivemus
1552 3568 1638 3638 (II
1672 3567 1807 3623 Tim.
1839 3568 1921 3638 ιι).
1962 3588 1982 3621 ι
2045 3567 2113 3623 Et

542 3661 780 3714 iterum:
830 3678 848 3709 ι
885 3658 939 3714 Si
967 3658 1313 3727 complantati
1362 3659 1488 3712 facti
1537 3673 1723 3713 smnus
1775 3657 2111 3712 similitudini

546 3753 738 3807 mortis
785 3750 936 3819 ejus,
984 3750 1219 3805 simulet
1249 3750 1657 3806 resurrectionis
1686 3750 1888 3804 erimus
1931 3750 2107 3821 (Rom.

541 3845 639 3915 vt).
676 3863 695 3897 ι
724 3844 790 3898 Et
813 3841 971 3913 paulo
999 3851 1153 3912 post:
1192 3860 1210 3893 ι
1248 3841 1305 3897 Si
1345 3850 1523 3896 autem
1551 3841 1747 3895 mortui
1776 3856 1960 3895 sumus
1988 3856 2109 3895 cum

539 3937 776 4000 Christo,
812 3934 1081 3990 credimus
1127 3933 1252 4003 quia
1297 3933 1457 3989 simul
1501 3934 1661 3988 etiam
1713 3933 1954 3987 vivemus
1989 3947 2108 3986 cum

541 4028 657 4098 ipso
684 4025 894 4095 (Ibid).
942 4043 960 4078 ι
1320 4096 1325 4099 Α

1046 4114 1271 4172 CAPUT
1312 4114 1595 4171 PRIMUM.

948 4204 1206 4259 Dremom's
1246 4206 1439 4259 astutia
1484 4213 1701 4274 quanta.

612 4296 717 4353 Sed
740 4294 1014 4352 sciendum
1045 4302 1128 4350 est
1162 4296 1305 4364 quod
1334 4294 1551 4348 humani
1601 4291 1815 4363 generis
1839 4289 2108 4354 inimicus,

544 4388 669 4441 dum
702 4393 872 4440 totum
913 4384 1234 4439 sacrificium
1267 4398 1371 4437 non
1403 4382 1543 4435 valet
1588 4382 1655 4435 de
1699 4380 1948 4434 manibus
1976 4376 2108 4431 olfe-

474 4504 479 4509 ~
545 4475 775 4529 rentium
810 4487 1019 4541 rapere,
1048 4486 1197 4525 more
1223 4471 1376 4539 quasi
1408 4471 1662 4541 harpyiae,
1691 4479 1897 4540 partem
1922 4468 2108 4521 saltem

502 4557 839 4633 r‘quamlibet
898 4569 1122 4616 conatur
1167 4560 1400 4616 auferre.
1466 4561 1602 4615 llinc
1648 4570 1752 4624 est,
1802 4559 1943 4628 quod
1988 4573 2107 4612 cum

542 4651 813 4707 Abraham
857 4649 967 4704 Deo
1016 4640 1338 4703 sacriﬁcium
1399 4663 1467 4702 ex
1518 4648 1745 4702 diversis
1790 4646 2111 4701 animalibus

542 4741 847 4807 obtulisset,
897 4737 1156 4809 scriptum
1182 4747 1265 4793 est
1295 4752 1310 4792 :
1348 4756 1365 4789 ι
1401 4735 1663 4803 Quoniam
1719 4735 2112 4792 descenderunt

544 4834 787 4890 volucres
830 4846 991 4901 super
1027 4831 1312 4895 cadavera,
1343 4837 1399 4884 et
1430 4827 1680 4899 abigebat
1704 4842 1797 4882 eas
1834 4825 2109 4881 Abraham

546 4923 695 4994 (Gen.
731 4922 841 4994 xv).
880 4941 899 4974 ι
944 4920 1117 4991 Super
1173 4929 1408 4975 mactata
1457 4920 1652 4990 quippe
1698 4919 1959 4972 cadavera
2020 4917 2111 4972 de-

545 5013 808 5068 scendunt
856 5010 1119 5077 volucres,
1165 5010 1293 5064 dum
1325 5011 1395 5085 ad
1419 5010 1730 5078 rapicndum
1784 5007 2110 5063 sacriﬁcium

901 5116 1181 5134 nne-nanum
1210 5109 1516 5134 nnr.‘nnmnn:
1571 5116 1740 5134 nol-nm
1762 5116 1820 5134 cn
1864 5100 2109 5134 nomnin‘-

2209 2766 2374 2819 verba
2415 2765 2618 2819 audivit
2647 2780 2661 2827 ;
2686 2772 2739 2818 et
2758 2763 2882 2833 quia
2911 2762 2976 2816 de
3010 2777 3106 2816 sua
3133 2763 3378 2816 nuditate
3413 2760 3782 2825 confunditur,

2212 2856 2382 2910 instar
2428 2856 2584 2923 primi
2624 2855 2883 2923 parentis,
2914 2869 2943 2907 a
2977 2853 3194 2918 divinis,
3245 2861 3303 2905 ut
3337 2853 3409 2907 ita
3453 2851 3665 2921 loquar,
3694 2867 3782 2904 as-

2211 2946 2460 3015 pectibus
2490 2943 2792 2999 occultatur
2826 2961 2839 2995 :
2896 2959 2914 2993 ‹
2948 2941 3165 3006 Vocem,
3204 2941 3398 3010 inquit,
3434 2949 3577 2994 tuam
3605 2939 3782 2992 audivi

2213 3036 2265 3090 in
2295 3037 2564 3105 paradiso,
2606 3045 2660 3089 et
2708 3034 2861 3088 timui
2890 3049 2954 3088 eo
3008 3033 3151 3103 quod
3189 3047 3362 3087 essem
3395 3032 3588 3095 nudus,
3614 3040 3668 3085 et
3694 3030 3789 3083 ab-

2210 3125 2394 3179 scoudi
2429 3140 2511 3178 me
2543 3119 2752 3194 (lbid.).
2786 3141 2803 3173 ι
2840 3122 2906 3177 Et
2954 3136 3141 3176 revera
3172 3122 3288 3176 sine
3306 3114 3471 3174 dubio
3499 3119 3705 3174 celatur
3751 3133 3780 3170 a

2210 3212 2345 3267 {acie
2361 3213 2450 3267 Dei
2476 3213 2567 3282 qui
2591 3222 2805 3281 portare
2833 3211 3150 3281 dedignatur
3170 3207 3786 3280 improperiumeristi,

2211 3317 2332 3354 cum
2376 3299 2663 3370 Apostolus
2692 3299 2880 3353 dicat:
2923 3317 2940 3348 ι
2979 3299 3243 3353 Exeamus
3290 3298 3454 3366 igitur
3484 3303 3636 3351 extra
3688 3309 3780 3348 ca-

2209 3399 2320 3444 stra
2352 3391 2418 3443 ad
2467 3404 2614 3454 eum,
2661 3388 3044 3458 improperium
3093 3389 3211 3458 ejus
3266 3394 3542 3457 portantes
3599 3382 3766 3456 (Hebr

2211 3480 2355 3551 xm).
2397 3500 2415 3532 ι

2281 3567 2511 3622 llumilis
2544 3581 2673 3637 ergo
2697 3565 2866 3620 frater
2888 3574 3039 3620 extra
3062 3572 3241 3619 castra
3267 3578 3390 3619 cum
3426 3561 3592 3616 Paulo
3621 3562 3783 3617 simul

2214 3655 2506 3726 egreditur,
2544 3663 2598 3710 et
2643 3663 2860 3722 portare
2898 3652 3193 3707 Salvatoris
3242 3650 3629 3720 impr0perinm
3678 3665 3784 3703 non

2211 3759 2460 3813 veretur;
2490 3747 2753 3817 superbus
2809 3753 2989 3799 autem
3042 3753 3093 3797 et
3139 3757 3396 3812 arrogans
3440 3740 3598 3810 707
3638 3739 3786 3808 quis-

2209 3854 2313 3909 que
2343 3840 2473 3907 pctit
2501 3853 2621 3892 cum
2668 3836 2842 3905 primo
2883 3843 3105 3905 parente
3140 3830 3448 3895 latibulum,
3505 3840 3564 3882 ut
3602 3829 3782 3882 omnia

2211 3928 2483 3982 cernentis
2508 3926 2600 3981 Dei
2630 3926 2762 3979 vitet
2789 3932 3108 3994 aspectum;
3140 3923 3392 3976 nimirum
3432 3935 3499 3974 ex
3551 3919 3655 3994 illis
3699 3927 3785 3971 est

2137 3997 2182 4059 (ἶ
2212 4017 2407 4087 quibus
2435 4017 2633 4072 dicitur
2678 4034 2691 4070 :
2731 4035 2749 4067 ι
2786 3992 3054 4070 Discedite
3077 4030 3105 4068 a
3138 4029 3246 4079 me,
3275 4013 3505 4082 operarii
3532 3992 3785 4079 iniq'nita-

2214 4110 2303 4174 tis,
2326 4110 2450 4178 quia
2497 4107 2681 4163 nescio
2732 4122 2828 4162 vos
2870 4106 3020 4178 (Luc.
3072 4106 3217 4174 χιιι).
3258 4124 3276 4156 ι
3329 4103 3541 4166 Nescio,
3586 4102 3782 4170 inquit,

2210 4200 2335 4269 quia
2362 4216 2456 4254 vos
2494 4198 2756 4266 fugientes
2787 4214 2815 4251 a
2860 4213 3073 4252 menon
3104 4197 3234 4261 vidi,
3264 4196 3367 4249 hoc
3395 4202 3496 4250 cst.
3532 4191 3785 4247 elationis

2209 4299 2403 4347 vestrae
2430 4288 2735 4360 superbiam
2765 4287 3071 4357 reprobavi.

2832 4376 3058 4432 CAPUT
3097 4375 3159 4431 ll.

2526 4472 2627 4538 Qui
2657 4471 2902 4524 dicamur
2938 4468 3099 4522 celari
3120 4486 3150 4521 α
3185 4469 3320 4537 facie
3348 4466 3469 4522 Dei.

2280 4546 2445 4619 i‘orro
2463 4578 2584 4618 cum
2600 4564 2651 4615 in
2667 4562 2758 4615 init
2769 4561 2819 4614 io
2831 4558 3079 4614 salutaris
3091 4557 3540 4626 hnjnsobservanl
3552 4553 3617 4608 ia:
3626 4565 3786 4607 unus-

2211 4652 2438 4723 quisque
2464 4662 2702 4707 vestrum
2741 4660 2793 4704 ct
2819 4648 3156 4718 disciplinam
3197 4646 3372 4701 nudus
3412 4644 3700 4713 acriperet,
3727 4650 3782 4696 ct

2210 4744 2468 4799 nuditatis
2509 4742 2856 4812 ignominiam
2907 4755 3010 4793 non
3059 4737 3312 4803 timeret;
3350 4737 3472 4805 quis
3509 4748 3604 4787 vos
3633 4740 3782 4802 post-

2210 4834 2427 4888 modum
2460 4831 2744 4887 fascinavit
2794 4840 2849 4883 et
2878 4828 3078 4884 Christi
3107 4828 3430 4896 passionem.
3460 4840 3577 4894 quae
3599 4821 3781 4877 mundi

2211 4925 2394 4988 decus,
2448 4934 2499 4977 et
2533 4923 2678 4976 salus
2721 4930 2801 4974 est
2854 4920 3152 4982 hominum,
3202 4918 3525 4973 erubescere
3563 4912 3783 4969 docuit?

2210 5015 2363 5067 Absit
2387 5022 2563 5067 autem
2603 5010 2852 5071 utvobis,
2900 5008 3132 5061 dominis
3159 5006 3409 5059 videlicet
3440 5003 3597 5066 meis,
3649 5001 3780 5054 illud

2211 5106 2410 5134 ἔφθη-...ιι
2437 5118 2755 5134 ηκωηηινιηηιι
2791 5100 2931 5134 nutu.
2954 5098 3156 5134 (1.;le
3185 5096 3465 5134 Annclnlne
3489 5092 3564 5134 ait
3587 5109 3597 5133 ἓ
3623 5109 3642 5134 Ι
3665 5090 3778 5134 Sll‘.
