4142 5396
332 319 434 378 πει

1195 310 1437 370 OPUSC.
1477 309 1654 366 XLIII.
1681 307 1863 361 -ΒΕ
1915 302 2142 358 LAUDE
2180 298 2711 357 FLAGELLOKUM.

3481 302 3590 355 682

339 433 458 500 juis
501 430 740 489 devorat,
792 426 838 480 si
884 425 1006 494 quis
1049 424 1265 493 accipit,
1295 425 1492 492 siquis
1536 417 1826 478 estollitur,
1866 416 1911 469 sl

2015 411 2219 481 gladios
2283 410 2336 462 in
2387 409 2684 463 crrtamine
2737 406 3083 462 corruissent.
3157 405 3258 462 llic
3315 422 3438 463 cum
3489 410 3590 464 ali-

338 522 458 591 quis
508 520 562 573 iu
616 517 807 571 faciem
844 531 937 571 vos
985 515 1140 570 caedit
1176 513 1268 584 (Il
1306 512 1429 568 Cor.
1471 511 1578 579 ιι).
1614 530 1634 562 ι
1668 509 1798 576 Qua:
1827 506 1908 560 ni-

337 590 532 664 mirum
579 609 760 662 omnia
803 607 870 661 ad
915 590 1225 660 doctrinam
1261 618 1512 674 perversa
1550 599 1913 670 dogmatizan-

338 703 470 754 tium
518 700 790 768 pertinere
835 698 956 766 quis
1015 696 1292 765 ambigat?
1329 695 1497 748 Porro
1541 701 1744 755 autem,
1772 690 1914 744 sicut

337 791 470 843 dixit
498 791 639 844 Deus
668 790 734 843 ad
757 790 923 842 Adam
949 805 962 842 :
999 805 1018 838 ι
1044 786 1174 852 Quis
1198 786 1342 840 enim
1366 784 1622 838 indicavit
1648 782 1744 835 tibi
1768 780 1913 850 quod

339 881 512 935 nudus
530 895 699 944 esses,
714 880 815 933 nisi
828 878 968 947 quod
990 877 1213 947 exligno
1242 875 1424 944 dequo
1435 875 1528 929 tibi
1543 885 1906 942 pncceperatn

337 987 403 1023 ne
426 969 743 1023 ecotuedcres
768 967 1053 1022 comedisti
1077 967 1100 1020 ?
1129 986 1147 1018 ι
1201 963 1352 1038 (Gen.
1394 964 1500 1033 tu.)
1523 963 1600 1017 ita
1624 961 1781 1015 vobis
1807 975 1914 1014 non

339 1058 608 1112 Immerito
671 1057 846 1111 valeat
909 1071 1031 1111 cum
1083 1054 1264 1124 jurgio
1311 1051 1616 1106 severitatis
1663 1048 1911 1103 intendi:

338 1148 469 1215 Quis
489 1149 553 1203 ad
576 1150 677 1204 hoc
701 1163 794 1202 vos
812 1147 1023 1201 induxit
1063 1144 1320 1200 utcrucis
1341 1141 1539 1198 Christi
1559 1150 1917 1210 portat-econ-

343 1241 619 1295 tumeliam
661 1239 949 1304 timeretis,
981 1237 1087 1292 nisi
1105 1237 1233 1308 quia
1254 1235 1418 1290 verba
1447 1232 1745 1302 cujuspiam
1777 1229 1918 1285 male

340 1330 622 1384 suadentis
658 1328 926 1383 audistis?

406 1421 546 1476 llinc
583 1429 667 1476 est
719 1421 881 1475 etiam
918 1421 1086 1490 quod,
1136 1432 1166 1472 a
1219 1432 1307 1472 me
1358 1415 1585 1471 sollicite
1634 1412 1915 1482 perquisiti

332 1511 478 1580 quod
509 1519 625 1565 erat
658 1510 716 1564 in
773 1525 957 1571 causa,
1020 1508 1352 1578 simpliciter
1381 1505 1513 1560 mihi
1567 1503 1919 1573 respondistis

336 1603 461 1670 quia
494 1602 742 1656 videlicet
791 1601 890 1670 pia
946 1600 1222 1654 memoria:
1273 1598 1577 1666 Stephanus
1619 1594 1923 1650 cardiualis

333 1695 441 1749 hoc
471 1693 826 1763 insugillando
856 1691 1168 1756 derisit,ac,
1192 1690 1340 1743 velut
1359 1688 1760 1756 indignatus-em
1779 1699 1916 1739 con-

2009 499 2225 569 quando
2279 498 2655 568 nongraviter
2687 497 2960 552 sauciatus
3004 497 3057 552 in
3100 505 3318 566 pectore
3355 499 3582 553 cecidis-

2011 598 2122 656 set,
2172 590 2427 659 quoniam
2489 587 2674 658 procul
2721 595 2838 642 erat
2889 603 2919 641 a
2975 588 3232 656 propriis,
3292 587 3346 642 in
3404 588 3586 644 aliena

2011 692 2262 752 receptus
2309 684 2466 736 domo
2509 679 2805 735 decubuit:
2855 679 2944 732 ubi
2996 678 3178 732 taudiu
3208 678 3585 734 vulnusculum

2015 771 2362 826 medicinalis
2403 769 2678 824 industria:
2722 768 3007 823 sedulitate
3035 770 3264 833 curavit,
3300 771 3469 825 donec
3500 785 3588 824 re-

2009 860 2242 929 sumptis
2272 858 2658 928 aliquantulum
2683 857 2906 922 viribus,
2937 857 2989 910 in
3014 857 3205 912 melius
3235 858 3299 912 de
3328 858 3585 928 languore

2013 950 2305 1004 convaluit.
2341 950 2501 1004 Misso
2528 959 2688 1018 atque
2715 949 2781 1002 ab
2803 963 2971 1003 uxore
2993 964 3086 1003 sua
3109 949 3373 1014 vehiculo,
3406 959 3484 1016 ut,
3500 965 3592 1005 re-

2015 1037 2156 1094 diret
2176 1040 2241 1092 ad
2269 1039 2484 1108 propria
2510 1038 2664 1092 hctus
2689 1037 2903 1106 quidam
2932 1048 3127 1105 praesto
3159 1039 3393 1093 surrexit
3418 1055 3432 1106 ;
3459 1040 3576 1103 sed,

2015 1127 2234 1196 dignum
2286 1137 2507 1197 stupore
2555 1129 2874 1182 miraculum
2901 1129 2913 1181 Ξ
2943 1137 3112 1183 totum
3139 1145 3262 1182 cum
3289 1144 3436 1184 armo
3463 1131 3586 1184 bra-

2016 1216 2196 1270 chium
2223 1216 2276 1270 iu
2305 1216 2500 1272 lectulo
2542 1217 2862 1288 dereliquit;
2908 1228 3089 1288 atque,
3135 1227 3194 1273 ut
3241 1234 3354 1273 rem
3401 1221 3589 1274 audias

2017 1305 2339 1376 inauditam,
2373 1309 2572 1363 nullam
2633 1319 2760 1364 tunc
2816 1310 3016 1364 doloris
3057 1309 3354 1365 molestiam
3398 1310 3590 1375 sensit,

2016 1399 2110 1452 sed
2141 1399 2220 1452 sic
2261 1414 2358 1454 sua
2404 1408 2655 1468 tanquam
2685 1400 2856 1454 aliena
2905 1401 3153 1466 miratus,
3181 1410 3236 1456 et
3261 1417 3318 1456 se
3367 1410 3593 1472 repente

2016 1486 2246 1541 debilem
2273 1488 2489 1556 reperit,
2515 1497 2568 1542 ct
2588 1488 2901 1542 convulsum
2930 1505 2957 1541 a
2984 1506 3042 1544 se
3069 1491 3348 1545 brachium
3376 1491 3590 1545 eminus

2013 1578 2199 1648 jacere
2225 1580 2522 1648 conspexit.
2553 1579 2707 1634 Justo
2731 1581 2984 1635 nimirum
3021 1583 3112 1636 Dei
3143 1582 3347 1650 judicio
3386 1582 3588 1638 factum

2014 1675 2177 1722 estut
2203 1678 2423 1736 repente
2472 1668 2748 1723 brachium
2783 1670 3034 1738 perderet
3083 1687 3188 1740 quo
3228 1671 3585 1726 videlicctre-

335 1799 536 1852 spuens
568 1793 628 1837 et
675 1780 1006 1837 exsecrando
1033 1780 1357 1850 despiciens,
1402 1793 1470 1832 ue
1502 1777 1727 1832 ulterius
1759 1776 1913 1829 ﬁeret

2014 1759 2248 1829 pentina:
2280 1760 2467 1814 mortis
2496 1761 2739 1814 ministra
2771 1761 2870 1816 tela
2905 1760 3194 1816 creduliter
3239 1761 3581 1826 fabricasset,

334 1876 552 1944 penitus
607 1875 904 1929 interdixit.
950 1873 1059 1928 Nec
1088 1873 1306 1932 mirum,
1354 1885 1475 1925 cum
1511 1866 1796 1938 Apostolus
1832 1865 1912 1920 di-

338 1975 426 2019 cat
463 1982 476 2017 :
515 1982 533 2015 ι
570 1962 800 2018 Verbum
829 1962 1008 2018 crucis
1061 1961 1409 2031 pereuntibus
1433 1959 1649 2028 quidem
1682 1956 1910 2011 stultitia

332 2062 448 2118 est;
480 2053 564 2106 bis
592 2062 768 2107 autem
805 2053 895 2121 qui
949 2051 1081 2106 salvi
1120 2051 1273 2113 ﬁunt,
1315 2049 1367 2102 id
1403 2056 1485 2102 est
1529 2047 1705 2109 nobis,
1741 2047 1913 2100 virtus

339 2143 431 2197 Dei
460 2151 543 2197 est
572 2141 621 2211 (1
645 2139 766 2195 Cor.
793 2140 858 2212 ι).
891 2159 910 2193 ι
949 2139 1210 2194 Domuum
1238 2137 1396 2206 plane
1422 2135 1756 2204 Stephanum
1787 2147 1910 2186 cum

335 2234 557 2288 credam
583 2247 678 2302 per
723 2231 923 2287 Christi
961 2229 1188 2301 gratiam
1220 2226 1488 2281 nonnullis
1536 2223 1780 2278 ﬂoruisse
1803 2223 1914 2276 vir-

337 2324 563 2389 tutibus,
595 2321 782 2376 morbo
807 2331 985 2376 tamen
1012 2319 1265 2376 elationis
1289 2317 1590 2380 laborasse,
1618 2324 1775 2384 prout
1803 2313 1912 2367 fer-

339 2413 751 2482 vorjuveututis
787 2411 1103 2480 impelleret,
1136 2410 1414 2464 dicebatur
1449 2421 1466 2460 :
1495 2414 1568 2472 et,
1596 2404 1734 2459 forte
1761 2402 1913 2470 justo

336 2501 430 2556 Dei
480 2503 867 2570 ornrtipoteutis
906 2501 1153 2571 exigente
1197 2499 1428 2567 judicio,
1480 2497 1679 2552 factum
1725 2504 1809 2549 est
1853 2501 1914 2547 ut

334 2602 556 2662 pr0pter
584 2593 740 2662 hujus
774 2591 919 2660 verbi
972 2590 1239 2661 piaculum
1267 2590 1470 2644 obitqu
1501 2588 1798 2640 incurreret
1829 2599 1914 2638 rc-

339 2686 638 2753 pcntinum.
687 2683 843 2738 Brevi
874 2683 1068 2753 quippe
1119 2681 1376 2752 temporis
1401 2679 1574 2749 spatio
1624 2687 1911 2746 postquam

334 2775 454 2829 haec
509 2774 664 2828 vobis
705 2775 866 2828 verba
924 2773 1133 2827 locutus
1185 2781 1288 2836 est,
1343 2771 1552 2838 accepit
1583 2768 1907 2822 antidotum.

337 2862 658 2918 Festivitate
701 2877 830 2916 vero
860 2862 919 2916 Β.
978 2860 1324 2915 Scholastica:
1352 2857 1579 2926 virginis
1626 2855 1909 2917 invitante,

331 2956 491 3026 quasi
529 2965 748 3026 vegetus
782 2962 835 3008 et
879 2952 992 3021 jam
1023 2952 1308 3006 incolumis
1337 2950 1403 3003 ad
1435 2958 1754 3002 nocturnqu
1793 2961 1910 2999 sur-

338 3046 482 3102 rexit
503 3046 732 3100 ollicium
758 3085 778 3111 ,
805 3043 1099 3112 eodemque.
1128 3041 1213 3094 die
1240 3039 1386 3108 prior
1411 3039 1540 3106 ipse,
1567 3036 1760 3090 deinde
1788 3049 1908 3104 ger-

341 3151 535 3190 manus
585 3136 701 3204 ejus
738 3135 923 3203 junior
975 3140 1195 3203 repente
1229 3129 1494 3194 defuncti,
1526 3136 1689 3198 atque
1740 3125 1909 3180 altera

337 3227 428 3283 die
453 3228 661 3297 pariter
686 3237 810 3281 sunt
835 3226 1050 3296 sepulti.

408 3317 476 3372 Et
517 3317 663 3372 credi
719 3317 944 3372 forsitan
978 3317 1135 3387 digne
1184 3322 1360 3385 potest
1388 3313 1491 3367 hoc
1537 3311 1717 3365 divina
1749 3307 1916 3364 fuisse

338 3407 707 3462 moderatione
750 3406 1066 3475 dispositum
1124 3413 1183 3458 ut
1223 3402 1546 3457 venerabilis
1615 3399 1704 3454 ille
1747 3398 1916 3452 frater

337 3496 396 3552 in
421 3499 537 3568 ejus
566 3497 905 3567 potissimum
959 3494 1185 3566 virginis
1213 3491 1582 3561 diejudicium
1611 3488 1917 3558 improvisa:

339 3587 533 3641 mortis
563 3586 884 3650 incurreret,
909 3594 1095 3639 contra
1117 3581 1270 3650 cujus
1297 3580 1684 3635 monasterium
1713 3576 1914 3632 incauti

339 3676 609 3731 sermonis
634 3675 1003 3745 arrogantiam
1027 3673 1366 3743 protulisset;
1391 3679 1656 3740 quatenus
1683 3669 1752 3722 ob
1777 3668 1917 3723 banc

336 3766 552 3836 culpam
585 3765 821 3820 animam
869 3763 1009 3818 illius
1044 3763 1191 3817 laesio
1233 3761 1374 3815 nulla
1413 3760 1768 3830 contingeret,
1818 3772 1916 3828 pro

337 3872 446 3925 qua
478 3864 863 3909 momentauea:
897 3854 1085 3907 mortis
1119 3867 1335 3920 poenam
1377 3867 1504 3906 caro
1534 3851 1650 3919 ejus
1680 3859 1785 3902 tam
1825 3863 1916 3901 su-

338 3945 454 4001 bito
490 3945 652 4015 708
681 3958 936 3998 corruens
993 3941 1319 4010 pertulisset.
1367 3939 1517 4009 Sazpe
1565 3954 1796 4007 namque
1841 3938 1918 3992 sic

342 4038 538 4092 divinae
562 4036 782 4106 justitia:
810 4033 1182 4089 misericordia
1230 4033 1603 4102 permiscetur,
1634 4040 1693 4084 ut
1741 4031 1792 4082 in
1817 4029 1920 4083 bac

341 4127 451 4180 vita
511 4135 760 4196 peccator
804 4125 1019 4196 dignam
1067 4124 1365 4196 perpetrati
1415 4122 1640 4179 sceleris
1692 4120 1919 4190 recipiat

341 4216 537 4281 vicem,
573 4224 839 4285 quatenus
865 4215 974 4271 illic
999 4226 1213 4271 mternaa
1241 4213 1605 4268 damnationis
1633 4210 1806 4280 fugiat
1833 4209 1913 4262 ul-

344 4305 584 4372 tionem;
638 4314 693 4360 et
740 4306 828 4361 hic
862 4321 986 4361 eum
1025 4304 1243 4360 finiendi
1275 4302 1520 4374 supplicii
1573 4315 1733 4371 poena
1787 4314 1915 4367 per-

341 4394 520 4460 ccllat,
549 4404 606 4449 ut
631 4395 739 4450 illic
769 4395 1030 4454 ultionem
1081 4408 1203 4467 qua:
1241 4408 1518 4465 nunquam
1553 4391 1742 4447 finitur
1784 4404 1915 4446 eva-

342 4483 457 4538 dat.

949 4572 1177 4630 CAPUT
1223 4572 1309 4628 Ill.

347 4684 510 4740 Fabri
570 4688 785 4757 dignum
848 4685 1161 4807 suppliciitim
1222 4684 1398 4738 divino
1454 4683 1661 4753 judicro
1725 4691 1917 4736 constt-

347 4791 352 4799 .
1053 4771 1220 4807 uum.

1053 4771 1220 4809 tuum.

416 4845 513 4899 Hic
555 4845 711 4914 plane
741 4845 807 4900 ad
842 4843 1154 4900 memoriam
1198 4843 1340 4898 redit
1386 4840 1530 4910 quod
1582 4841 1711 4895 mihi
1747 4853 1918 4908 nuper

343 4932 536 4987 Petrus
563 4935 628 4988 de
657 4933 850 5002 Burgo,
901 4932 984 4986 vir
1014 4931 1265 4987 videlicet
1303 4929 1656 4993 clarissimus,
1687 4928 1910 4984 retulit:

343 5025 517 5081 Faber
534 5035 637 5089 est,
665 5025 864 5094 inquit,
893 5027 946 5080 in
973 5024 1192 5094 regione
1215 5039 1335 5094 qua:
1365 5022 1665 5076 Pilonicum
1697 5023 1913 5085 dicitur,

344 5119 478 5172 artis
509 5119 879 5172 malleatorum
932 5117 1172 5187 apprime
1217 5115 1442 5186 peritus,
1471 5123 1526 5168 et
1567 5115 1619 5168 iu
1654 5114 1919 5169 fabrican-

344 5210 428 5263 dis
473 5211 706 5263 maxime
766 5208 966 5263 lanceis
1026 5214 1186 5275 atque
1241 5206 1451 5278 sagittis
1495 5205 1918 5277 circumquaque

344 5297 895 5364 notissimuszspretis
913 5295 1122 5350 scilicet
1139 5295 1484 5351 ferramentis
1506 5305 1559 5350 et
1595 5296 1915 5351 utensilibus

1941 4452 1993 4514 Ι)

2015 1858 2072 1903 et
2101 1850 2188 1904 ubi
2216 1849 2411 1904 vulnus
2436 1866 2541 1904 non
2587 1851 2827 1919 pertulit,
2869 1852 2938 1904 ibi
2968 1867 3025 1906 se
3062 1853 3402 1906 vulneratum
3434 1853 3590 1906 inve-

2014 1939 2109 2002 nit,
2143 1941 2236 2009 qui
2269 1955 2408 2009 saepe
2438 1933 2874 2010 quamplurimos'
2899 1956 2996 2010 per
3045 1940 3226 1996 feralis
3272 1943 3405 1997 artis
3434 1942 3588 2013 inge-

2013 2033 2162 2089 nium
2191 2034 2479 2105 improviso
2500 2033 2720 2089 vulnere
2741 2036 3026 2090 sauciavit.

2623 2125 2849 2181 CAPUT
2889 2125 2978 2182 IV.

2370 2213 2640 2269 Terribilis
2658 2215 2853 2285 judirii
2887 2217 3244 2270 comminatio.

2084 2307 2156 2364 Ut
2177 2323 2304 2378 ergo
2335 2308 2400 2362 ad
2437 2307 2489 2361 id
2521 2309 2660 2376 quod
2703 2323 2952 2362 exorsum
2994 2317 3077 2363 est
3104 2323 3282 2362 sermo
3310 2317 3590 2373 recurrat,

2013 2401 2256 2476 quisquis
2285 2399 2620 2471 disciplinam
2647 2401 2918 2470 suscipere
2957 2415 3055 2470 pro
3084 2401 3326 2455 nuditate
3362 2401 3441 2454 sui
3471 2416 3592 2455 cor-

2013 2494 2161 2565 poris
2188 2494 2481 2557 erubescit,
2514 2493 2700 2562 procul
2739 2492 2898 2546 dubio
2931 2508 3054 2547 cum
3084 2491 3252 2546 Adam
3293 2491 3386 2546 Dei
3407 2492 3591 2548 deam-

1987 2585 2251 2641 ‘bulautis
2301 2586 2354 2641 iu
2403 2587 2654 2656 paradiso
2699 2584 2835 2654 fugit
2886 2595 3192 2654 aspectum,
3240 2594 3294 2639 et
3345 2585 3590 2640 cruciﬁxi

2014 2678 2324 2734 Cltristicon
2334 2677 2564 2732 vincitur
2574 2677 2749 2730 ridere
2772 2675 2835 2748 [Ῑ.
2853 2676 3100 2748 irridere]
3115 2677 3464 2746 supplicium;
3489 2693 3591 2735 uec

2012 2786 2134 2824 eum
2163 2770 2407 2838 sequitur
2448 2770 2562 2838 qui,
2591 2777 2649 2822 ut
2679 2752 2774 2822 nos
2801 2767 3052 2822 liberaret
3079 2784 3108 2822 a
3145 2767 3452 2834 maledicto,
3475 2769 3591 2838 ipse

2013 2860 2188 2914 factus
2217 2869 2302 2914 est
2328 2860 2668 2914 maledictum
2683 2856 2826 2923 (Gal.
2853 2856 2955 2927 tu);
2983 2859 3074 2912 sed
3100 2857 3246 2912 illum
3270 2858 3444 2926 potius
3464 2857 3588 2911 imi-

2012 2959 2158 3005 tatur
2188 2951 2277 3020 qui
2300 2964 2488 3004 omnes
2518 2951 2581 3002 de
2627 2947 2843 3003 sublimi
2899 2948 3071 3011 videt,
3102 2957 3155 3002 et
3186 2949 3298 3017 ipse
3328 2949 3580 3018 princeps

2009 3052 2091 3098 est
2116 3058 2276 3112 super
2303 3057 2489 3096 omnes
2521 3040 2657 3094 filios
2685 3039 2951 3109 superbia:
2974 3038 3095 3105 (Job
3135 3040 3267 3108 xu).
3299 3039 3389 3094 llle
3424 3041 3590 3094 nimi-

2017 3150 2135 3189 rum
2165 3135 2384 3189 indutus
2419 3141 2503 3187 est
2531 3131 2720 3201 gloria,
2745 3129 2811 3184 de
2833 3144 2942 3199 quo
2983 3144 3081 3196 per
3102 3129 3416 3198 prophetam
3452 3129 3588 3183 dici-

2014 3236 2147 3280 tur:
2213 3222 2469 3278 t’Omuis
2519 3220 2656 3289 lapis
2705 3220 2973 3288 pretiosus
3021 3219 3390 3273 indumentum
3440 3227 3588 3271 tuum

2015 3314 2233 3385 (Ezech.
2274 3312 2466 3380 ntv);
2503 3330 2521 3362 ι
2555 3311 2648 3365 sed
2677 3318 2894 3380 propter
2917 3309 3045 3364 elati
3081 3308 3306 3363 tumoris
3332 3323 3594 3377 arrogan-

2018 3405 2146 3457 tiam
2171 3403 2223 3457 in
2246 3401 2615 3458 confusionem
2652 3400 2860 3455 corruit
2897 3400 3298 3470 sempiternam.
3324 3398 3430 3454 Iste
3463 3413 3592 3453 vero

2015 3505 2097 3550 est
2145 3493 2297 3563 cujus
2326 3503 2381 3549 et
2409 3502 2784 3562 persecutores
2819 3500 2874 3546 ct
2920 3501 3215 3547 sectatores
3244 3507 3409 3545 unum
3456 3506 3588 3544 con-

2016 3585 2257 3641 corditer
2287 3585 2606 3654 prolitentur
2651 3582 3021 3653 opprobrium.
3067 3581 3144 3635 llli
3170 3581 3430 3651 siquidem
3464 3580 3594 3634 insi-

2016 3678 2230 3733 diautes
2267 3676 2493 3730 dicunt:
2550 3693 2571 3726 ι
2605 3673 2774 3728 Morte
2818 3673 3121 3742 turpissima
3169 3674 3592 3728 condemnemus

2016 3782 2140 3822 eum
2197 3766 2369 3836 (Sap.
2418 3764 2522 3834 tt);
2583 3783 2600 3815 ι
2635 3764 2722 3818 isti
2752 3777 2882 3818 vero
2931 3764 3252 3834 pmnitentes
3307 3763 3589 3818 clamant:

2023 3876 2042 3909 ι
2073 3856 2181 3911 Nos
2215 3856 2520 3924 putavimus
2545 3853 2707 3923 709
2746 3869 2867 3908 eum
2898 3855 3051 3923 quasi
3084 3853 3350 3922 leprosum
3383 3863 3436 3906 et
3471 3867 3593 3922 per-

2017 3963 2279 4003 cussuma
2307 3947 2413 4002 Deo
2434 3956 2488 4002 et
2513 3947 2849 4000 liutniliatum
2879 3945 3012 4014 (Isa.
3042 3946 3180 4013 LIII).
3209 3963 3229 3996 ι
3260 3944 3462 4012 ριιίὺυ›
3487 3945 3592 3999 ιιιί-

2018 4052 2123 4106 que
2166 4037 2344 4090 verbis
2387 4050 2547 4104 supra
2591 4035 2701 4104 jam
2732 4035 2957 4104 probeta
2985 4035 3364 4104 praemiserat:
3401 4054 3418 4086 ι
3476 4034 3592 4090 Non

2017 4134 2137 4179 erat
2165 4123 2214 4177 ci
2265 4139 2440 4191 neque
2495 4122 2704 4192 species
2753 4137 2928 4190 neque
2978 4124 3182 4177 decor:
3247 4132 3303 4177 et
3357 4123 3590 4178 vidimus

2016 4230 2164 4279 eum,
2206 4223 2258 4268 et
2287 4230 2392 4268 non
2433 4222 2552 4267 erat
2590 4221 2868 4280 aspectus;
2903 4222 2957 4267 et
2999 4213 3422 4267 desideravimus
3466 4228 3591 4267 eum

2017 4305 2348 4375 despectum,
2379 4312 2435 4358 et
2456 4303 2808 4357 novissimum
2831 4304 3090 4370 virorum,
3117 4305 3290 4358 virum
3321 4305 3589 4371 dolorum,

2017 4406 2072 4451 et
2122 4395 2381 4450 scientem
2409 4392 2799 4460 infirmitatem,
2844 4403 2899 4450 et
2919 4395 3068 4465 quasi
3117 4395 3461 4451 absconditus
3517 4409 3603 4452 est

2017 4487 2196 4540 vultus
2243 4484 2360 4554 ejus
2401 4492 2456 4540 et
2515 4484 2798 4554 despectus
2827 4500 2842 4552 ;
2875 4485 3016 4540 unde
3075 4501 3176 4542 nec
3224 4488 3601 4557 reputavimus

2012 4591 2139 4632 eum
2169 4575 2380 4646 (Ibid.).
2402 4592 2422 4626 ι

2086 4666 2183 4719 Dic
2209 4680 2362 4736 ergo,
2393 4663 2640 4736 quisquis
2683 4680 2744 4720 es
2778 4665 2869 4735 qui
2916 4664 3116 4722 Christi
3159 4682 3469 4738 passronem
3495 4683 3587 4721 su-

2017 4755 2213 4824 perbus
2274 4755 2494 4818 irrides,
2543 4754 2661 4824 qui,
2704 4771 2828 4811 cum
2868 4770 2937 4809 eo
2987 4757 3181 4811 nudari
3231 4757 3594 4827 ﬂagellarique

2018 4845 2342 4914 despiciens,
2376 4845 2675 4898 nuditatem
2708 4845 2824 4913 ejus
2851 4853 2906 4898 et
2949 4855 3147 4902 cuncta
3181 4847 3438 4916 supplicia
3472 4857 3594 4898 ιηιιι-

2022 4950 2183 5003 quam
2211 4949 2381 5004 nugas
2407 4948 2472 4986 ac
2499 4933 2705 4988 naenias
2751 4946 2806 4990 et
2835 4933 3080 5003 quaedam
3106 4936 3442 4994 somniorum
3474 4933 3603 4988 den.

2020 5037 2262 5082 ramenta
2293 5026 2622 5088 subsannas;
2653 5029 2783 5097 quid
2815 5023 2982 5078 facies
3017 5039 3156 5088 cum
3199 5043 3342 5089 eum,
3375 5025 3464 5092 qui
3505 5041 3604 5092 pu-

2020 5120 2159 5176 blice
2196 5122 2432 5176 nudatus
2467 5126 2548 5170 est
2577 5127 2632 5169 et
2663 5119 2719 5172 in
2744 5129 2903 5174 cruce
2938 5131 3274 5188 suspensus,
3305 5116 3507 5174 videris
3555 5117 3608 5170 in

2023 5211 2320 5280 majestatis
2359 5221 2471 5262 sua:
2502 5207 2700 5262 decore
2740 5196 3125 5279 conspicuuiu,
3169 5208 3422 5284 angelicis
3450 5208 3615 5276 agmi-

2022 5299 2181 5353 nibus
2219 5298 2458 5365 undique
2502 5294 2869 5364 constipatum
2896 5334 2911 5357 ,
2940 5294 3395 5378 incolumi-altilis
3442 5297 3618 5366 splen.
