4142 5396
519 155 626 214 683

997 158 1059 215 3.
1088 157 1291 215 PETRI
1326 158 1611 217 DAMIANI
1642 161 1792 221 OPP.
1827 162 2064 223 TOMUS

2192 167 2233 226 U
2274 165 2452 227 PARS
2483 170 2567 228 ιιι.
2592 203 2661 215 --
2684 171 3050 237 OPUSCULA
3082 172 3313 240 νΑιιιλέ

3672 175 3782 244 ϐἓὶ

519 273 654 332 εδιὶο
686 272 1104 369 praesidentem,
1130 285 1187 332 et
1229 291 1620 369 omnehgeuus
1674 277 1969 336 humanum
2015 304 2096 336 te-
2129 293 2315 350 Asurs
2378 286 2656 357 discipulis
2712 292 2966 348 deliciose
3013 298 3322 353 viventibus
3380 298 3782 369 quodammodo

517 375 607 427 cgto
634 366 907 435 aequitatis
932 367 1183 422 examine
1206 367 1521 423 terribiliter
1538 367 1910 438 iudicantem?
1949 370 2100 427 Tunc

515 456 596 513 sol
625 456 1023 520 obscurabitur,
1048 457 1173 512 luna
1200 458 1444 513 tenebris
1474 458 1796 527 involvetur,
1831 460 2001 515 stellae
2032 460 2099 516 de

517 546 653 600 ctelo
689 545 1302 612 cadent,-fuudamenta
1340 549 1604 604 montium
1656 552 2095 617 contremiseent,

516 639 640 699 cmli
688 639 934 695 tristibus
983 640 1151 695 radiis
1200 640 1589 708 coruscabunt,
1646 650 1793 697 terra
1839 643 2001 698 simul
2043 648 2098 698 et

515 747 609 788 aer
656 731 892 787 ﬂammis
944 731 998 786 in
1050 730 1265 787 excelsa
1324 730 1631 789 furentibus
1676 733 2093 802 cremabantur,

515 831 569 876 et
619 821 889 878 elementa
939 822 1146 891 pariter
1199 822 1380 877 omnia
1425 821 1825 879 conluudentur
1869 823 2094 893 (Matth.

514 913 694 985 xxiv);
724 922 781 967 et
821 921 875 967 tu
905 922 1126 978 ornate,
1161 921 1215 968 tu
1254 912 1489 968 molliter
1516 921 1572 969 et
1612 914 1867 969 decenter
1893 913 2094 980 indute,

513 1016 654 1062 intra
683 1006 785 1062 ista
814 1005 941 1076 quid
966 1005 1168 1061 facies?
1193 1006 1308 1073 Qua
1336 1004 1532 1070 fronte,
1570 1021 1676 1075 qua
1715 1005 2091 1076 priesumptio-

512 1098 597 1152 nis
647 1097 874 1153 audacia
933 1096 1077 1153 illius
1129 1096 1355 1168 gloriam
1412 1096 1741 1167 participare
1804 1096 2092 1165 sperabis,

512 1189 666 1258 cujus
736 1197 957 1258 portate
1017 1188 1404 1245 contumeliam
1471 1196 1539 1244 et
1582 1187 1938 1259 ignominiam
1996 1188 2092 1244 de-

510 1279 741 1350 δικλίδιὲ
754 1280 778 1333 ?

1112 1370 1357 1428 'CAPUT
1397 1372 1462 1429 ν.

509 1483 663 1550 Quod
687 1484 882 1540 Clu-isti
903 1490 1119 1541 vulnera
1148 1497 1270 1541 sunt
1293 1502 1543 1541 sensuum
1576 1496 1873 1543 nostrorum
1920 1488 2091 1543 medi-

610 1564 621 1573 “
1172 1566 1435 1613 contenta.

2199 390 2298 445 per
2321 375 2515 433 Isaiam
2539 379 2802 436 Dominus
2833 384 3002 439 dicit.
3041 405 3058 436 ι
3089 386 3156 440 Et
3194 402 3339 443 nunc
3365 388 3490 445 audi
3524 392 3662 459 haec,
3683 394 3782 451 de-

2198 464 2359 521 licata
2397 476 2453 523 et
2503 469 2755 527 habitans
2797 474 3149 538 confidenter,
3179 492 3299 546 quae
3327 478 3465 535 dicis
3511 480 3563 536 in
3614 484 3779 538 corde

2197 563 2290 613 tuo
2320 574 2337 614 :
2391 560 2503 631 Ego
2530 577 2668 621 sum.
2699 571 2753 618 et
2780 579 2885 619 non
2929 574 3012 621 est
3042 576 3240 637 praeter
3262 585 3351 625 me
3389 572 3640 642 amplius,
3669 590 3776 629 non

2196 648 2394 705 sedebo
2441 650 2625 718 vidua,
2654 661 2710 708 et
2737 669 2844 710 non
2895 657 3089 714 videbo
3141 658 3511 727 sterilitatem;
3556 664 3778 719 venient

2198 738 2294 792 tibi
2324 739 2441 795 haec
2477 742 2587 798 duo
2622 744 2804 801 subito
2831 744 2888 801 in
2908 762 3016 803 una
3060 748 3176 816 die,
3210 751 3471 807 sterilitas
3503 762 3560 809 et
3598 754 3775 809 vidui-

2197 828 2449 899 tas(lsa.
2478 833 2676 905 xrvn).
2710 853 2729 888 ι
2776 835 2943 892 David
2967 838 3156 909 plane,
3195 849 3252 894 ut
3281 842 3454 897 nudus
3479 843 3768 906 incederet,

2196 929 2416 974 sanctus
2461 921 2553 991 qui
2606 923 2660 978 in
2721 940 2789 982 eo
2835 936 2957 982 erat
3000 928 3235 999 Spiritus
3284 930 3526 1000 impulit;
3577 930 3772 989 Michol

2195 1021 2326 1062 vero
2348 1019 2608 1078 paternus
2633 1012 3044 1085 ille'possessor,
3090 1026 3150 1071 ut
3179 1032 3303 1073 eum
3352 1018 3648 1076 insolenter
3684 1036 3775 1076 ar-

2195 1110 2403 1170 gueret,
2434 1102 2703 1159 incitavit.
2739 1106 2815 1161 De
2846 1122 2956 1177 quo
2993 1109 3248 1165 videliret
3286 1124 3604 1182 possessore
3634 1113 3775 1167 dici-

2200 1201 2322 1247 tur:
2353 1212 2370 1246 ι
2406 1194 2541 1262 Quia
2569 1197 2778 1253 insiluit
2817 1200 3039 1269 spiritus
3081 1202 3294 1259 Domini
3337 1204 3509 1261 malus
3547 1206 3598 1260 iu
3641 1204 3771 1261 Sani

2198 1282 2251 1354 (1
2286 1283 2410 1356 Reg.
2439 1290 2572 1358 xvi).
2626 1308 2644 1341 ›
2692 1290 2922 1361 Ideoque
2952 1293 3069 1350 sine
3117 1294 3224 1349 ulla
3269 1296 3602 1353 dubitatione
3651 1313 3769 1352 cre-

2197 1373 2431 1430 dendum
2489 1386 2571 1432 est
2618 1379 2743 1448 quia
2794 1382 3008 1438 divinus
3052 1399 3176 1438 eum
3227 1384 3463 1454 Spiritus
3517 1397 3774 1457 provocat

2197 1464 2289 1534 qui
2316 1466 2384 1521 ad
2422 1467 2682 1523 honorem
2728 1472 2906 1526 erucis
2934 1472 3136 1529 Christi
3190 1490 3250 1531 se
3278 1476 3555 1531 humiliter
3584 1478 3769 1543 nudat,

2196 1562 2250 1606 ct
2277 1554 2365 1609 ille
2398 1557 2617 1626 superbi
2640 1557 2771 1613 Saul
2814 1560 3005 1630 spiritu
3038 1563 3089 1616 in
3137 1565 3505 1633 arrogantiam
3544 1567 3773 1621 tumoris

575 1648 709 1717 Quis
771 1659 822 1704 te
880 1650 1167 1704 delicatum
1221 1660 1387 1719 atque
1450 1650 1705 1705 tenellum
1777 1651 2091 1722 aggregabit
2124 1649 2167 1708 Β
2197 1645 2483 1712 attollitur,
2539 1648 2629 1716 qui
2671 1664 2750 1713 se,
2790 1659 2849 1704 ut
2896 1653 3157 1707 crucitixo
3197 1654 3414 1709 Christo
3464 1657 3771 1727 partieipet,

505 1742 732 1814 etillegio
762 1754 1084 1814 martyrum,
1118 1744 1172 1797 in
1204 1758 1433 1814 quorum
1456 1744 1777 1813 corporibus
1821 1745 2085 1799 videbun—

505 1843 597 1889 tur
614 1835 679 1890 in
706 1835 875 1907 gloria
926 1834 1191 1890 universae
1246 1851 1354 1890 non
1386 1836 1548 1891 modo
1579 1836 1852 1907 virgarum
1886 1836 2091 1892 vibices

502 1924 602 1980 sed
631 1936 687 1979 et
713 1924 1192 1980 innumerabilium
1238 1924 1524 1981 vulnerum
1575 1926 1898 1981 cicatrices?
1933 1926 2090 1983 Chri-

503 2025 621 2071 stus
647 2016 827 2071 erucis
850 2031 957 2071 non
972 2017 1203 2072 erubuit
1235 2017 1656 2086 turpitudinem;
1689 2028 1745 2074 et
1793 2029 1847 2074 tu
1892 2019 2090 2089 putida:

503 2110 685 2165 carnis
709 2117 813 2166 ιιιιιι
838 2109 1112 2165 vermibus
1133 2110 1457 2165 devoranda:
1504 2109 1851 2166 confunderis
1875 2111 2086 2165 nudita-

504 2209 579 2256 te.
629 2200 726 2256 llle
751 2202 1007 2267 nudatur,
1053 2202 1298 2267 caeditur,
1330 2202 1569 2257 nectitur
1611 2202 1863 2268 vinculis,
1894 2203 2092 2257 obliui-

499 2299 592 2344 tur
613 2289 810 2359 sputis,
834 2289 1277 2360 quinquepartito
1308 2289 1532 2346 vulnere
1561 2290 1704 2347 illius
1744 2307 1872 2347 caro
1908 2292 2090 2363 perfo-

502 2381 670 2446 ditur,
698 2390 874 2436 utuos
907 2381 1246 2446 avitiorum,
1287 2396 1406 2451 quae
1445 2383 1499 2437 in
1548 2398 1650 2437 nos
1698 2397 1797 2453 per
1849 2384 2089 2455 quinque

505 2482 701 2528 sensus
756 2472 1173 2543 ingrediuntur,
1219 2473 1521 2543 irruptioue
1566 2489 1851 2541 curemur;
1915 2484 1970 2531 et
2033 2487 2087 2531 tu

511 2563 766 2628 lascivus,
800 2571 855 2616 tu
890 2571 1111 2628 unctus,
1156 2572 1211 2618 tu
1239 2564 1546 2635 petulculus
1574 2579 1639 2620 ac
1688 2565 1947 2633 tenellus,
1980 2580 2087 2622 non

498 2657 581 2710 vis
611 2657 924 2711 thesaurum
951 2655 1134 2712 carnis
1162 2664 1267 2712 tute
1292 2656 1602 2714 hominibus
1622 2657 1820 2729 detegi,
1850 2673 1918 2714 ne
1943 2674 2090 2715 mor-

500 2747 626 2804 talis
669 2746 753 2803 vel
818 2758 1055 2815 terrena,
1086 2749 1234 2818 quod
1261 2748 1453 2805 absit!
1506 2750 1599 2805 sed
1641 2765 1898 2821 magnum
1958 2750 2090 2820 quid

497 2842 692 2898 debeat
720 2843 1006 2899 aestimari?
1033 2842 1233 2897 Paulus
1262 2841 1540 2912 apostolus
1584 2850 1667 2897 ter
1691 2841 1861 2912 virgis
1894 2843 1949 2897 in
1991 2857 2089 2911 pu-

498 2933 643 2989 blico
670 2934 918 2998 caeditur,
962 2949 1062 2990 nec
1087 2941 1339 2999 veretur;
1385 2932 1675 3004 quinquies
1710 2931 2086 3002 quadragenas

2191 1751 2395 1792 exuere
2426 1739 2768 1809 dedignatur.
2812 1741 2944 1809 Quae
2972 1744 3215 1814 profecto
3244 1747 3493 1816 superbia
3525 1750 3604 1802 sic
3647 1765 3771 1804 eum

2192 1828 2261 1884 ab
2288 1829 2404 1897 ipso
2448 1830 2773 1888 humilitatis
2822 1844 3045 1889 auctore
3082 1835 3283 1901 divisit,
3331 1846 3390 1891 ut
3440 1853 3508 1893 ne
3558 1837 3773 1894 Snuuel

2190 1918 2408 1988 quidem
2438 1918 2542 1975 sibi
2570 1922 2785 1976 veniam
2809 1923 3100 1994 impetrare
3126 1928 3379 1995 potuerit.

2266 2009 2556 2082 Egregium
2616 2014 3004 2085 prophetarum
3059 2016 3248 2071 Isaiam
3303 2018 3522 2088 publice
3574 2036 3768 2075 coram

2190 2103 2335 2156 omni
2372 2103 2569 2173 pepulo
2608 2107 2815 2161 nudum
2852 2108 3100 2164 incedere
3124 2108 3382 2167 Dominus
3438 2111 3688 2181 imperat,
3719 2125 3773 2167 et

2196 2196 2517 2261 monachus,
2547 2196 2663 2266 qui,
2702 2197 2856 2253 utita
2883 2198 3102 2269 loquar,
3135 2200 3295 2255 unius
3343 2203 3563 2257 stateris
3601 2204 3775 2274 impar

2190 2292 2289 2346 est,
2333 2285 2523 2340 nudari
2550 2302 2734 2341 coram
2758 2290 2948 2358 paucis
2970 2289 3231 2345 fratribus
3253 2293 3565 2349 erubescit.-
3604 2312 3623 2346 ι
3672 2294 3772 2348 Va-

2189 2373 2274 2439 de,
2302 2375 2475 2442 inquit
2502 2415 2516 2441 ,
2546 2378 2694 2433 solve
2719 2394 2937 2434 saccum
2966 2380 3032 2435 de
3076 2380 3275 2435 lumbis
3301 2383 3423 2443 tuis.
3456 2390 3511 2437 et
3553 2384 3769 2439 calcea-

2190 2475 2369 2520 menta
2392 2466 2522 2523 tolle
2554 2468 2620 2523 de
2646 2468 2876 2538 pedibus
2923 2471 3058 2535 tuis;
3097 2489 3115 2522 ι
3149 2486 3383 2542 moxque
3426 2471 3769 2540 subiunctum

2191 2566 2319 2612 est:
2358 2575 2379 2608 ι
2411 2558 2481 2614 Et
2510 2557 2640 2617 fecit
2682 2560 2781 2626 sic,
2820 2561 3026 2617 vadens
3083 2562 3261 2618 nudus
3308 2571 3365 2617 et
3415 2564 3771 2620 discalceatus

2189 2646 2324 2717 (Ita.
2358 2659 2472 2720 ιιι).
2517 2668 2537 2702 ι
2599 2649 2666 2704 Et
2710 2651 3006 2707 notandum
3053 2652 3177 2721 quia
3224 2667 3329 2709 non
3380 2653 3540 2709 molle
3578 2655 3768 2710 catha-

2190 2738 2390 2804 sinum,
2422 2755 2529 2796 non
2568 2742 2894 2798 stamineum
2926 2743 3245 2812 delicatum;
3296 2744 3410 2810 sed,
3473 2745 3569 2812 ait,
3623 2744 3767 2802 solve

2189 2846 2408 2890 saccum
2438 2833 2503 2888 de
2532 2832 2729 2889 lumbis
2751 2835 2874 2890 tuis.
2907 2833 2977 2890 Ut
2997 2850 3064 2890 ex
3084 2835 3252 2891 vestis
3279 2836 3501 2892 mollitie
3547 2836 3768 2906 colligas

2188 2939 2351 2994 quam
2374 2923 2623 2991 delicate,
2679 2938 2843 2993 quam
2879 2925 3117 2981 molliter
3158 2926 3395 2982 vixerint
3419 2941 3769 2997 quoscunque

499 3042 605 3081 una
644 3027 828 3082 minus
876 3027 930 3081 in
956 3026 1163 3097 judicio
1209 3026 1427 3096 accipit,
1464 3033 1519 3080 et
1546 3024 1793 3088 laetatur;
1825 3030 2085 3092 praeterea

2189 3015 2353 3069 etiam
2386 3015 2486 3069 sub
2529 3014 2648 3086 lege
2698 3016 2870 3070 veteri
2918 3015 3152 3087 Spiritus
3204 3016 3450 3072 veritatis
3506 3015 3766 3084 implvit.

496 3118 734 3187 gaudere
784 3130 844 3173 se
890 3116 1019 3171 dicit
1078 3117 1132 3171 in
1178 3116 1380 3187 frigore
1416 3123 1472 3169 et
1508 3114 1757 3169 nuditate
1803 3111 1901 3184 (II
1961 3110 2082 3166 Cor.

495 3209 587 3280 v).
630 3208 827 3265 Petrus
881 3225 1006 3266 cum
1056 3208 1386 3278 coapostolis
1436 3206 1688 3261 omnibus
1750 3203 2082 3275 flagellatur,

496 3301 750 3355 atteritur
787 3302 840 3355 in
897 3300 1130 3356 concilio
1161 3298 1595 3363 Pharisaeorum;
1639 3304 1695 3351 et
1739 3309 1928 3350 omnes
1974 3294 2088 3364 glo-

495 3388 715 3443 riantur
736 3399 899 3459 atque
929 3390 1245 3460 tripudiant,
1269 3388 1395 3456 quia
1426 3386 1677 3456 dignatus
1707 3395 1789 3441 est
1811 3401 1905 3442 eos
1929 3385 2086 3441 Jesus

490 3492 592 3547 pro
628 3492 728 3533 suo
763 3479 983 3533 nomine
1034 3477 1390 3533 contmnelias
1434 3476 1546 3546 pati
1596 3476 1740 3547 (Act.
1773 3475 1859 3549 v).
1918 3477 2085 3532 David

492 3568 732 3639 prepriis
761 3569 1096 3624 indumentis
1128 3579 1349 3635 exutus,
1389 3577 1445 3625 et
1467 3569 1653 3639 Ephod
1687 3569 1832 3625 lineo
1858 3572 2084 3640 praecin-

496 3670 641 3726 ctus,
673 3670 801 3717 ante
854 3676 1039 3716 arcam
1088 3662 1300 3717 Domini
1353 3662 1484 3718 totis
1534 3663 1740 3717 viribus
1787 3662 1978 3728 saltat;
2032 3672 2085 3718 ct

490 3770 601 3809 non
646 3768 801 3809 suam
858 3753 952 3809 sed
984 3755 1079 3809 Dei
1131 3754 1356 3827 gloriam
1410 3771 1683 3825 quaerens,
1731 3765 1896 3825 atque
1931 3772 1961 3809 a
2002 3772 2083 3810 re-

492 3846 627 3919 galis
656 3847 798 3917 genii
835 3847 1102 3919 gravitate
1152 3848 1450 3911 declinans,
1483 3848 1535 3901 iu
1572 3848 1666 3902 Dei
1692 3849 2082 3916 omnipotentis

492 3941 702 3995 honore
726 3938 1042 4010 conjubilat.
1074 3938 1171 3994 Cui
1200 3938 1395 3993 Michol
1427 3957 1439 3992 :
1484 3957 1501 3989 ι
1541 3938 1712 4006 Quam
1760 3937 1923 4008 710
1973 3937 2083 4008 glo-

490 4028 692 4095 riosus,
723 4028 914 4098 inquit,
948 4028 1105 4083 hodie
1131 4027 1231 4082 fuit
1280 4044 1374 4082 rex
1433 4027 1630 4093 lsrael,
1682 4027 2080 4098 discoopcrieus

490 4137 551 4177 se
573 4131 699 4176 ante
721 4120 948 4176 ancillas
992 4135 1273 4175 servorum
1305 4135 1525 4174 suorum
1557 4120 1569 4172 !
1620 4128 1674 4174 et
1709 4119 1945 4174 nudatus
1977 4127 2074 4183 est,

489 4213 647 4282 quasi
677 4212 721 4267 si
772 4211 1008 4267 nudetur
1055 4227 1192 4266 unus
1218 4212 1316 4266 ’de
1350 4210 1557 4266 scurris
1616 4208 1698 4281 (II
1754 4208 1883 4280 Reg.
1918 4207 2013 4278 vi).
2056 4227 2075 4259 ι

491 4285 722 4373 superbi
750 4301 957 4356 scilicet
983 4302 1128 4371 regis
1154 4301 1262 4355 illia
1300 4301 1661 4355 humilitatem
1711 4299 1812 4353 viri
1860 4308 2078 4369 portare

2189 3102 2364 3173 Reges
2406 3104 2573 3174 igitur
2600 3120 2665 3160 ac
2705 3105 3013 3176 prophetas,
3042 3106 3149 3160 imo
3173 3102 3449 3172 Salvator,
3482 3107 3688 3176 pariter
3714 3115 3769 3160 et

2188 3193 2419 3262 apostoli
2449 3208 2791 3264 nequaquam
2819 3197 2972 3251 veriti
3003 3207 3129 3251 sunt
3162 3197 3377 3263 nudari,
3407 3213 3528 3251 cum
3560 3198 3615 3253 id
3634 3199 3766 3251 ordo

2185 3283 2579 3352 persecutionis
2604 3285 2861 3353 expetiit;
2893 3292 2948 3338 et
2990 3294 3067 3348 tu,
3093 3284 3248 3354 quasi
3285 3286 3590 3340 dominicus
3632 3286 3766 3340 deli-

2187 3381 2362 3437 catus,
2395 3372 2552 3428 times
2577 3376 2751 3428 nudus
2788 3375 2976 3445 aspici,
3008 3391 3076 3430 ne
3107 3383 3158 3430 te
3183 3376 3459 3446 contingat
3490 3378 3665 3432 oculis
3686 3379 3765 3431 vi-

2186 3463 2425 3519 dentium
2455 3463 2751 3518 fascinari!
2788 3465 2853 3518 Et
2891 3480 3073 3519 revera
3123 3465 3322 3520 fratres
3356 3467 3430 3519 tui
3468 3465 3595 3535 pulli
3640 3475 3767 3522 sunt

2184 3572 2473 3614 corvorum
2502 3556 2591 3626 qui
2625 3557 2834 3613 Domini
2866 3557 2949 3612 sui
2989 3566 3207 3627 portare
3234 3558 3538 3628 gloriantur
3564 3573 3735 3630 oppro

2183 3652 2395 3717 brium;
2432 3661 2509 3716 tu,
2548 3650 2689 3705 sicut
2724 3650 2943 3715 dicitur,
2972 3650 3113 3706 ﬁlius
3135 3650 3346 3722 gallina:
3374 3650 3530 3715 albae,
3562 3651 3765 3721 gaudes

2183 3754 2407 3800 ornatus
2447 3759 2510 3798 ac
2544 3742 2803 3797 nititlulus
2838 3757 3121 3813 apparere.
3162 3741 3267 3798 Sed
3306 3743 3431 3797 dum
3477 3756 3761 3797 corvorum

2183 3836 2486 3891 contemnis
2543 3834 2908 3905 superbientio
2958 3835 3315 3904 nigretlinem,
3371 3832 3557 3902 leprze,
3597 3846 3760 3903 quam

2183 3925 2266 3981 lex
2292 3926 2513 3979 autiuua
2541 3925 2850 3988 denuntiat,
2875 3924 3109 3978 incurris
3130 3914 3409 3977 alborem.‘

2696 4015 2855 4084 711
2898 4012 3124 4068 CAPUT
3166 4013 3248 4067 vr.

2510 4105 2757 4171 Corporis
2790 4104 2952 4157 nostri
2982 4102 3152 4157 vilitas
3181 4119 3244 4157 ac
3277 4103 3432 4173 fetor.

2250 4196 2385 4270 Age,
2422 4197 2612 4260 frater,
2650 4194 2779 4266 quid
2828 4204 2911 4250 est
2962 4210 3090 4250 caro
3140 4194 3265 4260 ista,
3295 4209 3459 4264 quam
3510 4193 3762 4251 videlicet

2187 4294 2295 4341 tam
2334 4286 2577 4357 diligenti
2626 4299 2757 4340 cura
2814 4284 3053 4340 vestibus
3112 4284 3377 4356 conlegis,
3408 4293 3462 4340 et
3501 4293 3758 4356 tanquam

490 4410 599 4449 non
625 4393 818 4465 potuit,
845 4401 1008 4461 atque
1030 4392 1234 4448 idcirco
1262 4392 1542 4460 nuditatis,
1567 4407 1687 4463 quae
1725 4392 1955 4447 Domino
1977 4391 2076 4445 mi-

2189 4378 2388 4448 regiam
2426 4376 2667 4432 sobolem
2703 4375 2943 4430 molliter
2984 4375 3192 4431 uutri's?
3235 4375 3425 4433 Nonne
3454 4390 3632 4433 massa
3661 4392 3763 4447 pu-

492 4484 783 4550 nistrabat,
812 4483 1039 4554 gloriam
1064 4499 1171 4538 non
1203 4483 1474 4554 cognovit.

560 4575 749 4631 Talem
801 4590 930 4646 ergo
988 4583 1269 4645 merentur
1318 4575 1522 4650 habere
1593 4574 1908 4651 magistram
1979 4576 2075 4646 qui

491 4686 711 4727 carnem
755 4685 907 4726 suam
934 4683 1120 4724 coram
1167 4667 1432 4724 fratribus
1468 4666 1759 4738 perhibent
1803 4684 1909 4723 non
1956 4684 2078 4723 esse

490 4762 825 4819 nudandam.
879 4761 947 4816 Et
971 4761 1231 4831 quoniam
1283 4759 1396 4827 isti,
1453 4768 1767 4816 arescentes
1808 4761 1863 4815 in
1894 4760 2076 4814 radice

491 4852 784 4921 superbiae,
810 4867 1086 4921 nunquam
1110 4851 1448 4921 spiritualem
1481 4851 1788 4923 germinant
1819 4849 2076 4914 fructum,

493 4945 582 5001 his
612 4944 806 4997 merito
846 4945 1096 5015 congruit
1125 4945 1269 5016 quod
1304 4945 1369 5000 de
1417 4943 1506 4998 illa
1539 4958 1758 5014 quoque
1797 4941 2075 5011 Scriptura

496 5039 747 5095 testatur,
770 5031 955 5087 dicens
984 5051 996 5087 :
1037 5053 1053 5086 ι
1082 5033 1251 5106 igitur
1281 5032 1476 5089 Michol
1508 5033 1632 5089 lilia:
1661 5032 1790 5088 Saul
1833 5047 1936 5086 non
1994 5040 2078 5086 est

496 5136 660 5180 natus
708 5124 851 5179 illius
901 5141 1071 5194 usque
1128 5128 1180 5181 in
1232 5128 1373 5182 diem
1426 5125 1616 5181 mortis
1660 5124 2008 5195 sum(lbid.).
2051 5144 2068 5177 ι

493 5216 632 5271 Nam
663 5223 716 5269 et
738 5213 826 5269 isti
865 5216 1059 5269 merito
1087 5210 1340 5271 deberent
1369 5233 1402 5272 ρ.
1426 5217 1579 5273 vobis
1607 5233 1730 5271 cum
1758 5216 2077 5272 austeritate

497 5307 709 5378 repelli,
740 5307 883 5360 sicut
910 5306 1057 5359 illam
1084 5306 1252 5362 David
1277 5308 1390 5363 suis
1420 5308 1858 5378 responsionibus
1880 5305 2072 5378 fregit:

2180 4470 2440 4527 tredinis?
2475 4485 2659 4527 nonne
2687 4470 2914 4534 vermis,
2944 4471 3121 4540 pulvis
3153 4486 3218 4526 ac
3264 4471 3443 4527 cinis?
3471 4471 3582 4528 Nec
3634 4473 3760 4537 iste,

2177 4563 2272 4633 qui
2299 4572 2445 4616 nunc
2469 4568 2573 4625 est,
2598 4575 2629 4614 a
2657 4561 2898 4631 sapiente
2924 4560 3043 4616 viro
3083 4560 3384 4615 attenditur
3409 4601 3424 4626 ,
3453 4561 3548 4617 sed
3577 4561 3758 4632 potius

2180 4652 2400 4723 dignum
2464 4659 2547 4707 est
2595 4661 2654 4706 ut
2706 4652 2904 4718 sanies,
2959 4652 3130 4718 virus,
3190 4652 3349 4719 fetor,
3402 4663 3457 4707 et
3511 4642 3776 4707 obscena!

2180 4743 2550 4812 corruptionis
2586 4743 2820 4808 illuvies,
2870 4757 2991 4812 quae
3043 4743 3386 4814 postmodum
3428 4742 3611 4800 futura
3657 4752 3760 4810 εει,

2182 4828 2568 4904 perpendetur.
2618 4832 2761 4899 Quas
2791 4847 2919 4902 ergo
2950 4833 3156 4904 gratias
3202 4832 3298 4888 tibi
3351 4829 3593 4887 referent
3642 4846 3763 4886 ver-

2179 4937 2324 4987 mes,
2376 4921 2469 4991 qui
2510 4920 2754 4977 voraturi
2798 4932 2925 4975 sunt
2977 4937 3171 4977 carnes
3219 4936 3356 4991 quas
3418 4919 3655 4976 molliter
3699 4934 3763 4973 ac

2179 5014 2418 5069 suaviter
2464 5013 2753 5070 enutristi?
2806 5013 2949 5084 Age,
3009 5002 3248 5083 inquam,
3295 5028 3392 5066 cur
3430 5025 3623 5082 passus
3678 5021 3762 5065 est

2177 5103 2464 5159 Christus?
2488 5106 2569 5158 Au
2604 5114 2660 5158 ut
2684 5103 2932 5173 proprios
2962 5110 3143 5157 reatus
3185 5100 3446 5167 ablueret,
3490 5108 3544 5156 et
3568 5115 3764 5155 exces-

2178 5211 2271 5250 sus
2299 5196 2379 5250 sui
2405 5195 2695 5250 commissa
2724 5192 2974 5247 deleret?
3012 5189 3119 5246 Sed
3146 5191 3268 5244 audi
3309 5190 3526 5244 Petrum
3568 5191 3637 5243 de
3669 5188 3761 5241 illo

2179 5288 2450 5344 dicentem
2496 5307 2508 5341 :
2555 5307 2573 5339 ι
2634 5285 2735 5353 Qui
2782 5291 3064 5354 peccatum
3113 5297 3220 5336 non
3254 5282 3402 5347 fecit,
3449 5296 3548 5336 nec
3602 5278 3763 5335 dolus

2928 5389 2947 5396 _
3004 5372 3089 5396 111
3136 5369 3254 5396 ΙΙ-.-
3307 5372 3369 5396 ..\
3434 5392 3447 5396 _
3509 5368 3575 5396 ..Ι
3632 5370 3758 5396 ηυξ.
