4138 6320
366 391 475 449 εδδ

1208 384 1444 440 ορυδο.
1488 386 1671 441 ων.
1708 418 1777 427 —
1817 386 1903 442 DE
1942 387 2169 449 DECES!
2208 391 2485 453 .‘EGYPT!
2518 395 2782 455 PLAGIS.

3501 410 3604 469 686

368 499 674 573 exemplum
701 509 757 556 ut
785 500 1086 571 sequamini
1107 502 1335 568 vestigia
1356 514 1476 569 ejus
1500 500 1546 567 (1
1555 500 1584 555 Ι
1619 498 1761 555 Patr.
1786 511 1867 573 ιι).
1908 520 1926 554 ι
1958 511 2007 567 Α
2037 508 2230 559 latura:
2257 521 2477 574 pramua
2507 511 2877 566 retributionis
2901 513 3328 583 contemplatur,
3360 532 3457 574 nec
3480 536 3605 590 per.

377 594 631 649 Christus
657 606 785 660 ergo
804 591 980 660 primo
1012 604 1201 659 passus
1227 597 1332 655 est,
1363 603 1522 658 quem
1545 590 1786 658 protinus
1815 604 1942 658 apo-

370 682 493 739 stoli
519 691 646 738 sunt
675 682 879 744 secuti,
912 695 1142 750 quorum
1190 687 1244 734 et
1284 694 1383 733 nos
1428 679 1649 749 vestigia
1700 680 1941 751 praecipi-

372 788 494 828 mur
524 771 747 832 imitari,
776 770 913 824 sicut
961 784 1101 823 unus
1134 782 1323 823 eorum
1369 767 1499 822 dicit
1529 785 1542 821 :
1579 787 1597 818 ι
1633 767 1941 824 lmitatores

367 863 473 918 mei
517 871 710 925 estote,
736 862 880 915 sicut
906 870 960 915 et
993 876 1094 931 ego
1136 859 1337 915 Christi
1382 859 1438 931 (Ι
1484 857 1607 915 Cor.
1642 860 1742 927 xi).
1794 878 1813 912 ι
1856 861 1938 915 Ad

365 951 497 1022 quid
520 965 653 1021 ergo
677 950 954 1005 Christum
981 949 1207 1019 legimus
1236 964 1475 1018 passum,
1503 950 1607 1004 nisi
1646 958 1705 1003 ut
1737 947 1859 1019 ejus
1902 964 1938 1006 e

366 1039 594 1106 vestigio
614 1053 1008 1108 prosequamur
1031 1037 1373 1107 exemplum?

438 1127 679 1183 Obsecro
711 1128 892 1196 itaque
919 1142 1036 1191 vos,
1061 1127 1399 1181 dilectissimi
1423 1168 1437 1192 ,
1471 1142 1632 1183 aures
1674 1138 1878 1183 vestras
1904 1144 1935 1183 a

368 1217 697 1287 serpentinis
743 1231 996 1285 perversa
1046 1217 1379 1287 loquentium
1430 1218 1603 1272 sibilis
1653 1220 1932 1286 claudite,

358 1322 563 1376 easque
589 1308 641 1361 in
673 1306 1016 1375 simplicitate
1060 1307 1311 1376 pauperis
1364 1317 1419 1362 et
1464 1309 1707 1362 cruciﬁxi
1734 1309 1934 1365 Christi

359 1395 489 1450 Jesu
520 1396 756 1465 virgines
777 1396 1075 1461 custodite;
1108 1411 1330 1450 aureum
1353 1395 1639 1465 Babylonis
1658 1398 1929 1466 poculum,

364 1496 421 1539 et
444 1486 664 1539 calicem
719 1487 814 1540 ira:
866 1486 982 1551 Dei,
1027 1486 1118 1555 qui
1168 1486 1319 1540 vobis
1364 1485 1558 1541 blande
1613 1490 1930 1559 porrigitur,

358 1577 434 1630 ab
470 1591 566 1631 ore
609 1586 789 1632 vestro
834 1577 1112 1647 repellite;
1164 1578 1415 1647 pestifera
1466 1580 1821 1648 superborum
1878 1589 1933 1635 et

364 1668 780 1723 adulterantium
813 1669 1037 1723 verbum
1088 1670 1182 1724 Dei
1225 1685 1429 1725 venena
1464 1672 1653 1727 vitate.
1709 1674 1785 1727 De
1816 1675 1933 1743 qui—

362 1756 464 1810 bus
497 1758 564 1810 ad
603 1757 942 1812 Timotheum
980 1759 1271 1828 Apostolus
1306 1761 1437 1815 dicit
1479 1779 1493 1815 :
1550 1781 1569 1814 ι
1616 1762 1847 1817 Profana
1877 1772 1932 1817 et

2041 596 2309 651 horrescit
2336 597 2615 669 plagarum
2644 601 2744 655 sub
2774 612 3050 658 momento
3079 604 3350 662 volantem
3391 614 3600 680 asperi-

2039 694 2204 741 tatem
2231 689 2321 758 qui
2366 692 2588 759 provide
2633 691 2937 746 considerat
2972 708 3089 747 eam
3134 710 3254 765 quae
3303 698 3405 754 sibi
3456 716 3603 757 como

2036 778 2308 845 pensanda
2340 788 2422 833 est
2451 780 2733 835 suavitatis
2761 790 2975 836 acterna:
3000 783 3359 843 dulcedinem.

2107 867 2152 922 Ο
2181 884 2341 938 quam
2358 868 2686 937 jucundum!
2718 888 2750 926 ο
2774 888 2933 945 quam
2963 874 3172 945 insigne
3200 880 3597 946 spectaculum!

2035 974 2157 1015 cum
2188 977 2452 1031 supernus
2479 961 2650 1018 Judex
2699 965 2764 1021 de
2790 966 2931 1020 cmlo
2976 978 3307 1037 prospectat,
3351 981 3405 1026 et
3441 973 3602 1030 homo

2034 1053 2377 1122 semetipsum
2410 1054 2463 1108 in
2494 1054 2841 1111 inferioribus
2866 1072 2966 1126 pro
2996 1058 3108 1113 suis
3139 1059 3349 1116 delictis
3388 1064 3596 1118 mittat!

2035 1141 2135 1196 Ubi
2161 1158 2284 1196 reus
2312 1144 2444 1213 ipse,
2462 1145 2513 1198 in
2540 1148 2774 1214 pectoris
2796 1150 2878 1204 sui
2905 1148 3263 1205 tribunalibus
3286 1154 3600 1222 prasidens,

2033 1232 2300 1285 trifarium
2352 1243 2493 1288 tcnct
2522 1233 2784 1301 oﬂicium;
2820 1237 2874 1291 in
2919 1237 3080 1292 corde
3106 1254 3165 1293 se
3216 1242 3485 1295 constituit
3514 1243 3603 1311 ju—

2034 1322 2226 1387 dicem,
2257 1338 2408 1377 reum
2438 1324 2491 1377 in
2519 1340 2765 1393 corpore,
2800 1328 3048 1381 manibus
3074 1343 3130 1382 se
3157 1330 3352 1399 gaudet
3378 1330 3603 1386 exhibe-

2032 1427 2091 1465 re
2126 1422 2414 1480 tortorem;
2462 1430 2525 1468 ac
2556 1416 2599 1469 si
2653 1416 2762 1470 Deo
2812 1427 3033 1473 sanctus
3085 1419 3355 1487 ptenitens
3408 1420 3598 1476 dicat:

2030 1503 2145 1558 Non
2194 1520 2329 1573 opus
2383 1514 2486 1569 est,
2545 1505 2791 1569 Domine,
2842 1516 2898 1558 ut
2938 1505 3113 1561 otiicio
3150 1515 3242 1561 tuo
3278 1522 3363 1562 me
3408 1509 3602 1578 punire

2029 1594 2341 1665 praecipias;
2378 1610 2483 1648 non
2520 1596 2735 1664 expedit
2772 1605 2830 1649 ut
2872 1596 2983 1665 ipse
3032 1612 3117 1651 me
3156 1595 3285 1664 justi
3331 1598 3599 1653 examinis

2030 1685 2235 1740 ultione
2276 1685 2576 1753 percellas;
2616 1686 2728 1755 ipse
2757 1686 2887 1740 mihi
2918 1704 3108 1743 manus
3132 1688 3337 1756 injicio,
3364 1690 3479 1759 ipse
3530 1691 3599 1745 de

2033 1791 2119 1830 me
2146 1776 2439 1831 vindictam
2465 1776 2641 1846 capio,
2670 1777 2952 1845 vicemque
2982 1779 3115 1832 meis
3139 1780 3376 1847 peccatis
3409 1781 3594 1836 reddo.

363 1846 676 1938 vaniloquia
719 1848 933 1905 devita:
967 1850 1193 1904 multum
1233 1852 1379 1906 enim
1416 1854 1707 1922 proﬁciunt
1736 1855 1800 1909 ad
1830 1856 1931 1908 im-
1962 1855 2007 1915 Β
2034 1866 2099 1920 Et
2133 1868 2235 1921 hoc
2270 1876 2354 1922 est
2388 1866 2630 1936 profecto
2673 1868 2815 1937 quod
2860 1867 3051 1922 Petrus
3092 1846 3365 1938 apostolus
3411 1871 3599 1923 adma.

360 1935 666 2004 pietatem;
706 1946 762 1992 et
806 1953 986 1996 sermo
1032 1955 1218 1995 eorum
1266 1950 1325 1995 ut
1367 1958 1567 1998 cancer
1616 1947 1782 2014 serpit
1830 1945 1927 2014 (II

355 2020 499 2079 Tim.
525 2028 607 2096 ιι).
651 2046 669 2078 ι
704 2028 781 2083 Ne
803 2030 955 2084 vobis
991 2039 1046 2085 et
1084 2031 1246 2095 mihi,
1292 2032 1434 2102 quod
1480 2033 1616 2088 absit
1650 2036 1663 2088 Σ
1714 2035 1926 2103 gemina

357 2113 596 2170 formido
641 2117 953 2187 contingat,
983 2134 1144 2187 quam
1174 2120 1464 2188 Apostolus
1504 2121 1732 2176 diversis
1780 2123 1932 2191 ponit

361 2203 415 2254 in
446 2202 616 2255 locis:
653 2222 670 2253 ι
708 2203 869 2258 Vobis
910 2206 1127 2274 quidem
1169 2207 1332 2262 timeo
1378 2222 1469 2273 ne,
1517 2208 1660 2262 sicut
1704 2222 1931 2279 serpens

356 2290 530 2345 Evam
560 2293 772 2347 seduxit
796 2295 992 2348 astutia
1019 2310 1139 2360 sua,
1168 2296 1242 2349 ita
1285 2305 1700 2366 corrumpantur
1739 2312 1931 2352 sensus

359 2382 562 2448 vestri,
600 2392 655 2436 et
678 2384 934 2438 excidant
956 2399 992 2438 a
1028 2385 1373 2454 simplicitate
1408 2403 1528 2455 quae
1553 2398 1639 2441 est
1671 2387 1725 2441 in
1765 2386 1925 2442 Chri-

359 2477 448 2524 sto
474 2471 599 2526 lesu
625 2488 639 2536 ;
668 2472 797 2526 mihi
832 2483 1017 2528 autem
1058 2474 1186 2529 illud
1212 2476 1378 2531 timeo
1406 2491 1478 2531 ne
1523 2478 1640 2531 sine
1664 2490 1827 2535 causa
1851 2478 1931 2531 la-

357 2561 663 2615 boraverim
721 2562 779 2615 in
833 2562 983 2618 vobis
1025 2564 1196 2632 (Gen.
1224 2579 1317 2632 tu;
1359 2564 1420 2619 11
1463 2565 1583 2621 Cor.
1618 2564 1735 2636 xi).
1788 2584 1809 2619 ο
1852 2568 1930 2622 De

358 2649 466 2705 illis
504 2651 666 2706 etiam
694 2653 867 2707 dicit:
901 2654 1061 2724 712
1095 2674 1114 2706 ι
1152 2654 1287 2710 Nam
1340 2657 1603 2727 ejusmodi
1661 2659 1930 2728 pseudoa-

357 2740 557 2809 postoli
607 2749 732 2795 sunt
780 2744 1016 2811 aperarii
1072 2744 1316 2811 subdoli,
1375 2746 1823 2817 transﬁgurantes
1870 2762 1931 2804 se

358 2831 417 2885 in
469 2834 740 2901 apostolos
798 2836 1020 2901 Christi,
1075 2854 1302 2907 quorum
1332 2839 1459 2895 ﬁnis
1487 2843 1591 2896 erit
1632 2842 1929 2898 secundum

356 2937 521 2991 Opera
575 2940 762 2981 eorum
796 2927 883 2997 (11
913 2928 1034 2983 Cor.
1071 2930 1169 2999 xi).
1207 2949 1226 2982 ι
1259 2929 1374 2985 Non
1405 2947 1534 3002 ergo
1558 2948 1709 2988 mens
1740 2943 1927 2989 sancta

355 3013 682 3085 participare
735 3031 946 3071 crucem
994 3017 1197 3073 Christi
1254 3021 1307 3073 in
1342 3022 1657 3076 verberibus
1696 3030 1926 3088 metuat,

358 3121 467 3159 non
514 3105 631 3172 ejus
683 3108 1059 3163 contumeliam
1105 3110 1158 3163 in
1206 3111 1450 3166 nuditate
1498 3114 1737 3181 corporis
1795 3126 1925 3167 eru-

2029 1969 2141 2024 uet,
2176 1958 2362 2013 dicens
2395 1975 2408 2012 :
2448 1978 2465 2010 ι
2503 1957 2674 2013 Nemo
2710 1971 2942 2012 vestrum
2977 1960 3212 2029 patiatur
3237 1959 3389 2029 quasi
3418 1960 3595 2014 homi-

2028 2049 2170 2115 cida,
2200 2057 2293 2103 aut
2314 2048 2420 2113 fur,
2451 2058 2541 2102 aut
2574 2049 2894 2112 maledicus,
2931 2058 3021 2101 aut
3061 2048 3357 2104 alienorum
3389 2048 3598 2117 appeti-

2029 2150 2159 2208 tor;
2234 2142 2281 2196 si
2352 2151 2531 2197 autem
2591 2153 2650 2197 ut
2698 2142 3035 2197 Christianus
3069 2183 3085 2208 ,
3140 2159 3245 2196 non
3307 2143 3597 2199 erubescat

2029 2232 2083 2304 (1
2116 2232 2266 2288 Pctr.
2297 2232 2393 2302 tv).
2441 2252 2461 2284 ι
2497 2232 2786 2286 Enimvero
2816 2231 2907 2285 ubi
2951 2231 3053 2284 hoc
3100 2231 3178 2296 lit,
3209 2228 3479 2284 diemones
3521 2230 3602 2285 fu-

2027 2326 2213 2397 giunt.
2264 2334 2321 2380 et
2361 2324 2503 2396 quod
2542 2323 2610 2377 ad
2661 2320 2862 2377 Christi
2913 2321 3137 2391 gloriam
3187 2334 3485 2389 eorumque
3538 2318 3600 2374 lit

2028 2418 2403 2487 ignomi:.iam,
2443 2427 2664 2469 cernere
2699 2413 3145 2482 perhorrescunt.
3194 2410 3331 2465 Huic
3374 2417 3601 2464 econtra

2029 2508 2341 2580 Spectacnlo
2371 2506 2634 2562 assistunt
2666 2504 2858 2575 angeli,
2891 2505 2980 2573 qui
3030 2502 3263 2573 gaudent
3305 2501 3370 2554 de
3413 2514 3602 2569 pecca-

2031 2610 2146 2654 tore
2173 2613 2434 2657 converso
2455 2595 2603 2667 (Luc.
2633 2596 2758 2664 xv);
2784 2607 2837 2649 et
2871 2595 2974 2648 hoc
3009 2593 3120 2646 Deo
3157 2590 3451 2661 gaudentes
3502 2605 3602 2644 an-

2029 2690 2300 2749 nuntiaut.
2326 2703 2448 2743 cum
2480 2687 2592 2754 jam
2617 2684 2901 2740 invisibilis
2921 2681 3093 2738 Judex
3119 2680 3169 2736 id
3209 2680 3382 2749 ipsum
3413 2695 3511 2750 per
3540 2694 3601 2734 se

2029 2779 2426 2837 delectabiliter
2452 2786 2663 2836 cernat.
2716 2775 2841 2831 Haec
2863 2785 2946 2829 est
2980 2774 3155 2829 hostia
3181 2788 3300 2842 qua:
3327 2771 3448 2827 viva
3482 2786 3602 2827 ma-

2029 2880 2234 2936 ctatur,
2258 2871 2325 2928 ad
2350 2870 2519 2926 Deum
2561 2884 2658 2938 per
2706 2865 2925 2936 angelos
2980 2864 3160 2919 oblata
3215 2862 3488 2926 defertur;
3545 2871 3604 2915 et

2030 2962 2111 3017 sic
2149 2961 2372 3016 humani
2441 2957 2687 3027 corporis
2730 2956 2949 3010 victima
2999 2955 3072 3008 illi
3126 2954 3287 3008 unico
3334 2952 3602 3007 sacriﬁcio

2031 3051 2177 3123 quod
2208 3051 2259 3103 in
2298 3065 2394 3102 ara
2433 3048 2612 3102 crucis
2659 3045 2897 3100 oblatum
2947 3052 3049 3109 est,
3107 3043 3448 3098 invisibiliter
3479 3057 3602 3110 per-

2032 3144 2321 3203 miscetur;
2355 3149 2411 3194 ct
2458 3140 2535 3193 sic
2570 3139 2623 3191 in
2679 3152 2786 3191 uno
2818 3139 3068 3191 thesauro
3117 3135 3443 3190 sacriﬁciqu
3490 3148 3601 3188 om-

357 3196 579 3264 bcscal’
638 3215 757 3253 cum
790 3200 1217 3295 ipse_dicm_:,_i
1251 3202 1351 3295 Qui
1395 3218 1482 3295 ωεῖ
1540 3204 1819 3258 erubuerit
1871 3191 2097 3289 etcne
2155 3191 2489 3295 reconditur,
2550 3228 2802 3283 videlicet
2859 3236 2914 3281 et
2977 3226 3120 3295 quod
3178 3222 3599 3292 unumquodque

360 3303 510 3344 meos
553 3304 867 3357 sermones,
926 3293 1070 3348 hunc
1110 3292 1283 3347 Filius
1332 3294 1568 3348 hominis
1620 3295 1921 3359 erubescet,

357 3395 482 3435 cum
514 3385 723 3437 venerit
750 3384 804 3437 in
827 3384 1109 3454 majestate
1136 3401 1228 3441 sua
1248 3425 1264 3449 ,
1306 3395 1361 3439 et
1399 3384 1599 3449 Patris,
1628 3395 1683 3440 et
1711 3401 1926 3443 sancto-

359 3485 479 3524 rum
509 3471 819 3543 angelorum
846 3472 996 3543 (Luc.
1027 3475 1125 3545 rx).
1164 3494 1185 3526 δ
1219 3474 1506 3545 Nunquam
1544 3476 1702 3545 plane
1747 3478 1812 3531 de
1840 3476 1923 3531 sui

358 3564 604 3631 corporis
632 3565 874 3619 nuditate
901 3563 1247 3621 confunditur
1275 3567 1366 3635 qui
1389 3565 1537 3622 clara
1581 3567 1780 3621 mentis
1808 3566 1925 3621 acie

367 3770 2074 3795 Ἦ

2026 3323 2361 3385 membrum,
2412 3328 2466 3374 et
2519 3317 2661 3390 quod
2720 3326 2884 3388 caput
2941 3315 3180 3370 omnium
3235 3314 3434 3370 obtulit
3483 3312 3595 3368 ele-

2026 3424 2259 3469 ctorum.

2351 3500 2431 3557 Sit
2468 3516 2652 3554 nomen
2692 3497 2900 3553 Domini
2938 3496 3281 3551 benedictum.

2633 3759 3572 3789 Μ

424 3901 779 3975 ⁷¹³“⁷¹⁶
833 3922 1607 4027 OPUSCULUM
1668 3918 2801 4046 QUADRAGESIMUM
2857 3912 3535 4042 QUARTUM.

986 4126 1094 4186 DE
1131 4124 1403 4186 DECEM
1444 4124 1765 4187 JEGYPTI
1819 4124 2137 4199 PLAGIS,
2192 4124 2461 4196 ATQUE
2504 4120 2957 4183 DECALOGO.

356 4442 750 4514 [incensurum
781 4468 849 4478 —
872 4435 1181 4514 Perniciosa
1211 4435 1454 4514 quaedam
1484 4442 1537 4514 et
1569 4433 1842 4489 teterrima
1874 4432 2024 4514 vitia,
2069 4446 2190 4514 quas
2229 4430 2295 4485 ab
2323 4429 2575 4514 omnibus
2596 4469 2611 4493 ,
2646 4437 2701 4510 et
2727 4427 2997 4514 praecipue
3043 4426 3112 4482 ab
3147 4426 3229 4514 iis
3259 4425 3353 4514 qui
3398 4425 3599 4507 arctius

425 4512 548 4564 vita:
578 4511 878 4563 institutum
903 4498 1263 4575 arripueruni,
1298 4505 1559 4575 evitanda
1579 4519 1721 4567 esse,
1757 4518 1852 4575 per
1883 4498 2105 4572 Aigypti
2134 4503 2317 4571 plagas
2345 4500 2609 4575 indicari;
2645 4500 2728 4565 iis,
2782 4509 3040 4568 tanquam
3082 4498 3348 4565 antidota,
3393 4511 3512 4568 qua:
3539 4498 3593 4551 in

426 4580 690 4651 Decalogo
715 4571 1060 4634 continentur
1087 4586 1355 4647 praecepta
1392 4574 1599 4644 singula
1623 4574 1850 4644 singulis
1875 4587 1941 4627 ex
1972 4571 2241 4627 diametro
2269 4571 2467 4642 opponi
2498 4571 2675 4625 docet.

422 4742 780 4797 Dilectissimo
808 4739 960 4794 fratri
985 4737 1171 4793 Jonuvt
1197 4735 1311 4806 jam
1330 4751 1437 4791 non
1462 4733 1748 4794 Laudensi,
1777 4732 1921 4787 ideo-
1949 4736 1999 4797 D
2026 4732 2136 4787 rica
2164 4730 2429 4793 munitus,
2473 4738 2527 4785 et
2567 4728 2961 4795 insurgentium
3008 4725 3244 4781 hostium
3285 4720 3466 4806 iacula
3505 4735 3594 4773 re-

352 4851 460 4906 quc
485 4833 739 4889 laudabili
785 4833 922 4898 viro,
976 4830 1191 4885 Psrnus
1220 4838 1472 4900 peccator
1506 4827 1802 4882 monachus
1828 4840 1919 4879 na-

355 4937 522 4982 ternae
556 4924 857 4981 dilectionis
883 4923 1151 4977 aﬂectmn.

423 5015 804 5085 Contempsisti
840 5029 1028 5082 nuper,
1066 5013 1163 5077 (ili,
1208 5012 1564 5072 Pharaonem,
1621 5017 1675 5064 et
1704 5007 1924 5077 superbi

356 5107 498 5177 regis
549 5122 612 5161 ac
655 5105 1007 5176 Opprimentis
1044 5102 1261 5174 [Egypti
1302 5102 1461 5158 simul
1494 5100 1835 5155 abominatus
1864 5115 1923 5152 es

353 5199 669 5252 servitutem
694 5212 709 5260 ;
734 5208 955 5249 necesse
981 5202 1064 5248 est
1100 5208 1230 5262 ergo
1260 5207 1403 5246 nunc
1442 5200 1521 5257 ut,
1549 5190 1802 5260 gradiens
1829 5202 1925 5257 per

353 5289 654 5353 desertum,
706 5287 871 5345 multa
913 5286 1264 5340 tentationum
1295 5299 1494 5353 genera
1529 5282 1725 5337 subeas
1748 5320 1764 5344 ,
1806 5280 1924 5334 sitis

354 5392 417 5434 ac
450 5378 607 5433 famis
634 5377 866 5447 impiam
897 5377 1158 5446 perferas,
1191 5383 1247 5429 et
1267 5375 1348 5429 sic
1374 5389 1469 5442 per
1498 5387 1800 5426 aerumnosa
1833 5384 1922 5439 pe-

355 5468 524 5524 ricula
583 5469 915 5536 diversrcque
961 5464 1284 5520 calamitatis
1314 5463 1590 5533 angustias
1618 5462 1686 5515 ad
1724 5471 1920 5513 terram

353 5559 786 5629 repromissionis
818 5558 1069 5627 attingas.
1104 5554 1328 5623 Oportet
1352 5569 1481 5624 ergo
1511 5562 1563 5606 te
1592 5552 1660 5607 ad
1685 5560 1922 5605 montem

354 5646 502 5703 Sinai
524 5663 646 5704 cum
675 5646 940 5704 Hebraico
978 5643 1172 5716 populo
1200 5642 1487 5704 festinare,
1514 5652 1567 5695 et
1600 5640 1709 5694 illic
1732 5639 1923 5693 divinze

354 5738 486 5809 legis
508 5739 759 5794 mandata
786 5738 1089 5808 percipere,
1120 5744 1201 5801 ut,
1229 5734 1313 5788 his
1334 5741 1587 5804 tanquam
1614 5729 1732 5786 telis
1755 5745 1814 5783 ac
1851 5732 1925 5781 ’οο

2023 4838 2187 4893 spuas
2219 4832 2273 4875 et
2323 4820 2703 4890 ingruentibus
2726 4817 3056 4887 quibuslibet
3083 4800 3471 4871 adversitatum
3504 4815 3595 4865 ca-

1960 4917 1969 4925 '
2024 4913 2173 4967 sibus
2204 4926 2308 4965 non
2352 4908 2692 4964 succumbas.
2736 4908 2842 4961 Sed
2872 4907 2986 4959 haec
3022 4904 3106 4957 lux
3137 4904 3257 4957 data
3284 4911 3367 4954 est
3400 4900 3597 4969 popqu

2024 5002 2466 5073 quinquagesimo
2500 5001 2586 5054 die
2627 5007 2910 5073 postquam
2938 4995 3138 5065 egressi
3189 5004 3311 5049 sunt
3336 5008 3400 5047 ex
3424 4992 3596 5063 Egy-

2026 5103 2136 5160 pto.
2193 5091 2680 5161 Quinquagesimus
2726 5100 2906 5143 autem
2959 5101 3216 5140 numerus
3267 5085 3599 5154 pa‘nitentiai

2028 5183 2327 5247 dedicatur,
2355 5182 2491 5236 sicut
2516 5195 2613 5250 per
2651 5178 2815 5233 multa
2839 5177 3239 5245 Scripturarum
3280 5183 3595 5243 argumenta

2032 5273 2324 5345 colligitur.
2370 5272 2521 5339 Quod
2578 5280 2633 5325 et
2674 5268 2932 5325 Jubilmus
2988 5267 3256 5336 significat
3295 5280 3490 5330 anuus,
3545 5272 3597 5321 et

2024 5363 2500 5432 quinquagesimus
2556 5359 2641 5413 ille
2692 5359 2951 5429 psalmus,
3004 5371 3166 5425 quem
3209 5355 3379 5409 David
3425 5353 3605 5424 poeni-
3666 5406 3669 5407 ν

2028 5455 2187 5509 tendo
2214 5452 2521 5522 descripsit.
2555 5451 2623 5505 Et
2644 5451 2784 5505 sicut
2810 5449 2884 5504 illi
2909 5450 2961 5503 in
2988 5447 3278 5518 Evangelia
3301 5447 3599 5510 debitores,

2026 5560 2256 5614 quorum
2305 5544 2444 5597 alter
2487 5542 2832 5612 quingentos,
2881 5541 3015 5596 alter
3057 5532 3305 5595 debebat
3336 5538 3608 5610 quinquav

2025 5635 2170 5702 ginta
2221 5631 2471 5688 denarios
2501 5630 2651 5699 (Luc.
2682 5631 2821 5701 vn);
2877 5630 2952 5685 ita
3001 5645 3216 5701 quoque
3253 5628 3347 5699 qui
3376 5626 3601 5685 debebat

2027 5733 2239 5781 centum
2266 5724 2426 5781 cados
2452 5722 2577 5789 olei,
2611 5722 3000 5793 quinquaginta
3025 5721 3266 5799 scribere
3297 5720 3483 5791 illum
3518 5724 3600 5781 εις

2366 5806 2391 5863 i’
3188 5808 3191 5810 ’
3492 5804 3493 5807 “
