4138 6320
543 343 648 400 687

1008 339 1066 397 S.
1091 336 1294 395 PETRI
1332 335 1615 394 DAMIANI
1652 334 1805 394 OPP.
1837 330 2071 391 TOMUS
2111 331 2135 386 ε

2236 329 2241 381 ἶ
2281 329 2459 386 PARS
2494 326 2583 385 ΙΙΙ.
2610 359 2680 369 ——
2719 324 3078 386 OPUSCULA
3117 326 3343 385 VARIA.

3692 330 3806 387 ’688

545 460 698 534 (Luc.
734 455 866 526 vvt).
911 453 1040 521 Qua:
1071 453 1323 509 videlicet
1363 453 1544 507 omnia
1575 448 1908 521 ptenitcntia:
1928 455 2123 503 ouora-
2155 451 2202 508 Α
2228 442 2305 497 illi
2334 443 2427 511 qui
2451 446 2763 497 vulneratus
2784 459 2813 495 a
2848 443 3153 498 latronibus
3184 447 3382 509 fuerat,
3413 442 3654 513 alligavit
3682 449 3807 501 vul-

544 554 727 603 menta
754 541 1048 599 salubriter
1074 540 1305 611 spirant,
1339 540 1385 594 si
1413 554 1519 594 non
1550 538 1729 593 desint
1768 550 1928 591 nares
1967 534 2126 589 intel-

542 637 798 710 ligentiae,
843 650 964 704 qua:
995 632 1236 703 mystcrii
1277 630 1631 702 fragrantiam
1673 629 1943 700 sagaciter
1962 634 2129 681 attra-

542 730 698 784 hant.
729 727 803 784 Ut
849 741 979 797 ergo
1013 728 1212 795 dignus
1239 723 1317 779 sis
1343 723 1541 778 divina:
1576 722 1710 792 legis
1748 721 1927 776 edicta
1957 719 2127 775 susci-

542 832 696 889 pere,
735 828 786 872 te
811 830 907 887 per
926 813 1300 885 paenitentiam
1348 811 1581 882 corrige,
1639 809 1899 880 praeteriti
1947 817 2128 863 reatus

542 908 845 979 nequitiam
873 904 1166 970 confitere;
1194 912 1250 959 et
1276 903 1377 970 sic,
1407 903 1548 958 intra
1575 902 1907 972 pmnitentiae
1935 915 2127 961 nume-.-

543 1013 665 1051 rum
695 1009 946 1058 currens,
980 1008 1047 1049 ex
1085 991 1426 1047 confessione
1475 988 1683 1060 peccati
1726 988 2014 1058 pervenies
2059 987 2127 1042 ad

542 1095 785 1143 montem
821 1084 935 1140 Dei.
966 1083 1035 1137 Et
1055 1083 1157 1137 hoc
1181 1081 1461 1152 aptissime
1486 1080 1736 1150 congruit
1772 1078 1917 1149 quod
1973 1092 2129 1133 mons

481 1165 483 1167 1
543 1176 637 1233 ille
674 1175 827 1231 Sinai
883 1174 1102 1239 dicitur,
1162 1172 1307 1243 quod
1351 1171 1512 1225 rubus
1566 1171 1972 1240 interpretatur.
2025 1168 2129 1223 Per

543 1266 739 1322 rubum
773 1279 922 1331 sane,
972 1264 1063 1333 qui
1097 1263 1268 1334 spinis
1298 1262 1534 1331 undique
1575 1262 1830 1332 cingitur,
1879 1270 2129 1330 peccato-

542 1372 666 1411 rum
695 1364 1028 1419 nostrorum,
1077 1367 1197 1422 qua:
1227 1352 1514 1407 Dominum
1556 1358 1822 1423 pungunt,
1860 1351 2128 1420 asperitas

543 1447 877 1519 designatur.
936 1444 1090 1500 Unde
1137 1458 1236 1513 per
1270 1440 1562 1499 Jeremiam
1609 1443 1851 1497 dicitur:
1889 1462 1908 1493 ι
1943 1442 2129 1513 Spinis

540 1545 893 1605 peccatorum
936 1547 1158 1587 suorum
1213 1532 1571 1587 circumdedit
1621 1546 1707 1587 me
1756 1531 1985 1603 populus
2036 1532 2129 1586 hic

543 1626 762 1697 (Thren.
789 1624 895 1697 ιιι).
929 1644 948 1677 ι
999 1623 1066 1678 Et
1090 1624 1145 1679 in
1167 1623 1493 1695 Apocalypsi
1538 1624 1773 1696 legitur:
1814 1643 1833 1676 ι
1866 1624 2005 1692 Quia
2047 1626 2127 1679 vi-

543 1717 691 1772 debit
722 1731 845 1772 eum
877 1716 1056 1771 omnis
1096 1715 1304 1781 oculus,
1342 1725 1398 1771 et
1424 1716 1517 1787 qui
1564 1731 1688 1771 eum
1737 1727 2123 1789 pupugerunt;

542 1817 599 1862 et
627 1807 886 1879 plangent
912 1822 972 1861 se
1001 1821 1164 1876 super
1212 1821 1272 1862 se
1296 1821 1488 1863 omnes
1518 1807 1692 1862 tribus
1728 1816 1886 1863 teme
1935 1808 2120 1879 (Apoc.
2154 1792 2199 1850 Β

542 1896 603 1964 ι).
643 1914 662 1946 ι
698 1895 797 1951 Hic
820 1897 1003 1965 itaque
1031 1910 1186 1950 mons
1206 1904 1450 1951 sanctam
1478 1895 2128 1967 praefiguratEcclesiam,

542 1985 598 2039 in
639 1972 744 2059 qua
790 1985 847 2039 fit
876 1994 931 2040 et
963 1983 1234 2040 confessio
1277 1984 1442 2039 simul
1491 1994 1548 2039 et
1598 1986 1847 2041 remissio
1873 1994 2129 2056 peccato-

539 2089 685 2128 rum.
716 2060 859 2147 Nam
881 2073 1094 2144 Moyses
1122 2074 1174 2127 in
1196 2072 1332 2127 rubo
1366 2072 1651 2129 Dominum
1677 2074 1830 2138 vidit,
1863 2073 1955 2143 qui
1980 2075 2129 2129 vide-

542 2167 671 2221 licet
693 2167 860 2221 rubus
886 2166 1216 2231 Ecclesiam,
1256 2166 1310 2220 in
1337 2181 1443 2236 qua
1473 2166 1734 2220 Dominus
1760 2166 1995 2232 videtur,
2030 2183 2128 2221 ex-

541 2256 760 2327 pressit.
797 2255 950 2312 Unde
983 2265 1037 2311 et
1066 2256 1205 2311 idem
1235 2256 1446 2327 Moyses
1474 2271 1598 2310 cum
1629 2265 1871 2324 peteret,
1901 2248 2086 2310 dicens
2111 2272 2126 2308 :

538 2365 567 2397 4
626 2345 685 2401 Si
713 2346 906 2401 inveni
942 2347 1174 2417 gratiam
1219 2355 1345 2400 ante
1387 2354 1473 2410 te,
1505 2346 1728 2399 ostende
1777 2344 1908 2399 mibi
1941 2354 2132 2401 temet-

536 2435 719 2505 ipsum
757 2434 1067 2502 manifeste,
1095 2444 1154 2488 ut
1178 2435 1391 2490 videam
1429 2445 1480 2489 te
1508 2434 1707 2505 (Exod.
1732 2439 1950 2505 xxxiii).
1987 2454 2006 2486 ι
2031 2434 2129 2490 Cui

538 2539 863 2594 responsum
901 2533 985 2580 est
1028 2533 1087 2579 ut
1118 2539 1281 2594 supra
1310 2535 1522 2594 petram
1551 2534 1744 2589 staret,
1792 2536 1844 2579 et
1869 2525 1993 2579 inde
2022 2526 2130 2580 Do-

542 2616 677 2670 mini
732 2616 1035 2686 posteriora
1077 2615 1443 2684 conspiceret.
1508 2614 1672 2669 Petra
1734 2615 1992 2669 nimirum
2039 2615 2129 2669 illa

538 2704 679 2760 ﬁdes
707 2714 811 2769 est,
861 2720 1026 2775 super
1067 2720 1232 2774 quam
1275 2704 1516 2760 Ecclesia
1554 2705 1826 2760 catholica
1856 2706 2129 2761 construi-

546 2804 657 2860 tur,
697 2794 841 2850 unde
871 2793 1131 2849 Dominus
1160 2794 1396 2847 videtur.

1062 2883 1293 2939 CAPUT
1311 2882 1613 2939 PRIMUM.

660 2977 814 3044 Quod
838 2975 1137 3031 divinam:
1159 2977 1226 3030 sit
1251 2976 1686 3029 ntedicameutum
1710 2975 2007 3047 plagarum.

609 3068 694 3133 Ab
733 3069 836 3122 hoc
863 3081 993 3137 ergo
1020 3075 1201 3121 monte
1226 3064 1596 3120 necessarium
1618 3075 1702 3119 est
1729 3066 2127 3120 medicamenta

541 3157 850 3228 suscipere,
882 3171 1004 3227 qua:
1046 3166 1098 3212 te
1134 3155 1349 3210 valeant
1377 3155 1446 3211 ab
1488 3171 1554 3211 eo
1596 3171 1757 3227 quem
1793 3156 1846 3210 in
1890 3155 2127 3228 Egypto
2153 3146 2199 3209 C

542 3255 895 3303 contraxeras
954 3245 1214 3317 languore
1268 3261 1485 3301 sanare.
1550 3244 1689 3312 Quid
1739 3247 1884 3301 enim
1956 3246 2128 3318 plaga:

542 3355 665 3409 qua:
699 3339 751 3393 in
778 3336 1015 3410 Egypto
1058 3337 1220 3392 facta:
1264 3348 1409 3403 sunt,
1460 3339 1564 3394 nisi
1617 3338 1886 3393 vulnera?
1915 3350 1970 3393 ct
1998 3340 2127 3410 quid

538 3430 629 3485 lex
656 3429 744 3485 illa
774 3429 1032 3505 cmlestis,
1079 3428 1183 3483 nisi
1209 3430 1525 3484 eorumdem
1571 3428 1672 3484 fuit
1698 3430 1981 3486 vulnerum
2010 3448 2125 3487 me-

536 3522 768 3577 dicina?
809 3521 979 3577 Debet
1006 3522 1151 3576 enim
1171 3536 1279 3591 per
1303 3521 1701 3577 confessionem
1736 3533 1988 3593 peccator
2010 3525 2127 3579 clu-

542 3613 687 3666 viem
720 3612 801 3666 sui
829 3620 1013 3666 reatus
1050 3625 1321 3676 evomere,
1364 3622 1420 3666 ct
1456 3613 1536 3666 sic
1580 3614 1912 3682 poenitentia:
1960 3630 2127 3685 pocu-

542 3701 663 3756 lum
684 3701 753 3755 de
785 3699 1005 3755 vasculo
1035 3700 1236 3755 divina:
1261 3700 1396 3770 legis
1426 3701 1670 3758 haurire.
1698 3702 1798 3758 llic
1825 3705 1970 3759 enim
2015 3722 2132 3762 sor-

543 3792 705 3846 betur
724 3790 1019 3855 autidotus,
1054 3798 1112 3843 ut
1137 3791 1332 3845 anima:
1362 3790 1668 3863 languentis
1688 3794 1952 3861 mgritudo
1974 3812 2134 3853 sane-

548 3892 656 3935 tur.
685 3879 857 3937 Porro
884 3888 1066 3936 autem
1105 3881 1300 3937 animae
1318 3882 1630 3939 carnalibus
1655 3883 1926 3942 illecebris
1953 3888 2128 3944 disso-

546 3973 674 4028 luta:
735 3987 833 4042 per
889 3971 1226 4043 voluptatum
1286 3989 1507 4029 suarum
1583 3991 1806 4047 campos
1867 3988 1923 4034 et
1978 3989 2133 4050 prata

545 4066 880 4130 discurrunt,
909 4073 987 4131 et,
1011 4075 1268 4135 tanquam
1289 4064 1521 4122 effrenes
1542 4068 1687 4137 equi,
1710 4085 1806 4139 per
1831 4068 2140 4126 lenocinan-

547 4162 621 4217 tis
642 4159 953 4232 petulantia:
990 4158 1360 4214 blandimenta
1391 4159 1698 4215 lasciviunt.
1767 4160 2137 4218 Coliortantur

546 4254 693 4310 enim
720 4268 781 4310 se
805 4253 1049 4309 vicissim
1069 4294 1081 4317 ,
1129 4253 1271 4308 sicut
1300 4252 1438 4307 liber
1466 4252 1760 4323 Sapientiae
1796 4264 2051 4322 testatur,
2083 4264 2140 4311 et

548 4346 778 4402 dicunt:
816 4364 835 4399 ι
869 4344 1083 4409 Venite,
1133 4353 1188 4400 et
1219 4344 1466 4399 fruamur
1511 4345 1669 4402 bonis
1711 4363 1832 4417 qua:
1872 4357 2025 4415 sunt,
2082 4359 2140 4405 et

547 4446 767 4494 utamur
815 4445 1066 4492 creatura
1116 4444 1370 4505 tanquam
1425 4435 1477 4490 in
1523 4434 1809 4507 iuventute
1852 4439 2133 4508 celeriter;

2226 547 2358 588 nera
2388 530 2535 601 ejus,
2566 531 2854 587 infundens
2877 532 3055 588 oleum
3087 542 3141 587 et
3170 533 3352 587 vinum
3377 531 3529 602 (Luc.
3565 536 3641 604 χ).
3670 535 3810 590 llinc

2228 628 2313 677 est
2358 621 2501 691 quod
2521 636 2617 691 per
2643 620 2981 677 Ezechielem
3009 620 3313 690 pollicetur,
3344 622 3531 679 dicens
3556 639 3570 677 :
3599 641 3618 675 ο
3652 624 3810 692 Quod

2228 713 2466 784 perierat
2515 712 2811 781 requiram,
2869 722 2925 768 et
2956 714 3099 782 quod
3134 711 3404 781 abjectum
3439 712 3615 770 fuerat
3647 714 3807 769 redu-

2229 817 2347 858 cam
2373 842 2389 869 ,
2439 809 2494 858 et
2518 803 2660 872 quod
2689 801 3028 859 confractum
3050 802 3229 858 fuerat
3256 802 3485 874 alligabo
3508 843 3523 869 ,
3567 813 3621 858 et
3666 804 3811 873 quod

2231 896 2506 950 infirmum
2552 895 2732 950 fuerat
2758 894 3108 952 consolidabo
3139 895 3357 966 (I'Jzeclt.
3404 907 3537 966 inv).
3569 915 3588 947 ι
3635 895 3811 967 Plaga:

2229 986 2394 1057 igitur
2418 984 2577 1040 facta:
2623 994 2746 1040 sunt
2783 987 2840 1040 in
2871 985 3129 1056 IEgypto,
3155 986 3284 1056 quia
3325 986 3577 1042 humanae
3615 987 3812 1040 anima:

2230 1073 2450 1128 vulnera
2476 1072 2795 1142 infliguntur
2839 1074 2895 1128 in
2941 1075 3165 1129 mundo.
3216 1073 3450 1131 Necesse
3488 1083 3576 1130 est
3602 1090 3730 1144 ergo
3753 1082 3812 1128 ut

2229 1167 2500 1222 vulnerati
2532 1168 2734 1237 quique
2765 1169 2831 1223 ad
2862 1179 3101 1225 montem
3136 1169 3317 1234 Sinai,
3357 1170 3464 1225 hoc
3490 1179 3576 1225 est
3613 1170 3681 1223 ad
3707 1169 3812 1224 Ec-

2228 1257 2473 1324 clesiam,
2520 1260 2776 1324 veniant,
2828 1268 2887 1314 ut
2931 1275 3119 1316 eorum
3153 1260 3374 1315 vulnera
3420 1269 3812 1330 praeceptorum

2228 1346 2533 1403 omlcstium
2585 1364 2759 1403 nexus
2796 1349 3120 1420 astringant.
3153 1347 3289 1404 Nam
3322 1359 3454 1420 quot
3500 1349 3671 1420 plaga:
3700 1349 3816 1404 fue-

2230 1450 2372 1505 rant,
2416 1448 2497 1494 tot
2542 1451 2809 1510 praecepta
2863 1451 2992 1496 sunt
3043 1442 3300 1496 divinitus
3342 1442 3705 1512 promulgata,
3756 1450 3816 1495 ιιι

2228 1538 2359 1598 quot
2386 1539 2515 1584 sunt
2556 1530 2775 1586 vulnera
2810 1531 2995 1586 cordis
3036 1532 3247 1602 argroti,
3284 1532 3511 1587 totidem
3553 1531 3665 1586 sint
3699 1546 3813 1585 me

2228 1619 2533 1675 dicamenta
2593 1634 2715 1690 quae
2743 1618 2850 1675 illis
2877 1619 3094 1675 valeant
3118 1619 3385 1675 adhiberi.

2856 1752 3085 1809 CAPUT
3126 1752 3189 1807 ll.

2561 1867 2639 1921 De
2667 1868 2859 1922 divinis
2888 1867 3015 1936 legis
3041 1867 3480 1938 promulgatione.

2301 1978 2410 2036 Sed
2439 1987 2731 2048 antequam
2761 1979 2827 2034 de
2869 1978 3147 2049 plagarum
3187 1992 3253 2032 ac
3301 1977 3550 2046 legalium
3593 1978 3822 2032 manda-

2232 2079 2411 2127 torum
2439 2069 2699 2125 concordi
2730 2055 2958 2123 uumero
2993 2068 3350 2137 disputemus,
3405 2068 3696 2123 dicendum
3738 2074 3819 2121 est

2230 2161 2378 2231 quia,
2400 2160 2541 2215 sicut
2583 2159 3029 2229 quinquagesimo
3059 2158 3178 2224 die,
3207 2166 3493 2228 postquam
3548 2157 3820 2226 paschalis

2231 2266 2402 2322 agnus
2431 2250 2645 2305 occisus
2672 2259 2759 2304 est
2804 2249 3003 2320 (Exod.
3039 2264 3132 2311 xu,
3172 2263 3284 2312 χιχ,
3354 2246 3446 2316 xx)
3475 2287 3489 2310 ,
3521 2245 3821 2301 Hebraicus

2230 2341 2462 2412 populus
2512 2341 2710 2412 legitur
2743 2341 3020 2409 accepisse
3046 2339 3371 2409 Decalo’gum
3397 2355 3411 2402 ;
3442 2340 3513 2393 ita
3546 2338 3823 2395 nihilomi-

2233 2449 2334 2488 nus
2362 2449 2392 2488 a
2414 2434 2813 2489 resurrectione
2844 2433 3056 2488 Domini
3089 2432 3542 2503 quinquagesimo
3566 2433 3825 2487 similiter

2235 2525 2322 2581 die
2350 2524 2587 2596 Spiritus
2622 2533 2842 2579 sanctus
2872 2538 3038 2593 super
3063 2523 3334 2592 apostolos
3362 2523 3508 2578 visus
3532 2531 3616 2578 est
3645 2523 3707 2577 in
3735 2538 3823 2576 va-

2234 2616 2427 2670 rietate
2462 2615 2767 2684 linguarum
2799 2613 2937 2683 (Act.
2968 2614 3052 2681 ιι).
3096 2612 3211 2669 lllic
3240 2615 3410 2684 digito
3433 2601 3543 2667 'Dei
3576 2613 3662 2667 lex
3696 2626 3822 2683 pero

2232 2706 2448 2760 hibetur
2472 2705 2641 2761 fuisse
2663 2706 2959 2774 descripta,
2990 2714 3046 2758 et
3074 2703 3313 2773 Spiritus
3341 2714 3584 2767 sanctus.
3618 2705 3714 2774 qui
3741 2705 3824 2759 die

2214 2794 2579 2851 .Pcntecostes
2625 2794 2904 2863 discipulis
2955 2795 3115 2847 datus
3162 2802 3267 2857 est,
3305 2794 3506 2865 digitus
3554 2793 3647 2848 Dei
3691 2794 3823 2849 diei-

2234 2892 2344 2950 tur,
2369 2885 2513 2939 sicut
2550 2883 2665 2953 ipse
2687 2884 2946 2939 Dominus
2963 2884 3042 2937 ait
3074 2897 3090 2936 :
3128 2902 3147 2934 ι
3184 2883 3242 2938 Si
3267 2884 3321 2937 in
3352 2884 3521 2954 uigito
3545 2884 3639 2939 Dei
3662 2885 3826 2955 ejicio

2232 2973 2517 3038 daemonia,
2545 2972 2788 3043 profecto
2808 2972 3054 3042 pervenit
3082 2972 3136 3025 in
3161 2986 3257 3026 vos
3291 2988 3513 3043 regnum
3547 2973 3638 3028 Dei
3668 2972 3823 3045 (Luc.

2234 3069 2333 3140 χι).
2363 3089 2383 3122 ι
2432 3068 2597 3123 Audit
2628 3069 2740 3123 illic
2766 3068 2995 3138 populus
3026 3082 3187 3122 voces
3224 3076 3389 3137 atque
3413 3065 3647 3121 toniznra
3679 3056 3834 3121 clari?

2230 3177 2528 3232 goremque
2582 3161 2826 3216 buccina:
2865 3168 3339 3231 perstrepentem;
3382 3159 3577 3230 aspicit
3623 3159 3830 3224 lampa-

2230 3255 2325 3309 des
2364 3264 2421 3309 et
2463 3252 2673 3324 fulgura
2727 3261 3077 3322 montemque
3122 3252 3445 3306 fumantem.
3504 3249 3562 3304 lu
3601 3250 3829 3304 vocibus

2230 3360 2426 3415 nempe
2476 3355 2532 3400 ct
2576 3345 2834 3401 tonitruis
2863 3360 2930 3398 ac
2968 3344 3110 3399 tuba:
3158 3343 3503 3414 clangoribus
3532 3342 3829 3396 vehemens

2229 3436 2437 3493 clamor
2490 3445 2577 3493 est
2630 3437 3089 3509 praedicandum,
3140 3436 3193 3491 in
3246 3434 3586 3504 lampadibus
3642 3443 3830 3488 autem

2231 3536 2396 3597 atque
2425 3526 2730 3599 fulguribus
2756 3528 2980 3583 claritas
3001 3525 3405 3582 miraculorum.
3458 3525 3592 3591 Qua:
3613 3526 3832 3581 scilicet

2232 3619 2416 3672 omnia
2468 3617 2642 3673 sancti
2689 3617 2925 3686 Spiritus
2967 3626 3094 3671 sunt
3134 3617 3341 3670 virtute
3380 3615 3690 3684 completa;
3726 3631 3833 3686 quo

2233 3709 2523 3780 ﬂagrantes
2546 3708 2774 3779 apostoli
2816 3709 2871 3765 in
2904 3709 3256 3764 varietatibus
3286 3708 3574 3764 intonuere
3620 3708 3833 3781 lingua-

2236 3817 2375 3865 rum,
2408 3810 2463 3855 et
2487 3800 2769 3856 radiaruut
2799 3800 3089 3870 splendore
3129 3801 3414 3855 virtutum.
3457 3799 3612 3868 Quod
3648 3810 3831 3856 autem

2238 3893 2497 3948 Dominus
2525 3894 2582 3947 in
2631 3893 2755 3965 igne
2789 3892 2950 3948 simul
2980 3908 3045 3948 ae
3074 3891 3221 3947 fumo
3252 3890 3554 3957 descendit,
3601 3893 3831 3962 mystice

2237 3985 2397 4040 docet
2424 3984 2577 4054 quia,
2599 3982 2741 4038 sicut
2767 3982 2951 4038 fideles
2972 3983 3127 4038 radio
3151 3997 3261 4038 sua:
3287 3981 3615 4053 cognitionis
3636 3980 3832 4035 illumi-

2240 4082 2359 4141 nat,
2393 4075 2474 4129 sic
2512 4072 2810 4129 infidelium
2857 4073 3046 4129 oculos
3074 4073 3228 4143 quasi
3257 4087 3353 4143 per
3384 4073 3715 4143 fumigantes
3752 4080 3830 4124 te-

2240 4165 2440 4220 nebras
2465 4164 2669 4219 erroris
2707 4164 2981 4218 obscurat.
3017 4161 3154 4218 Hine
3182 4170 3268 4217 est
3308 4161 3451 4231 quod
3487 4161 3751 4216 Dominus
3774 4158 3828 4213 in

2241 4254 2538 4322 Evangelia
2568 4254 2701 4310 dicit
2729 4271 2742 4308 :
2780 4273 2800 4305 ι
2834 4254 2947 4322 Ego
2972 4254 3026 4308 in
3072 4255 3219 4310 hunc
3253 4255 3514 4308 mundum
3550 4253 3674 4307 veni
3703 4293 3720 4318 ,
3771 4260 3829 4305 ut

2242 4344 2335 4416 qui
2360 4360 2470 4401 non
2498 4344 2703 4410 vident,
2758 4345 2996 4409 videant,
3042 4354 3097 4399 et
3126 4343 3221 4415 qui
3266 4344 3474 4409 vident,
3530 4344 3659 4400 cmei
3703 4345 3831 4398 fiant

2245 4433 2429 4508 (Joan.
2458 4434 2556 4507 ιιι).
2593 4453 2614 4488 ι
2667 4434 2736 4490 Et
2768 4450 2866 4505 per
2898 4435 3090 4490 Isaiam
3111 4437 3317 4492 dicitur
3347 4454 3361 4491 :
3400 4456 3420 4488 ι
3454 4435 3730 4493 Succensa
3753 4443 3832 4491 est

547 4531 677 4584 vino
724 4526 967 4599 pretioso
1018 4538 1074 4582 et
1120 4527 1282 4599 715
1337 4531 1627 4600 unguentis
1666 4547 1763 4587 nos
1794 4532 2136 4604 impleamus,
2168 4507 2216 4567 θ
2244 4507 2402 4594 Quasi
2438 4524 2583 4604 ignis
2632 4525 2919 4596 impietas,
2958 4541 3180 4596 veprem
3226 4536 3282 4582 et
3323 4528 3533 4598 spinam
3578 4526 3826 4590 vorabit;

544 4629 604 4673 ct
645 4633 754 4674 non
778 4626 1067 4688 przetereat
1104 4634 1200 4671 nos
1231 4620 1331 4673 llos
1364 4622 1660 4690 temporis;
1692 4637 2016 4681 coronemus
2041 4643 2141 4682 nos

552 4705 717 4770 rosis,
766 4692 1061 4775 antequam
1117 4715 1488 4773 marcescant;
1543 4709 1746 4764 nullum
1805 4720 2022 4781 pratum
2067 4717 2141 4770 sit

551 4798 695 4868 quod
727 4812 832 4853 non
866 4806 1208 4869 pertranseat
1231 4797 1439 4854 luxuria
1470 4810 1677 4868 nostra,
1704 4816 1864 4860 nemo
1894 4816 2139 4863 nostrum

551 4892 624 4945 sit
694 4906 887 4948 exsors
938 4890 1168 4945 luxuria:
1224 4893 1721 4964 noslrze;‘ubique
1772 4895 2144 4967 relinquamus

551 4984 707 5054 signa
744 4983 950 5039 latitia:
978 4982 1134 5056 (δίῳ.
1172 4981 1257 5055 ιι).
1287 5001 1312 5035 θ
1366 4983 1457 5038 Isti
1488 4985 1745 5042 nimirum
1798 4987 2142 5048 lascivientcs

552 5085 609 5130 et
653 5076 963 5132 binuientes
1003 5076 1129 5146 equi
1175 5083 1381 5144 quanto
1427 5076 1727 5148 pinguioris
1772 5080 1975 5136 arvina:
2020 5092 2145 5138 sunt

557 5166 751 5222 robore
797 5166 1003 5233 validi,
1057 5175 1209 5224 tanto
1264 5168 1593 5224 intrinsecus
1641 5170 1924 5238 deterioris
1969 5176 2142 5231 morbi

554 5265 860 5313 noscuntur
893 5258 1216 5330 aegritudine
1245 5259 1527 5326 dissoluti;
1562 5268 1619 5316 et
1644 5278 1765 5317 cum
1799 5261 1908 5318 illis
1930 5262 2143 5321 frenum

558 5349 759 5405 divina:
786 5349 921 5422 legis
971 5350 1281 5418 adhibetur,
1318 5351 1450 5422 quid
1496 5353 1641 5409 aliud
1670 5369 1832 5423 quam
1884 5370 2056 5412 nexus
2082 5372 2146 5412 ac

556 5440 834 5497 vinculum
890 5443 1333 5512 putrescentibus
1386 5445 1647 5502 membris
1708 5447 2035 5518 apponitur;
2088 5458 2147 5503 ut

557 5532 705 5604 quod
744 5533 1025 5590 dehiscere
1063 5549 1286 5605 prorsus
1330 5552 1396 5593 ac
1425 5535 1596 5594 fluere
1638 5550 1899 5611 cmperat,
1942 5556 2146 5612 praece-

560 5616 777 5697 ptorum
853 5620 1155 5682 caelestium
1192 5626 1528 5686 'retinaculis
1585 5632 1959 5704 astringatur?
2009 5633 2148 5689 llinc

562 5726 648 5775 est
687 5719 831 5791 quod
867 5718 1211 5791 evangelicus
1262 5720 1352 5777 ille
1409 5721 1788 5779 Samaritanus
1818 5726 2146 5795 ‘appmpians

2245 4627 2301 4672 ct
2329 4602 2692 4671 succendetur
2740 4618 2794 4671 in
2839 4617 3110 4673 densitate
3155 4618 3347 4682 saltus,
3399 4628 3455 4673 et
3483 4618 3834 4675 convolvetur

2245 4708 2497 4779 superbia
2534 4706 2667 4763 fumi
2721 4706 2857 4780 (lsa.
2888 4708 2987 4780 ix).
3027 4729 3045 4759 ι
3082 4708 3188 4764 Sed
3228 4709 3392 4782 716
3426 4710 3683 4779 quoniam
3731 4708 3833 4779 epi-

2228 4800 2435 4883 .stolari
2477 4799 2796 4869 compendio
2829 4800 2946 4854 haec
2986 4810 3325 4855 sacramenta
3374 4816 3481 4855 non
3505 4806 3827 4871 congruunt,

2248 4907 2369 4961 qua:
2402 4889 2628 4961 prolixis
2654 4890 2820 4943 etiam
2859 4890 3227 4946 voluminibus
3275 4889 3537 4961 explicari
3584 4890 3671 4944 vix
3710 4903 3829 4960 pos-

2249 4993 2396 5049 sunt,
2425 4983 2708 5038 redeamus
2731 4982 2798 5038 ad
2821 4981 3009 5053 plagas
3028 4981 3247 5054 {Egypti
3303 4994 3359 5037 et
3389 4982 3643 5037 mandata
3670 4981 3827 5052 legis;

2249 5092 2305 5137 et
2333 5081 2612 5136 videamus
2637 5081 2766 5137 hinc
2792 5092 2980 5139 nostra
3005 5084 3249 5149 vulnera,
3275 5082 3420 5138 illinc
3443 5083 3830 5138 medicamenta

2251 5172 2496 5232 cmlcstia
2527 5172 2628 5229 sub
2652 5176 2841 5231 eodem
2876 5191 3105 5232 numero
3132 5174 3397 5231 contineri
3425 5191 3442 5240 ;
3475 5184 3533 5229 ut
3557 5183 3689 5244 quot
3716 5176 3832 5227 sunt

2254 5263 2450 5328 morbi,
2483 5264 2708 5318 totidem
2732 5276 3071 5335 apponuntur
3092 5266 3350 5331 antidoti;
3385 5274 3676 5335 quatenus,
3712 5264 3829 5317 dum

2253 5357 2407 5414 suum
2433 5360 2630 5428 cuique
2652 5358 2859 5413 vulneri
2881 5358 3144 5430 malagma
3178 5358 3369 5413 salutis
3390 5357 3697 5428 apponitur,
3747 5366 3830 5406 ra-

2253 5444 2468 5505 tionalis
2490 5449 2669 5503 anima
2694 5464 2821 5504 mox
2846 5450 2914 5504 ad
2937 5458 3139 5505 statum
3172 5449 3561 5507 incolumitatis
3599 5444 3832 5518 pristina:

2251 5556 2350 5611 per
2381 5541 2565 5596 omnia
2600 5540 2948 5596 reformctur.
2979 5539 3151 5598 Porro
3178 5551 3360 5598 autem
3392 5556 3513 5597 cum
3558 5555 3655 5612 per
3679 5534 3831 5593 lasci-

2254 5631 2354 5685 via:
2396 5629 2600 5686 ﬂuxum
2634 5628 2925 5685 resolvitur
2962 5631 3144 5687 anima
3169 5673 3185 5698 ,
3232 5631 3426 5687 divina:
3461 5629 3597 5701 legis
3641 5626 3833 5694 indiget

2252 5725 2505 5797 ligatura.
2554 5723 2778 5780 Etcum
2830 5725 3211 5782 mandatorum
3265 5724 3565 5781 cwlestium
3613 5715 3830 5777 vinculis
