4138 6320
357 357 463 417 689

1186 358 1429 416 OPUSC.
1467 360 1648 415 XLIV.
1689 359 1870 414 -—-DE
1915 357 2142 412 DECEM
2187 357 2463 416 .‘EGYPTI
2499 360 2760 419 PLAGIS.

3509 361 3612 417 690

358 473 629 544 alligatur,
657 471 724 527 ad
754 471 920 526 robur
945 477 1142 539 optatae
1172 471 1359 525 salutis
1383 487 1480 541 per
1515 479 1724 540 objecta
1754 481 1932 524 vutue-
1962 473 2006 525 Δ
2039 479 2250 524 nostros
2297 470 2552 526 infestare
2592 488 2696 526 non
2737 472 3010 538 desinunt,
3054 473 3294 529 volentes
3339 473 3614 544 quiescere

359 563 509 619 ribus
543 561 781 618 fomenta
813 561 1111 617 reducitur.

980 651 1206 706 CAPUT
1249 652 1333 706 lll.

902 743 981 798 De
1008 746 1176 814 prima
1201 745 1378 816 plaga.

423 836 535 906 Age
563 834 744 905 igitur,
776 834 951 906 prima
978 837 1131 908 plaga
1160 847 1244 892 est
1294 838 1442 909 eum)
1470 853 1621 908 aqua:
1652 847 1935 894 vertuntur

351 930 402 982 in
431 928 748 999 sanguinem
785 926 983 998 (Exod.
1011 929 1131 996 vn).
1181 928 1350 984 Porro
1390 940 1568 983 autem
1607 929 1724 984 istae
1765 929 1935 999 plagae

352 1035 455 1073 non
486 1017 619 1072 ﬁunt
639 1018 743 1072 nisi
772 1019 825 1072 in
851 1017 1106 1090 Egypto,
1159 1019 1208 1073 id
1237 1029 1319 1075 est
1345 1020 1396 1074 in
1429 1019 1593 1074 corde
1646 1019 1932 1074 tenebroso

350 1121 404 1166 et
457 1111 691 1179 caligine
736 1112 996 1166 cweitatis
1051 1127 1328 1182 oppresso.
1373 1111 1471 1167 Cui
1523 1112 1730 1166 scilicet
1777 1127 1932 1181 aqua:

353 1212 640 1257 vertuntur
665 1203 716 1257 in
749 1202 1088 1274 sanguinem,
1126 1219 1245 1258 cum
1270 1220 1412 1258 cmca
1457 1219 1627 1269 urens,
1672 1214 1929 1273 quantum

350 1295 414 1348 ad
471 1311 548 1357 se,
594 1295 875 1350 confundit
911 1311 974 1350 ac
1026 1297 1187 1351 violat
1243 1309 1403 1352 recta:
1448 1297 1569 1352 ﬁdei
1616 1297 1928 1366 puritatem.

353 1383 506 1440 Sicut
536 1385 679 1441 enim
714 1400 812 1456 per
855 1401 1048 1457 aquam
1080 1401 1265 1443 eomes
1313 1387 1378 1443 de
1426 1389 1722 1443 visceribus
1775 1397 1934 1444 terrae

351 1487 562 1547 segetes
591 1477 877 1547 prodeunt,
929 1479 1006 1534 sie
1032 1494 1095 1533 ex
1126 1478 1227 1533 ﬁde
1257 1479 1556 1548 spiritualia
1585 1479 1933 1549 proferuntur

352 1567 602 1621 alimenta
633 1568 910 1622 virtutum.
952 1567 1106 1622 Tunc
1133 1568 1296 1638 igitur
1335 1584 1472 1637 aqua
1505 1569 1558 1622 in
1610 1568 1930 1638 sanguinem

353 1655 598 1716 vertitur,
645 1672 765 1711 cum
791 1656 1034 1710 caecitate
1063 1656 1300 1727 perﬁdiae
1329 1673 1425 1711 cor
1450 1654 1706 1726 insipiens
1739 1658 1932 1711 obscu-

351 1757 522 1802 ratur.
555 1748 707 1802 Sicut
737 1749 804 1804 de
837 1749 1161 1819 quibusdam
1207 1749 1338 1803 dicit
1376 1749 1664 1819 Apostolus
1693 1765 1708 1803 :
1746 1768 1763 1799 ι
1795 1749 1928 1812 Quia

2037 576 2142 615 non
2185 563 2525 632 permittunt.
2565 563 2925 630 Quamobrem
2960 565 3074 620 haec
3119 566 3273 638 plaga
3314 567 3616 634 vagationis

2035 659 2089 705 et
2118 651 2501 720 inquietudinis
2526 654 2710 707 vitium
2740 653 3020 708 manifeste
3043 656 3302 725 designat.
3332 654 3449 722 Quo
3473 656 3610 709 vide-

2034 740 2159 796 licet
2181 741 2368 795 morbo
2394 743 2609 810 quidam
2638 744 2942 799 laborantes
2967 744 3229 800 inutiliter
3253 747 3357 801 huc
3388 745 3616 815 illucque

2035 830 2379 895 discurrunt,
2422 839 2497 896 et,
2541 832 2684 885 velut
2717 833 2871 886 malis
2904 833 3210 887 Vertumnis
3231 834 3474 900 obnoxii,
3523 849 3616 904 per

2037 919 2429 988 impatientiam
2471 937 2574 976 non
2607 923 2911 991 quiescunt.
2947 922 3052 978 Sed
3087 923 3340 992 quoniam
3373 924 3617 994 cinipbes

2035 1007 2153 1063 ista:
2192 1010 2493 1081 perexiguae
2527 1020 2737 1066 suntet
2781 1013 2969 1074 noxiae,
3005 1021 3063 1066 ut
3107 1028 3213 1066 non
3259 1024 3367 1068 tam
3411 1015 3617 1084 pondus

2035 1101 2321 1156 videantur
2346 1103 2546 1158 habere
2580 1119 2736 1173 quam
2775 1120 3020 1168 morsus,
3053 1105 3142 1174 qui
3170 1105 3298 1158 vitio
3314 1106 3618 1175 vagationis

2036 1188 2359 1256 inserviunt,
2391 1194 2531 1262 quod
2561 1209 2657 1264 per
2688 1194 2932 1264 cinipbes
2963 1195 3298 1265 designatur,
3341 1195 3457 1250 leve
3502 1197 3617 1266 qui-

2035 1285 2155 1339 dem
2185 1285 2518 1339 arbitrantur
2544 1301 2664 1342 esse
2697 1296 2999 1357 peccatum,
3033 1287 3124 1343 sed
3165 1302 3273 1342 non
3302 1286 3403 1344 levi
3438 1295 3619 1343 reatus

2033 1373 2416 1442 pet-fodiuntur.
2442 1375 2648 1431 aculeo.
2695 1375 2808 1431 Non
2857 1387 3110 1448 aggravat
3140 1378 3369 1448 pondus,
3402 1379 3495 1433 sed
3531 1393 3620 1447 pe-

2036 1473 2213 1518 netrat
2240 1481 2448 1521 morsus
2472 1484 2486 1531 ;
2523 1467 2646 1537 quia
2688 1477 2889 1537 quanto
2920 1469 3103 1521 vitium
3131 1469 3231 1522 hoc
3260 1468 3432 1523 levius
3455 1468 3620 1538 depu-

2037 1564 2177 1620 tant,
2219 1566 2368 1611 tanto
2413 1557 2584 1625 major
2623 1573 2842 1613 necesse
2890 1567 2969 1612 cst
3009 1567 3070 1612 ut
3110 1560 3320 1628 peccati
3370 1558 3622 1614 stimulus

2037 1647 2228 1701 animae
2260 1646 2564 1717 languentis
2595 1648 2850 1702 inferiora
2900 1648 3206 1718 transﬁgat.
3259 1647 3396 1704 lluic
3438 1649 3622 1718 itaque

2037 1733 2278 1806 languori
2322 1737 2463 1791 tertii
2513 1739 2763 1808 praecepti
2805 1737 2988 1793 obviat
3023 1739 3285 1794 medicina
3314 1753 3350 1803 ,'
3379 1755 3500 1794 cum
3536 1740 3620 1792 dt-

350 1854 472 1892 eum
524 1839 902 1910 cognovissent
945 1841 1253 1904 Dominum,
1309 1856 1413 1896 non
1450 1842 1591 1896 sicut
1641 1843 1925 1898 Dominum

2035 1829 2212 1883 citur:
2247 1848 2265 1881 ‹
2299 1828 2568 1883 Memento
2588 1839 2645 1882 ut
2672 1831 2810 1885 diem
2845 1830 3064 1884 Saltbati
3090 1830 3396 1886 sanctiﬁees
3421 1829 3618 1900 (Exod.

350 1927 808 1998 gloriﬁcaverunt,
841 1938 933 1983 aut
958 1931 1161 1998 gratias
1183 1940 1443 2000 egerunt;
1476 1931 1567 1986 sed
1591 1944 1929 1990 evanuerunt

351 2019 402 2073 in
438 2019 857 2089 cogitationibus
900 2021 1031 2086 suis,
1072 2031 1126 2075 et
1164 2024 1509 2077 obscuratum
1547 2033 1631 2078 est
1669 2025 1927 2092 insipiens

349 2123 443 2163 cor
488 2125 674 2163 eorum
725 2108 898 2181 (Rom.
936 2111 995 2183 I).
1037 2131 1054 2163 ι
1107 2111 1201 2166 Cui
1235 2112 1419 2181 primze
1450 2114 1647 2184 plagm,
1694 2116 1796 2170 hoc
1847 2124 1929 2170 est

348 2198 790 2267 pestilentissimo
825 2201 1051 2266 vul.:eri,
1103 2217 1224 2256 mox
1259 2201 1548 2256 adhibetur
1572 2203 1732 2271 primi
1767 2203 1931 2256 medi-

349 2292 468 2345 cina
496 2294 791 2362 prtecepti:
830 2314 848 2346 ‹
888 2293 1261 2359 Audi,lsrael,
1317 2295 1576 2350 Dominus
1619 2295 1759 2349 Deus
1806 2305 1929 2350 tuus

348 2377 489 2434 Dens
517 2397 657 2435 unus
694 2392 778 2437 est
819 2382 997 2451 (Dent.
1047 2384 1144 2451 vi).
1183 2404 1199 2435 ι
1249 2383 1359 2439 lloc
1409 2394 1492 2439 est
1521 2385 1665 2438 enim
1709 2384 1930 2438 medici-

348 2472 470 2527 nale
497 2473 770 2527 vinculum
816 2488 923 2543 quo
948 2473 1186 2542 perﬁdim
1231 2475 1424 2528 vulnus
1451 2476 1644 2529 debeat
1695 2474 1926 2545 alligari,

347 2573 430 2628 ut,
457 2563 559 2617 hoc
589 2565 832 2629 audiens,
865 2580 1028 2618 unum
1060 2565 1392 2619 solummodo
1407 2568 1570 2620 Deum
1603 2567 1768 2629 colas,
1799 2566 1928 2620 etin

347 2655 528 2726 plures
566 2654 696 2710 deos
737 2657 1126 2710 marcescentis
1167 2657 1407 2726 perﬁdia:
1454 2657 1795 2726 putredinem
1825 2673 1928 2711 non

345 2742 612 2798 cffundas.
662 2744 746 2805 Et,
781 2743 932 2812 justo
974 2745 1065 2798 Dei
1107 2743 1332 2812 judicio,
1360 2745 1510 2813 juxta
1565 2745 1797 2799 litteram
1854 2745 1929 2799 fa-

345 2841 493 2890 ctum
536 2844 617 2888 est
663 2844 719 2888 ut
749 2835 892 2890 illius
944 2835 1089 2889 fluvii
1121 2835 1382 2903 sanguine
1415 2843 1734 2904 potarentur
1763 2834 1933 2906 Egy-

344 2924 441 2993 ptii
469 2925 651 2995 inquo
684 2927 936 2995 primitus
969 2928 1116 2996 pueri
1157 2927 1494 2981 necabantur
1527 2925 1758 2980 llebriei.

959 3015 1184 3070 CAPUT
1230 3016 1315 3070 IV.

858 3105 936 3159 De
964 3107 1190 3159 secunda
1214 3107 1266 3175 pl
1280 3123 1391 3175 κτρα.

2031 1933 2133 1983 xx;
2167 1919 2321 1973 Deut.
2357 1920 2443 1990 v).
2492 1939 2512 1972 ι
2553 1921 2882 1987 Sabbaunn,
2929 1923 2978 1975 id
3016 1932 3097 1976 est
3126 1923 3360 1991 requies.
3409 1920 3507 1977 Ubi
3539 1932 3622 1976 est

2030 2008 2390 2065 sanctiﬁcatio
2424 2010 2667 2077 Sabbati,
2707 2011 2778 2065 ibi
2817 2011 3001 2082 procul
3047 2013 3209 2066 dubio
3249 2013 3470 2080 spiritus
3500 2013 3622 2067 Dei.

2032 2097 2184 2154 Unde
2215 2101 2474 2170 scriptum
2496 2109 2610 2155 est:
2640 2121 2657 2152 ε
2688 2100 2860 2170 Super
2881 2117 3040 2169 quem
3065 2101 3364 2171 requiescet
3396 2102 3620 2171 spiritus

2029 2205 2210 2253 meus,
2253 2190 2354 2244 nisi
2391 2205 2554 2260 super
2588 2191 2842 2245 humilem
2881 2201 2935 2246 ct
2970 2192 3246 2260 quietum,
3293 2201 3347 2244 et
3388 2202 3623 2246 tremen-

2032 2287 2139 2333 tem
2194 2294 2472 2334 sermones
2518 2281 2699 2335 meos?
2728 2300 2746 2334 ν
2782 2281 2916 2351 (Ιδα.
2947 2281 3117 2351 LXVI.)
3171 2273 3452 2336 Pensanda
3497 2292 3623 2336 sunt

2029 2370 2214 2435 verba,
2249 2372 2372 2425 (uia
2411 2372 2453 2426 si
2505 2371 2739 2442 Spiritus
2783 2381 3002 2428 sanctus
3049 2373 3342 2442 requiescit
3387 2375 3622 2427 tantum-

2031 2464 2188 2517 modo
2215 2479 2370 2532 seper
2398 2463 2661 2530 quietum,
2693 2477 2822 2533 ergo
2859 2463 3056 2518 deserit
3095 2463 3413 2532 iuquietmn.
3444 2464 3625 2516 Enim-

2031 2568 2180 2618 vero,
2212 2563 2342 2608 scul
2372 2554 2667 2608 secundum
2696 2562 3023 2622 przeceptum
3057 2551 3289 2606 refertur
3307 2553 3372 2607 ad
3402 2551 3619 2616 Filium,

2031 2646 2102 2700 ita
2143 2646 2246 2700 hoc
2287 2647 2501 2700 I-artium
2534 2646 2766 2716 pertinet
2797 2648 2864 2699 ad
2909 2645 3168 2714 Spiritum
3217 2636 3485 2709 sanctdm,
3525 2643 3622 2712 qui

2030 2737 2294 2795 nihilomit
2318 2752 2380 2790 us
2421 2737 2577 2792 tertia
2612 2745 2693 2791 est
2732 2737 2782 2791 in
2828 2745 3013 2791 saneta
3049 2737 3316 2791 Trinitate
3359 2751 3615 2806 persena.

2030 2827 2164 2882 Nam
2195 2837 2248 2882 et
2285 2827 2424 2882 illam
2454 2827 2668 2882 tertiam
2706 2827 2915 2898 plagam
2960 2827 3184 2896 Spiritui
3223 2836 3409 2880 saneto
3438 2825 3624 2879 incau-

2033 2925 2238 2972 tatores
2266 2919 2570 2983 ascribunt,
2599 2933 2720 2973 cum
2752 2926 2808 2972 et
2837 2917 2935 2986 ipsi
2964 2917 3207 2986 cinipbes
3235 2915 3475 2970 excitare
3513 2931 3621 2968 non

2031 3016 2280 3074 possunt,
2309 3007 2548 3061 dicentes
2578 3007 2643 3060 ad
2683 3007 3051 3060 Pharaonem:
3097 3025 3114 3056 ι
3149 3005 3356 3075 Digitus
3391 3003 3484 3058 Dei
3538 3012 3626 3058 est

2034 3095 2123 3148 hic
2156 3095 2350 3164 (Exod.
2377 3099 2460 3165 It).
2499 3116 2517 3149 ι
2550 3095 2630 3150 Ad
2671 3097 2950 3151 colendum
2987 3096 3087 3150 hoc
3114 3094 3434 3158 Sabbatum',
3462 3094 3624 3149 disci-

415 3195 661 3250 Socunda
687 3210 813 3251 vero
835 3195 986 3266 plaga
1009 3165 1256 3248 ranarum
1279 3165 1924 3262 estalittiidantia(lixod.
1957 3165 2000 3226 Ο
2033 3186 2216 3256 pulum
2262 3202 2416 3241 suum
2469 3187 2801 3257 provocabat
2842 3186 3151 3255 Αροειοῖιιεν
3201 3201 3322 3240 cum
3368 3184 3620 3240 dicebat:

343 3285 482 3354 vni).
515 3285 666 3339 Rana
696 3285 987 3339 clamosum
1021 3295 1102 3339 est
1142 3285 1363 3348 animal,
1385 3293 1439 3339 et
1469 3287 1520 3339 in
1551 3285 1753 3340 limosis
1777 3287 1924 3340 voci-

343 3373 554 3427 feratur
595 3389 660 3427 ex
687 3388 835 3428 more
860 3374 1161 3442 paludibus.
1216 3374 1312 3428 Cui
1363 3375 1570 3429 similes
1610 3375 1928 3444 judicantur

344 3460 583 3515 haeretici
642 3476 706 3517 ac
755 3462 1098 3532 philosophi,
1159 3464 1274 3532 qui,
1305 3465 1448 3519 velut
1492 3481 1654 3534 super
1708 3464 1928 3534 paludes

346 3549 590 3616 limosas,
616 3552 720 3607 hoc
753 3560 836 3606 est
879 3553 1020 3608 inter
1051 3553 1236 3608 turbas
1268 3554 1518 3622 squalore
1556 3556 1792 3625 perﬁdia:
1813 3570 1930 3610 sor-

345 3639 520 3706 didas,
564 3643 719 3696 vanis
755 3643 1011 3698 adversus
1049 3644 1324 3698 Christum
1363 3645 1732 3700 vociferantur
1786 3647 1931 3702 oblo-

345 3731 529 3798 quiis;
561 3740 636 3797 et,
661 3733 786 3786 dum
816 3748 914 3802 per
940 3744 1258 3803 argumenta
1289 3734 1511 3790 fallacire
1541 3752 1644 3791 non
1676 3735 1930 3792 desinunt

347 3821 668 3890 importunis
727 3825 932 3893 garrire
986 3826 1332 3888 clamoribus,
1394 3827 1557 3882 inane
1605 3827 1821 3896 quidem
1875 3828 1927 3881 in

344 3911 567 3966 auribus
592 3911 831 3977 taedium,
874 3913 968 3968 sed
1010 3914 1213 3968 nullum
1253 3917 1523 3970 mentibus
1565 3916 1774 3970 vivendi
1803 3914 1929 3970 aﬁ‘e-

344 4013 474 4057 runt
509 4005 712 4061 cibum.
751 4004 847 4060 Cui
894 4007 1101 4073 morbo,
1145 4007 1234 4078 qui
1275 4007 1523 4062 videlicet
1567 4009 1618 4062 in
1653 4010 1830 4062 anima
1855 4007 1932 4062 le«

345 4095 567 4150 thaliter
607 4098 796 4163 saevit,
838 4098 1131 4152 secundum
1182 4107 1508 4169 praeceptum
1545 4108 1802 4168 tauquam
1831 4115 1929 4168 po-

345 4188 521 4243 culu:n
554 4190 746 4245 salutis
771 4192 1025 4245 occurrit.
1058 4191 1366 4246 Secundum
1396 4201 1578 4246 autem
1602 4201 1930 4262 praeceptum

345 4291 468 4334 est:
517 4301 536 4334 t
565 4282 682 4337 Non
735 4298 982 4338 assumes
1027 4299 1224 4338 nomen
1271 4284 1484 4338 Domini
1525 4284 1619 4338 Dei
1652 4283 1725 4337 tui
1758 4284 1809 4337 in
1835 4297 1931 4336 va-

345 4387 472 4424 num
504 4373 700 4442 (Exod.
737 4376 851 4444 xx).
892 4396 909 4428 ι
941 4375 998 4430 lu
1019 4392 1217 4430 vanum
1250 4391 1482 4446 namque
1503 4376 1706 4432 Christi
1737 4390 1931 4430 nomen

346 4461 506 4531 717
537 4465 764 4518 assumit
809 4466 898 4534 qui
926 4481 1047 4520 eum
1079 4482 1181 4521 non
1207 4467 1546 4531 Creatorem,
1577 4468 1670 4522 sed
1701 4475 1934 4524 tantum-

346 4552 506 4605 modo
566 4562 872 4609 creaturam
939 4556 1132 4610 credit.
1191 4557 1427 4611 Vanitati
1479 4557 1624 4612 enim
1676 4567 1929 4612 creatura

345 4641 588 4712 subjecta
618 4654 721 4698 est.
770 4645 836 4699 Et
866 4645 984 4700 ideo
1026 4647 1160 4700 tales
1186 4647 1431 4703 homines
1470 4657 1594 4702 sunt
1620 4649 1806 4718 procul
1837 4650 1934 4704 du-

344 4729 434 4784 bio
460 4733 604 4798 vani,
648 4735 794 4801 quia,
833 4737 1116 4791 veritatem
1150 4736 1238 4791 Dei
1268 4747 1666 4794 connnutantes
1696 4741 1748 4794 in
1782 4756 1934 4797 men-

345 4821 582 4889 dacium,
621 4824 777 4879 ﬁdem
810 4828 1063 4881 adhibent
1093 4829 1340 4883 vanitati.

972 4917 1202 4974 CAPUT
1242 4920 1305 4974 V.

911 5007 984 5062 De
1007 5012 1156 5063 tertia
1186 5011 1361 5081 plaga.

415 5095 598 5152 Tertia
623 5114 752 5153 vero
779 5099 930 5170 plaga
964 5102 1208 5170 ciniphes
1249 5114 1375 5159 sunt
1411 5105 1606 5176 (Exod.
1635 5107 1780 5172 vm).
1821 5106 1933 5163 Hoc

338 5199 525 5268 autem
554 5192 751 5245 animal
786 5201 892 5245 tam
927 5194 1188 5248 minutum
1221 5205 1305 5250 est
1343 5213 1406 5251 ac
1447 5199 1830 5269 perexiguum,
1853 5209 1932 5264 ut,

338 5275 470 5332 dum
498 5296 557 5335 se
587 5297 682 5351 per
709 5297 888 5337 aerem
921 5283 1100 5349 librat,
1128 5294 1180 5338 et
1209 5286 1313 5340 huc
1343 5285 1574 5355 illucque
1602 5287 1936 5358 vagahundis

341 5370 679 5427 anfractibus
704 5375 1030 5429 iustabiliter
1059 5377 1226 5441 volat,
1253 5378 1429 5431 visum
1459 5393 1681 5432 cernere
1707 5380 1936 5434 volentis

345 5461 585 5535 effugiat.
619 5463 675 5517 ln
707 5479 934 5535 corpore
965 5475 1144 5522 tamen
1186 5477 1370 5524 nostro
1396 5485 1517 5523 cum
1549 5470 1767 5534 sederit,
1797 5485 1935 5539 pun-

345 5555 420 5620 git
449 5572 467 5617 -,
509 5553 646 5607 adeo
681 5562 740 5608 ut
770 5570 891 5608 cum
920 5572 1013 5612 eas
1053 5574 1288 5628 nequeas
1325 5560 1504 5614 videre
1559 5561 1684 5613 dum
1708 5560 1886 5614 volant
1918 5601 1933 5626 ,

343 5644 689 5712 coinpellaris
715 5646 919 5701 sentire
941 5663 1060 5701 cum
1090 5649 1404 5716 stimulant;
1436 5660 1507 5715 et,
1543 5651 1667 5705 dum
1703 5651 1937 5706 circum-

343 5736 622 5799 νιιὶτιιιωε,
680 5749 905 5805 seseque
951 5737 1309 5805 importunius
1359 5741 1698 5805 ingerentes,
1758 5741 1936 5796 vultus

2033 3296 2051 3328 ‹
2095 3279 2324 3332 Attende
2368 3278 2582 3333 lectioni
2629 3287 2683 3332 et
2732 3279 2992 3332 doctrinm
3035 3277 3086 3348 (Ι
3133 3276 3269 3330 Tim.
3319 3274 3415 3347 tv).
3483 3294 3501 3328 ι
3557 3273 3627 3328 Ει

2029 3367 2188 3426 alibi:
2225 3386 2244 3418 ί
2285 3367 2450 3424 Orate
2486 3370 2604 3424 sine
2643 3369 3042 3423 intermissione
3073 3365 3124 3438 (I
3159 3365 3338 3420 Thess.
3371 3365 3450 3433 v).
3487 3383 3503 3416 ι
3539 3361 3621 3418 Ad

2030 3455 2190 3526 hujus
2217 3457 2439 3513 Sabhati
2463 3459 2664 3513 cultum
2689 3458 2949 3513 Dominus
2975 3473 3071 3512 nos
3097 3465 3353 3525 provocat
3377 3471 3472 3527 per
3493 3454 3620 3510 Pro.

2029 3549 2269 3618 phetam,
2300 3564 2422 3604 eum
2449 3550 2607 3604 dicit:
2638 3570 2656 3600 ‹
2681 3548 2900 3611 Vaeate,
2931 3558 2986 3603 et
3011 3549 3205 3613 videte,
3237 3547 3492 3617 quoniam
3520 3561 3621 3618 ego

2031 3656 2150 3694 sum
2181 3640 2440 3696 Dominus
2467 3639 2648 3712 (Psal.
2680 3640 2834 3712 xcv).
2874 3661 2892 3693 ι
2928 3639 3005 3695 Ac
3025 3641 3070 3695 si
3102 3641 3246 3695 dicat
3274 3657 3286 3694 :
3325 3638 3620 3710 Spiriluale

2031 3732 2316 3793 sabbatum
2344 3732 2526 3797 colite,
2575 3734 2875 3802 vagationis
2907 3733 3332 3802 inquietudinem
3363 3731 3620 3796 devitate,

2032 3833 2087 3878 ut
2113 3839 2211 3894 per
2241 3824 2474 3894 Spiritus
2494 3827 2663 3881 sancti
2693 3827 2921 3897 gratiam
2951 3827 3106 3894 ﬁxos,
3130 3844 3236 3882 non
3261 3842 3358 3882 vos
3379 3825 3625 3896 cinipbes

2033 3915 2354 3986 inquietent,
2379 3916 2473 3971 sed
2505 3918 2798 3986 spiritualis
2827 3919 3037 3972 sabbati
3064 3917 3273 3972 cultura
3300 3915 3622 3972 sanctiﬁeet.

2033 4005 2338 4060 Notandum
2393 4014 2656 4076 praeterea
2722 4007 2975 4076 quoniam
3033 4007 3135 4060 tria
3207 4007 3470 4059 duntaxat
3521 4005 3623 4059 ista

2033 4107 2298 4168 praecepta
2347 4098 2400 4152 in
2431 4114 2535 4152 una
2584 4100 2854 4167 descripta
2903 4107 3029 4152 sunt
3079 4097 3287 4164 tabula;
3341 4097 3444 4153 alia
3495 4111 3625 4152 vero
3676 4087 3682 4095 ’

2035 4198 2240 4258 septem
2294 4190 2710 4243 continebantur
2752 4189 2805 4242 in
2843 4189 3033 4244 altera.
3080 4188 3185 4244 lsta
3239 4188 3505 4258 siquidem
3555 4186 3625 4241 ad

2036 4277 2356 4331 charitatem
2387 4278 2511 4343 Dei;
2545 4278 2631 4331 illa
2661 4293 2792 4332 vero
2823 4278 2888 4331 ad
2922 4293 3161 4332 amorem
3193 4277 3468 4348 pertinent
3502 4291 3628 4344 pro-

2037 4369 2190 4423 ximi.
2227 4369 2290 4422 Et
2313 4369 2514 4424 idcirco
2543 4383 2646 4422 non
2672 4366 2900 4437 amplius
2926 4383 3087 4437 quam
3117 4367 3235 4421 dure
3259 4374 3381 4422 sunt
3411 4364 3624 4430 tabulze,

2038 4463 2164 4531 quia
2204 4462 2432 4532 geminae
2467 4468 2592 4514 sunt
2637 4460 2921 4515 charitatis
2952 4460 3332 4530 impressiones
3355 4459 3521 4530 718
3547 4457 3629 4513 di-

2038 4554 2270 4608 stiuctm.
2305 4549 2431 4606 Tria
2459 4550 2613 4621 plane
2650 4559 2919 4621 praecepta
2952 4550 3002 4604 in
3038 4567 3143 4605 una
3189 4550 3390 4616 tabula,
3423 4559 3628 4621 septem

2036 4661 2166 4699 vero
2196 4643 2460 4713 descripta
2492 4641 2656 4698 fuisse
2689 4643 2741 4697 in
2775 4643 2900 4708 alia,
2932 4658 2996 4696 ex
3026 4642 3129 4697 hoc
3161 4642 3394 4696 maxime
3422 4641 3628 4710 colligi-

2039 4745 2128 4790 tur
2158 4737 2299 4803 quod
2353 4737 2544 4790 beatus
2572 4734 2867 4804 Apostolus
2896 4735 2962 4789 ad
2995 4734 3258 4803 Ephesios
3292 4714 3397 4786 5n:
3433 4750 3450 4781 ι
3485 4721 3624 4794 Filii,

2037 4829 2252 4882 obedite
2300 4826 2613 4897 parentibus
2658 4826 2853 4880 vestris
2903 4825 2956 4878 in
3015 4824 3280 4888 Domino,
3335 4824 3437 4877 hoc
3485 4821 3629 4875 enim

2036 4919 2240 4989 justum
2278 4929 2358 4972 est
2386 4917 2601 4988 (Ep/aes.
2630 4918 2729 4988 vr).
2764 4934 2782 4968 ι
2819 4915 3037 4970 Honora
3062 4926 3270 4986 patrem
3301 4923 3354 4968 et
3378 4922 3630 4976 matrem,

2040 5010 2181 5080 quod
2213 5019 2292 5066 est.
2317 5010 2630 5064 mandatum
2657 5010 2889 5079 primum
2921 5009 2972 5062 in
3002 5006 3382 5080 promissione,
3411 5013 3468 5059 ut
3496 5007 3630 5059 bene

2041 5101 2111 5154 sit
2149 5100 2267 5164 tibi,
2311 5110 2363 5153 et
2411 5099 2486 5154 sis
2524 5099 2798 5170 longzevus
2840 5112 3003 5168 super
3045 5107 3267 5152 terram.
3300 5095 3411 5152 Cur
3451 5105 3630 5150 autem

2042 5191 2275 5262 primmn
2314 5190 2417 5244 hoc
2453 5191 2766 5245 mandatum
2794 5189 3012 5256 dicitur,
3056 5187 3162 5242 nisi
3201 5187 3343 5257 quod
3390 5187 3442 5242 in
3484 5187 3635 5255 prin-

2044 5281 2184 5351 cipio
2219 5280 2470 5335 secunda:
2508 5279 2700 5335 tabulze
2731 5280 2962 5350 positum
3004 5281 3121 5334 est?
3157 5279 3312 5347 Quod
3358 5280 3522 5334 etiam
3576 5279 3629 5332 in
3705 5338 3709 5350 ,

2043 5371 2404 5442 promissione
2445 5371 2661 5435 dicitur,
2711 5371 2836 5440 quia
2879 5371 3022 5440 quod
3073 5371 3126 5426 in
3181 5370 3303 5425 aliis
3347 5369 3632 5440 praeceptis

2046 5479 2151 5518 non
2208 5462 2517 5528 invenitur,
2574 5462 2677 5516 hoc
2724 5472 3052 5532 przeceptum
3103 5461 3461 5533 longaevitatis
3505 5475 3632 5531 pro-

2045 5554 2232 5608 missio
2282 5552 2544 5622 sequitur.
2597 5551 2882 5608 Prmmisso
2936 5553 3191 5609 nimirum
3235 5553 3335 5608 hoc
3376 5550 3518 5622 quod
3549 5551 3631 5605 di-

2045 5649 2216 5702 citur:
2255 5638 2469 5700 llonora
2505 5654 2713 5715 patrem
2746 5654 2802 5699 et
2844 5653 3095 5710 matrem,
3139 5652 3198 5699 ut
3226 5644 3363 5699 bene
3391 5644 3462 5697 sit
3510 5641 3627 5708 tibi,

2047 5747 2095 5793 ct
2127 5739 2200 5794 sis
2229 5738 2502 5804 longaevus
2533 5750 2693 5806 super
2723 5745 2944 5791 terram.
2983 5735 3092 5791 Hoc
3123 5747 3252 5803 ergo
3279 5741 3651 5802 praeceptum,
