4138 6320
1031 336 1089 394 S.
1118 335 1320 395 PETRI
1355 333 1638 394 DAMlANl
1672 333 1826 392 OPP.
1863 332 2102 391 TOMUS
2142 331 2272 391 SEU
2318 330 2494 388 PARS
2524 329 2608 386 ill.
2639 360 2702 370 —
2725 326 3082 386 OPUSCULA
3123 325 3352 385 VARIA.
3395 345 3402 350 ν

3702 327 3802 384 om
3845 320 3848 322 ν

563 448 708 526 quod
741 457 993 518 quartum
1021 458 1104 504 est
1131 451 1183 504 in
1214 449 1446 518 generali
1476 463 1701 505 numero
1729 446 2128 513 mandatorum,
2159 449 2206 510 Α
2233 445 2501 501 charitate
2543 452 2668 497 sunt
2697 441 2896 514 frigidi,
2928 451 2981 497 et
3010 443 3204 498 ardore
3232 439 3542 512 cupiditatis
3569 455 3799 498 accensi.

565 541 623 596 tu
651 540 882 598 secunda
915 539 1093 594 tabula
1122 540 1341 610 ponitur
1369 539 1620 608 primum.

1175 628 1403 684 CAPUT
1451 627 1538 682 Vl.

1097 717 1173 774 De
1209 729 1396 788 quarta
1425 719 1612 789 plaga.

633 811 733 867 Cui
766 809 1036 866 contraria
1066 817 1158 894 est.
1179 819 1372 878 quarta
1401 808 1588 881 plaga,
1623 811 1724 865 hoc
1749 819 1833 864 est
1857 824 2140 881 cynomya,

567 915 691 970 quae
713 899 1103 955 diciturmusca
1127 899 1532 968 canina(Exod.
1555 901 1693 970 vtu).
1716 900 2008 955 Nihilenim
2037 910 2143 954 tam

575 975 834 1044 caninum
889 1000 975 1044 est
1012 1003 1173 1057 quam
1213 989 1463 1060 ignorare
1505 997 1789 1058 parentes,
1831 998 1887 1044 et
1917 988 2021 1043 illis
2052 989 2145 1057 qui

565 1093 666 1133 nos
699 1087 1020 1149 genuerunt,
1052 1078 1406 1134 reverentiam
1445 1094 1552 1133 non
1581 1077 1812 1136 deferre.
1844 1079 1947 1133 Eos
1981 1079 2143 1133 etiam

567 1178 826 1238 tanquam
850 1183 1048 1222 musca:
1073 1168 1525 1224 circumvolantes
1553 1169 1734 1224 canini
1767 1183 1944 1224 mores
1965 1169 2146 1239 exagi-

568 1265 703 1319 tant,
733 1257 849 1327 qui,
871 1258 997 1312 dum
1024 1257 1236 1314 deferre
1262 1259 1574 1328 parentibus
1603 1259 1868 1320 nesciunt,
1896 1274 1991 1327 per
2015 1258 2147 1312 levi-

567 1345 696 1400 tatis
737 1345 1159 1402 inconstantiam
1189 1363 1219 1402 a
1263 1347 1492 1403 naturali
1542 1349 1804 1417 gravitate
1855 1347 2146 1411 recedunt;

565 1448 768 1504 eosque
798 1444 1052 1505 tanquam
1086 1438 1292 1492 canina:
1333 1453 1534 1492 muscae
1567 1437 1884 1501 dilacerant,
1923 1437 2048 1490 dum
2088 1450 2148 1491 se

568 1533 760 1579 contra
789 1526 1064 1596 genitores
1089 1541 1214 1582 suos
1251 1528 1402 1596 quasi
1435 1527 1708 1598 ringentes
1731 1537 1786 1581 et
1818 1527 2149 1582 oblatrantes

568 1628 667 1682 per
694 1614 1083 1684 impatientiam
1106 1625 1322 1670 vexant.
1341 1615 1412 1672 Ut
1438 1616 1552 1671 haec
1574 1629 1702 1687 ergo
1721 1614 1878 1687 plaga
1907 1623 2146 1679 curetur,

569 1704 731 1775 digna
758 1706 1072 1776 parentibus
1098 1707 1395 1761 reverentia
1424 1705 1714 1763 deferatur.

1155 1795 1383 1852 CAPUT
1430 1795 1540 1853 VII.

1107 1883 1184 1940 De
1211 1885 1394 1956 quinta
1421 1884 1596 1956 plaga.

635 1971 834 2040 Quinta
861 1971 1016 2046 plaga
1041 1990 1194 2030 mors
1206 1991 1468 2045 pecorum
1486 1984 1569 2030 est
1593 1975 1789 2047 (Exod.
1822 1974 1918 2050 ιι).
1943 1976 2153 2034 Omnes.

566 2065 711 2120 enim
750 2066 871 2134 qui,
896 2075 1080 2136 spreto
1109 2068 1376 2139 conjugali
1416 2077 1557 2133 toro,
1595 2069 1889 2124 alienarum
1932 2085 1992 2125 se
2024 2087 2147 2126 tnu-

565 2153 761 2209 lierum
790 2154 1117 2212 fmditatibus
1143 2157 1408 2226 polluunt,
1435 2167 1490 2214 et
1515 2173 1611 2228 per
1638 2159 1886 2214 obscenae
1909 2159 2154 2216 libidinis

566 2245 774 2317 passim
805 2244 948 2301 ﬂuxa
985 2247 1298 2312 resolvunt.
1337 2249 1466 2319 quid
1499 2249 1642 2304 aliud
1678 2266 1840 2320 quam
1875 2251 2034 2309 bruta
2062 2251 2148 2308 di-

567 2335 736 2390 cenda
763 2344 889 2390 sunt
912 2351 1135 2407 pecora,
1166 2346 1330 2408 atque
1363 2353 1394 2392 a
1437 2339 1646 2395 ratione
1672 2339 1966 2408 spiritualis
1993 2338 2150 2398 intel-

569 2424 806 2494 ligentize
847 2426 1060 2496 penitus
1101 2426 1320 2482 aliena?
1358 2427 1509 2483 Facti
1553 2437 1679 2484 sunt
1719 2429 1886 2496 enim,
1934 2448 1952 2482 ‹
2009 2431 2149 2488 sicut

567 2527 742 2583 equus
792 2521 850 2569 et
889 2513 1084 2578 mulus,
1119 2515 1312 2585 quibus
1344 2531 1452 2572 non
1491 2526 1577 2572 est
1623 2517 1928 2574 intellectus
1975 2518 2145 2590 (Psal.

567 2607 749 2677 xxxi).
785 2626 809 2659 ›
839 2607 906 2662 Ει
933 2621 1031 2679 per
1056 2607 1347 2664 Jeremiam
1383 2609 1620 2666 dicitur:
1660 2627 1680 2662 σ
1711 2609 1912 2666 Satiavi
1943 2626 2064 2676 eos,
2093 2620 2149 2668 et

569 2697 830 2753 mmchati
858 2709 1006 2765 sunt,
1031 2707 1088 2755 et
1112 2699 1166 2755 in
1195 2699 1354 2756 domo
1379 2702 1684 2758 meretricis
1705 2701 2154 2773 luxuriabantur',

568 2789 695 2859 equi
727 2799 998 2847 amatores
1025 2792 1078 2846 in
1102 2789 1331 2848 feminas
1357 2793 1625 2849 emissarii
1649 2793 1778 2849 facti
1810 2803 2148 2862 sunt,unus-

571 2880 804 2950 quisque
831 2880 898 2934 ad
929 2895 1150 2937 uxorem
1175 2882 1404 2953 proximi
1443 2885 1524 2940 sui
1552 2884 1832 2940 hinniebat
1858 2885 1990 2956 (Jer.
2016 2887 2093 2960 v).
2124 2905 2142 2938 ι

578 2970 707 3027 Haec
735 2986 867 3043 ergo
895 2987 1088 3043 pecora
1122 2989 1344 3031 necesse
1396 2985 1482 3032 est
1515 2985 1576 3032 ut
1617 2976 1860 3034 funditus
1884 2979 2148 3050 exstincta

571 3061 1001 3132 depereant,nisi
1031 3064 1224 3120 divinae
1239 3065 1371 3137 legis
1389 3067 1721 3122 medicamen
1743 3081 2012 3124 accurrat.
2045 3068 2138 3124 Di-

2248 534 2348 590 Ubi
2379 533 2543 588 etiam
2581 531 2788 598 fulgura
2831 540 2990 601 atque
3031 531 3265 584 tonitrua
3295 529 3452 584 mista
3481 528 3644 583 fuisse
3684 544 3801 583 cum

2243 624 2502 696 grandine
2534 621 2899 692 perhibentur.
2949 619 3086 685 Quid
3129 628 3310 674 autem
3359 634 3456 688 per
3504 617 3710 688 fulgura
3755 626 3807 671 et

2245 712 2505 772 tonitrua,
2537 709 2637 763 nisi
2670 723 2835 777 pavor
2865 707 3214 762 intolerabilis
3243 707 3590 778 designatur?
3615 707 3679 761 Et
3711 707 3806 762 hoc

2244 798 2454 854 furibus
2479 797 2746 852 familiare
2780 806 2888 862 est,
2923 809 2980 850 ut
3018 797 3192 866 primo
3221 799 3364 865 capi,
3395 797 3589 852 deinde
3627 799 3801 867 puniri

2246 888 2573 943 tremefactis
2599 888 2896 942 visceribus
2928 894 3192 956 paveant,
3245 901 3345 940 nec
3376 895 3554 941 tamen
3583 901 3612 940 a
3648 887 3814 942 semel.

2243 988 2516 1048 concepta:
2542 977 2793 1047 nequitize
2820 976 3218 1046 perpetratione
3247 977 3547 1045 quiescant.
3581 977 3698 1031 Istae
3724 978 3805 1030 ni-

2244 1069 2438 1122 mirum
2468 1076 2669 1138 pestes,
2698 1067 2798 1120 hoc
2824 1075 2929 1130 est,
2957 1065 3181 1136 grando,
3207 1065 3363 1136 ignis,
3394 1065 3626 1137 fulgura,
3654 1066 3811 1122 simul

2245 1170 2408 1226 atque
2446 1159 2703 1220 tonitrua,
2752 1171 2936 1210 eorum
2967 1157 3127 1210 corda
3157 1157 3246 1225 qui
3293 1155 3429 1210 clam
3462 1157 3634 1212 aliena
3688 1158 3814 1211 diri-

2241 1251 2419 1319 piunt,
2453 1258 2712 1316 tauquam
2731 1247 2971 1314 quredam
3001 1261 3146 1307 arva,
3175 1246 3488 1301 devastant:
3518 1255 3592 1312 et,
3637 1247 3682 1300 si
3712 1261 3810 1315 qua

2245 1348 2390 1404 sunt,
2419 1354 2608 1393 omnes
2635 1337 2786 1391 bona:
2813 1337 3105 1391 voluntatis
3137 1336 3336 1408 fruges,
3365 1347 3418 1392 et
3445 1338 3684 1409 germina
3712 1338 3814 1393 dis-

2249 1431 2442 1500 sipant.
2471 1429 2605 1483 Huic
2630 1429 2810 1497 itaque
2832 1428 3065 1496 pessimo
3084 1427 3288 1482 vulneri
3317 1429 3525 1498 septimi
3556 1429 3816 1484 succurrit

2246 1519 2509 1572 medicina
2553 1517 2812 1581 mandati,
2858 1531 2979 1572 cum
3020 1516 3254 1572 dicitur:
3312 1536 3330 1569 ι
3388 1517 3502 1572 Νοη
3551 1517 3814 1572 furaberis

2247 1607 2442 1682 (Exod.
2472 1609 2586 1680 xx).
2624 1629 2642 1662 ι
2670 1607 2742 1662 Ut
2763 1609 2866 1662 hoc
2895 1608 3122 1678 quisque
3151 1623 3512 1679 cognoscens,
3531 1609 3709 1663 cordis
3736 1608 3820 1661 sui

2247 1709 2457 1770 segetes
2478 1699 2580 1755 hac
2607 1698 2883 1768 multiplici
2912 1707 3061 1768 peste
3088 1714 3194 1754 non
3221 1700 3429 1770 perdat,
3445 1701 3538 1756 sed
3559 1701 3816 1755 bonorum

2169 1801 2218 1860 Β
2245 1806 2465 1859 operum
2496 1791 2736 1862 frugibus
2763 1791 2958 1844 animae
2988 1804 3097 1844 suae
3125 1790 3400 1844 cellarium
3433 1791 3671 1860 repleat,
3719 1790 3818 1844 im-

2244 1879 2398 1950 plens
2426 1879 2558 1936 illud
2597 1879 2990 1948 apostolicum:
3039 1897 3056 1929 ι
3101 1877 3200 1945 Qui
3231 1878 3530 1941 furabatur.
3569 1877 3686 1948 jam
3719 1893 3816 1932 non

2245 1972 2494 2036 furetur;
2551 1972 2643 2028 sed
2677 1972 2883 2027 laboret
2913 1971 3162 2026 manibus
3199 1973 3335 2034 suis.
3367 1982 3427 2026 ut
3457 1973 3656 2027 habeat
3687 1971 3820 2026 unde

2249 2061 2452 2117 tribuat
2482 2062 2864 2118 necessitatem
2892 2061 3218 2131 patientibus
3247 2061 3461 2134 (Epltes.
3491 2065 3586 2134 tv).
3626 2081 3654 2115 ι

2862 2152 3091 2210 CAPUT
3129 2153 3200 2209 Χ.

2775 2243 2850 2299 De
2897 2256 3078 2302 octava
3119 2244 3298 2314 plaga.

2315 2334 2515 2393 Octava
2551 2345 2732 2393 autem
2769 2337 2920 2408 plaga
2952 2337 3170 2394 locustae
3199 2347 3325 2392 sunt
3357 2337 3552 2410 (Exod.
3600 2338 3680 2411 x).
3725 2339 3830 2395 Per

2246 2426 2364 2483 haec
2400 2429 2675 2494 animalia,
2707 2444 2827 2498 qua:
2866 2438 3106 2500 segetum
3139 2429 3382 2498 germina
3433 2431 3720 2486 destruunt
3770 2441 3823 2486 et

2247 2515 2505 2586 pestifero
2546 2515 2726 2587 fruges
2763 2532 2858 2572 ore
2893 2519 3205 2582 corrodunt,
3235 2519 3324 2587 qui
3371 2529 3596 2589 possunt
3639 2521 3826 2575 melius

2247 2605 2515 2675 designari
2564 2622 2722 2675 quam
2755 2606 2787 2660 ii
2819 2607 2908 2676 qui
2939 2605 3193 2661 fratribus
3213 2608 3534 2675 detrahunt,
3557 2618 3609 2663 et
3633 2607 3822 2664 falsum

2247 2693 2356 2750 iiiis
2384 2695 2587 2750 crimen
2613 2707 2886 2766 opponunt
2917 2695 3265 2770 [imponunt].
3291 2696 3424 2753 Nam
3454 2699 3607 2768 quasi
3642 2699 3825 2754 aliena:

2248 2787 2444 2858 segetis
2475 2787 2715 2858 germina
2740 2788 3019 2854 devorant,
3044 2789 3168 2843 dum
3203 2788 3440 2866 fratrum
3462 2806 3684 2845 suorum
3720 2805 3823 2846 non

2249 2879 2408 2932 modo
2443 2879 2579 2932 bona
2615 2878 2976 2948 supprimunt,
3026 2894 3146 2950 quae
3171 2880 3466 2950 praedicare
3501 2883 3833 2945 debuerunt,

2249 2965 2345 3021 sed
2376 2966 2519 3021 ultro
2545 2967 2710 3021 etiam
2747 2977 2869 3022 nota
2908 2982 3002 3022 eos
3036 2968 3155 3023 falsi
3188 2977 3367 3025 reatus
3396 2969 3676 3026 infamant.
3723 2969 3825 3026 Ro-

2251 3060 2382 3114 dunt
2419 3061 2621 3132 itaque,
2671 3061 2794 3130 quia
2844 3077 2948 3115 non
2992 3060 3151 3117 modo
3176 3076 3361 3116 eorum
3404 3076 3527 3117 vera
3561 3062 3702 3116 bona
3734 3077 3828 3133 per

569 3151 715 3208 citur
739 3163 900 3224 ergo:
951 3171 972 3206 ι
1019 3152 1134 3210 Non
1165 3155 1527 3212 maechaberis
1569 3157 1765 3228 (Exod.
1805 3159 1919 3230 xx).
1964 3179 1986 3213 ι
2037 3160 2149 3216 Hoc
2175 3143 2217 3204 C
2251 3155 2598 3210 invidentiam
2638 3164 2948 3226 contegunt,
2998 3157 3092 3211 sed
3132 3156 3210 3213 eis
3253 3156 3416 3212 etiam
3460 3155 3653 3228 sﬁgma
3695 3156 3828 3227 ficta:

571 3241 756 3312 itaque
794 3243 1039 3312 quintum
1068 3253 1392 3315 praceptum
1444 3247 1648 3316 quinta:
1689 3248 1858 3319 plaga:
1895 3259 2152 3319 tanquam

573 3333 914 3390 medicinalis
959 3351 1130 3392 nexus
1161 3337 1471 3407 opponitur,
1516 3347 1598 3403 ut,
1632 3337 1758 3392 dum
1783 3340 2001 3410 proprio
2033 3349 2150 3394 toro

572 3423 805 3494 quisque
849 3431 1133 3481 contentus
1173 3442 1292 3482 esse
1327 3427 1686 3498 compellitur,
1722 3445 2057 3500 nequaquam
2097 3431 2150 3485 in

575 3523 866 3572 extraneos
889 3517 1068 3572 carnis
1102 3516 1380 3590 amplexus
1416 3519 1825 3590 intemperantia
1856 3518 2154 3575 dilirenata:

571 3603 812 3660 libidinis
837 3606 1178 3662 extendatur.

1157 3697 1387 3755 CAPUT
1428 3697 1560 3756 Vill.

1105 3787 1183 3842 De
1235 3799 1382 3843 sexta
1436 3789 1611 3861 plaga.

650 3875 814 3933 Sexta
852 3875 1005 3948 plaga
1056 3887 1182 3934 sunt
1229 3879 1482 3945 vulnera,
1535 3890 1592 3936 et
1634 3879 1826 3938 vesicae
1876 3889 2156 3953 turgentes

583 3977 750 4038 atque
793 3967 1062 4024 ferventes
1110 3968 1308 4038 (Exod.
1350 3969 1448 4039 ix).
1494 3971 1548 4024 In
1590 3971 1901 4028 vulneribus
1949 3974 2157 4029 scilicet

539 4059 552 4066 ’
576 4059 745 4130 719
774 4059 1016 4129 arguitur
1043 4059 1226 4114 dolosa
1256 4060 1548 4115 odientium
1608 4076 1672 4116 ac
1714 4063 1997 4132 purulenta
2044 4081 2156 4119 ma.

575 4147 732 4216 litia;
765 4148 818 4204 in
857 4149 1078 4216 vesicis,
1113 4157 1323 4206 tumens
1353 4159 1408 4205 et
1434 4149 1612 4205 inflata
1637 4153 1885 4222 superbia
1914 4171 1928 4219 ;
1963 4154 2013 4208 in
2046 4153 2154 4208 fer-

581 4253 737 4306 vore,
789 4250 1023 4296 testuans
1069 4241 1146 4295 ira
1206 4248 1262 4295 et
1319 4240 1630 4296 inﬂammati
1683 4242 1879 4298 furoris
1924 4243 2152 4298 insania.

579 4327 722 4384 Sunt
748 4329 892 4384 enim
933 4330 1123 4384 animae
1152 4315 1398 4400 quzedam
1432 4331 1800 4395 homicidales,
1854 4332 1907 4386 in
1960 4333 2157 4401 quibus

573 4417 662 4474 hae
707 4428 885 4488 pestes
924 4419 1175 4473 oriuntur
1234 4427 1289 4474 et
1329 4420 1591 4474 acerrime
1627 4420 1882 4486 saeviunt;
1930 4435 2152 4492 easque,

2250 3245 2534 3314 pravitatis
2583 3245 2821 3298 inurunt.
2870 3246 2950 3298 An
3005 3245 3091 3299 isti
3146 3256 3399 3316 tanquam
3451 3246 3671 3301 locusta:
3723 3262 3838 3301 non.

2254 3335 2471 3400 rodunt,
2504 3335 2701 3405 quibus
2733 3351 2828 3406 per
2856 3333 3166 3404 Apostolum
3193 3337 3428 3390 dicitur:
3469 3353 3488 3386 ι
3521 3335 3579 3390 Si
3615 3338 3828 3390 morde—

2253 3425 2322 3480 tis
2344 3435 2399 3480 et
2423 3427 2708 3481 comeditis
2741 3427 3003 3489 invicem,
3035 3427 3232 3492 videte,
3263 3443 3341 3482 ne
3357 3427 3426 3482 ab
3448 3427 3678 3482 invicem
3702 3443 3830 3483 con-

2252 3516 2576 3570 sumamini‘l
2601 3534 2619 3566 ι
2657 3515 2797 3586 (Gal.
2832 3513 2909 3584 v.)
2934 3516 3067 3571 lluic
3100 3517 3282 3586 itaque
3308 3515 3478 3587 plaga;
3517 3519 3839 3572 mandatum-

2253 3605 2382 3659 illud
2405 3615 2776 3675 competenter
2799 3606 3105 3676 apponitur,
3135 3620 3242 3674 quo
3268 3605 3467 3658 dictum
3499 3615 3580 3658 est
3605 3623 3618 3658 :
3657 3624 3676 3656 ‹
3713 3606 3833 3661 Non

2254 3697 2445 3754 falsum
2477 3701 2840 3755 testimonium
2869 3701 3014 3754 dices
3043 3697 3239 3769 (Exod.
3273 3701 3390 3767 xx).
3427 3717 3446 3749 ι
3481 3696 3552 3752 Ut
3580 3697 3838 3754 videlicet

2255 3791 2423 3848 falsus
2452 3794 2678 3864 quisque
2712 3792 2883 3859 testis,
2913 3791 3074 3861 720
3104 3789 3193 3860 qui
3241 3803 3347 3843 non
3378 3789 3484 3844 erit
3514 3787 3828 3858 impunitus,

2255 3885 2324 3938 ab
2353 3885 2539 3938 aliena:
2564 3883 2686 3938 vita:
2715 3898 2894 3937 morsu
2927 3898 2984 3937 se
3013 3880 3292 3950 reprimat,
3325 3877 3616 3933 locustinos
3647 3878 3846 3932 dentes-

2256 3974 2512 4043 abjiciat,
2565 3982 2620 4029 et
2669 3973 2897 4029 virentia
2953 3971 3152 4044 segetis
3199 3969 3386 4025 aliena:
3434 3969 3676 4040 germina
3723 3981 3828 4021 non

2257 4063 2503 4118 abrodat.

2866 4151 3092 4207 CAPUT
3128 4150 3224 4204 XL.

2821 4243 2899 4298 De
2929 4259 3066 4296 nona
3093 4243 3272 4313 plaga.

2329 4332 2446 4390 lam
2465 4347 2606 4388 nona
2629 4331 2782 4403 plaga
2811 4339 2894 4385 est
2916 4331 3156 4385 densitas
3181 4331 3518 4384 tenebrarum
3536 4328 3731 4400 (Exod.
3756 4330 3830 4388 x).

2261 4423 2429 4480 Nemo
2480 4422 2650 4492 magis
2703 4423 2756 4476 in
2797 4421 3082 4475 interiores
3123 4419 3372 4475 tenebras
3421 4419 3637 4484 labitur,
3673 4434 3830 4488 quam

573 4507 680 4563 nisi
709 4483 1024 4561 'humanum
1071 4508 1384 4577 sanguinem
1433 4507 1680 4571 fundant.
1719 4483 2002 4579 quiescere
2183 4483 2235 4543 Β
2260 4515 2305 4570 is
2345 4513 2438 4585 qui
2471 4483 2768 4583 coniugalis
2805 4510 3025 4566 thalami
3061 4510 3227 4565 violat
3271 4509 3460 4576 fidem,
3500 4518 3555 4565 et
3606 4483 3830 4565 alienam

578 4595 920 4666 permittunt.
959 4593 1094 4650 llui’c
1121 4595 1302 4664 itaque
1332 4594 1530 4650 furenti
1559 4596 1748 4652 morbo
1777 4605 1831 4652 et
1857 4596 2162 4652 immaniter
2258 4604 2514 4661 inuadere
2551 4604 2743 4675 qum-it
2789 4617 3035 4658 uxorem.
3083 4600 3189 4658 Sed
3242 4601 3342 4656 has
3379 4601 3655 4664 tenebras,
3703 4615 3830 4671 quas

574 4681 822 4739 savieuti
875 4690 1086 4738 sextum
1124 4691 1451 4753 pmceptum
1480 4690 1733 4752 tanquam
1757 4685 2020 4739 medicina
2050 4700 2161 4741 coe-

579 4774 734 4832 lestis
745 4771 1003 4842 occurrit,
1023 4791 1131 4846 quo
1148 4775 1376 4832 dicitur:
1389 4794 1408 4828 ι
1429 4775 1543 4831 Non
1565 4775 1778 4832 occides
1794 4774 1988 4847 (Exod.
2005 4775 2121 4846 xx).
2135 4795 2155 4828 ι

579 4868 654 4927 Ut
679 4871 782 4926 hoc
815 4869 1040 4941 quilibet
1058 4866 1304 4936 audiens,
1331 4877 1572 4925 exortam
1601 4869 1756 4924 malae
1783 4869 2075 4924 voluntatis
2102 4869 2156 4923 in

578 4960 872 5031 semetipso
897 4960 1189 5030 perniciem
1241 4960 1519 5028 reprimat,
1572 4973 1673 5014 nec
1700 4957 2038 5013 extrinsecus
2089 4957 2162 5012 ad

579 5051 886 5108 etl'undendi
941 5052 1151 5108 cruoris
1197 5049 1444 5107 effectum
1501 5058 1821 5121 conceptum
1877 5049 2158 5105 malitiosa:

581 5141 927 5197 conscientia:
951 5142 1100 5198 virus
1132 5150 1397 5210 erumpat.

1194 5231 1423 5288 CAPUT
1449 5231 1542 5286 IX.

1108 5323 1186 5379 De
1216 5324 1433 5394 septima
1459 5323 1634 5393 plaga.

2261 4694 2447 4764 utique
2485 4707 2581 4747 cor
2628 4692 2855 4747 luxuria
2898 4692 3135 4746 deditum
3183 4689 3408 4755 tolerat,
3455 4689 3652 4745 divine
3707 4689 3832 4759 legis

2263 4781 2514 4852 Splendor
2544 4778 2801 4844 illustrat,
2829 4795 2952 4836 cum
2999 4779 3228 4834 dicitur:
3272 4798 3292 4830 ι
3330 4777 3454 4834 Non
3485 4777 3832 4848 concupisces

2263 4887 2484 4926 uxorem
2539 4871 2764 4940 proximi
2805 4871 2879 4925 tui
2916 4869 3111 4941 (Exod.
3145 4868 3260 4939 xx).
3304 4887 3325 4922 ι
3402 4866 3502 4923 Ubi
3545 4877 3709 4922 notan

2265 4961 2389 5030 quia
2445 4977 2549 5014 non
2591 4961 2740 5025 dicit,
2785 4974 2887 5014 non
2925 4959 3076 5014 tolles
3115 4959 3227 5014 sive
3275 4973 3379 5013 non
3429 4956 3668 5027 pollues,

2264 5052 2405 5123 quod
2434 5052 2552 5122 plus
2576 5061 2680 5114 est,
2713 5067 2819 5106 non
2853 5052 3204 5122 concupisces
3225 5065 3447 5106 uxorem
3474 5047 3706 5119 proximi

2264 5141 2524 5212 Superius
2567 5151 2714 5196 certe
2757 5141 2959 5195 dictum
3005 5151 3110 5207 est,
3152 5157 3258 5196 non
3307 5139 3702 5202 mtechaberis;
3736 5128 3822 5186 hic

2265 5233 2483 5300 dicitur,
2514 5248 2620 5288 non
2662 5233 3010 5303 concupisces
3045 5248 3266 5287 uxorem
3298 5232 3529 5302 proximi
3571 5227 3823 5296 tui.Ergo

2267 5325 2332 5379 de
2372 5341 2430 5380 re
2463 5340 2567 5378 una
2609 5321 2713 5379 duo
2755 5323 3010 5378 videntur
3047 5337 3164 5377 esse
3209 5322 3486 5376 mandata.
3530 5318 3642 5374 Illic
3692 5315 3828 5371 enim

661 5411 791 5468 Post
829 5413 944 5470 haec
994 5415 1148 5486 plaga
1201 5411 1480 5483 grandinis
1512 5414 1731 5483 ponitur
1753 5453 1769 5480 ,
1823 5413 1910 5468 ubi
1963 5413 2168 5468 scilicet
2265 5417 2510 5472 moechiae
2531 5414 2761 5468 alienum
2791 5425 2964 5468 torum
2991 5413 3238 5466 violantis
3266 5410 3518 5476 eli‘ectus;
3549 5409 3639 5464 hic
3673 5407 3832 5461 etiam

589 5505 794 5575 grando
817 5515 872 5560 et
895 5505 1032 5576 ignis
1054 5505 1262 5575 pariter
1300 5503 1610 5560 ferebantur
1637 5502 1833 5574 (Exod.
1869 5503 1966 5563 ix).
1996 5503 2167 5558 Porro
2265 5502 2468 5559 violare
2495 5503 2725 5558 volentis
2760 5503 3080 5572 prohibetur
3107 5500 3350 5555 affectus.
3379 5498 3491 5554 lllic
3531 5509 3753 5566 spurcus
3781 5501 3829 5542 et

590 5606 773 5652 autem
807 5597 912 5652 duo
950 5597 1065 5651 haec
1095 5591 1362 5650 contraria
1394 5605 1540 5660 sunt,
1580 5593 1750 5665 frigus
1787 5595 1836 5648 in
1885 5595 2165 5664 grandine,

591 5688 738 5744 calor
765 5689 816 5744 iu
847 5688 1000 5760 igne;
1035 5687 1113 5742 sic
1140 5685 1229 5758 qui
1257 5682 1428 5742 aliena
1467 5687 1736 5753 furantur,
1768 5695 1822 5741 et
1860 5703 1887 5739 a
1927 5685 2165 5741 fraterna

2268 5593 2483 5649 illicitus
2533 5593 2922 5648 condemnatur
2971 5589 3217 5645 adulterii
3269 5589 3485 5652 coitus;
3539 5585 3628 5640 hic
3673 5581 3831 5636 etiam

2272 5683 2581 5739 adulterinae
2608 5680 3054 5753 concupiscentiae
3084 5679 3441 5750 compescitur
3463 5675 3744 5748 appetitus.
3771 5668 3831 5723 Et
