4138 6320
368 319 462 374 395
1206 316 1445 372 OPUSC.
1490 316 1671 370 XLIV.
1695 347 1764 356 -
1799 313 1882 369 DE
1917 316 2141 370 DECEM
2173 316 2448 372 EGYPTI
2485 319 2741 375 PLAGIS.
3484 325 3588 380 694

368 444 544 483 .evera
600 428 713 497 ipsa
768 428 1198 497 concupiscentia
1250 429 1479 482 violandi
1527 429 1684 480 alieni
1736 428 1921 481 matris
1948 430 1999 488 Α
2025 429 2226 491 audiat,
2259 445 2326 482 ne
2354 431 2766 498 primogenitum
2795 434 2976 502 perdat
3008 475 3021 496 ,
3053 444 3109 488 ut
3137 435 3202 489 de
3233 436 3587 504 primogenita

375 519 520 572 noaii
549 517 865 572 adulterium
902 529 1002 582 est,
1039 519 1176 572 sicut
1210 519 1466 572 Dominus
1495 519 1604 571 ait:
1654 537 1671 568 ι
1715 518 1813 583 Qui
1846 519 1923 571 vi-
2024 537 2121 575 suo
2149 521 2410 589 gaudeat,
2451 531 2504 575 et
2546 539 2883 594 nequaquam
2919 527 3058 594 quod
3087 527 3318 581 alienum
3351 536 3436 582 est
3461 543 3592 583 con-

370 610 496 664 lcrit
525 623 745 663 uxorem
774 609 996 663 alterius
1027 611 1092 662 ad
1123 608 1606 678 concupiscendum
1635 624 1775 673 eam,
1807 610 1920 678 jam
2024 614 2280 683 cupiscat.
3223 605 3231 616 ’

369 701 660 754 ntecbatus
688 709 771 754 est
815 715 933 753 eam
967 700 1018 753 in
1059 701 1217 754 corde
1259 715 1356 752 suo
1397 699 1611 768 (Matth.
1645 701 1722 768 v).
1753 719 1772 751 ι
1808 699 1922 752 Non
2609 703 2840 759 CAPUT
2880 706 3012 761 XIII.
3664 755 3681 782 ί

371 805 486 860 :rgo
512 790 776 861 quispiam
808 790 1038 844 alienam
1073 791 1410 858 concupiscat
1443 799 1694 854 uxorem,
1717 807 1782 845 ne
1813 791 1926 859 pal-

369 881 588 952 gahilem
641 882 979 935 tenebrarum
1027 881 1261 952 patiatur
1311 882 1364 935 in
1410 882 1570 937 corde
1619 881 1921 952 caliginem.

369 976 528 1038 Quam
557 980 609 1024 et
640 971 684 1025 si
727 970 865 1025 forte
883 972 992 1040 jam
1029 971 1246 1040 patitur.
1288 981 1684 1026 corruseantem
1718 972 1925 1033 radium

368 1061 595 1114 .uandati
621 1060 805 1130 legalis
831 1062 1100 1126 admittat,
1128 1070 1181 1116 et
1209 1062 1286 1116 sic
1318 1061 1566 1116 tenebras
1590 1061 1928 1117 conscientiae

369 1151 691 1206 :zecutientis
718 1151 949 1220 abjiciat.
1635 1162 1641 1168 ‘

957 1239 1182 1294 CAPUT
1214 1239 1324 1293 XII.

891 1331 966 1384 De
992 1331 1190 1384 decima
1225 1332 1398 1400 plaga.

431 1418 708 1474 Postremo
745 1419 947 1474 decimi
982 1421 1133 1490 plaga
1163 1429 1244 1474 est
1276 1435 1420 1474 mors
1450 1421 1931 1490 pritnogeuitorum

369 1512 562 1578 (Exod.
593 1514 692 1583 xt).
731 1514 872 1568 Duos
903 1513 1040 1566 filios
1088 1515 1246 1567 habet
1292 1514 1474 1578 homo,
1523 1515 1777 1567 nimirum
1811 1528 1931 1566 cum

368 1603 492 1656 facit
518 1617 653 1670 opus
703 1603 844 1672 quod
875 1602 940 1656 ad
967 1604 1105 1656 hanc
1133 1604 1359 1672 pertinet
1383 1604 1566 1668 vitam,
1597 1613 1650 1656 et
1678 1619 1796 1658 cum
1827 1603 1934 1672 spi-

369 1693 557 1746 rituale
595 1693 723 1762 quid
765 1702 1018 1762 operatur
1075 1694 1217 1762 quod
1263 1696 1327 1747 ad
1356 1695 1518 1748 vitam
1561 1695 1727 1748 tendit
1779 1703 1938 1748 aeter-

2058 788 2366 844 Divinorum
2401 804 2771 860 praceptorum
2809 795 3151 851 emolumenta
3193 809 3242 852 et
3270 802 3554 870 praconia.
3647 837 3652 843 -

2097 878 2218 932 llmc
2246 889 2391 943 sunt,
2420 880 2491 933 fili
2517 882 2832 938 charissime
2852 925 2865 948 ,
2897 885 3088 939 divinae
3121 887 3249 958 legis
3274 890 3447 943 edicta
3471 909 3482 943 :
3525 891 3592 945 ab

2027 967 2112 1022 his
2140 969 2318 1022 omnia
2350 968 2639 1040 Scriptura:
2673 987 2839 1026 sacrze
2884 975 3147 1042 prodeunt
3192 976 3548 1032 instrumenta
3575 1021 3590 1044 ,

2028 1059 2114 1113 his
2153 1061 2400 1114 omnibus
2441 1073 2642 1116 saneta:
2693 1064 2966 1133 religionis
3009 1067 3254 1122 innititur
3291 1068 3592 1139 disciplina.

2029 1147 2154 1202 H330
2186 1157 2330 1202 certe
2356 1147 2633 1204 fluentium
2659 1152 2938 1206 vulnerum
2967 1155 3198 1219 vincula,
3225 1156 3337 1212 haec
3368 1157 3597 1212 salubris

2029 1247 2111 1291 est
2157 1237 2457 1291 animarum
2515 1238 2882 1309 languentiqu
2939 1245 3224 1298 medicina.
3279 1245 3387 1302 Has
3440 1247 3599 1317 plane

2031 1341 2214 1380 omnes
2243 1325 2445 1396 plagas,
2473 1342 2608 1396 quas
2639 1329 2692 1382 in
2722 1329 2951 1401 IEgypto
2976 1333 3313 1403 pertulimus,
3340 1336 3447 1391 imo
3469 1351 3600 1391 cun-

2031 1426 2148 1471 ctos
2185 1419 2500 1472 interiorum
2531 1423 2907 1490 :rgritudinum
2956 1426 3199 1491 morbos,
3241 1427 3452 1496 quosin
3483 1427 3599 1496 pla-

2031 1507 2164 1560 nitie
2189 1507 2458 1561 smcularis
2485 1509 2607 1562 vita:
2631 1511 2995 1580 concepimus,
3024 1514 3160 1582 apud
3185 1523 3421 1568 montem
3452 1515 3601 1570 Sinai

2035 1597 2229 1666 (Exod.
2266 1599 2377 1667 xrx)
2400 1638 2414 1661 ,
2443 1599 2543 1652 hoc
2574 1609 2679 1662 est,
2715 1601 2767 1653 in
2797 1603 3124 1658 sublimitate
3153 1607 3288 1660 sacri
3323 1609 3602 1676 propositi,

2035 1699 2226 1738 curare
2257 1685 2533 1740 debemus.
2568 1688 2622 1740 lu
2655 1689 2738 1742 his
2765 1689 2948 1759 itaque
2974 1707 3185 1761 semper
3211 1704 3350 1759 esto,
3376 1697 3489 1751 luec
3519 1712 3606 1751 se-.-

367 1795 508 1833 nam.
559 1780 665 1836 Sed
721 1782 1011 1850 spiritualis
1057 1782 1280 1847 fruetus,
1335 1784 1488 1852 quasi
1545 1785 1933 1854 primogenitus

2040 1773 2191 1828 dulns
2236 1775 2498 1829 meditare
2534 1794 2544 1828 :
2580 1785 2664 1841 et,
2696 1787 2753 1831 ut
2783 1779 2854 1832 ita
2896 1779 3120 1848 loquar,
3175 1784 3288 1837 haec
3336 1786 3605 1856 pigmenta

367 1881 569 1935 uoster,
623 1873 674 1926 in
705 1873 905 1927 nostris
931 1875 1181 1943 operibus
1233 1875 1388 1929 debet
1436 1876 1678 1930 obtinere
1732 1876 1938 1946 prima-

369 1973 497 2016 tum.
545 1963 690 2018 Unde
730 1974 784 2019 et
821 1965 1076 2020 Dominus
1110 1984 1122 2018 :
1160 1985 1178 2017 t
1213 1965 1483 2031 Primum,
1538 1967 1737 2035 inquit,
1791 1983 1934 2036 quaee

369 2057 466 2109 rite
513 2072 731 2126 regnum
785 2058 910 2121 Dei,
953 2067 1005 2112 et
1066 2059 1175 2112 hrec
1230 2058 1406 2113 omnia
1461 2057 1778 2126 adjicientur
1839 2074 1932 2112 vo-

367 2146 449 2199 bis
487 2146 709 2211 (Matth.
754 2163 841 2213 vr;
890 2146 1018 2202 Luc.
1061 2149 1189 2219 xu).
1239 2168 1256 2200 ι
1296 2150 1374 2202 Ae
1414 2149 1457 2202 si
1496 2149 1638 2203 dicat
1671 2166 1683 2202 :
1725 2147 1936 2218 Gignite

367 2235 697 2302 spiritualem
744 2238 991 2301 fructum,
1025 2241 1114 2307 qui
1146 2247 1321 2294 vester
1355 2239 1423 2293 sit
1453 2239 1635 2308 utique
1675 2240 1938 2308 primoge-

368 2328 551 2392 nilus;
587 2329 676 2396 qui
718 2344 844 2383 vero
873 2331 938 2383 ad
989 2329 1142 2398 hujus
1176 2331 1298 2386 vita}
1347 2331 1578 2400 pertinet
1612 2333 1934 2394 necessaria,

369 2418 437 2469 sit
476 2418 526 2470 in
561 2418 870 2473 hmreditate
909 2422 1193 2475 secundus.
1233 2422 1366 2475 Iluic
1394 2421 1537 2476 enim
1584 2421 1937 2492 primogenito

370 2520 487 2558 cum
519 2505 684 2560 Jacob
715 2508 938 2562 debetur
963 2509 1261 2564 benedietio
1291 2507 1440 2580 (Gen.
1472 2510 1620 2582 xxrv)
1646 2550 1659 2571 ,
1703 2512 1766 2564 de
1799 2511 1934 2564 Esau

369 2609 496 2648 vero
532 2596 755 2665 ejusque
791 2598 1054 2653 similibus
1085 2597 1358 2669 Scriptura
1388 2599 1549 2655 dicit:
1585 2620 1602 2650 ‹
1626 2601 1934 2666 Haeredit-zs,

371 2684 435 2736 ad
465 2701 624 2754 quam
655 2687 706 2740 in
737 2688 1000 2757 principio
1029 2688 1329 2753 festinatur,
1364 2691 1415 2744 in
1454 2691 1748 2746 novissimo
1780 2693 1939 2745 benc-

370 2773 604 2828 dictione
633 2777 837 2831 carebit
866 2777 1046 2848 (Prov.
1091 2781 1206 2850 xx).
1246 2799 1264 2830 ι
1297 2780 1372 2834 De
1406 2781 1491 2836 bis
1515 2781 1721 2836 duobus
1757 2783 1939 2836 liberis

372 2863 424 2915 in
456 2864 869 2921 Deuteronomio
901 2882 998 2936 per
1027 2867 1246 2936 figuram
1278 2869 1509 2924 dicitur:
1545 2890 1563 2922 ‹
1610 2870 1664 2925 Si
1694 2872 1940 2926 habuerit

375 2953 533 3006 homo
563 2969 756 3010 uxores
785 2956 936 3019 duas,
966 2973 1127 3012 unam
1159 2960 1427 3026 dilectam,
1456 2970 1509 3015 et
1536 2961 1758 3015 alteram
1790 2963 1940 3017 odio.

371 3059 517 3108 sam,
563 3049 910 3118 genueritque
958 3066 1025 3106 ex
1076 3051 1155 3106 eis
1199 3051 1436 3117 liberos,
1479 3063 1534 3108 et
1582 3055 1742 3110 fuerit
1800 3055 1938 3111 [ilius

371 3137 569 3191 odiosa:
605 3139 1008 3210 primogenitus,
1038 3143 1371 3213 volueritque
1415 3146 1767 3200 substantiam
1800 3148 1939 3206 inter

375 3226 509 3282 ﬁlios
556 3243 681 3284 suos
733 3231 992 3296 dividere,
1031 3249 1135 3288 non
1181 3237 1376 3304 poterit
1420 3235 1582 3290 tilium
1622 3237 1825 3293 dilectae
1863 3239 1939 3292 fa-

373 3332 492 3370 rere
541 3317 982 3390 primogenitum,
1029 3331 1081 3377 et
1116 3323 1372 3392 praeferre
1412 3324 1517 3379 ﬁlio
1561 3325 1802 3380 odioszn:
1848 3329 1942 3382 sed

375 3407 536 3460 tilium
585 3408 784 3463 odiosa:
820 3420 1070 3480 agnoscet
1114 3415 1548 3483 primogenitum,
1586 3402 1839 3486 dabitque
1891 3420 1940 3473 ei

374 3497 440 3551 de
487 3500 570 3554 his
621 3516 741 3570 qua:
799 3502 1048 3557 habuerit
1111 3515 1302 3559 cuncta
1366 3507 1638 3576 duplicia;
1703 3509 1804 3564 iste
1860 3518 1943 3564 est

372 3590 514 3642 enim
561 3590 880 3661 principium
935 3593 1224 3648 liberorum
1273 3598 1428 3667 ejus.
1473 3607 1526 3650 et
1573 3599 1699 3653 huic
1741 3598 1943 3654 deben-

379 3686 464 3729 tur
500 3679 850 3748 primogenita
889 3682 1060 3748 (Deut.
1103 3685 1238 3754 ιιι).
1291 3705 1308 3738 ι
1349 3687 1420 3740 De
1457 3688 1651 3756 quibus
1695 3689 1943 3744 omnibus

373 3767 589 3820 verbum
649 3769 775 3823 illud
819 3770 907 3824 hic
947 3772 1204 3827 duntaxat
1245 3775 1486 3830 ducimus
1549 3779 1942 3847 exponendum,

376 3854 530 3924 721
562 3857 703 3926 quod
748 3874 884 3912 uxor
923 3860 1114 3915 dilecta
1143 3863 1212 3916 sit
1257 3865 1364 3917 vita
1397 3866 1567 3920 mollis
1595 3908 1608 3929 ,
1659 3868 1942 3934 deliciosa,

378 3949 637 4014 carnalis;
666 3951 849 4006 odiosa
881 3961 1057 4008 autem
1093 3971 1225 4009 uxor
1255 3965 1338 4009 est
1367 3958 1470 4009 vita
1503 3959 1825 4026 spiritualis,
1854 3971 1942 4014 ut-

377 4047 498 4104 pote
526 4039 694 4108 rigitla
713 4081 726 4103 ,
766 4043 1032 4110 districta,
1068 4054 1121 4099 et
1151 4048 1367 4099 omnino
1391 4048 1687 4101 carnalium
1715 4049 1945 4105 delecta-

380 4127 578 4180 tionum
620 4129 882 4188 illecebris
912 4135 1149 4190 inimica.
1183 4137 1352 4207 Ilujus
1389 4153 1516 4206 ergo
1546 4139 1653 4193 lilio
1679 4141 1946 4212 primoge-

378 4221 487 4275 nita
535 4223 833 4291 debentur,
879 4229 1002 4297 quia
1050 4231 1346 4301 spiritualis
1384 4232 1504 4286 vitre
1549 4231 1755 4288 fructus
1797 4233 1943 4288 illum

379 4311 577 4368 habere
608 4327 845 4370 meretur
870 4320 920 4372 in
953 4322 1227 4388 praemium
1257 4363 1270 4386 ,
1300 4324 1387 4392 qui
1424 4331 1506 4377 est
1533 4365 1547 4385 ,
1587 4321 1741 4391 juxta
1780 4323 1944 4379 Joan-

2034 1864 2116 1918 vel
2147 1865 2352 1933 species
2379 1865 2429 1919 in
2456 1867 2747 1936 ptisanario
2781 1872 2972 1926 mentis
2999 1883 3099 1928 tute
3125 1873 3326 1944 jugiter
3360 1887 3491 1931 tere.
3527 1879 3604 1932 Ex

2037 1955 2135 2008 hac
2157 1953 2317 2022 igitur
2341 1966 2638 2010 aromatum
2667 1959 2798 2013 cella
2829 1961 2988 2031 722
3015 1978 3118 2016 non
3163 1980 3356 2031 exeas;
3394 1968 3488 2023 sed
3518 1969 3606 2023 hic

2034 2058 2224 2099 omnes
2246 2047 2437 2101 animae
2466 2057 2567 2103 tua:
2591 2049 2826 2106 latebras
2852 2055 3116 2110 curiosius
3139 2057 3342 2127 inspice
3366 2077 3379 2123 ;
3413 2069 3606 2115 cuncta

2036 2137 2299 2191 viscerum
2328 2147 2534 2194 tuorum
2557 2157 2751 2198 arcana
2779 2155 3047 2214 scrutare;
3080 2151 3465 2205 medicamenta
3493 2153 3604 2205 vul-

2036 2226 2288 2292 neribus,
2318 2239 2476 2298 prout
2504 2231 2697 2301 cuique
2736 2243 2858 2304 apta
2893 2241 3228 2306 perspexeris
3250 2281 3264 2303 ,
3297 2241 3522 2306 adhibe,
3555 2253 3614 2304 et

2038 2316 2460 2372 incolumitatem
2491 2331 2772 2392 postquam
2806 2327 2971 2380 semel
3003 2329 3228 2397 adeptus
3261 2331 3452 2397 fueris,
3486 2349 3610 2401 per-

2038 2408 2181 2477 vigili
2205 2418 2388 2478 satage
2414 2412 2630 2467 solertia
2657 2417 2948 2470 custodire.
2975 2417 3106 2472 Nam
3132 2422 3283 2490 pejor
3307 2431 3390 2476 est
3420 2424 3612 2477 recidi-

2040 2513 2102 2551 va
2139 2513 2297 2568 quam
2330 2498 2522 2566 febris;
2567 2511 2642 2568 et,
2677 2505 2814 2558 sicut
2844 2508 3034 2561 medici
3077 2511 3404 2576 perhibent,
3455 2513 3612 2566 diana

2039 2602 2144 2641 non
2172 2589 2349 2644 minus
2387 2599 2471 2645 est
2491 2592 2824 2649 observanda
2850 2613 3010 2666 quam
3036 2613 3200 2665 cura;
3255 2601 3502 2657 videlicet
3551 2614 3610 2656 ut

2039 2683 2287 2738 alimenta
2325 2701 2444 2756 qua:
2465 2698 2586 2742 sunt
2607 2691 2874 2744 contraria
2907 2708 3131 2758 caveas;
3159 2703 3213 2748 et
3232 2697 3492 2765 quidquid
3515 2714 3610 2752 no-

2039 2775 2206 2840 iium,
2229 2778 2483 2846 quidquid
2505 2781 2738 2850 acceptis
2759 2784 3010 2839 antidotis
3022 2785 3280 2854 probatur
3303 2788 3610 2848 adversum;

2042 2871 2293 2934 tanquam
2307 2868 2452 2922 virus
2476 2869 2667 2924 Iethale
2696 2881 3026 2928 contemnas.
3045 2874 3154 2930 Hoc
3173 2885 3256 2930 est
3277 2876 3432 2944 plano
3453 2877 3612 2932 deca-

2040 2955 2297 3009 chordum
2327 2957 2452 3012 illud
2478 2959 2822 3028 psalterium,
2846 2964 2986 3031 quod
3019 2963 3206 3018 crebra
3239 2966 3425 3032 plectri
3449 2965 3609 3033 jube~

2041 3063 2161 3100 mur
2186 3047 2500 3118 impulsione
2523 3061 2824 3118 percutere,
2853 3053 2954 3108 hoc
2981 3062 3064 3108 est
3091 3093 3108 3118 ,
3137 3055 3336 3110 sanctis
3360 3055 3612 3125 Operibus

1996 3143 2010 3162 ‘
2042 3143 2195 3211 quasi
2220 3151 2298 3197 tot
2323 3145 2550 3198 chordas
2570 3154 2700 3213 quot
2740 3155 2866 3200 sunt
2899 3145 3150 3201 mandata
3177 3187 3191 3211 ,
3211 3147 3470 3217 crispare.
3518 3147 3613 3202 llis

2045 3234 2224 3301 itaque
2240 3233 2375 3287 bene
2389 3233 2697 3302 compositis
2714 3273 2728 3297 ,
2749 3250 2867 3288 cum
2884 3233 3062 3304 Moyse
3085 3244 3333 3290 montana
3356 3250 3614 3290 conscen~

2045 3322 2126 3378 de.
2147 3321 2486 3375 districtioris
2510 3323 2627 3377 vitm
2649 3323 2918 3394 fastigium
2941 3325 3140 3392 arripe,
3156 3335 3212 3378 ut
3236 3341 3355 3379 eum
3377 3341 3442 3380 eo
3454 3326 3619 3381 simul

2047 3415 2305 3468 merearis
2334 3415 2518 3469 audire
2547 3434 2558 3468 :
2590 3435 2608 3468 t
2647 3418 2809 3485 Vade,
2835 3427 2890 3472 et
2908 3418 2993 3472 dic
3019 3419 3098 3473 eis
3132 3437 3145 3472 :
3179 3418 3530 3474 Revertimini
3559 3421 3612 3475 in

2049 3503 2275 3556 tentoria
2309 3512 2516 3568 vestra;
2551 3513 2602 3557 tu
2627 3519 2753 3559 vero
2782 3515 2863 3559 sta
2896 3506 3001 3570 hic,
3026 3515 3077 3561 et
3104 3506 3291 3576 loquar
3319 3509 3410 3562 tibi
3432 3510 3612 3564 omnia

2049 3593 2318 3656 mandata,
2350 3603 2402 3647 et
2439 3595 2783 3649 creremonias
2808 3637 2822 3660 ,
2861 3605 3021 3667 atque
3043 3596 3246 3665 judicia
3277 3599 3453 3669 (Deut.
3479 3601 3552 3670 v).
3591 3621 3610 3652 ι

2049 3681 2128 3735 Tn
2172 3698 2386 3752 quoque
2424 3685 2559 3739 dans
2604 3687 2804 3742 mundo
2845 3689 3164 3756 repudium,
3217 3705 3335 3743 cum
3392 3691 3614 3746 Domino

2043 3772 2241 3840 jugiter
2269 3789 2522 3843 permane
2546 3816 2560 3839 ,
2609 3786 2663 3829 et
2696 3778 2742 3830 in
2773 3777 2888 3846 ejus
2912 3789 3198 3848 conspectu
3227 3791 3503 3850 promptus
3531 3798 3617 3836 as-

2049 3865 2197 3919 siste.
2247 3865 2428 3934 Neque
2463 3867 2605 3920 enim
2647 3867 2777 3920 dicit
2823 3881 2836 3921 :
2877 3868 3016 3922 Sede
3071 3870 3157 3923 hic
3183 3911 3212 3932 ,.
3243 3869 3323 3924 vel
3363 3872 3615 3926 recumbe

2050 3971 2292 4020 mecum;
2325 3957 2450 4021 sed,
2499 3967 2579 4010 sta
2610 3958 2696 4011 hic
2740 3973 2967 4011 mecum.
3028 3958 3094 4011 Ut
3117 3959 3379 4028 intelligas
3441 3960 3614 4029 ipsum

2048 4043 2323 4111 spirituale
2344 4045 2509 4098 otium
2536 4045 2586 4098 in
2611 4045 2806 4098 laboris
2833 4046 3093 4100 exercitio
3117 4048 3486 4102 constitutum.
3518 4048 3614 4102 Sta

2049 4134 2210 4203 igitur
2237 4134 2288 4186 in
2319 4143 2499 4187 monte
2523 4149 2643 4188 cum
2673 4135 2920 4198 Domino,
2946 4144 3004 4186 ut
3027 4134 3394 4194 ittftpderaltile
3418 4137 3614 4194 bellum

2048 4239 2169 4278 cum
2198 4223 2474 4293 spiritibus
2497 4224 2747 4291 nequitize
2770 4222 2972 4293 jugiter
3025 4240 3281 4280 conseras
3305 4267 3320 4291 ,
3363 4235 3421 4280 ut
3448 4227 3612 4282 illices

2047 4312 2359 4382 passionum
2415 4312 2710 4366 carnalium
2773 4312 3102 4380 petulantias
3175 4329 3280 4367 non
3345 4315 3614 4370 enerviter

379 4415 522 4468 nem,
568 4423 584 4454 ‹
604 4403 999 4475 Primogenitus
1021 4421 1374 4479 mortuorum,
1399 4424 1451 4468 et
1478 4415 1728 4485 princeps
1756 4432 1941 4489 regum
1975 4442 2022 4501 υ
2051 4405 2285 4476 τταηεπεο
2329 4404 2417 4458 δίο
2463 4405 2641 4472 imque
2678 4405 2935 4501 θάῗθιίξυε
2971 4405 3334 4501 ῖιιενιξθηιῐιιιη
3364 4407 3614 4463 “florum

379 4500 570 4561 terrae;
603 4497 690 4565 qui
715 4498 898 4552 dilexit
922 4516 1036 4566 nos,
1064 4510 1117 4556 et
1137 4502 1263 4556 lavit
1288 4520 1390 4559 nos
1418 4521 1448 4559 a
1477 4508 1713 4576 peccatis
1741 4508 1943 4564 nostris

378 4582 430 4632 iu
458 4585 716 4654 sanguine
755 4602 850 4640 suo
881 4587 1063 4658 (Apoc.
1103 4595 1165 4662 ι).
1199 4611 1216 4643 ι
1252 4591 1356 4647 Sed
1397 4594 1483 4648 hic
1517 4597 1905 4666 primogenitus
1926 4639 1942 4664 ,

376 4672 427 4727 id
453 4683 534 4728 est
574 4677 866 4745 spiritualis
892 4679 1119 4747 fructus,
1163 4683 1237 4738 illi
1265 4684 1452 4754 procul
1479 4686 1640 4741 dubio
1669 4689 1898 4742 moritur
1927 4728 1943 4752 ,

375 4765 489 4833 qui,
519 4767 632 4821 suis
663 4783 769 4824 non
797 4778 1101 4839 contentus,
1127 4774 1318 4830 alienis
1341 4777 1498 4832 rebus
1517 4777 1773 4844 intendit;
1800 4779 1943 4848 quod

375 4855 599 4910 fraterni
624 4855 764 4926 juris
786 4869 870 4916 est
892 4863 1124 4933 appetit,
1155 4873 1212 4919 et
1242 4867 1378 4921 bona
1407 4867 1638 4936 proximi
1662 4869 1940 4924 succensis

373 4946 613 5003 avaritia:
644 4947 851 5006 facibus
880 4955 1227 5023 concupiscit.
1252 4954 1355 5009 Sed
1369 4956 1630 5011 decimum
1653 4958 1783 5028 legis
1805 4973 1945 5027 prro-

373 5045 582 5104 ceptum
641 5049 768 5096 est:
805 5061 823 5094 ι
861 5041 978 5098 Non
1019 5048 1366 5116 concupisces
1419 5065 1530 5103 rem
1586 5051 1813 5119 proximi
1865 5052 1944 5106 tui

374 5124 572 5194 (Exod.
609 5131 721 5201 xx).
756 5151 774 5184 ι
829 5133 942 5191 Hoc
976 5135 1140 5206 igitur
1179 5137 1267 5194 ille
1315 5138 1620 5195 mandatum
1661 5139 1943 5211 diligenter

2046 4498 2349 4553 barbariem
2374 4497 2590 4562 dimica,
2621 4504 2679 4551 ut
2707 4497 2932 4554 rebelles
2955 4513 3078 4553 cmn
3099 4498 3260 4556 Josue
3283 4501 3453 4555 victor
3479 4501 3615 4555 obti-

2046 4603 2177 4643 neas
2224 4602 2378 4657 reges
2425 4585 2560 4657 (Jos.
2600 4586 2655 4656 χ)
2682 4627 2698 4651 ,
2739 4585 2960 4657 ipseque
2989 4597 3038 4644 te
3077 4587 3266 4654 jubeat
3305 4589 3618 4648 victricibus

2045 4679 2244 4748 plantis
2274 4692 2460 4733 eorum
2487 4677 2697 4733 calcare
2736 4679 3016 4744 cervices;
3049 4689 3336 4750 quatenus,
3381 4680 3616 4734 hostium

2045 4771 2314 4826 manubiis
2333 4769 2636 4839 opulentus,
2662 4778 2718 4826 et
2735 4770 3088 4826 victoriarum
3114 4771 3284 4826 titulis
3306 4771 3613 4840 insignitus,

2050 4855 2249 4919 terram
2298 4862 2734 4933 repromissionis
2787 4862 3144 4932 triumphator
3195 4861 3458 4932 attingas,
3508 4861 3616 4915 imo

2049 4973 2170 5012 cum
2216 4957 2359 5012 veris
2405 4955 2663 5011 Israelitis
2703 4963 2902 5010 terram
2941 4953 3233 5010 viventium
3274 4951 3618 5010 haereditaﬁo

2049 5064 2262 5120 semper
2290 5063 2511 5104 munere
2537 5047 2831 5118 possideas.

2377 5138 2457 5195 Sit
2487 5154 2672 5194 nomen
2698 5135 2908 5193 Domini
2937 5135 3276 5192 benedictum.
