4138 6320
341 381 448 439 697

1205 375 1447 434 OPUSC.
1487 376 1649 433 XLV.
1692 407 1760 417 —
1799 374 1887 432 DE
1927 375 2199 438 SANCTA
2239 379 2732 438 SlllPLlClTATE.

3491 335 3593 434 eos

340 487 586 548 Jeremlte
614 486 816 542 dictum
846 492 929 541 est
957 499 972 539 :
1011 503 1030 539 ι
1067 485 1386 557 Priusquam
1437 495 1488 542 te
1538 487 1826 541 formarem
1861 501 1911 540 In
1942 493 1987 547 A
2018 492 2337 560 intercipere
2363 494 2662 548 consuevit.
2698 495 2752 548 Si
2781 510 2859 549 vis
2893 508 3022 561 ergo
3049 492 3142 547 Dei
3182 490 3400 544 verbum
3433 473 3690 554 claris\_

340 590 499 611 ..οη-ιη
544 577 666 611 mm:
700 584 782 611 me
814 584 864 611 nl
897 585 1185 611 nnlnnnnln
1214 577 1391 611 ονίι-οο
1422 576 1485 611 ΑΔ
1504 576 1658 611 uulua
1711 575 1915 611 munit-
2018 581 2236 611 unum“...
2269 581 2515 611 ιηιηηηη.
2563 599 2690 611 Νη...
2713 599 2778 611 ..Α
2806 584 2969 611 .i:..:..:
2997 583 3195 611 .........:..
3221 582 3270 611 :..
3303 591 3353 611 In
3382 579 3592 611 n..........
3658 537 3716 611 \\.

340 590 519 640 utero,
544 577 669 631 novi
700 584 783 641 te;
814 584 868 630 et
897 585 1186 644 antequam
1214 577 1393 630 exires
1422 576 1485 629 de
1504 576 1682 639 vulva,
1711 575 1915 630 sancti-

339 670 494 726 flcavi
527 679 610 733 te,
637 675 691 722 et
719 668 1034 737 prophetam
1061 682 1113 720 In
1143 667 1391 735 gentibus
1411 666 1530 720 dedi
1557 673 1609 721 te
1639 667 1773 734 (Jer.
1795 666 1856 736 ι).
1889 685 1907 719 i

336 759 406 816 Et
449 759 576 828 quid
626 757 810 827 plures
855 755 1211 810 enumerem?
1254 755 1356 821 Qui
1401 756 1547 809 enim
1600 755 1912 809 Eleazarum

337 866 449 921 pra:
471 847 626 904 senili
670 847 850 917 algore
882 847 993 916 jam
1024 846 1299 917 frigidum,
1334 845 1640 915 triumphali
1672 846 1912 916 martyrii

336 944 548 996 fervore
577 939 854 994 succendit
885 937 972 1006 (Il
1007 936 1184 992 Marii.
1210 938 1309 1007 vi),
1340 937 1455 1007 ipse
1497 946 1712 992 teneros
1739 936 1914 990 adhuc

335 1031 399 1086 Β.
445 1029 748 1086 Felicitatis
797 1028 936 1084 filios
980 1029 1204 1084 invicta.»
1237 1028 1358 1083 fidei
1409 1028 1708 1082 constantia
1757 1025 1913 1081 robo-

334 1122 494 1177 navit.

941 1206 1170 1263 CAPUT
1210 1206 1294 1262 Ill.

333 1300 442 1356 Cur
489 1299 632 1357 Deus
679 1317 769 1355 ver
822 1300 960 1354 viros
1009 1301 1207 1382 idiotas.
1247 1316 1310 1353 ac
1351 1300 1612 1370 simplices
1657 1301 1910 1354 mundum

1005 1380 1252 1424 ἱηείιιιιει.

402 1483 507 1539 Sed
557 1483 698 1538 forte
747 1481 1158 1538 dicaszllltdtos
1199 1480 1595 1546 lucrifacerem,
1645 1481 1693 1535 si
1737 1481 1910 1551 gratia

328 1573 730 1644 prtedieationis
752 1572 1049 1638 aflluerem,
1076 1573 1118 1627 si
1149 1575 1358 1642 copiam
1386 1573 1628 1627 scientia:
1665 1571 1911 1626 litteralis

330 1666 611 1721 haberem.
667 1665 734 1719 Et
768 1679 867 1735 ego
896 1665 1190 1734 respondeo
1250 1664 1503 1734 quoniam
1537 1671 1591 1718 et
1618 1662 1909 1718 Eleazarus

327 1758 526 1813 mullos
552 1759 818 1828 potuisset
856 1757 924 1811 ab
956 1755 1258 1811 idololatria
1291 1769 1564 1818 revocare,
1607 1754 1653 1807 si
1700 1754 1906 1807 viveret

2018 581 2238 635 vocibus
2269 581 2537 645 intonare,
2561 599 2690 637 cave
2713 599 2779 638 ne
2805 584 2970 637 divini
2995 583 3197 637 amoris
3221 582 3271 634 in
3303 591 3353 635 te
3381 579 3594 636 flamma

2018 679 2312 741 tepescat,
2367 687 2436 727 ne
2492 673 2588 727 tibi
2640 675 2896 744 principis
2943 675 2995 728 in
3045 673 3312 744 Aquilone
3361 673 3598 728 sedentis

2015 762 2170 833 (Iani.
2205 765 2314 837 xiv)
2363 765 2513 836 algor
2564 767 2809 836 obrepat.
2864 765 2976 822 Hoc
3024 767 3256 835 denique
3286 765 3454 836 frigus
3479 765 3594 836 jam

2016 861 2142 909 tunc
2195 855 2282 909 ille
2329 865 2655 925 conceperat
2703 857 2792 925 qui
2841 857 3206 910 deambulanti
3255 857 3482 910 Domino
3527 856 3595 910 ad

2013 956 2198 997 auram
2235 944 2468 1014 paradisi
2493 956 2614 1014 post
2639 945 2939 1010 meridiem,
2975 945 3152 998 raucis
3199 946 3596 1013 quodammodo

2014 1033 2237 1088 vocibus
2299 1034 2662 1102 respondebat
2721 1048 2736 1087 :
2797 1051 2815 1084 ι
2884 1033 3106 1097 Audivi,
3162 1034 3362 1101 inquit,
3406 1047 3593 1087 vocem

2013 1133 2179 1188 tuam,
2210 1135 2265 1180 et
2296 1126 2473 1189 timui,
2503 1141 2567 1180 eo
2589 1125 2730 1195 quod
2768 1126 2941 1180 nudus
2987 1140 3187 1190 eSsem,
3238 1133 3294 1179 et
3336 1123 3592 1180 abscondi

2012 1228 2098 1268 me
2132 1213 2284 1285 (Gen.
2316 1215 2422 1278 ιιι).
2461 1233 2478 1265 ι
2515 1215 2684 1269 Porro
2725 1216 2848 1284 quia
2897 1215 3234 1270 meridianus
3261 1214 3329 1267 ab
3365 1215 3452 1268 illo
3479 1213 3592 1281 jam

2011 1300 2191 1356 fervor
2229 1303 2467 1366 abierat,
2497 1318 2627 1356 aura
2684 1318 2898 1373 quoque
2951 1302 3169 1374 frigoris
3216 1310 3302 1357 est
3347 1302 3588 1355 alumna.

2011 1391 2125 1448 Huc
2156 1395 2444 1450 accedebat
2485 1396 2611 1465 quia
2635 1405 2690 1450 et
2719 1396 2866 1450 illum
2891 1395 3005 1465 jam
3044 1395 3350 1451 innocentia
3377 1395 3592 1449 sublata

2009 1488 2323 1542 nudaverat.
2359 1487 2482 1542 fimo
2531 1488 2710 1542 omnia
2762 1488 2888 1557 quid
2941 1488 3085 1542 aliud
3135 1487 3387 1548 innunnt,
3431 1500 3591 1555 quam

2009 1578 2132 1647 quia
2165 1578 2306 1632 illius
2336 1579 2538 1633 viscera
2565 1578 2824 1632 exstincti
2853 1577 3054 1632 amoris
3083 1575 3234 1646 algor
3280 1575 3592 1630 obstrinxe-

2009 1682 2112 1737 rat,
2143 1684 2301 1743 atque
2329 1672 2448 1728 ideo
2475 1688 2574 1726 vox
2605 1672 2747 1778 il/lius
2782 1671 2835 1724 in
2865 1671 3087 1724 auribus
3114 1667 3325 1724 Domini
3365 1681 3584 1720 raucun.

2011 1765 2276 1819 sonabat?
2309 1764 2423 1820 Hoc
2455 1757 2654 1834 frigoré
2673 1764 2783 1834 jam
2821 1772 2876 1817 et
2914 1761 3029 1816 Heli
3052 1761 3308 1816 sacerdos
3355 1757 3554 1812 constri

329 1851 418 1919 (II
445 1851 623 1905 Maeli.
654 1853 788 1920 vn);
847 1849 1137 1905 Machabtei
1169 1857 1223 1904 et
1253 1847 1672 1903 innumerabiles
1709 1844 1908 1900 Christi
1943 1837 1985 1894 Β
2014 1865 2135 1910 (ιιιιε
2163 1855 2532 1926 Qum-puum,
2563 1856 2652 1923 qui
2692 1853 2817 1907 ﬁnis
2849 1853 2961 1906 suis
2994 1851 3182 1905 aiebat
3220 1867 3233 1904 ε
3281 1867 3300 1900 ι
3343 1846 3460 1902 Non
3507 1857 3592 1900 es;

329 1949 596 2012 martyres
625 1941 884 2010 plurimos
929 1940 995 1994 ad
1035 1954 1260 2011 agonem
1296 1938 1416 1993 fidei
1451 1937 1665 1992 firmare
1701 1937 1904 2008 potuis-

325 2041 468 2096 sent,
505 2031 548 2086 si
578 2031 972 2100 persecutionis
995 2029 1155 2084 illata:
1185 2028 1403 2084 differre
1430 2027 1688 2097 supplicia
1715 2028 1902 2080 decre-

323 2123 554 2188 v'ssent;
585 2123 678 2178 sed
710 2124 963 2192 quoniam
1010 2124 1076 2177 ad
1109 2137 1389 2192 poenarum
1432 2119 1748 2190 perferenda
1795 2127 1904 2172 tor-

324 2225 502 2271 menta
532 2214 806 2270 efficacius
841 2215 1245 2270 :edificaverunt
1287 2210 1690 2281 martyrizando
1737 2223 1897 2278 quam

322 2305 688 2375 przedicando,
710 2314 828 2375 post
838 2314 1097 2375 ponentes
1115 2303 1360 2366 verbum,
1384 2301 1647 2370 reliquere
1673 2312 1904 2368 sequen-

322 2396 467 2450 tibus
519 2395 836 2449 imitationis
881 2392 1207 2464 exemplum.
1252 2392 1331 2446 Tu
1379 2405 1592 2461 quoque
1637 2389 1901 2444 valentius

320 2499 586 2554 provocas
607 2483 853 2538 videntes
872 2492 923 2537 te
947 2497 1240 2552 properare
1262 2489 1385 2550 post
1407 2481 1705 2541 Christum,
1737 2493 1898 2547 quam

320 2590 636 2645 promovere
657 2584 912 2644 potueras
933 2573 1215 2628 audientes
1239 2571 1478 2642 qualibet
1506 2568 1901 2639 multiplicitate

319 2665 636 2719 verborum.
664 2662 770 2718 Nec
795 2663 939 2718 enim
965 2664 1105 2717 Deus
1127 2662 1469 2731 omnipotens
1490 2667 1674 2715 nostra
1714 2672 1899 2728 gram-

321 2755 523 2810 matica
554 2755 781 2826 indiget,
805 2763 864 2808 ut
893 2761 1018 2824 post
1063 2769 1122 2810 se
1170 2753 1420 2808 homines
1451 2752 1650 2814 trahat,
1681 2763 1801 2804 eum
1843 2749 1896 2802 in

320 2847 442 2918 ipso
480 2848 732 2902 humanae
767 2846 1155 2916 redemptionis
1200 2843 1441 2907 exordio,
1467 2856 1588 2896 cum
1621 2841 1792 2908 magis
1821 2838 1900 2892 vi-

319 2937 539 2991 deretur
581 2937 768 3005 utique
806 2936 1171 2990 necessarium
1201 2934 1268 2988 ad
1295 2930 1697 3002 conspergenda
1745 2943 1896 2983 nova:

321 3027 445 3081 fidei
472 3027 700 3092 semina,
739 3042 843 3080 non
875 3025 1084 3106 miserit
1129 3023 1476 3094 philosophos
1515 3030 1571 3074 et
1626 3028 1894 3083 oratores,

318 3118 412 3173 sed
461 3117 732 3188 simplices
779 3117 956 3186 potius
1003 3132 1066 3171 ac
1111 3116 1428 3186 piscatores.
1492 3111 1646 3167 Unde
1668 3110 1896 3183 glegitur

315 3299 370 3352 in
403 3314 467 3353 ea
499 3299 643 3352 mille
677 3297 1014 3353 Philisthteos
1046 3298 1241 3354 occidit
1271 3295 1472 3368 (Judic.
1503 3296 1617 3363 xv).
1643 3292 1782 3360 Quid
1811 3299 1897 3346 est

314 3392 458 3446 enim
487 3406 582 3461 per
607 3390 874 3460 jaeentem
899 3389 1034 3443 asini
1065 3389 1338 3443 maxillam
1370 3387 1516 3442 mille
1552 3387 1701 3441 viros
1743 3384 1892 3439 occi-

315 3487 478 3551 dere,
509 3485 610 3540 nisi
649 3500 748 3554 per
787 3485 998 3554 linguas
1039 3484 1322 3538 humilium
1359 3481 1524 3552 726
1553 3488 1716 3551 atque
1763 3479 1895 3533 sim-

315 3580 534 3650 plicium
563 3578 856 3650 perfectum
900 3595 1008 3633 non
1038 3577 1370 3633 credentium
1401 3589 1685 3630 numerum
1716 3589 1745 3627 a
1777 3587 1897 3642 pra-

314 3669 499 3723 vitatis
550 3684 660 3723 sua:
711 3677 853 3723 statu
897 3669 1150 3738 dejicere,
1206 3678 1369 3729 atque
1421 3667 1486 3721 ad
1537 3665 1892 3720 humilitatem

315 3759 514 3813 Christi
547 3775 643 3829 per
668 3769 868 3814 sancta:
897 3759 1293 3828 prmdicationis
1326 3756 1556 3813 ofﬁcium
1589 3754 1895 3811 inclinare?

315 3845 450 3901 Nam
515 3849 638 3918 quia
694 3847 920 3903 Samson
979 3849 1364 3918 interpretatur
1422 3846 1501 3900 sol
1533 3887 1548 3912 ,
1606 3859 1891 3915 posrquam

315 3940 515 3992 mundo
541 3938 618 3992 sol
648 3939 748 3992 iste
785 3939 1151 4008 resplenduit,
1180 3947 1464 4008 poStquam
1506 3934 1891 3990 miraculorum

317 4037 479 4095 atque
507 4027 780 4097 signorum
821 4043 1038 4083 suorum
1073 4043 1169 4098 per
1197 4027 1380 4103 orbem
1412 4035 1679 4080 terrarum
1714 4025 1893 4079 radios

315 4119 535 4186 sparsit,
562 4119 799 4172 omnium
827 4133 947 4173 mox
977 4119 1076 4173 sibi
1116 4117 1482 4173 resistentium
1532 4115 1665 4170 colla
1696 4116 1892 4185 perdo-

316 4211 482 4274 muit,
525 4208 736 4281 {eosque
790 4226 820 4264 a
872 4209 1138 4280 superbiae
1208 4210 1331 4264 vitae
1377 4223 1489 4263 suae
1538 4208 1718 4277 rigore
1769 4222 1893 4276 pro-

314 4303 532 4357 stravit.

920 4392 1147 4448 CAPUT
1186 4393 1272 4448 IV.

620 4482 764 4548 Quid
786 4485 838 4537 in
864 4486 1228 4538 concionatore
1255 4485 1572 4555 requiratur.

384 4575 463 4629 Tu
492 4591 725 4645 otioque,
753 4575 822 4629 fili
855 4577 948 4640 mi,
998 4585 1057 4630 ut
1108 4576 1434 4644 prmdicandi
1481 4573 1728 4630 sortiaris
1775 4573 1888 4629 offi-

309 4667 474 4733 cium,
501 4669 711 4724 imitare
741 4669 819 4723 vel
846 4669 1003 4733 asini,
1032 4668 1100 4723 de
1124 4684 1230 4737 quo
1255 4669 1455 4723 dictum
1482 4678 1586 4732 est,
1609 4667 1693 4722 vel
1724 4667 1886 4721 etiam

309 4760 428 4814 ovis
461 4761 783 4830 exemplum.
816 4760 946 4828 Quae
995 4761 1247 4814 nimirum
1290 4774 1412 4814 cum
1461 4758 1612 4824 vivit,
1655 4759 1888 4828 turpiter

311 4852 434 4906 beat
472 4852 686 4926 [halat],
714 4864 924 4909 mortua
972 4868 1101 4907 vero
1154 4852 1206 4906 in
1232 4851 1606 4906 instrumentis
1661 4849 1883 4904 musicis

311 4945 552 4999 suaviter
571 4953 780 4999 cantat:
818 4945 895 4999 sic
923 4952 977 4998 et
997 4943 1090 5012 qui
1121 4941 1412 4996 carnaliEer
1437 4941 1624 4995 vivunt
1649 4980 1663 5004 ,
1696 4939 1878 4994 balare

310 5050 433 5088 cum
457 5036 648 5089 ovibus
679 5035 911 5089 inaniter
941 5042 1182 5103 possunt,
1213 5032 1424 5086 naviter
1444 5031 1660 5102 explere
1687 5029 1884 5099 praedi-

310 5127 510 5182 Catoris
539 5126 769 5181 officium
819 5135 1110 5196 nequeunt.
1163 5126 1297 5180 Dicit
1341 5126 1504 5180 etiam
1555 5124 1826 5195 Propheta
1867 5141 1882 5177 :

315 5235 335 5269 ι
370 5218 606 5274 Laudate
657 5217 940 5274 Dominum
987 5217 1040 5271 in
1095 5228 1348 5288 tympano
1384 5223 1438 5269 et
1490 5214 1656 5270 choro
1701 5211 1881 5284 (Ρδαι.

308 5309 416 5376 ει).
468 5326 486 5358 ι
522 5307 740 5362 Corium
768 5307 962 5377 quippe
992 5322 1096 5362 non
1133 5316 1308 5369 sonat,
1351 5305 1455 5360 nisi
1486 5305 1689 5360 siccum
1721 5305 1886 5360 relin-

309 5412 483 5464 quens
523 5399 718 5453 humor
764 5398 1038 5452 abscedat.
1071 5397 1125 5451 Si
1156 5411 1284 5467 ergo
1315 5395 1399 5451 vis
1457 5405 1518 5450 ut
1571 5404 1884 5466 tympanum

307 5487 392 5540 vel
423 5489 620 5543 chorda
660 5499 747 5543 tua
773 5489 978 5544 clarum
1014 5488 1064 5542 in
1110 5489 1412 5541 auditorum
1441 5487 1696 5542 cordibus
1738 5487 1882 5542 soni-

311 5586 422 5631 tum
453 5579 659 5642 reddat,
688 5579 866 5633 omnis
913 5593 942 5631 a
999 5587 1050 5634 te
1095 5578 1219 5631 vita:
1265 5577 1497 5632 carnalis
1540 5577 1736 5631 humor
1757 5591 1882 5632 eva-

308 5677 455 5732 neat,
502 5683 656 5724 mens
707 5679 794 5724 tua
842 5669 910 5724 ab
951 5669 1096 5723 omni
1153 5667 1297 5721 fluxu
1337 5668 1562 5721 luxuriae
1591 5666 1884 5737 prurientis

310 5768 540 5814 arescat.
585 5759 717 5814 Nam
763 5770 816 5814 et
867 5757 1036 5830 frigus
1083 5768 1390 5814 concretum
1441 5760 1664 5826 pectori,
1695 5773 1878 5813 vocem

2007 1947 2122 2001 lucc
2152 1947 2314 2009 bona,
2346 1946 2437 1998 filii
2471 1946 2598 2006 mei,
2629 1945 2796 2006 fama,
2820 1959 2982 2013 quam
3009 1957 3107 2012 ego
3129 1941 3312 2005 audio,
3335 1948 3392 1992 ut
3416 1947 3592 1993 trans-

2002 2035 2148 2106 gredi
2174 2033 2382 2089 faciatis
2405 2034 2655 2104 populum
2687 2033 2892 2086 Domini
2919 2031 2968 2102 (Ι
2996 2032 3116 2100 Reg.
3146 2031 3229 2100 ιι).
3259 2049 3275 2081 ι
3300 2029 3431 2082 Nam
3462 2027 3590 2097 quin

2003 2128 2368 2196 przedicatoris
2401 2127 2558 2196 hujus
2590 2134 2775 2196 guttur
2803 2126 3068 2178 abamore
3094 2121 3300 2175 Domini
3327 2121 3475 2190 algor
3497 2134 3590 2173 oc-

2001 2216 2255 2281 cluserat,
2273 2216 2472 2270 idcirco
2500 2231 2599 2269 vox
2626 2213 3146 2283 cjusquodammodo
3160 2211 3431 2274 ranciens,
3453 2210 3502 2263 in
3531 2209 3590 2261 fi-

2001 2305 2190 2359 liorum
2218 2322 2435 2361 suorum
2482 2307 2736 2360 cordibus
2770 2305 3060 2359 efficaciter
3090 2319 3196 2357 non
3235 2303 3487 2358 sonabat.
3531 2300 3592 2356 Si

2001 2397 2080 2450 vis
2104 2412 2232 2467 ergo
2261 2412 2446 2451 vocem
2477 2396 2677 2451 habere
2717 2396 2798 2450 vel
2839 2397 2890 2449 in
2934 2393 3412 2466 praedicationibus
3456 2393 3590 2446 into-

1999 2498 2235 2551 nantem,
2269 2487 2350 2542 vel
2381 2489 2430 2542 in
2455 2489 2791 2541 orationibus
2815 2485 3106 2550 efﬁcacem,
3158 2495 3346 2556 satage
3374 2497 3590 2552 semper

2001 2588 2058 2632 ut
2087 2587 2137 2633 te
2167 2579 2587 2657 drivinuskfervor
2617 2579 2896 2642 accendat,
2920 2593 2986 2631 ne
3008 2591 3195 2632 vocem
3229 2587 3373 2630 tuam
3401 2584 3590 2645 torpor

2000 2653 2589 2738 frigoris’inﬁt‘ewpiat.
2634 2667 2864 2738 Frigida:
2916 2669 3112 2738 quippe
3174 2665 3372 2720 mentis
3409 2663 3588 2719 oratio
3645 2717 3647 2731 ξ

1998 2759 2080 2812 vel
2111 2759 2428 2828 praedicatio
2461 2775 2567 2814 non
2593 2758 2920 2822 admittitur,
2948 2765 3002 2813 et
3028 2767 3281 2826 tanquam
3326 2770 3430 2809 vox
3462 2769 3588 2808 rau-

1997 2853 2146 2905 ciens
2175 2867 2280 2905 non
2310 2853 2547 2906 auditur.
2574 2851 2656 2906 Ab
2690 2852 2792 2905 hoc
2842 2850 3001 2918 plane
3048 2849 3249 2919 frigore
3299 2847 3576 2902 Abraham

2006 2941 2216 2997 alienus
2265 2944 2572 3006 exstiterat,
2625 2941 2692 2996 de
2721 2957 2827 3010 quo
2872 2941 3152 3012 Scriptura
3203 2938 3562 3008 pronuntiat:

2002 3049 2020 3082 ι
2060 3031 2325 3097 Quoniam
2362 3031 2611 3101 apparuit
2635 3030 2682 3084 ei
2718 3030 2976 3084 Dominus
3027 3030 3080 3083 in
3127 3027 3368 3083 convalle
3419 3025 3580 3080 Mam-

1999 3121 2113 3186 brc,
2138 3121 2345 3175 sedenti
2378 3121 2430 3174 in
2466 3121 2605 3175 ostio
2635 3118 2966 3173 tabernaculi
3013 3117 3095 3172 sui
3138 3117 3189 3171 in
3231 3118 3348 3186 ipso
3375 3113 3586 3167 fervore
3679 3111 3692 3129 ”

316 3207 442 3276 quia
467 3207 695 3261 Samson
724 3205 994 3259 maxillam
1020 3205 1153 3260 asini
1184 3219 1303 3274 quae
1324 3201 1541 3271 iacebat
1562 3201 1814 3269 arripuit,
1841 3207 1895 3254 et

1999 3212 2103 3267 diei
2131 3212 2282 3270 (Gen.
2317 3210 2497 3280 xvni).
2547 3230 2564 3263 ι
2597 3211 2661 3266 Et
2692 3225 2922 3280 sponsus
2945 3209 3034 3264 ille
3056 3208 3313 3271 scelestis,
3346 3207 3484 3261 sicut
3530 3204 3583 3259 in

1995 3302 2232 3357 Canticis
2254 3302 2470 3367 dicitur,
2502 3303 2674 3371 pascit
2697 3309 2750 3354 et
2777 3301 2937 3354 cubat
2960 3300 3012 3353 in
3049 3299 3270 3353 meridie
3304 3294 3478 3368 (Cant.
3511 3299 3575 3364 ι).

1997 3394 2286 3449 Enimvero
2323 3410 2442 3448 cum
2475 3403 2526 3447 te
2566 3391 2744 3447 cordis
2784 3405 3010 3445 acumen
3044 3399 3323 3459 permovet
3347 3387 3413 3440 ad
3448 3401 3586 3456 que-

1995 3483 2199 3548 relatu,
2240 3482 2368 3552 quid
2410 3481 2553 3535 aliud
2593 3480 2708 3550 agis
2759 3495 2920 3550 quam
2963 3480 3224 3533 adversus
3271 3478 3436 3532 Deum
3479 3492 3577 3546 per

1994 3575 2183 3630 cadi-in
2215 3590 2334 3644 quae
2368 3573 2506 3628 Deus
2545 3571 2767 3627 contulit
2813 3587 2962 3624 arma
3012 3569 3298 3640 confligis?
3343 3568 3406 3622 Et
3449 3582 3574 3621 cum

1995 3666 2266 3736 ingratum
2308 3679 2429 3720 esse
2479 3663 2590 3718 Deo
2643 3679 2749 3718 non
2796 3663 2950 3734 parvi
2998 3662 3072 3717 sit
3115 3660 3382 3724 criminis,
3420 3658 3579 3730 727
3607 3710 3646 3756 χ

1993 3755 2340 3812 formidolose
2365 3758 2456 3810 tibi
2488 3757 2790 3811 cavendum
2839 3764 2921 3810 est
2952 3770 3021 3810 ne
3049 3754 3176 3809 inde
3197 3762 3384 3809 contra
3414 3754 3580 3807 Deum
3643 3754 3654 3764 ”

1992 3847 2242 3916 prosilias
2269 3846 2322 3900 in
2357 3846 2722 3917 tyrannidem,
2753 3845 2894 3900 unde
2935 3845 3232 3915 gratiarum
3272 3843 3347 3896 illi
3383 3843 3584 3896 debue-

1995 3953 2084 3991 ras
2107 3937 2411 4000 actionem;
2442 3944 2491 3990 et
2540 3937 2666 3990 dum
2697 3936 3006 4000 scientiam,
3037 3950 3158 4004 quae
3188 3933 3361 3999 inflat,
3389 3934 3584 3986 immo-

1995 4025 2236 4079 deratius
2293 4023 2522 4094 ﬂagitas,
2571 4024 2922 4088 charitatem,
2977 4039 3096 4091 qua:
3124 4021 3357 4077 aedificat
3383 4019 3576 4092 (lCor.

1995 4116 2112 4182 vin)
2144 4155 2159 4179 ,
2211 4114 2528 4182 insipienter
2568 4111 2831 4167 offendas.
2872 4112 3030 4178 Quid-
3057 4112 3200 4166 enim
3255 4111 3364 4165 scis
3397 4121 3578 4164 utrum

1993 4205 2334 4274 dispensator
2383 4203 2700 4258 meritorum
2772 4203 3115 4270 omnipotens
3161 4200 3304 4255 Deus
3366 4201 3432 4253 ad
3476 4200 3578 4253 hoc

1994 4295 2088 4349 tibi
2134 4293 2432 4348 subtilioris
2482 4292 2683 4362 ingenii
2733 4291 3121 4362 perspicaciam
3173 4290 3583 4359 agilitatenzque

1992 4383 2297 4445 contulerit,
2334 4392 2391 4436 ut
2414 4381 2525 4452 jam
2558 4382 2654 4435 tibi
2681 4380 3080 4450 quodammodo
3118 4380 3332 4449 signum
3383 4379 3580 4433 futura:

1996 4475 2449 4532 remunerationis
2509 4474 2852 4539 ostenderet;
2909 4481 2965 4527 et
3025 4472 3360 4528 occidentem
3430 4470 3577 4526 illam

1991 4568 2300 4632 scientiam,
2324 4581 2486 4636 quam
2530 4580 2629 4635 pro
2675 4564 2818 4619 illius
2849 4578 3034 4618 amore
3069 4563 3336 4633 sprevisti,
3375 4561 3583 4617 vivacis.

1987 4661 2187 4716 mentis
2249 4659 2499 4714 acumine
2552 4665 2952 4726 compensaret.
3008 4653 3143 4708 Nam
3195 4670 3317 4708 cum
3381 4652 3580 4706 littera:

1986 4750 2236 4805 oriantur
2269 4762 2336 4801 ex
2384 4761 2564 4809 sensu,
2594 4759 2700 4799 non
2729 4759 2922 4799 sensus
2959 4743 3212 4813 procedat
3239 4757 3304 4796 ex
3341 4740 3573 4817 litteris,

1985 4839 2071 4894 cui
2104 4853 2295 4893 sensus
2325 4834 2612 4891 incolumis
2637 4844 2721 4889 est
2748 4833 2958 4888 litteras
2983 4847 3088 4887 non
3116 4831 3362 4900 requirit.
3397 4829 3454 4898 In
3487 4828 3576 4883 lit-

1985 4931 2184 4986 terario
2213 4928 2410 4999 quippe
2441 4929 2586 4990 ludo,
2620 4928 2707 4982 ubi
2740 4927 2890 4997 pueri
2925 4925 3097 4994 prima
3130 4922 3432 4977 articulatze
3470 4937 3571 4977 vo-

1989 5023 2070 5078 cis
2090 5021 2356 5077 elementa
2386 5019 2708 5088 suscipiunt.
2746 5016 2834 5070 alii
2869 5013 3085 5084 quidem
3113 5011 3439 5075 abecedarii,
3479 5011 3573 5067 alii

1990 5113 2286 5186 syllabarii,
2340 5113 2558 5182 quidam
2590 5123 2721 5164 vero
2761 5107 3080 5171 noniinarii,
3114 5104 3354 5159 nonnulli
3403 5105 3582 5159 etiam

1989 5205 2340 5263 calculatores
2370 5201 2736 5273 appellantur;
2773 5209 2828 5255 et
2861 5199 2973 5253 haec
3012 5197 3228 5251 nomina
3256 5209 3378 5250 eum
3417 5197 3582 5249 audi-

1988 5317 2127 5366 mus,
2154 5315 2221 5355 ex
2263 5300 2396 5370 ipsis
2421 5297 2678 5354 continuo
2705 5295 2828 5364 quis
2859 5293 2931 5349 sit
2972 5291 3025 5347 in
3062 5290 3246 5361 pueris
3295 5288 3576 5361 profectus

1989 5391 2354 5463 agnoscimus.

2604 5475 2831 5534 CAPUT
2872 5474 2936 5530 ν.

2214 5571 2488 5639 Quomodo
2529 5569 2758 5639 Spiritus
2780 5574 2993 5621 sanctus
3024 5580 3117 5619 nos
3147 5563 3346 5618 doceat.

2057 5665 2153 5720 Cui
2205 5679 2333 5718 vero
2375 5676 2471 5732 per
2523 5659 2718 5715 donum
2757 5656 2929 5713 sancti
2979 5654 3214 5726 Spiritus
3257 5651 3508 5714 irlellectx
3577 5683 3580 5688 -

1987 5757 2252 5828 aperitur,
2279 5753 2402 5824 quia
2441 5764 2537 5814 per
2567 5759 2885 5821 conceptum
2916 5749 3152 5820 vigorem
3181 5745 3386 5806 vivacis
3415 5751 3494 5816 ing
3517 5763 3570 5800 ρ-
