4138 6320
568 319 673 378 699

1035 318 1092 373 S.
1126 317 1328 372 PETRI
1369 315 1650 372 DAMIANI
1689 314 1840 372 OPP.
1875 313 2110 374 TOMUS
2149 315 2280 372 SEU
2317 316 2495 374 PARS
2535 318 2720 384 ιιῐ.;-
2742 318 3100 376 OPUSCULA
3147 320 3374 378 V'ARIA.

3733 329 3838 385 700

567 433 642 488 nii
671 441 865 488 cuncta
905 431 1062 486 facile
1110 431 1544 500 comprehendit,
1595 430 1679 485 his
1723 431 1792 485 ad
1839 429 2152 485 discendum
2181 431 2228 489 Α
2257 428 2375 492 stri,
2423 439 2654 484 testante
2710 431 2998 500 Propueta,
3045 433 3181 487 sicut
3205 447 3403 487 aranea
3434 433 3836 493 meditabantur

570 527 831 597 gradibus
865 538 1193 594 magnopere
1221 540 1326 577 non
1363 524 1560 593 egebit.
1606 523 1761 578 Sient
1790 525 1856 578 de
1891 525 2062 578 tribus
2094 521 2158 574 il-

575 618 642 673 lis
680 619 863 687 pueris
893 615 1093 670 dicitur
1130 634 1141 668 :
1188 634 1206 668 ι
1241 616 1377 681 Quia
1424 615 1571 669 dedit
1627 614 1731 670 illis
1783 613 2064 668 scientiam
2102 621 2156 666 ct

569 706 908 774 disciplinam
938 704 990 758 in
1019 705 1165 759 bmni
1193 703 1332 758 libro
1363 713 1416 759 et
1442 705 1707 774 sapientia
1738 744 1753 768 ,
1813 702 2023 757 Danieli
2055 717 2154 756 au-

573 805 682 850 tem
717 795 865 850 dedit
909 795 1317 865 intelligentiam
1357 795 1598 849 omnium
1626 793 1892 848 visionum
1924 801 1979 846 et
2008 806 2155 846 som-

572 887 828 950 niorum;
885 887 1043 942 itaut
1087 887 1504 958 Babyloniorum
1554 885 1826 954 sapientes
1867 885 1932 939 ad
1969 899 2157 939 eorum

568 976 912 1047 prudentiam
960 975 1449 1045 nonattingerent,
1494 989 1697 1044 eosque
1724 974 1886 1044 magi.
1939 971 2154 1038 harioli,

575 1068 662 1123 vel
687 1069 969 1138 aruspices
1005 1069 1057 1125 in
1097 1068 1475 1138 mysteriorum
1525 1066 1826 1121 ctelestium
1873 1064 2160 1120 revelatio-

571 1160 730 1214 nibus
763 1174 870 1214 non
897 1169 1176 1228 :equarent
1202 1156 1364 1228 (Dan.
1401 1155 1462 1226 ι).
1502 1170 1522 1207 ι

591 1299 594 1302 .
639 1251 746 1306 Sed
772 1260 846 1318 et,
874 1250 1150 1305 veteribus
1175 1248 1412 1313 omissis,
1435 1248 1500 1301 ad
1531 1248 1816 1301 modernos
1843 1246 2038 1301 iterum
2068 1259 2158 1300 ve-

517 1337 554 1379 κ
568 1340 806 1397 niamus.
834 1342 1030 1397 Beatus
1058 1340 1380 1396 Benedictus
1404 1341 1469 1394 ad
1492 1339 1794 1392 litterarum
1828 1338 2004 1392 studia
2033 1338 2157 1392 mit-

572 1429 725 1495 titur,
761 1433 853 1488 sed
887 1448 1008 1487 mox
1047 1431 1111 1486 ad
1145 1430 1443 1500 sapientem
1487 1429 1690 1484 Christi
1742 1427 2022 1483 stultitiam
2074 1441 2158 1481 re-

575 1531 833 1587 vocatur;
871 1532 946 1586 et,
987 1522 1112 1591 quia
1153 1522 1395 1577 scholam
1440 1521 1524 1590 pia
1571 1521 1871 1575 rusticitate
1899 1519 2154 1584 mutavit,

574 1611 680 1667 hoc
727 1611 1054 1682 descriptum
1107 1613 1326 1681 reliquit
1372 1612 1424 1666 in
1468 1612 1760 1680 capisterio
1805 1610 2153 1673 mulierculae,

571 1701 714 1770 quod
741 1702 808 1757 de
837 1717 895 1758 se
925 1703 1107 1757 mundi
1142 1703 1415 1772 sapientes
1455 1702 1762 1771 exprimere
1797 1708 2068 1770 nequeunt
2102 1699 2153 1752 in

2259 518 2434 590 (Psal.
2470 521 2712 591 unis).

2330 609 2466 680 Ugo,
2497 611 2811 667 Parmensis
2836 613 3092 669 Ecclesiae
3119 614 3370 680 clericus,
3390 623 3521 684 quot
3542 615 3835 671 utilitatum

2257 703 2408 758 dotes
2433 704 2703 770 habuerit,
2750 720 2855 759 non
2896 722 3191 772 enumero,
3239 709 3364 778 quia
3417 707 3664 764 laciniosi
3713 711 3834 781 styli

2257 794 2437 848 devito
2465 793 2763 849 fastidium.
2796 795 2894 851 Hic
2925 805 3086 852 tantae
3113 797 3214 852 fuit
3247 799 3624 854 ambitionisin
3639 801 3836 856 artium

2258 887 2471 951 studiis,
2505 897 2566 941 ut
2595 888 2946 944 astrolabium
2972 891 3074 944 sibi
3105 891 3170 945 de
3191 891 3493 946 clarissimo
3535 891 3837 961 provideret

2265 987 2491 1048 argento
2511 1019 2525 1043 ,
2552 988 2634 1044 ut,
2671 980 2797 1034 dum
2835 982 3064 1050 spiraret
3094 981 3156 1036 ad
3186 983 3491 1052 episcopale
3538 981 3839 1053 fastigium,

2255 1067 2485 1123 Conradi
2514 1069 2856 1139 imperatoris
2877 1084 2936 1126 se
2967 1071 3248 1127 constituit
3271 1072 3606 1141 eapellanum
3637 1091 3649 1126 :
3675 1087 3704 1126 a
3730 1088 3840 1144 quo

2257 1159 2384 1214 dum
2408 1161 2698 1214 revertitur
2723 1161 2887 1231 regiis
2913 1161 3394 1231 pollicitationibus
3418 1161 3746 1226 cumulatus,
3779 1169 3835 1216 et

2257 1248 2324 1302 de
2356 1249 2729 1318 consequenda
2767 1250 3026 1318 dignitate
3063 1265 3199 1320 pene
3241 1264 3346 1305 non
3392 1250 3606 1313 dubius,
3649 1249 3840 1304 incidit

2257 1337 2309 1391 in
2342 1338 2598 1394 latrones.
2640 1339 2932 1410 Presbyter
2973 1341 3118 1395 enim
3165 1341 3386 1411 quidam
3435 1341 3487 1395 in
3530 1339 3840 1396 Teutonicis

2256 1429 2521 1497 partibus,
2575 1430 2664 1498 qui
2699 1430 2892 1484 laicum
2944 1431 3177 1485 habebat
3223 1430 3506 1496 asseclam,
3555 1439 3841 1500 pascentes

2257 1533 2424 1586 equos
2458 1518 2598 1573 illius
2626 1519 2854 1573 tentavit
2879 1520 3150 1575 invadere.
3176 1519 3273 1575 Cui
3306 1521 3432 1574 dum
3469 1519 3556 1574 ille
3585 1533 3703 1574 sese
3733 1519 3838 1574 im-

2256 1609 2405 1676 piger
2443 1608 2749 1679 obiecisset,
2793 1611 3076 1680 presbyter
3119 1625 3240 1664 eum
3278 1610 3465 1666 lancea
3498 1608 3839 1674 confodiens,

2259 1698 2565 1764 interemit,
2612 1708 2668 1754 et
2716 1709 2847 1754 tunc
2892 1699 3098 1769 liquido
3141 1699 3496 1769 deprehendit
3549 1698 3623 1753 nil
3673 1698 3844 1752 fuisse

570 1808 757 1849 unnsa
792 1796 1132 1864 geometricas
1171 1794 1252 1849 vel
1280 1794 1659 1847 astrmiomicac
1699 1792 2010 1861 disciplina}.
2037 1790 2147 1844 Lit—
2180 1781 2225 1840 Β
2253 1791 2395 1860 quod
2423 1793 2628 1858 didicit,
2651 1793 2776 1846 dum
2799 1793 2955 1846 simul
2989 1793 3171 1847 amisit
3191 1806 3245 1848 et
3269 1792 3549 1847 irridentis
3576 1792 3700 1846 vitae
3723 1791 3850 1845 dul'

568 1892 714 1938 teras
743 1893 800 1939 et
832 1884 1095 1939 Martinus
1141 1886 1392 1956 ignorat;
1426 1884 1518 1939 sed
1545 1883 1630 1937 hic
1663 1883 1842 1937 fatuus
1892 1892 1945 1937 et
1975 1882 2145 1950 impe-

575 1974 712 2027 ritus
737 1975 977 2043 perditas
1011 1975 1173 2028 trium
1230 1983 1567 2030 mortuorum
1600 1974 1808 2028 animus
1851 1972 1918 2025 ab
1966 1971 2150 2026 inferis

571 2073 812 2118 revocat.
843 2062 1109 2119 Antonius
1141 2081 1244 2120 non
1275 2066 1662 2128 rhetoricatur,
1693 2066 1783 2117 sed
1812 2075 1921 2119 toto
1945 2065 2152 2133 conspi-

569 2169 706 2207 cuus
734 2155 1124 2218 orbc.littcris,
1168 2165 1228 2209 ut
1275 2156 1346 2209 ita
1392 2155 1602 2224 loquar,
1645 2155 1895 2208 vitalibus
1934 2154 2147 2223 legitur.

567 2238 809 2297 llilsrion
857 2243 1106 2298 Platones
1147 2255 1200 2299 et
1249 2243 1582 2315 Pythagoras
1628 2245 1873 2314 proiicit,
1937 2259 2150 2312 unoque

569 2342 858 2389 contentus
882 2335 1194 2404 Evangelio,
1238 2337 1289 2390 in
1327 2336 1610 2407 sepulcrali
1660 2351 1718 2390 se
1759 2334 1964 2389 ccllulze
1993 2344 2151 2390 antro

567 2424 880 2491 concludit;
910 2428 1003 2480 sed
1035 2441 1162 2481 ecce
1186 2427 1518 2481 da:monibus
1555 2427 1802 2496 imperat,
1835 2441 1995 2493 quem
2033 2424 2152 2494 phi-

563 2515 912 2584 loso,:horum
943 2517 1121 2570 studia
1160 2532 1263 2571 non
1297 2527 1581 2570 exornant.
1618 2517 1748 2583 Qua:
1777 2515 1823 2570 si
1851 2525 1905 2568 tu
1935 2529 2151 2584 quoque

564 2607 711 2678 apud
739 2607 1015 2674 szeculum,
1043 2616 1104 2664 ut
1136 2608 1424 2679 eﬂlagitas,
1448 2594 1749 2672 didicisses,
1785 2607 2031 2662 fortassis
2059 2607 2151 2661 ho-

567 2698 655 2754 die
699 2699 958 2754 Domiuus
989 2700 1130 2755 intra
1161 2702 1325 2756 sortis
1356 2716 1467 2756 sua:
1513 2699 1808 2755 funiculum
1855 2713 1958 2754 non
1990 2699 2152 2754 habe-

564 2799 667 2846 ret.
701 2789 794 2845 Est
819 2791 962 2845 euim
993 2793 1254 2863 sapientia
1278 2793 1346 2846 de
1376 2807 1478 2862 qua
1509 2792 1769 2861 scriptum
1798 2798 1880 2847 est
1915 2809 1928 2844 :
1964 2809 1983 2842 ι
2014 2790 2148 2844 Nam

562 2894 662 2949 per
707 2884 1025 2946 sapientiam
1080 2884 1252 2939 sanati
1307 2893 1434 2938 sunt
1483 2883 1792 2953 quicunque
1831 2882 2152 2952 placuerunt

571 2973 689 3038 tibi,
723 2973 969 3037 Domine,
1008 2975 1076 3027 ab
1100 2975 1251 3029 initio
1275 2973 1425 3046 (Sap.
1455 2975 1553 3045 Ix).
1592 2993 1608 3026 ι
1646 2975 1712 3028 Et
1745 2983 1827 3029 est
1865 2973 2148 3043 sapientia,

563 3062 630 3117 de
657 3077 764 3134 qua
794 3062 1033 3119 dicitur:
1079 3088 1098 3116 ι
1135 3062 1250 3119 Νοιι
1283 3074 1366 3119 est
1397 3065 1510 3118 lucc
1553 3062 1814 3133 sapientia
1864 3063 2147 3116 desursum

564 3153 922 3219 descendens,
945 3153 1040 3210 sed
1077 3164 1314 3220 terrena,
1354 3152 1626 3214 animalis,
1661 3150 1927 3206 diabolica
1956 3149 2140 3220 (Joan.
2174 3136 2218 3197 C

563 3242 670 3309 ιιι).
707 3261 727 3294 ι
762 3242 846 3306 Et,
879 3259 912 3297 ο
941 3245 1159 3311 (ιιιειιῑέδ
1194 3242 1307 3298 hzec
1354 3244 1466 3313 ipsa
1537 3251 1749 3296 terrena
1797 3249 1851 3294 et
1900 3237 2148 3293 animalis

567 3331 832 3399 sapientia
861 3344 965 3386 non
993 3333 1263 3387 concessit
1299 3333 1402 3386 iter
1437 3345 1777 3400 prosperum,
1805 3337 1863 3382 ut
1896 3327 2146 3382 videlicet

570 3428 697 3472 ante
725 3429 1045 3475 corruerent
1073 3419 1125 3474 in
1161 3419 1459 3490 periculum
1483 3420 1673 3474 mortis
1705 3434 1866 3488 quam
1900 3415 2144 3473 frueren-

563 3521 651 3566 tur
673 3514 869 3583 Optatis
892 3513 906 3566 ἔ

1082 3607 1248 3678 723
1276 3605 1504 3662 CAPUT
1541 3605 1628 3659 vr.

638 3695 794 3760 Quod
822 3697 1051 3752 humana
1074 3699 1333 3768 sapientia
1357 3697 1532 3751 multis
1553 3697 1794 3756 periculis
1817 3697 2073 3766 subjacet.

635 3787 928 3844 Gualterus
989 3790 1168 3859 plane,
1227 3789 1469 3860 magistri
1528 3790 1648 3850 mei,
1694 3789 1896 3843 scilicet
1949 3789 2144 3854 lvonis,

564 3877 746 3933 socius
780 3878 903 3944 fuit,
932 3880 1022 3949 qui
1046 3896 1141 3949 per
1166 3880 1383 3949 triginta
1414 3878 1583 3933 ferme
1621 3894 1792 3932 annos
1823 3880 1894 3933 ita
1927 3893 2022 3949 per
2051 3894 2145 3933 oc-

563 3969 754 4024 ciduos
787 3971 920 4025 lines
957 3971 1276 4040 sapientiam
1308 3978 1622 4040 persecutus
1660 3978 1765 4033 est,
1793 3979 1851 4023 ut
1879 3970 1943 4023 de
1969 3971 2147 4039 regnis

561 4060 627 4114 ad
676 4076 843 4130 regna
899 4064 1293 4119 contenderet:
1339 4072 1395 4118 et
1445 4078 1550 4116 non
1604 4061 1762 4116 modo
1817 4061 2144 4127 Tcutonum,

561 4153 870 4222 Gallorum,
903 4158 995 4212 sed
1037 4166 1090 4213 et
1135 4157 1530 4212 Saracenorum
1563 4170 1778 4224 quoque
1825 4154 2144 4224 Hispanien-

560 4248 700 4302 sium
731 4251 912 4317 nrbes,
943 4251 1139 4321 oppida
1170 4251 1330 4306 simul
1361 4260 1524 4318 atque
1552 4248 1857 4318 provincias
1891 4256 2145 4316 penetra-

515 4329 522 4336 ’
561 4352 674 4407 ret;
698 4341 794 4396 sed
819 4357 941 4395 mox
966 4353 1048 4406 ut,
1076 4342 1267 4396 studiis
1298 4350 1431 4404 toto,
1461 4348 1520 4394 ut
1543 4341 1612 4394 ita
1637 4339 1844 4408 loquar,
1867 4339 1997 4394 orbe
2025 4354 2146 4393 cor-

561 4434 723 4499 rasis,
752 4434 1003 4488 exsilium
1041 4433 1372 4488 habitatione
1401 4432 1650 4498 mutavit,
1683 4441 1735 4486 et
1761 4431 1873 4501 jam
1916 4431 2061 4486 velut
2092 4433 2142 4484 in

564 4539 700 4596 pace
737 4525 1068 4596 compositus
1108 4524 1303 4580 docere
1340 4541 1538 4597 pueros
1575 4525 1741 4594 erepit
1767 4565 1782 4591 ,
1815 4524 1992 4580 aemuli
2031 4524 2146 4588 sui,
2175 4509 2228 4569 Ι)

561 4614 842 4686 cujusdam
870 4614 1122 4670 videlicet
1176 4615 1400 4671 alterius
1435 4616 1697 4685 sapientis
1725 4615 2014 4670 necessarii
2066 4615 2150 4668 vel

565 4704 830 4770 fautores,
858 4719 980 4759 eum
1012 4703 1331 4774 simpliciter
1351 4705 1683 4775 gradientem
1726 4721 1794 4760 ex
1823 4705 2034 4760 insidiis
2058 4720 2149 4760 oc-

565 4796 851 4852 ciderunt:
885 4796 975 4866 qui
1007 4795 1292 4853 confossus
1320 4796 1532 4868 gladiis,
1576 4814 1682 4852 non
1725 4798 2056 4864 sacerdotes,
2087 4806 2148 4853 ut

562 4886 694 4941 mihi
757 4886 989 4942 relatum
1051 4886 1306 4952 arbitror,
1369 4886 1559 4957 petiit;
1607 4903 1713 4942 non
1753 4890 1820 4943 de
1861 4889 2150 4943 transactis

558 4975 957 5032 confessionem
989 4977 1072 5032 vel
1096 4977 1485 5046 paenitudinem
1533 4979 1731 5048 gessit;
1763 4977 1856 5032 sed
1883 4994 2052 5048 usque
2078 4979 2145 5034 ad

558 5065 808 5122 ultimum
836 5067 1084 5138 spiritum
1123 5069 1227 5123 hoc
1267 5067 1439 5122 solum
1481 5067 1776 5123 inclamare
1815 5084 1922 5124 non
1954 5069 2142 5124 desiit:

565 5153 682 5210 llcu
706 5157 868 5225 quale
907 5159 1197 5214 damnum!
1249 5159 1304 5214 Si
1348 5160 1479 5230 quid
1515 5169 1694 5215 autem
1721 5161 1805 5215 vel
1837 5161 1902 5216 de
1929 5161 2144 5217 confes-

565 5243 716 5298 sione
742 5245 990 5302 facienda
1046 5248 1132 5303 vel
1175 5247 1320 5303 aliud
1370 5249 1499 5319 quid
1547 5249 1860 5314 dicebatur,
1909 5251 1997 5305 ille
2031 5251 2142 5321 jam

558 5333 824 5390 alienatus
880 5337 983 5392 hoc
1045 5338 1384 5395 solummodo
1442 5338 1772 5409 repetebat:
1818 5339 1932 5395 Heu
1985 5341 2146 5412 quale

560 5424 846 5482 damnum!
881 5427 979 5484 llic
1005 5429 1187 5501 itaque
1229 5431 1373 5485 velut
1428 5433 1664 5487 arachne
1713 5431 2142 5498 incxtricabilia,

561 5526 619 5568 ut
676 5518 778 5574 sibi
824 5520 1124 5587 videbatur,
1170 5522 1524 5592 subtegminis
1577 5524 1664 5579 tila
1705 5524 2012 5590 contexuit;
2050 5525 2141 5579 sed

557 5628 684 5668 mox
716 5624 776 5668 ut
827 5632 891 5672 ea
921 5625 1116 5673 ventus
1143 5619 1342 5674 ultimm
1368 5621 1705 5676 necessitatis
1746 5619 1990 5690 impulit,
2015 5635 2139 5690 pro-

561 5703 709 5760 tinus
741 5705 792 5761 in
827 5707 1052 5764 nihilum
1082 5710 1262 5765 omnia
1295 5710 1595 5788 di~sipavitt
1630 5710 1768 5763 Anni
1810 5710 2004 5780 quippe
2047 5726 2143 5766 no—

2251 1882 2493 1936 cedinem
2525 1891 2578 1936 et
2603 1881 2872 1951 concupiti
2897 1882 3148 1937 culminis
3179 1882 3516 1952 dignitatem.

2855 1973 3084 2030 CAPUT
3123 1974 3232 2030 VII.

2537 2062 2616 2116 De
2648 2063 2933 2117 mandante
2964 2063 3231 2133 sapientia:
3257 2063 3545 2132 e/I‘ectibns.

2324 2152 2588 2207 Prreterea
2653 2169 2792 2222 saepe
2833 2154 3099 2223 contingit
3150 2163 3209 2208 ut
3261 2153 3501 2209 nonnulli
3549 2154 3840 2209 carnaliter

2260 2243 2531 2312 Sapientes
2555 2252 2610 2298 et
2639 2244 2842 2300 diutius
2871 2245 3075 2308 vivant,
3107 2254 3161 2299 et
3182 2260 3455 2313 nunquam
3498 2245 3715 2298 valeant
3759 2244 3839 2298 iu-

2255 2337 2442 2392 venire
2469 2337 2610 2406 quod
2638 2345 2848 2406 optant.
2887 2337 2946 2391 In
2988 2337 3264 2407 sapientire
3301 2337 3500 2407 quippe
3539 2336 3648 2390 sua:
3691 2337 3840 2389 vani-

2254 2435 2363 2480 tate
2393 2427 2609 2492 contisi,
2634 2427 2762 2482 dum
2804 2436 3027 2497 sperant
3079 2426 3239 2482 facile
3285 2436 3476 2482 cuncta
3515 2411 3841 2496 suppetere,

2255 2519 2595 2575 arbitrantur
2627 2521 2810 2590 utique
2837 2536 2896 2575 se
2919 2520 3196 2592 religionis
3240 2521 3546 2576 testimonio
3594 2535 3698 2575 non
3719 2535 3841 2590 ege-

2225 2625 2353 2682 _re;
2382 2619 2440 2666 et
2465 2612 2592 2666 dum
2628 2612 2844 2666 inanem
2882 2612 3204 2682 sapientiam
3243 2613 3475 2683 jactant,
3527 2613 3842 2682 insipienter

2254 2702 2436 2756 vivere
2462 2717 2572 2757 non
2601 2701 2917 2758 formidant.
2947 2703 3312 2771 Quamobrem
3340 2718 3369 2758 a
3402 2719 3461 2759 se
3505 2703 3842 2773 conspicien-

2256 2791 2397 2846 tibus
2417 2807 2605 2847 eorum
2637 2802 2790 2848 actus
2809 2793 3133 2864 exploditur,
3182 2793 3288 2860 vita
3337 2795 3671 2864 conspuitar,
3707 2809 3842 2850 con-

2253 2885 2491 2940 versatio
2519 2885 2814 2952 deridetur,
2837 2885 2976 2940 fama
3002 2887 3282 2956 polluitur,
3314 2884 3679 2941 testimonium
3707 2901 3840 2941 con-

2255 2974 2571 3041 demnatur;
2635 2976 2864 3045 ideoque
2924 2976 3016 3046 qui
3088 2985 3485 3045 proposuerant
3533 2975 3599 3028 ad
3657 2983 3846 3028 votum

2257 3066 2439 3122 carnis
2465 3067 2664 3131 vivere,
2710 3069 2764 3122 in
2811 3068 3142 3123 contrarium
3175 3083 3330 3122 versa
3371 3068 3662 3133 sententia,
3697 3082 3844 3136 saepe

2251 3156 2646 3227 compelluntur
2665 3173 2855 3230 egere,
2883 3173 3007 3214 cum
3028 3174 3058 3213 c
3084 3158 3299 3214 diverso
3332 3161 3533 3227 quique
3568 3157 3844 3226 simplices

2253 3260 2310 3307 et
2345 3253 2513 3322 quieti
2572 3254 2733 3308 rebus
2770 3253 3067 3308 exuberent
3101 3252 3422 3308 necessariis
3465 3251 3646 3322 729.
3681 3249 3843 3305 Unde

2251 3360 2348 3416 per
2370 3345 2564 3400 isaiam
2603 3346 2862 3401 Dominus
2887 3345 3017 3401 dicit
3045 3361 3060 3398 :
3106 3363 3127 3396 ι
3160 3344 3267 3399 Pro
3290 3359 3354 3400 eo
3379 3343 3522 3412 quod
3555 3341 3766 3406 vocavi,
3785 3353 3848 3394 et

2251 3452 2356 3492 non
2392 3436 2784 3505 respondistis;
2827 3436 3036 3492 locutus
3065 3450 3206 3501 sum,
3252 3442 3307 3488 et
3349 3449 3456 3487 non
3490 3431 3754 3497 audistis;
3784 3441 3848 3486 et

2251 3525 2534 3582 faciebatis
2570 3528 2769 3581 malum
2807 3526 2861 3580 in
2901 3525 3070 3580 oculis
3101 3524 3268 3589 meis;
3310 3531 3364 3577 et
3395 3537 3514 3592 qua:
3553 3521 3702 3577 nolui
3737 3519 3848 3576 ele-

2251 3617 2439 3688 gistis:
2469 3629 2691 3687 propter
2722 3616 2823 3672 hoc
2851 3629 2978 3671 ecce
3007 3614 3150 3670 servi
3178 3613 3282 3668 mei
3315 3612 3621 3676 comedent,
3659 3619 3716 3667 et
3744 3625 3846 3666 vos

2249 3710 2534 3765 esurietis:
2565 3724 2690 3764 ecce
2715 3708 2853 3762 servi
2878 3707 2982 3761 mei
3010 3706 3219 3771 bibent,
3250 3713 3305 3759 et
3327 3719 3423 3758 vos
3448 3703 3644 3758 sitietis
3667 3720 3682 3769 ;
3710 3719 3846 3759 ecce

2251 3802 2394 3856 servi
2436 3801 2539 3856 mei
2586 3799 2929 3864 laetabuntur,
2982 3805 3036 3852 et
3085 3811 3182 3851 vos
3223 3794 3664 3860 confundemini;
3710 3809 3846 3850 ecce

2250 3894 2392 3948 servi
2424 3893 2525 3947 mei
2561 3892 2852 3946 laudabunt
2891 3905 3002 3959 prae
3031 3887 3391 3943 exsultatione
3419 3887 3619 3951 cordis,
3659 3896 3714 3940 et
3741 3901 3850 3941 vos

2251 3981 2554 4038 clamabitis
2600 3996 2710 4051 prae
2757 3980 2962 4043 dolore,
3002 3988 3056 4034 et
3095 3993 3208 4048 prae
3257 3976 3579 4032 contritione
3616 3977 3846 4047 spiritus

2250 4072 2524 4128 ululabilis
2547 4070 2682 4143 (Isa.
2714 4072 2859 4141 va).
2906 4091 2924 4124 ι

2320 4160 2598 4231 Hodieque
2642 4171 2787 4217 certe
2830 4163 2882 4216 in
2921 4161 3167 4216 Romana
3212 4161 3343 4216 urbe
3381 4159 3550 4214 frater
3597 4159 3823 4226 advivit,

2250 4261 2402 4306 ortus
2429 4251 2495 4306 de
2524 4253 2751 4306 summis
2779 4253 3098 4321 proceribus
3150 4251 3470 4316 Galliarum,
3530 4249 3682 4318 cujus
3739 4265 3842 4304 no-

2250 4351 2569 4406 mentaceo,
2617 4343 2745 4413 quia
2807 4342 2989 4397 fratris
3056 4342 3406 4411 ignominiam
3452 4340 3833 4410 perhorresco.

2250 4431 2347 4486 Cui
2391 4433 2580 4486 nescio
2619 4446 2686 4484 an
2727 4431 2926 4501 aliquid
2954 4431 3202 4485 utilitatis
3225 4431 3384 4486 desit.
3427 4430 3528 4484 'l'ot
3564 4429 3833 4498 siquidem

2255 4523 2586 4578 exteriorum
2620 4523 2884 4581 bonorum
2924 4519 3146 4575 ﬂoribus
3183 4520 3433 4574 enitescit
3473 4534 3487 4572 :
3529 4518 3726 4574 nobilis
3773 4525 3839 4572 ut

2254 4613 2582 4680 imperator;
2633 4610 2860 4682 pulcher
2918 4619 3139 4681 aspectu
3196 4607 3614 4679 quodammodo,
3691 4606 3838 4661 sicut

2254 4701 2463 4758 Tullius
2490 4701 2762 4772 loquitur;
2803 4709 2865 4756 ut
2905 4699 3162 4772 Virgilius
3183 4706 3465 4769 poetatur;
3499 4697 3625 4751 tuba
3667 4695 3837 4750 vehe—

2253 4808 2408 4848 mens
2452 4794 2505 4847 in
2548 4791 2818 4856 Ecclesia;
2854 4790 3138 4860 perspicax
3163 4795 3219 4845 et
3266 4795 3455 4843 acutus
3503 4797 3588 4841 est
3631 4786 3683 4840 in
3714 4784 3836 4855 lege

2253 4883 2467 4947 divina;
2492 4881 2813 4936 scholastice
2847 4880 3150 4950 disputans,
3182 4881 3336 4948 quasi
3385 4877 3657 4948 descripta
3705 4874 3831 4929 libri

2251 4975 2415 5029 verba
2439 4973 2733 5043 percurrit;
2762 4973 3058 5042 vulgariter
3097 4972 3341 5043 loquens,
3375 4970 3633 5026 Rernatne
3667 4967 3832 5022 urba-

2253 5063 2438 5119 nitatis
2490 5062 2726 5133 regulam
2779 5079 2886 5117 non
2943 5060 3185 5117 oll‘eudit.
3238 5059 3377 5127 Quid
3405 5060 3471 5114 de
3510 5055 3830 5113 monachico

2249 5171 2550 5226 prosequar
2575 5154 2952 5224 ordineiquid
2990 5155 3056 5208 de
3087 5151 3351 5224 regularis
3397 5149 3709 5221 magisterio
3746 5149 3829 5203 die

2250 5248 2525 5319 sciplinac?
2561 5247 2619 5301 In
2659 5262 2888 5317 quorum
2919 5245 3169 5301 videlicet
3215 5244 3404 5299 notitia
3442 5244 3516 5298 ita
3557 5240 3831 5298 convaluit

2248 5350 2309 5396 ut
2351 5357 2452 5398 nec
2483 5343 2677 5397 docere
2695 5341 2907 5395 naviter
2941 5338 3146 5410 possit;
3179 5337 3274 5392 sed
3303 5337 3444 5408 ejus,
3471 5336 3606 5405 proh
3642 5332 3834 5389 dolor!‘

2250 5432 2372 5488 talis
2409 5439 2494 5488 est
2519 5433 2646 5495 vita,
2707 5440 2766 5486 ut
2813 5445 2934 5484 eum
2963 5429 3116 5484 alteri
3161 5427 3337 5482 nullus
3365 5427 3640 5489 invideat,
3672 5424 3737 5478 ad
3768 5438 3828 5478 se

2249 5523 2592 5578 introducere
2630 5537 2789 5577 nemo
2827 5522 3114 5592 deposcat;
3143 5528 3215 5584 et,
3244 5528 3301 5574 ut
3339 5533 3453 5573 rem
3489 5532 3594 5573 non
3624 5514 3825 5571 diutius

2247 5617 2583 5686 protraham,
2623 5616 2788 5670 stulto
2834 5615 3064 5685 sapienti
3125 5612 3524 5670 monasterialis
3551 5611 3617 5666 ad
3665 5609 3819 5664 habi-

2249 5709 2469 5764 tandum
2502 5709 2664 5778 janua
2714 5707 3025 5764 clauditur:
3061 5705 3212 5776 cujus
3260 5703 3458 5776 passim
3513 5701 3730 5759 rusticis
3775 5707 3828 5752 et
