4138 6320
346 342 440 398 701

348 552 495 598 recte
538 543 622 596 vir
655 543 868 610 sapiens
901 543 977 596 ait
1028 559 1041 594 :

347 634 461 689 ficit
492 633 853 704 sapientia,et
880 633 1135 687 deficiens
1171 646 1333 685 sensu
1385 632 1436 684 iu
1489 631 1698 693 timore,
1748 644 1910 698 quam

347 727 438 796 qui
469 728 706 784 abundat
729 741 913 793 sensu,
938 735 994 782 et
1039 723 1428 794 transgreditur
1454 723 1622 795 legem
1651 723 1909 777 Altissimi

349 816 540 888 (Eccli.
585 816 722 886 xu).
751 835 770 866 ι

298 921 338 965 z/
419 905 570 972 Quod
610 905 774 960 etiam
806 905 856 959 in
884 903 1110 959 Domino
1150 919 1272 959 meo
1303 902 1488 959 Leone
1539 903 1798 972 probatur
1830 902 1912 956 in-

349 995 520 1052 cluso.
551 992 836 1050 Posuimus
877 995 1022 1048 enim
1069 994 1234 1050 stulte
1275 995 1528 1063 peritum,
1581 1007 1912 1062 apponamus

349 1085 510 1140 etiam
535 1086 808 1154 sapienter
836 1084 1126 1139 imloctum.
1162 1083 1257 1138 Hic
1286 1083 1445 1153 plane
1473 1081 1580 1136 Leo
1609 1082 1752 1153 (cum
1777 1095 1914 1152 pra:-

351 1186 434 1231 ter
458 1175 714 1248 psalmos,
736 1183 829 1230 aut
855 1175 1034 1232 nescio
1071 1175 1199 1244 quid
1226 1176 1596 1230 tenuissimum
1621 1182 1677 1229 et
1727 1167 1912 1227 extre;

347 1267 518 1338 mum)
558 1266 764 1321 litteras
791 1281 894 1320 non
924 1267 1195 1326 didicerit.
1231 1265 1613 1337 grammaticos
1643 1263 1914 1334 quoslibet

348 1372 414 1411 ac
441 1358 624 1412 mundi
674 1356 1024 1426 phil050phos
1086 1357 1140 1412 in
1190 1356 1830 1435 Sgcripturarurnunotitia
1857 1364 1912 1410 et

346 1447 693 1502 consiliorum
723 1448 1081 1516 spiritualium
1111 1430 1476 1517 profunditate
1519 1430 1774 1516 prmcellit
1801 1433 1834 1500 ’τ’
1855 1455 1915 1502 ιιι

348 1538 658 1608 quicunque
684 1539 750 1592 ad
773 1539 920 1592 illum
946 1538 1012 1594 de
1049 1539 1240 1609 quovis
1261 1539 1453 1594 anima:
1474 1538 1689 1610 negotio
1713 1554 1910 1594 consu-

346 1629 522 1684 lentes
546 1631 874 1696 aecedimus,
905 1632 1258 1702 suscipientes
1306 1632 1375 1687 ab
1425 1648 1491 1688 eo
1543 1635 1787 1698 verbum,
1836 1633 1910 1689 ita

343 1723 663 1779 confidimus
701 1739 766 1779 ac
801 1725 845 1778 si
886 1725 1180 1794 prophetici
1232 1725 1454 1796 spiritus
1497 1726 1777 1781 oraculum
1818 1742 1906 1782 re-

1190 337 1432 393 OPUSC.
1468 336 1626 392 XLV.
1667 369 1736 378 —
1773 338 1860 393 DE
1899 338 2165 394 SANCTA
2209 338 2701 396 SIMPLICITATE.

346 451 610 521 Imperitis
661 465 724 507 ac
767 447 1000 522 dyscolis
1051 447 1226 504 aditus
1269 464 1374 504 non
1429 457 1674 518 negatur.
1753 447 1904 503 Unde
1934 449 1979 509 Δ
2010 448 2174 502 Deum
2213 452 2295 503 vel
2326 460 2542 504 sanctos
2567 465 2681 518 ejus
2730 468 2948 507 suuccro
2972 455 3165 524 qurerit
3216 455 3434 522 intuitu,
3467 475 3576 514 non
3627 469 3672 530 ﬁt.

1096 559 1115 593 ι
1162 540 1351 595 Melior
1386 551 1468 595 est
1487 541 1648 594 homo
1695 540 1780 594 cui
1813 540 1901 594 dc-
1941 583 1944 586 .
2015 537 2212 595 indiget
2242 538 2665 595 nerearinaluce
2721 551 2779 593 ιιι
2822 558 3007 595 vei-am
3035 545 3336 595 consoiciat
3383 546 3578 595 lucem-
3625 543 3629 548 ⁷
3668 535 3673 544 ’

3482 349 3586 400 762

2015 537 2212 607 indiget
2242 538 2524 607 peregrina
2549 538 2665 592 luce.
2721 551 2779 593 ιιι
2822 558 3007 596 veram
3035 545 3336 614 conspiciant
3383 546 3578 602 lucem.
3625 543 3629 548 ⁷

2011 626 2126 698 ipsa
2157 626 2349 695 quipp:
2380 642 2504 680 vera
2534 628 2793 697 sapientia
2824 645 2881 684 se
2907 633 3271 699 quaerentibus
3290 637 3482 702 aperit,
3505 647 3579 698 et,

2013 716 2128 769 sine
2175 717 2490 771 adulterium
2529 716 2664 771 lucis
2714 718 2916 772 auxilio
2960 719 3254 775 inoccidua:
3298 738 3357 778 se
3404 722 3582 792 fulgor

2011 805 2263 859 ostendit.
2311 806 2457 860 Unde
2477 806 2734 876 scriptum
2760 817 2842 860 est
2873 826 2886 861 :
2920 825 2938 859 ‹
2971 807 3128 863 Clara
3156 822 3501 882 estsemper,
3528 826 3582 871 et

2011 909 2286 962 nunquam
2303 905 2593 950 marcescct
2614 897 2907 965 sapientia;
2932 907 2984 951 et
2999 897 3154 954 facile
3175 901 3390 957 videtur
3402 905 3470 959 ab
3491 905 3576 960 his

2012 986 2103 1054 qui
2127 986 2355 1055 diligunt
2382 986 2557 1052 illam;
2588 998 2642 1043 et
2668 989 2940 1044 invenitur
2968 990 3034 1046 ab
3059 991 3143 1046 his
3179 993 3272 1062 qui
3325 1007 3576 1065 qmerunt

2012 1077 2157 1132 illam
2187 1096 2200 1130 :
2239 1089 2578 1150 przeoccupat
2609 1095 2704 1135 eos
2732 1081 2902 1150 quise
2922 1083 3330 1152 concupiscunt,
3364 1095 3422 1139 ut
3463 1087 3572 1142 illis

2013 1182 2071 1222 se
2096 1169 2246 1238 prior
2273 1171 2521 1223 ostendat
2545 1169 2698 1242 (Sap.
2741 1174 2837 1241 vi).
2900 1191 2918 1226 ι
2972 1172 3122 1227 Illam
3184 1189 3314 1244 ergo
3371 1179 3578 1245 sapien-

2014 1259 2142 1342 tiam
2172 1275 2370 1329 quzere,
2419 1259 2562 1316 illam
2609 1262 2736 1317 totis
2765 1264 3066 1319 visceribus
3093 1266 3351 1320 ardenter
3375 1269 3578 1338 ample-

2012 1361 2261 1412 cterc,ex
2289 1367 2393 1421 qua
2418 1367 2522 1406 non
2552 1352 3580 1436 modovaleassapegggsedqetwvjvcm,

2011 1458 2074 1498 ac
2100 1458 2196 1513 per
2222 1459 2341 1498 eam
2370 1443 2485 1498 siue
2513 1443 2615 1497 fine
2640 1445 2959 1512 gaudere.ln
2989 1447 3096 1500 Deo
3119 1448 3302 1515 igitur,
3331 1449 3420 1517 qui
3445 1463 3574 1502 vera

2011 1541 2094 1586 est
2114 1532 2399 1602 sapientia,
2430 1533 2700 1600 qumrendi
2727 1542 2782 1588 et
2811 1534 3139 1604 intelligendi
3177 1535 3336 1590 tinem
3370 1537 3576 1590 consti-

2015 1631 2102 1678 tue
2135 1641 2148 1676 :
2182 1624 2323 1676 hunc
2347 1623 2596 1678 assiduus
2620 1624 2901 1688 meditare,
2951 1626 3002 1680 in
3036 1641 3099 1679 eo
3133 1626 3334 1693 jugiter
3363 1627 3577 1694 requie-

2013 1728 2124 1768 sce.
2146 1712 2243 1767 Cui
2284 1714 2493 1768 scilicet
2516 1713 2568 1767 in
2608 1715 2796 1768 eodem
2825 1714 3116 1784 Sapientiae
3160 1716 3295 1771 libro
3326 1716 3525 1769 dicitur
3555 1757 3567 1766 .

341 1821 635 1882 ponemus,
669 1813 772 1869 sed
807 1785 1058 1883 ηυδηίέπ,
1091 1824 1144 1869 ει
1175 1785 1277 1870 ηυξ
1310 1817 1552 1886 apprime
1599 1825 1757 1872 ηοιιιε
1797 1827 1904 1882 εει,
1937 1785 1981 1844 Β
2016 1822 2034 1854 ι
2069 1801 2237 1857 Nosse
2267 1803 2410 1858 enim
2439 1812 2510 1867 te,
2538 1813 2907 1858 consummata
2946 1805 3153 1874 justitia
3188 1811 3301 1868 est;
3333 1812 3387 1857 et
3437 1803 3577 1857 scire

341 1912 398 1959 et
439 1904 712 1974 opusculis
759 1907 958 1960 nostris
1002 1906 1312 1976 frequenter
1366 1909 1624 1972 insertus,
1679 1908 1906 1964 suﬂieiat

339 2011 507 2050 unum
533 1997 622 2050 hic
661 1999 885 2052 verbum
929 2014 1228 2069 proponere
1273 2001 1416 2070 quod
1472 2017 1642 2070 nuper
1674 2002 1741 2056 ab
1787 2001 1904 2070 ejus

337 2103 430 2143 ore
467 2088 618 2155 quasi
657 2087 986 2159 negligenter
1014 2091 1228 2156 cecidit,
1257 2092 1350 2146 sed
1381 2107 1410 2144 a
1453 2107 1538 2146 me
1568 2092 1905 2163 negligenter

338 2181 510 2235 audiri
538 2197 642 2236 non
666 2183 861 2252 potuit.
892 2182 1026 2237 Nam
1055 2199 1174 2238 cum
1210 2184 1353 2239 inter
1380 2193 1573 2239 caetera
1605 2184 1902 2254 spirituali-

337 2281 421 2328 ter
441 2273 651 2328 vivendi
673 2275 906 2344 capitula
928 2275 1156 2330 solerter
1185 2276 1513 2346 inquirerem
1546 2294 1560 2330 :
1595 2276 1784 2332 Utrum
1816 2277 1904 2332 ille

336 2371 459 2433 post
496 2362 725 2418 solutum
749 2373 1024 2420 nocturnae
1045 2365 1267 2435 synaxis
1315 2365 1546 2421 cilicium
1567 2375 1751 2436 posset
1777 2367 1904 2421 dor-

335 2455 470 2509 mire
518 2455 562 2509 si
603 2455 781 2521 vellet,
835 2457 937 2512 boc
973 2471 1034 2512 se
1076 2455 1315 2512 funditus
1361 2459 1570 2512 nescire
1599 2459 1895 2528 perhibuit.

335 2543 576 2616 Cumque
601 2544 832 2616 idipsum
882 2561 981 2620 ego
1035 2547 1231 2618 saepius
1283 2546 1557 2615 iterarem,
1599 2557 1652 2604 et
1691 2565 1757 2603 an
1811 2549 1902 2605 ille

334 2634 479 2689 circa
528 2635 818 2690 diluculum
863 2637 1122 2693 dormiret
1187 2639 1576 2708 perquirerem.
1624 2641 1904 2710 respondit

336 2725 424 2781 ille
475 2740 534 2782 se
584 2727 686 2784 hoc
733 2728 1058 2784 omnimodis
1107 2729 1397 2800 ignorare,
1449 2731 1574 2798 quia
1623 2745 1898 2802 nunquam

337 2815 554 2884 penitus
579 2828 838 2886 expertus
862 2828 1026 2874 esset.
1079 2819 1547 2889 Subjunxitetiam
1588 2835 1646 2876 se
1674 2822 1786 2877 suis
1814 2837 1902 2877 as-

335 2913 545 2959 suetum
577 2907 995 2978 cogitationibus
1029 2910 1356 2978 respondere
1384 2925 1402 2966 :
1428 2909 1757 2978 Accidietur,
1812 2912 1898 2966 in-

334 2996 475 3064 quit,
496 3010 609 3062 cor,
637 2996 895 3068 palpitcnt
930 2999 1094 3064 oculi,
1137 3013 1200 3055 os
1252 3014 1351 3069 per
1393 3001 1583 3055 crebra
1631 3002 1895 3057 balaustia

333 3085 556 3154 gannire
586 3103 688 3140 non
711 3097 906 3151 cesset,
951 3099 1110 3160 caput
1130 3091 1291 3145 etiam
1317 3100 1468 3145 nutet
1517 3092 1646 3148 etin
1673 3093 1776 3147 ima
1799 3093 1897 3149 de-
1924 3128 1969 3189 Ο

333 3185 551 3247 vergat;
579 3177 670 3234 scd
694 3177 819 3249 quia
846 3179 961 3235 haec
988 3180 1171 3235 omnia
1196 3194 1282 3236 me
1309 3183 1575 3250 perimere
1597 3192 1892 3252 nequeunt,

333 3267 400 3322 ad
428 3269 866 3324 consentiendum
893 3271 1054 3341 hujus
1085 3273 1342 3343 temporis
1361 3289 1550 3328 somno
1590 3275 1894 3332 nullatenus

333 3360 684 3429 superabunt.
714 3360 848 3415 Nam
886 3369 941 3416 et
969 3376 1070 3416 nos
1106 3377 1267 3432 super
1297 3363 1398 3419 hac
1423 3379 1481 3418 re
1503 3365 1788 3420 distichum
1811 3365 1892 3422 fe-

332 3461 598 3513 ceramus,
625 3449 764 3520 quod
792 3449 879 3504 hic
906 3451 1146 3507 inserere
1171 3452 1400 3508 otiosum
1425 3467 1545 3510 esse
1592 3471 1698 3512 non
1739 3442 1890 3513 duci-

336 3555 486 3593 ιιιιιεε

333 3629 496 3700 73o
531 3628 646 3688 Non
673 3645 931 3690 canonem
955 3632 1150 3701 solvit,
1179 3635 1269 3708 qui
1307 3635 1540 3708 psallens
1585 3647 1742 3693 nocte
1805 3655 1892 3695 re-

1537 3729 1557 3803 [
1586 3731 1783 3789 dormit
1802 3749 1818 3785 :

331 3809 409 3866 Ne
439 3821 618 3870 tamen
653 3814 755 3871 hoc
797 3817 996 3885 passim
1033 3827 1199 3888 ponat
1246 3828 1408 3890 caput
1454 3830 1579 3877 ante
1619 3824 1885 3892 synaxim.

331 3901 439 3956 Sed
479 3902 583 3958 heu
628 3918 714 3959 me
759 3905 1047 3962 miserum!
1092 3907 1194 3963 hoc
1235 3908 1378 3963 inter
1414 3924 1502 3964 me
1539 3919 1595 3964 et
1633 3912 1888 3967 domuum

330 3990 593 4058 Leonem,
632 3996 774 4063 quod
822 3996 962 4050 inter
991 3997 1336 4052 fortissimum
1367 3982 1536 4054 David
1573 4009 1628 4054 et
1658 4002 1884 4056 delirum

329 4083 510 4135 evenit
537 4083 877 4140 histrionem.
903 4085 994 4140 llle
1032 4087 1294 4156 siquidem
1317 4087 1521 4143 viribus
1547 4087 1702 4143 fortia
1740 4090 1884 4145 fece-

327 4176 434 4232 rat,
462 4168 562 4223 iste
589 4169 701 4224 sola
729 4185 858 4226 voce
884 4171 1224 4241 triumphalia
1262 4171 1378 4242 ejus
1421 4181 1568 4241 gesta
1608 4173 1881 4229 decantat.

325 4254 418 4311 ille
449 4257 702 4313 nimirum
748 4274 809 4315 se
832 4259 942 4316 Deo
967 4261 1114 4317 novit
1139 4274 1236 4331 per
1264 4262 1436 4315 somni
1474 4271 1714 4318 mactare
1756 4279 1886 4318 con-

326 4346 564 4413 dictum;
612 4364 713 4405 nos
762 4350 1055 4406 versiculos
1102 4351 1328 4406 facimus
1368 4351 1436 4405 ad
1478 4351 1881 4408 similitudinem

322 4454 632 4508 puerorum.
657 4441 726 4495 Et
748 4441 935 4512 quale,
967 4457 1177 4512 quasso,
1204 4449 1286 4498 est
1310 4440 1524 4498 eﬂ‘etum
1573 4443 1779 4499 viribus
1819 4459 1882 4499 ac
1910 4482 1960 4542 Β

324 4529 624 4584 tenuissimi
655 4531 899 4601 corporis
940 4532 1213 4588 hominem
1243 4530 1355 4600 jam
1401 4547 1500 4602 per
1540 4533 1878 4604 septuaginta

320 4616 437 4672 fere
461 4633 629 4675 annos
677 4620 729 4675 in
775 4622 1074 4678 monastieo
1095 4622 1278 4678 habitu
1317 4622 1543 4693 degere,
1593 4632 1648 4679 et
1704 4624 1881 4680 adhuc

319 4716 502 4762 utrum
533 4708 742 4765 diurna:
767 4710 906 4766 lucis
931 4721 1247 4783 erumpente
1281 4712 1597 4783 crepusculo
1642 4713 1880 4770 dormire

316 4794 517 4861 valeat,
543 4798 829 4868 ignorare?
848 4799 1141 4870 Hicitaque
1161 4801 1417 4872 prudens,
1444 4801 1532 4857 hic
1549 4816 1678 4857 vere
1699 4801 1881 4858 dicen-

317 4885 418 4942 dus
445 4897 528 4944 est
565 4891 804 4960 sapiens,
833 4892 948 4960 qui,
973 4893 1103 4947 dum
1119 4892 1375 4949 mundum
1401 4892 1638 4950 calcibus
1671 4893 1878 4964 abjicit,

316 4976 491 5048 ipsum
527 4980 711 5036 mundi
746 4980 1045 5051 principem
1075 4983 1502 5054 philosophando
1539 4983 1766 5040 deludit.

879 5073 1105 5130 CAPUT
1168 5075 1300 5130 Vlll.

316 5155 471 5222 Quod
501 5161 570 5214 nd
597 5159 763 5215 Deum
827 5165 1124 5286 accede?!"
1160 5165 1402 5286 immanis
1444 5165 1732 5237 disciplinis
1777 5183 1879 5222 non

950 5251 1002 5286 ιη
1044 5251 1155 5286 men
1184 5273 1200 5286 .

950 5244 1200 5303 indigent.

382 5338 668 5409 Quocirca,
709 5343 1027 5402 dilectisime
1049 5344 1142 5410 fili,
1197 5344 1303 5401 noli
1332 5345 1633 5416 huiusmodi
1665 5347 1879 5416 sapien-

314 5427 442 5482 tiam
490 5446 765 5500 quaarerc,
825 5447 944 5502 qua:
995 5432 1089 5487 tibi
1143 5433 1302 5487 simul
1360 5447 1480 5488 cum
1539 5435 1784 5503 rcprobis
1827 5445 1882 5489 et

312 5517 601 5586 gentilibus
627 5521 802 5575 valeat
830 5521 1140 5576 convenire.
1173 5520 1308 5589 Quis
1352 5522 1496 5577 enim
1520 5523 1771 5577 accendit
1799 5523 1878 5578 lu-

311 5619 564 5673 cernam,
602 5616 661 5664 ut
698 5610 876 5666 videat
907 5611 1109 5668 solem?
1148 5612 1269 5682 quis
1325 5612 1627 5668 scolacibus
1682 5613 1852 5668 utitur

312 5702 372 5748 ut
396 5696 667 5754 stellarum
711 5700 1036 5756 micantium
1083 5703 1259 5758 videat
1295 5702 1741 5759 claritatenﬁlta
1779 5704 1871 5771 qui

2001 1892 2267 1961 justitiam
2297 1900 2352 1946 et
2386 1894 2641 1948 virtutem
2679 1903 2857 1960 tuam,
2889 1896 3040 1948 radix
3077 1905 3161 1949 est
3195 1894 3574 1948 immortalita-

2010 1987 2075 2041 tis
2097 1986 2246 2058 (Sap.
2274 1984 2416 2056 xm).
2454 2004 2472 2036 ι
2500 1984 2555 2038 1η
2583 1983 2672 2038 illo
2698 1984 2859 2054 igitur
2891 1984 3059 2054 delige
3097 1993 3264 2038 totum
3297 1968 3399 2036 ture
3422 1999 3574 2036 men-

2007 2080 2075 2134 tis
2103 2080 2372 2140 ohtutum,
2406 2079 2473 2133 ab
2519 2076 2612 2130 illo
2643 2075 2919 2145 sapientia:
2950 2075 3094 2130 fonte
3130 2091 3281 2130 sume
3317 2075 3572 2130 sitibundi

2004 2169 2234 2240 pectoris
2261 2170 2532 2234 haustum,
2558 2179 2616 2222 ut
2643 2169 2695 2221 in
2734 2167 3031 2221 visceribus
3071 2167 3176 2220 tuis
3220 2167 3361 2220 illius
3389 2166 3570 2221 vitalis

2003 2261 2181 2330 poculi
2217 2261 2401 2330 vigore
2426 2269 2708 2329 concepto,
2740 2267 2792 2312 et
2819 2258 2932 2326 ipse
2962 2257 3200 2312 caelestis
3237 2257 3423 2328 gratia:
3455 2272 3570 2310 ma-

2002 2347 2350 2417 dorcjugiter
2373 2349 2570 2413 vireas,
2605 2358 2659 2402 et
2693 2347 2744 2402 in
2769 2347 2904 2402 alios
2937 2346 3256 2402 distillantia
3282 2345 3450 2401 fontis
3491 2347 3566 2400 ir-

2004 2439 2139 2509 rigui
2163 2439 2364 2494 ﬂuenta
2402 2437 2766 2492 transfundas.
2808 2437 2874 2492 Et
2900 2452 3082 2507 qnzeso
3121 2445 3180 2491 ut
3223 2437 3326 2490 hoc
3366 2451 3462 2506 per
3517 2443 3571 2490 te

2001 2526 2320 2598 quandoque
2343 2527 2486 2583 Deus
2513 2527 2858 2595 omnipotens
2903 2526 3155 2582 exhibeat
3178 2525 3439 2580 fratribus
3470 2525 3576 2580 tuis

2001 2616 2141 2688 quod
2159 2632 2252 2686 per
2277 2616 2470 2672 Isaiam
2499 2615 2748 2686 promisit
2772 2617 3097 2686 pauperibus
3115 2616 3228 2670 suis
3268 2632 3282 2668 :
3319 2633 3339 2666 ι
3377 2614 3570 2683 Egeni.

2000 2708 2196 2779 inquit,
2232 2716 2286 2761 et
2312 2721 2576 2778 pauperes
2605 2715 3060 2776 qumruntaquas,
3083 2715 3264 2761 etnon
3292 2714 3416 2760 sunt
3435 2721 3451 2770 ;
3471 2704 3573 2758 lin-

1999 2815 2102 2869 gua
2124 2813 2311 2854 eorum
2349 2797 2440 2852 siti
2470 2797 2631 2851 aruit.
2683 2796 2795 2866 Ego
2843 2796 3102 2853 Dominus
3122 2796 3407 2851 exaudiam
3449 2809 3566 2857 eos,

1998 2889 2139 2944 Deus
2161 2887 2325 2943 lsrael
2348 2901 2459 2943 non
2483 2886 2852 2956 derelinquam
2890 2903 2983 2942 eos
3005 2887 3140 2958 (Ira.
3199 2888 3331 2956 xu).
3388 2904 3407 2938 ι
3463 2883 3564 2940 libi

1997 2995 2120 3035 mox
2145 2979 2394 3049 sequitur
2422 2995 2435 3031 :
2475 2995 2493 3029 ι
2525 2977 2846 3046 Aperiamin
2862 2975 3564 3048 supiniscollihusllumina,

1998 3070 2127 3126 etin
2156 3068 2331 3124 medio
2349 3082 2660 3138 camporum
2697 3068 2909 3134 fontes;
2955 3084 3154 3137 ponam
3198 3069 3472 3122 desertum
3511 3067 3566 3121 in

2001 3169 2244 3232 stagnum
2267 3174 2549 3230 aquarum,
2580 3168 2636 3214 et
2661 3169 2861 3216 terram
2885 3160 3082 3216 inviam
3120 3161 3173 3216 in
3201 3160 3346 3216 rivos
3399 3175 3569 3230 aqua-

1999 3268 2116 3307 rum
2141 3251 2348 3323 (Ibid.).
2379 3271 2398 3305 ι

1985 3367 1997 3387 ι
2073 3344 2338 3412 Quoniam
2370 3345 2550 3415 igitur,
2575 3343 2647 3398 fili
2679 3343 3019 3409 charissime,
3049 3342 3390 3412 temetipsum
3424 3341 3568 3397 velut

1987 3449 2195 3508 agnum
2235 3434 2584 3489 tenerrimum
2607 3433 2872 3498 obtulisti,
2895 3443 2949 3488 et
2983 3433 3085 3488 hoc
3115 3433 3385 3487 daemones
3402 3432 3561 3504 731

1995 3537 2093 3592 per
2129 3537 2253 3578 aera
2287 3521 2578 3578 volitantes
2604 3523 2903 3588 incursant,
2949 3534 3008 3577 ut
3061 3521 3146 3576 vel
3196 3536 3262 3577 ex
3309 3523 3560 3577 manibus

1996 3613 2103 3668 tuis
2140 3611 2315 3666 oblata
2337 3612 2614 3682 diripiant,
2655 3613 2738 3667 vel
2779 3611 2973 3681 injecta
3000 3629 3181 3683 prava:
3217 3613 3558 3683 cogitationis

1996 3702 2251 3760 illuvioue
2281 3709 2666 3773 corrumpant;
2697 3712 2750 3757 ιιι
2779 3719 2900 3759 cum
2925 3702 3196 3757 Abraham
3222 3702 3566 3756 imminentes

1997 3794 2064 3848 ad
2112 3794 2368 3864 impetum
2401 3793 2648 3848 volucres
2669 3794 2846 3864 abige,
2883 3802 2942 3847 ut
2989 3793 3364 3848 holocaustum
3412 3802 3561 3847 tmnn

1994 3884 2400 3940 immaculatum
2449 3893 2503 3938 et
2539 3885 2804 3956 integrum
2851 3883 3033 3940 valeas
3088 3883 3359 3938 custodire
3400 3881 3560 3954 (Gen.

1993 3973 2092 4043 ιι).
2141 3973 2220 4027 Ex
2249 3987 2438 4028 eorum
2465 3973 2661 4042 quippe
2690 3975 2941 4042 pharetra
2991 3972 3178 4042 procul
3220 3971 3383 4026 dubio
3425 3971 3565 4025 ιοιί-

1993 4070 2116 4117 cata
2165 4063 2505 4131 cogitationis
2526 4063 2684 4131 hujus
2709 4063 2905 4132 sagitta
2931 4061 3288 4130 depromitur,
3317 4071 3376 4114 ut
3411 4060 3559 4115 litte-

1993 4168 2176 4208 rarum
2208 4153 2382 4208 studia
2409 4154 2810 4207 remanentihus
2856 4154 2908 4206 in
2957 4151 3155 4206 saeculo
3198 4151 3393 4206 emeris
3445 4150 3550 4205 tuis

1990 4242 2265 4309 invideas,
2292 4251 2346 4296 et
2375 4243 2426 4296 in
2457 4243 2558 4297 hoc
2584 4258 2677 4296 eos
2707 4252 2891 4296 cautos
2929 4257 2993 4296 ac
3020 4242 3293 4311 providos,
3344 4252 3395 4295 te
3426 4257 3555 4296 vero

1991 4333 2272 4403 deceptum
2303 4341 2356 4388 et
2382 4333 2586 4386 fatuum
2617 4333 2832 4397 credas,
2879 4339 3085 4401 utpote,
3114 4333 3156 4385 si
3186 4332 3286 4386 hoc
3334 4340 3389 4385 et
3441 4331 3558 4400 ipse

1990 4424 2234 4490 fecisses,
2297 4425 2446 4495 quasi
2499 4425 2788 4494 gratiorem
2840 4433 2964 4477 tunc
3012 4423 3242 4476 hostiam
3294 4422 3404 4476 Deo
3453 4431 3559 4475 tua:

1985 4515 2354 4572 conversionis
2381 4513 2642 4569 offerres:
2673 4515 2767 4569 sed
2796 4514 2896 4570 hoc
2928 4521 3100 4569 totum
3147 4513 3257 4568 Deo
3291 4514 3557 4570 veraciter

1984 4604 2223 4661 obtulisti
2251 4603 2532 4674 quidquid,
2559 4602 2626 4658 ad
2657 4601 2933 4658 meliorem
2981 4617 3044 4657 ac
3074 4613 3378 4657 manentem
3421 4603 3552 4658 sub-

1983 4697 2237 4753 stantiam
2269 4711 2583 4766 properans,
2612 4711 2711 4767 pro
2731 4711 2914 4751 amore
2944 4695 3088 4751 illius
3115 4696 3397 4766 acquirere
3421 4709 3553 4750 con-

1983 4786 2268 4857 tempsisti.
2317 4785 2506 4840 Melius
2532 4793 2618 4840 est
2666 4795 2845 4840 autem
2891 4794 3060 4840 totum
3113 4785 3272 4840 simul
3330 4781 3550 4849 offerre,

1983 4893 2144 4948 quam
2166 4876 2563 4948 particulariter
2591 4875 2927 4945 dispensare.
2975 4873 3128 4929 Sicut
3171 4875 3314 4929 enim
3358 4873 3551 4929 melius

1979 4977 2066 5024 est
2100 4984 2253 5023 ovem
2294 4967 2424 5022 dare
2471 4982 2632 5036 quam
2677 4968 2882 5021 fructus
2931 4965 3081 5031 ovis,
3122 4966 3196 5020 ita
3227 4964 3550 5020 laudabilius

1980 5066 2064 5113 est
2089 5067 2252 5112 totam
2282 5066 2454 5112 artem
2491 5057 2600 5111 Deo
2649 5054 2807 5111 simul
2859 5055 3073 5118 otl'erre,
3127 5069 3290 5124 quam
3343 5053 3552 5110 fructus

1983 5148 2134 5203 artis.
2182 5147 2424 5202 Julianus
2447 5146 2627 5201 Caesar
2664 5135 2719 5200 et
2764 5145 3000 5201 Donatus
3030 5151 3238 5215 martyr
3275 5159 3382 5199 uno
3413 5152 3550 5198 tem-

1968 5245 2116 5310 pore
2138 5239 2458 5293 didicerunt.
2487 5237 2552 5291 Et
2568 5236 2657 5292 ille
2675 5235 2888 5307 quidem
2919 5233 3217 5306 permansit
3248 5234 3301 5289 in
3337 5234 3549 5299 studiis,

1984 5331 2073 5387 hic
2102 5340 2317 5386 secutus
2342 5337 2427 5385 est
2465 5328 2689 5398 vestigia
2719 5327 2982 5383 veritatis.
3010 5325 3114 5383 Sed
3146 5326 3234 5381 ille
3255 5327 3307 5382 in
3337 5327 3552 5397 sapien-

1985 5423 2058 5477 tia
2089 5438 2184 5476 sua
2221 5430 2327 5476 tam
2373 5419 2602 5475 feliciter
2629 5417 2827 5485 ﬂoruit,
2877 5426 2937 5473 ut
2987 5427 3112 5476 octo
3158 5416 3326 5474 libros
3360 5424 3547 5473 contra

1980 5515 2228 5571 Galilaeos
2261 5515 2361 5587 (sic
2404 5514 2546 5569 enim
2570 5512 2906 5568 Christianos
2950 5512 3032 5567 vel
3063 5511 3336 5583 apostolos
3365 5510 3550 5580 vocat)

1979 5616 2034 5664 et
2084 5608 2430 5679 Evangelium
2485 5606 2776 5672 scriberet;
2805 5604 3050 5661 Donatus
3079 5613 3257 5660 autem
3289 5602 3545 5672 desipuit.

1979 5709 2038 5756 ut
2068 5699 2287 5755 caeleste
2317 5699 2588 5768 fastigium
2614 5713 2736 5755 cum
2785 5695 3395 5778 triumphalismartyrii
3434 5693 3549 5766 glo-

3617 1389 3680 1426 /

3587 1969 3630 1996 ἢ

3615 2468 3645 2488 κ

3623 2491 3658 2506 σε
