4142 5396
1467 132 1481 170 /

586 344 690 409 705

1044 353 1103 410 S.
1130 351 1330 409 PETRI
1362 348 1642 407 DAMIANI
1675 349 1824 406 OPP.
1865 346 2100 407 TOMUS
2139 347 2269 404 SEU
2301 349 2480 406 PARS
2518 348 2605 404 ill.
2637 379 2704 390 -—
2727 348 3091 408 OPL'SCULA
3125 350 3352 408 VARIA.

3723 354 3827 413 τοι

590 485 667 522 ria
690 473 1018 538 penetraret.
1047 461 1283 519 Joannes
1343 463 1674 533 evangelista
1717 466 1857 530 apud
1899 458 2154 515 saeculum
2188 468 2231 526 Α
2260 472 2378 513 eam
2410 461 2607 528 legere,
2630 463 2770 528 quod
2796 458 2963 514 Deum
2995 476 3213 531 negare.
3254 464 3310 517 Si
3358 446 3488 533 ergo
3517 464 3560 518 is
3593 465 3684 533 qui
3713 475 3825 521 ter-

588 575 722 632 pene
743 557 1015 612 nildidicit
1032 597 1047 621 ,
1070 555 1180 620 sed,
1206 556 1403 624 spretis
1426 563 1701 609 oratorqu
1729 552 2161 606 dialecticorum-

585 667 687 719 que
706 649 980 713 versutiis,
1010 647 1076 701 ad
1104 647 1402 717 simplicem
1426 645 1552 700 JCstt
1582 645 1864 699 stultitiam
1896 641 2154 712 puerulus

582 737 975 808 commigravit.
999 736 1097 791 Hic
1131 745 1307 789 tamen
1336 736 1461 789 dum
1498 750 1595 803 per
1638 733 1760 787 libri
1814 732 1895 785 sui
1951 729 2154 799 princi-

584 828 726 897 pium
756 843 979 882 summa:
1022 827 1158 881 lucis
1208 825 1522 898 mysterium
1557 822 1872 877 terribiliter
1926 821 2154 883 intonat,

583 918 724 971 illico
745 918 1180 989 philosophorum
1196 930 1337 972 caeca
1366 915 1637 970 subtilitas
1659 913 1711 968 in
1738 913 2021 967 tenebrosa
2044 919 2157 967 stu-

580 1008 790 1063 diorum
812 1025 1030 1065 suorum
1072 1009 1437 1079 profunditate
1471 1008 1685 1076 caligit.
1717 1006 1987 1061 Prreterea
2027 1006 2157 1060 bea-

582 1107 667 1153 tus
691 1114 827 1169 papa
861 1097 1157 1168 Gregorius
1206 1098 1343 1153 artis
1394 1097 1763 1169 grammaticae
1812 1095 2153 1166 disciplinam

578 1198 803 1245 eatenus
832 1191 884 1244 in
915 1192 1026 1246 suis
1055 1191 1216 1262 732
1247 1188 1429 1245 laudat
1458 1190 1719 1261 epistolis,
1764 1197 1823 1243 ut
1857 1204 1973 1242 eam
2027 1205 2156 1243 con-

579 1277 773 1348 gruere
798 1281 1028 1350 deneget
1050 1280 1375 1336 Christianis
1403 1280 1594 1350 (Gneo.
1619 1279 1760 1335 MAG.
1800 1276 1929 1348 Reg.
1958 1277 2051 1331 lib.
2074 1295 2153 1342 ts,

577 1371 735 1440 epist.
759 1371 872 1444 45).
904 1372 1268 1446 Hieronymus
1292 1374 1358 1428 ad
1408 1373 1694 1428 tribunalia
1719 1376 1995 1428 trememla
2032 1389 2154 1445 per-

578 1459 831 1525 trahitur,
856 1460 1039 1533 flagris
1076 1462 1436 1517 atrocioribus
1465 1462 1784 1517 verberatur
1819 1480 1831 1516 :
1858 1462 1943 1516 cui
1971 1469 2148 1517 tamen

578 1563 684 1602 non
731 1548 874 1605 aliud
921 1566 1083 1621 quam
1138 1551 1475 1608 Ciceroniani
1524 1552 1758 1608 nominis
1803 1552 2145 1607 crimen'im-

577 1641 830 1710 pingitur.
856 1642 1147 1697 Devotatur
1175 1643 1263 1698 ille
1296 1643 1397 1699 hac
1444 1659 1501 1699 se
1527 1659 1751 1713 prorsus
1797 1643 2001 1699 ultione
2037 1644 2151 1713 ple-

574 1732 825 1787 ctendum
856 1735 902 1789 si
955 1735 1240 1791 seculares
1264 1736 1430 1792 libros
1457 1737 1685 1793 ulterius
1736 1737 1958 1809 legeret,
2007 1753 2072 1792 ac
2100 1737 2144 1792 si

2261 558 2446 609 renum
2481 547 2607 603 illud
2627 548 2819 619 dogma
2869 550 3151 615 didicerat,
3195 552 3262 606 ab
3308 551 3425 621 ejus
3462 557 3824 622 compescitur

2257 653 2386 703 usu;
2417 648 2620 707 quanto
2649 641 2818 711 magis
2841 643 2930 710 qui
2956 643 3182 698 necdum
3207 654 3461 714 expertus
3489 653 3592 712 est,
3618 646 3686 702 ab
3705 648 3823 717 ejus

2258 732 2575 800 prohibetur
2632 734 2892 787 accessu?
2942 732 2997 789 Si
3062 735 3152 790 ille
3209 738 3492 793 cohibetur
3552 753 3582 793 a
3653 741 3818 806 notis,

2255 831 2457 891 quanto
2483 824 2693 879 caulius
2716 826 2819 880 iste
2840 826 3213 894 reprimendus
3233 838 3316 885 est
3337 846 3366 884 a
3392 831 3680 888 discendis.
3697 834 3818 890 Dis-

2255 912 2493 978 cumbis,
2533 915 2722 983 frater,
2753 918 2819 971 ad
2852 932 3091 998 mensam
3124 921 3247 985 Dei,
3281 922 3546 980 snliiciant
3587 925 3681 980 tibi
3725 928 3821 983 da-

2254 1019 2348 1073 pes
2376 1004 2609 1061 cmlestis
2630 1006 2848 1078 eloquii.
2878 1008 3063 1080 Ahjice
3085 1010 3448 1087 lolium,.quod
3474 1015 3527 1070 in
3546 1017 3819 1072 vesaniam

2253 1098 2645 1152 comedentiuzu
2670 1109 2879 1155 mentes
2913 1102 3175 1165 inebriat;
3211 1106 3422 1175 suscipe
3466 1105 3816 1173 frumentum,

2251 1189 2392 1256 quod
2443 1189 2799 1244 esurientium
2844 1192 3052 1245 animas
3090 1193 3265 1249 sobria
3293 1197 3590 1254 refectione
3621 1198 3819 1255 contir-

2252 1288 2382 1330 mat.
2410 1277 2519 1331 Nec
2542 1279 2722 1333 fauces
2764 1281 3106 1335 anitnae’ture
3133 1284 3311 1339 vitalis
3357 1300 3496 1341 esca:
3538 1286 3822 1343 fastidiant

2251 1368 2588 1433 alimentum,
2652 1370 2745 1424 sed
2777 1371 2965 1440 procul
2996 1371 3252 1440 abjiciant
3297 1374 3549 1433 falsitatis
3590 1379 3821 1448 ineptias

2249 1467 2304 1513 et
2326 1458 2613 1529 quisquilia
2668 1464 2987 1515 vanitatum.
3030 1462 3380 1534 Omnipotens
3409 1465 3570 1533 Deus,
3611 1468 3817 1523 dulcis-

2249 1549 2383 1605 sime
2412 1550 2507 1613 ﬁli,
2542 1552 2787 1605 doctrina
2820 1559 2872 1606 te
2899 1567 3009 1607 suae
3036 1553 3169 1623 legis
3190 1554 3421 1619 erudiat,
3452 1565 3512 1609 nt
3544 1571 3639 1611 cor
3666 1565 3819 1611 tuum

2245 1656 2388 1695 vera:
2409 1642 2685 1711 sapientiae
2716 1642 2833 1698 luce
2879 1644 3198 1714 perfundat;
3242 1653 3295 1699 te
3324 1647 3389 1700 de
3419 1646 3663 1702 manibus
3708 1650 3840 1704 tuis.

2246 1738 2478 1791 viventis
2503 1738 2693 1792 hostiae
2714 1737 2970 1807 suscipiat
2997 1736 3393 1804 holocaustum,
3418 1748 3472 1794 et
3499 1741 3567 1796 ad
3599 1740 3833 1811 spirita-

572 1822 849 1878 Christum
877 1840 973 1895 per
994 1827 1305 1896 apostatica:
1331 1828 1567 1898 perﬁdiae
1597 1828 1939 1897 sacrilegium
1981 1828 2145 1883 dene-
2175 1836 2220 1895 Β
2248 1830 2376 1884 lium
2398 1832 2658 1902 provehat
2679 1831 3008 1887 incrementa
3023 1833 3314 1899 virtutum;
3345 1843 3397 1889 te
3425 1850 3638 1905 semper
3668 1836 3723 1891 in
3757 1851 3822 1892 se

574 1920 744 1981 garet.
769 1912 1058 1969 Dicebatur
1081 1916 1224 1970 enim
1254 1915 1329 1970 illi
1364 1934 1377 1970 :
1410 1934 1428 1968 ι
1489 1916 1878 1972 Ciceronianus
1902 1931 1986 1982 es,
2034 1934 2142 1973 non

571 2003 930 2059 Christianus.
969 2023 988 2058 ι
1016 2005 1082 2060 Ει
1112 2007 1199 2063 ille
1232 2025 1244 2060 :
1280 2026 1298 2059 ι
1334 2007 1390 2062 Si
1433 2010 1740 2073 Saeculares,
1770 2009 1965 2079 inquit,
1991 2009 2147 2064 codi-

569 2107 662 2146 ces
698 2094 925 2149 ulterius
978 2096 1179 2166 legero,
1236 2107 1285 2152 te
1333 2100 1522 2169 negavi
1556 2099 1815 2171 (llu-znoa.
1870 2101 2021 2169 epist.
2075 2097 2147 2152 22

568 2183 633 2239 de
668 2186 904 2238 custodia
937 2187 1170 2257 virgin.).
1207 2209 1226 2241 ι
1257 2188 1489 2245 Honesta
1521 2192 1653 2244 satis
1675 2201 1727 2245 et
1756 2191 1902 2245 utilis
1923 2191 2138 2260 sapien-

572 2271 642 2329 tia
669 2275 682 2328 !
718 2274 988 2343 nimirum,
1021 2293 1140 2347 qua:
1169 2294 1289 2334 cum
1314 2278 1515 2335 Christi
1540 2283 1821 2352 negatione
1836 2282 2137 2346 confertur,

567 2380 687 2436 quae
707 2365 977 2423 hatreticae
1001 2369 1237 2440 perﬁdia:
1260 2381 1635 2442 comparatur;
1686 2381 1745 2427 ut
1785 2374 1925 2428 idem
1965 2372 2143 2427 valeat

2248 1937 2471 1978 manere
2499 1924 2781 1989 concedat,
2812 1931 2867 1979 et
2895 1924 3121 1978 invicem
3150 1926 3264 1995 ipse
3292 1926 3343 1979 in
3377 1927 3481 1981 tuis
3515 1928 3819 1984 visceribus

2249 2014 2641 2069 delectabiliter
2668 2016 2990 2085 requiescat,
3016 2025 3093 2080 ut,
3123 2017 3260 2072 sicut
3280 2025 3361 2072 est
3387 2018 3502 2087 ipse
3525 2014 3820 2088 pollicitus,

2249 2117 2505 2178 tanquam
2530 2109 2736 2179 palmes
2787 2110 2837 2164 in
2883 2110 3012 2176 vite,
3043 2125 3317 2181 nunquam
3351 2111 3565 2167 desinas
3591 2113 3663 2182 pii
3692 2130 3828 2186 ope-

2249 2200 2326 2255 ris
2351 2201 2591 2270 germina
2613 2200 2893 2271 pullulare.
2926 2202 3121 2256 Amen.

2577 2331 2656 2389 Sit
2685 2349 2868 2389 nomen
2905 2333 3119 2390 Domini
3153 2335 3499 2394 benedicmnt.

575 2561 3807 2588 Mm

690 2682 1048 2811 733'”?
1078 2699 1856 2808 OPUSCULUM
1917 2694 3053 2845 QUADBAGESIMUM
3100 2702 3675 2808 SEXTUM.

1319 2912 1426 2974 DE
1469 2912 1838 2976 FERENDA
1884 2908 2464 2982 .EQUANIMITER
2509 2909 3089 2974 CORREPTIONE.

557 3232 949 3288 Aaccusxruu.
978 3254 1046 3264 —-
1074 3215 1432 3286 Ariprandum
1467 3213 1693 3288 tironem
1730 3210 1787 3288 ip
1830 3208 2017 3288 militia
2067 3205 2330 3288 spirituali
2361 3203 2560 3288 _laudat
2581 3202 2768 3288 “quod
2797 3201 3215 3288 adolesecns_ad
3246 3218 3510 3288 cremant
3538 3217 3595 3288 se
3622 3213 3818 3259 contu-

630 3270 1299 3364 i‘ei‘iutint'uvoiietqueillum
1351 3294 1411 3337 ut
1455 3283 1699 3352 exemplo
1728 3270 1931 3334 Christi
1982 3270 2187 3360 Domini
2223 3275 2526 3357 regularem
2562 3270 2898 3364 disciplinam
2948 3289 3054 3325 non
3092 3270 3361 3364 Ideserat;I
3397 3275 3620 3364 proinde
3660 3290 3819 3364 aequo

628 3372 809 3426 animo

1024 3344 1144 3416 ita"
1186 3358 1343 3411 modo
1398 3344 1669 3407 senioru'm
1710 3364 1897 3401 vermu
1930 3350 2091 3419 etiam
2122 3347 2394 3414 juniorqu
2440 3345 2999 3419 correptiones-qum
3036 3344 3103 3395 ad
3148 3344 3313 3419 animi
3342 3344 3495 3419 labes
3522 3345 3821 3401 abluendas

1098 3413 1403 3503 profectum
1442 3423 1657 3490 plurimi
1699 3419 1905 3503 faciunt
1938 3437 1948 3469 :
1984 3413 2148 3503 multa
2190 3433 2253 3471 ex
2286 3417 2573 3503 occasione
2597 3413 2724 3467 dicit
2764 3415 2829 3467 de
2855 3414 2994 3466 bono
3028 3413 3405 3480 correptionis,
3437 3423 3492 3467 et
3521 3429 3641 3480 cur,
3663 3424 3717 3469 et
3746 3433 3816 3469 an

974 3488 1192 3557 sanctus
1221 3496 1417 3552 Paulus
1442 3488 1687 3546 Sanctum
1718 3488 1936 3543 Petrum
1967 3488 2349 3557 obiurgaverit.

626 3645 938 3698 AMPIUNDO
969 3633 1120 3689 fratri
1147 3627 1466 3687 charissimo
1495 3624 1709 3678 PETRUS
1732 3630 1984 3691 peccator
2015 3633 2130 3673 mo-
2161 3620 2206 3682 (ἶ
2238 3630 2339 3670 nec
2380 3612 2698 3682 dedignatus
2741 3618 2824 3665 est
2875 3618 3144 3664 terrenam
3178 3614 3813 3698 servareuconsuetudio

557 3736 765 3791 naclms
792 3739 1031 3801 paternae
1059 3722 1360 3780 dilectionis
1388 3716 1658 3771 atl‘eetum.

630 3814 1225 3896 Exigis,dilectissime
1257 3811 1364 3874 fili,
1393 3817 1451 3862 ιιι
1480 3806 1575 3861 tibi
1626 3802 1833 3896 aliquid
1874 3800 2130 3896 scribam,

555 3925 611 3969 et
637 3893 754 3986 qui,
793 3925 879 3966 me
907 3909 1168 3980 dictante,
1215 3902 1522 3970 frequenter
1565 3897 1686 3950 aliis
1733 3893 2034 3986 scriptitas,
2075 3899 2135 3986 ut

557 3983 673 4061 Iihi—
702 4015 915 4074 quoqpe
962 3996 1161 4067 aliquid
1214 3993 1482 4049 scribatur
1519 3987 1793 4056 imploras.
1834 3984 1941 4039 Sed
1990 3983 2133 4038 unde

553 4094 805 4166 scriptori
855 4087 1239 4159 congruentius
1282 4082 1536 4152 incipiam
1592 4075 1855 4139 scribere,
1894 4089 2054 4144 quatn
2100 4088 2131 4127 a

553 4186 821 4245 scribendi
870 4184 1040 4255 ipsius
1080 4181 1301 4252 mystica
1352 4170 1648 4246 dignitate?
1693 4169 1748 4223 lu
1808 4177 1860 4222 te
1903 4166 2128 4237 quippe,

551 4282 642 4352 qui
684 4278 900 4343 scribis,
933 4285 1042 4330 tres
1068 4281 1195 4328 sunt
1222 4267 1393 4340 digiti,
1425 4277 1478 4321 et
1506 4280 1610 4319 ttna
1637 4276 1857 4325 manus;
1887 4260 1970 4314 cui
2001 4272 2132 4314 vero

552 4348 764 4431 scribis,
799 4376 911 4420 tres
936 4372 1065 4418 sunt
1088 4373 1349 4432 personze,
1378 4366 1431 4411 et
1455 4370 1594 4409 unus
1621 4351 1778 4406 Deus.
1803 4348 1937 4405 Cum
1970 4348 2132 4418 igitur

551 4476 617 4514 ex
650 4458 880 4513 diversis
914 4454 1154 4524 apicibus
1188 4450 1498 4506 continumn
1528 4439 1697 4499 'ducis
1724 4440 2034 4503 articulum,
2063 4439 2129 4492 ad

554 4549 703 4603 illum
749 4559 965 4615 semper
994 4557 1160 4595 unum
1200 4548 1289 4592 ttta
1321 4537 1585 4604 dirigatur
1616 4532 1862 4593 intentio,
1894 4526 2045 4595 cujus
2075 4526 2128 4581 in

553 4638 838 4709 temetipso
867 4650 963 4707 per
995 4630 1281 4702 quamdam
1313 4625 1716 4682 similitudinem
1752 4619 2019 4690 conspicis
2045 4634 2131 4672 sa-

551 4735 908 4786 cramentum.
937 4723 1007 4780 Et
1034 4720 1180 4792 quia,
1210 4719 1337 4774 dum
1367 4717 1421 4771 in
1444 4714 1746 4771 scholarum
1770 4710 1945 4764 adhuc
1974 4723 2128 4778 gym-

552 4823 708 4876 nasio
740 4819 881 4874 inter
907 4810 1337 4869 adolescentulos
1382 4820 1599 4876 ageres,
1632 4812 1687 4856 et
1730 4798 1921 4871 ephebi
1949 4796 2131 4852 vultus

549 4916 737 4968 florem
762 4910 989 4966 necdum
1018 4904 1174 4976 pubis
1199 4901 1302 4955 ulla
1347 4900 1429 4953 vel
1460 4896 1634 4952 tenuis
1664 4893 1858 4964 lanugo
1880 4889 2128 4953 vestiret,

2237 3718 2380 3764 nem,
2419 3702 2511 3770 qui
2545 3707 2768 3753 venerat
2803 3698 3060 3752 exhibere
3087 3697 3381 3753 cmlestem.
3411 3696 3571 3764 Nam,
3606 3709 3666 3755 ut
3694 3702 3816 3756 infi-

2234 3795 2344 3848 nita
2377 3800 2730 3863 praeteream,
2760 3805 2861 3844 cur
2886 3788 2988 3844 sibi
3034 3797 3195 3860 caput
3240 3803 3306 3844 ac
3346 3789 3511 3858 pedes
3542 3802 3814 3861 unguento

2233 3883 2515 3953 conspergi
2549 3881 2795 3936 muliebri
2825 3880 3125 3936 ministerio
3166 3894 3360 3949 passus
3402 3890 3517 3947 est,
3549 3883 3651 3938 nisi
3687 3884 3813 3952 quia

2234 3972 2535 4029 Palmstinm
2559 3968 2986 4040 atqueJudaicre
3016 3969 3250 4040 regionis
3295 3985 3417 4025 tuos
3456 3980 3574 4025 erat
3609 3979 3669 4026 ut
3695 3971 3810 4038 ejus

2232 4062 2428 4119 accola:
2482 4060 2732 4116 crebrius
2760 4058 3126 4130 angerentur?
3165 4057 3303 4114 Hine
3347 4067 3431 4114 est
3473 4060 3620 4114 enim
3667 4061 3811 4129 quod

2233 4156 2353 4210 ait:
2385 4173 2403 4207 ι
2444 4152 2523 4208 Tu
2570 4159 2752 4205 autem
2795 4164 2917 4204 cum
2962 4146 3215 4216 ieiunas.
3271 4163 3413 4219 unge
3455 4156 3617 4217 caput
3660 4157 3809 4202 tuum

2233 4244 2450 4316 (Matth.
2475 4256 2635 4306 tum;
2665 4239 2794 4294 Luc.
2823 4247 2944 4309 vn).
2967 4258 2985 4291 ι
3006 4251 3070 4292 et
3094 4238 3225 4308 quid
3252 4238 3448 4293 mirum
3474 4238 3517 4294 si
3552 4237 3812 4293 Dominus

2232 4336 2287 4390 in
2320 4334 2426 4388 vita
2458 4330 2756 4388 servaverit
2785 4343 2990 4383 morem
3015 4327 3227 4397 patrite,
3257 4340 3417 4396 quem
3442 4334 3498 4380 et
3520 4328 3812 4395 sepulturae

2231 4438 2342 4478 suae
2369 4419 2733 4478 sacrosanctis
2776 4416 3049 4485 exsequiis
3089 4430 3197 4469 non
3231 4415 3552 4485 dedignatus
3596 4421 3680 4468 est
3713 4429 3810 4468 eu-

2231 4513 2470 4570 stodire?
2496 4512 2589 4568 Sic
2620 4511 2763 4565 enim
2786 4508 3023 4564 Joannes
3047 4505 3212 4562 refert
3244 4524 3257 4560 :
3290 4523 3309 4557 ι
3347 4504 3544 4575 Joseph
3574 4505 3642 4561 ab
3681 4506 3808 4561 Ari-

2232 4608 2440 4661 mathia
2491 4614 2546 4661 et
2591 4602 2914 4659 Nieodemus
2958 4609 3285 4670 acceperunt
3320 4614 3520 4669 corpus
3551 4597 3715 4664 Jesu,
3754 4606 3811 4653 et

2230 4700 2530 4770 ligaverunt
2575 4697 2705 4752 illud
2744 4694 2926 4749 linteis
2964 4706 3085 4747 cum
3129 4691 3484 4755 aromatibus,
3525 4689 3671 4745 sicut
3694 4704 3825 4745 mos-

2230 4789 2428 4846 Judaeis
2452 4798 2537 4845 est
2558 4787 2786 4858 sepelire
2810 4784 2999 4857 (Joan.
3022 4800 3146 4849 xix;
3171 4781 3362 4837 Matth.
3388 4781 3580 4848 xxvn).
3620 4800 3639 4833 ι
3673 4781 3806 4836 Cum

2232 4897 2362 4952 ergo
2408 4882 2455 4936 is
2509 4880 2601 4950 qui
2649 4887 2735 4934 est
2782 4878 2894 4947 ipsa
2941 4875 3227 4946 sapientia,
3276 4888 3376 4944 per
3414 4886 3578 4942 quam
3613 4880 3823 4928 cuncta-

552 5008 731 5044 fnrvnr
759 5011 811 5044 ιρ
839 5001 1011 5044 gannit
1062 4999 1297 5044 ςηῑι-ἰιιις
1324 4989 1572 5044 incitavit
1625 4996 1684 5042 ιιι
1718 5001 1825 5040 non
1855 4990 2126 5037 monaste-

2243 4985 2355 5032 sunt
2380 4975 2619 5037 condita,
2649 4973 2701 5028 in
2731 4971 2815 5026 his
2840 4971 3002 5026 etiam
3040 4969 3202 5024 rebus
3255 4981 3378 5037 qua:
3418 4964 3618 5021 nullius
3671 4978 3825 5034 pene-
