4138 6320
317 311 431 366 ’7ῠὸ

283 443 296 495 ι
322 431 458 497 ipse,
489 425 672 481 divina
701 423 1030 492 suﬂ‘ragante
1057 423 1339 479 clementia
1358 464 1373 483 .
1398 421 1514 491 jam
1556 422 1897 492 irrepreben-
1925 426 1971 482 Α

317 519 548 574 sibiliter
591 530 793 577 servas,
825 530 990 568 unum
1035 529 1145 582 pra:
1173 512 1383 568 carteris
1413 527 1542 566 cave
1594 527 1662 565 ne
1709 525 1889 565 corre-

319 608 530 678 ptiones
559 604 845 674 aliquando
891 603 1128 672 graviter
1173 601 1336 661 feras.
1365 616 1431 654 ne
1454 598 1693 669 qualibet
1729 613 1889 652 occa-

319 701 472 755 sione
504 696 752 765 redargui
789 710 819 748 a
857 695 962 748 tuis
1000 706 1213 762 quoque
1240 689 1544 758 junioribus
1577 690 1889 744 erubescas.

321 790 473 856 Quod
520 788 769 842 videlicet
809 785 968 854 hujus
997 785 1095 838 loci
1137 793 1244 837 tam
1271 783 1539 837 familiare
1585 790 1669 836 est
1728 790 1892 849 atque

322 883 592 942 nativum,
629 889 686 932 ut
711 879 800 948 qui
829 874 1494 947 corripitur-[correptusf,
1521 872 1677 944 fugit,
1709 874 1891 928 nobis-

320 987 441 1024 cum
488 970 736 1024 habitare
781 982 887 1021 non
947 965 1132 1036 possit.
1175 965 1258 1019 Ad
1294 966 1395 1019 hoc
1433 967 1576 1019 enim
1629 967 1789 1020 homo
1826 965 1894 1020 de

320 1062 517 1116 saeculo
571 1059 885 1130 magisterio
917 1055 1178 1126 regularis
1213 1055 1509 1125 disciplina:
1533 1055 1892 1121 submittitur,

323 1161 380 1205 ut
416 1149 716 1220 rubiginem
763 1162 925 1217 quam
967 1147 1032 1200 de
1075 1145 1273 1199 mundo
1309 1144 1652 1199 lenocinante
1681 1156 1897 1199 contra-

320 1249 478 1297 xerat
517 1253 722 1308 asperae
762 1235 1119 1305 correptionis
1177 1234 1304 1288 lima
1334 1234 1598 1304 detergat.
1631 1233 1782 1289 Unde
1813 1243 1898 1288 est

319 1335 464 1402 quod
497 1330 770 1400 Sapientia
802 1330 1038 1399 loquitur
1082 1329 1136 1381 in
1171 1327 1520 1382 Proverbiis:
1557 1347 1574 1378 ι
1613 1327 1896 1381 Converti-

323 1423 453 1478 mini
499 1421 567 1476 ad
614 1420 1005 1489 correptionem
1055 1432 1261 1480 meam;
1315 1433 1380 1471 en
1426 1416 1692 1486 proferam
1745 1417 1896 1471 vobis

322 1511 564 1582 spiritum
613 1523 790 1565 meum
837 1508 1017 1579 (Prov.
1065 1507 1125 1577 I).
1182 1526 1201 1558 ι
1253 1505 1368 1560 Νοιι
1415 1506 1561 1560 enim
1607 1505 1774 1568 dixit,
1825 1505 1900 1559 ad.

323 1601 610 1655 blanditias
657 1615 834 1663 meas;
882 1600 978 1653 sed
1025 1615 1090 1650 ει
1127 1597 1544 1662 Couvcrtimiui,
1593 1596 1786 1665 inquit,
1825 1597 1894 1652 ad

321 1689 716 1758 eorreptiouem
743 1702 940 1740 meam.
986 1705 1003 1736 ι
1037 1684 1189 1741 Unde
1227 1685 1547 1754 quibusdam
1575 1685 1773 1753 corripi
1803 1685 1896 1738 de-

880 308 1138 364 ‘Oi‘lISC.
1181 305 1359 362 XLVI.
1387 336 1454 348 ~—
1486 307 1574 362 DE
1614 303 1934 360 FERENDA
1973 302 2473 369 AEQUANIMITER
2505 308 3013 364 COllllEPTIONl-I.

3469 315 3572 367 706

2623 424 2849 479 CAPUT
2889 425 2951 481 ll.

2025 509 2182 574 Quod
2209 513 2455 579 sapientis
2482 524 2554 567 est
2583 531 2761 569 anmrc
2792 517 3186 584 corrcptiouem,
3217 518 3364 572 stulti
3386 519 3574 575 adiuv.

2066 601 2322 670 Quisquis
2349 619 2476 672 ergo
2503 607 2718 673 sapiens
2747 615 2852 671 est,
2878 609 3213 665 austeritatis
3245 610 3403 666 illata:
3430 615 3577 668 duri-

1994 691 2122 744 tiam
2173 693 2368 747 anima:
2411 710 2522 749 sua:
2581 695 2889 752 vulneribus
2949 700 3167 766 deputat
3229 701 3576 757 medicinam.

1996 778 2146 833 Unde
2191 782 2450 850 scriptum
2489 793 2571 836 est
2618 801 2631 837 :
2683 802 2701 834 ι
2755 785 2811 837 Si
2851 785 3181 854 corripueris
3229 790 3525 856 sapientem
3559 831 3574 855 ,

1993 870 2252 938 intelliget
2301 874 2640 942 disciplinam
2688 876 2882 944 (Prov.
2934 878 3091 948 xui);
3150 898 3168 930 ι
3220 889 3276 934 et
3320 881 3512 936 iterum
3557 899 3574 936 :

1995 980 2014 1012 ι
2061 961 2186 1016 Plus
2232 965 2446 1030 prolicit
2487 967 2760 1036 correptio
2805 969 2944 1037 apud
2999 970 3357 1036 prudentem,
3409 988 3572 1041 quam

1993 1051 2150 1122 plaga
2200 1055 2340 1122 apud
2387 1055 2608 1110 stultum
2656 1055 2838 1124 (Prov.
2891 1060 3049 1128 XVII).
3092 1077 3111 1111 ι
3158 1059 3234 1113 De
3277 1075 3385 1129 quo
3410 1065 3574 1115 etiam

1995 1145 2260 1210 prudente
2293 1145 2528 1199 dicitur:
2561 1166 2578 1198 ι
2610 1146 2710 1212 Qui
2757 1148 2968 1217 patiens
3011 1158 3125 1213 est,
3170 1149 3339 1203 multa
3382 1154 3580 1220 guber-

1999 1242 2160 1287 natur
2205 1235 2525 1304 prudentia;
2557 1238 2646 1305 qni
2692 1246 2872 1292 autem
2910 1239 3196 1308 impatiens
3240 1249 3344 1304 est,
3379 1241 3583 1296 exaltat

1997 1326 2282 1381 stultitiam
2330 1336 2484 1382 suam
2533 1328 2729 1400 (Prov.
2775 1332 2920 1401 XIV).
2974 1350 2992 1383 ι
3043 1331 3336 1387 Stultitiam
3381 1335 3580 1403 quippe

1997 1433 2148 1471 suam
2173 1417 2378 1473 exaltat
2412 1420 2723 1490 impatiens,
2751 1421 2875 1490 quia
2907 1436 3013 1490 quo
3054 1436 3152 1490 per
3187 1422 3578 1490 impatientiam

1997 1525 2150 1564 suam
2201 1527 2231 1565 a
2277 1512 2603 1582 quibuslibet
2637 1513 2971 1583 frequentius
3021 1516 3253 1580 laeditur,
3297 1530 3362 1569 eo
3403 1516 3582 1584 quoti-

1997 1600 2172 1654 dianis
2195 1611 2378 1656 contra
2408 1617 2502 1658 eos
2530 1602 2724 1673 jurgiis
2750 1605 2990 1659 atrocius
3015 1603 3290 1659 eﬁ‘eratur.
3320 1603 3474 1662 Unde
3506 1605 3581 1660 leo

1999 1690 2140 1760 gitur
2168 1709 2181 1745 :
2213 1711 2230 1743 ι
2262 1691 2486 1764 Semper
2506 1692 2682 1766 jurgia
2707 1696 2896 1764 qumrit
2920 1695 3122 1760 malus;
3153 1695 3374 1766 angelus
3398 1704 3580 1749 autem

322 1781 667 1852 dignantibus
695 1780 773 1834 ait
806 1797 820 1832 :
858 1799 874 1830 ι
913 1778 1070 1832 Mane
1111 1787 1468 1844 consurgent,
1499 1787 1552 1831 et
1602 1792 1706 1831 non
1744 1777 1896 1830 inve-

2007 1783 2238 1836 crudelis
2268 1784 2501 1838 mittitur
2527 1797 2714 1839 contra
2741 1802 2863 1840 eum
2897 1784 3078 1854 (Prov.
3104 1787 3260 1855 vaI).
3297 1806 3316 1839 ι
3341 1786 3586 1841 Crudelis

323 1876 475 1928 nieut
521 1887 640 1937 me;
670 1886 735 1926 eo
771 1870 912 1939 quod
942 1883 1162 1923 exosam
1211 1868 1498 1921 habuerint
1536 1866 1896 1936 disciplinam,

323 1970 375 2015 et
405 1962 654 2016 timorem
690 1958 898 2014 Domini
943 1972 1048 2011 non
1083 1957 1451 2025 susceperint,
1485 1971 1584 2010 nec
1611 1955 1904 2024 acquieve-

324 2054 431 2108 rint
475 2052 704 2108 consilio
747 2065 898 2114 meo,
945 2058 1001 2103 et
1048 2049 1384 2103 detraxerint
1420 2049 1682 2104 universa:
1718 2063 1904 2103 corre-

319 2144 491 2214 ptioni
536 2157 670 2198 meat
699 2139 928 2212 (lbid.).
970 2159 987 2191 ι
1024 2139 1162 2194 Hinc
1200 2141 1453 2194 admonet
1489 2140 1674 2195 dicens
1704 2158 1718 2194 :
1755 2159 1773 2191 ι
1812 2140 1906 2193 Di-

323 2235 601 2305 sciplinam
650 2231 884 2294 Domini,
916 2230 989 2285 ﬁli
1033 2230 1127 2295 mi,
1174 2245 1242 2284 ne
1286 2228 1529 2297 abjicias,
1559 2244 1656 2284 nec
1683 2228 1904 2284 deficias

323 2339 445 2379 cum
494 2324 563 2378 ab
607 2323 724 2392 ipso
755 2321 1085 2389 corriperis:
1125 2335 1285 2388 quem
1332 2319 1474 2373 enim
1525 2319 1696 2389 diligit
1742 2317 1904 2388 735

325 2413 604 2476 Dominus,
640 2411 896 2480 corripit;
934 2418 989 2464 et
1025 2411 1175 2478 quasi
1209 2419 1361 2478 pater
1391 2409 1441 2462 in
1472 2408 1580 2462 filio
1611 2407 1907 2476 complacct

325 2505 426 2558 sibi
476 2502 661 2575 (Prov.
705 2504 809 2572 III).
862 2520 881 2554 ι
919 2501 1050 2557 Jnre
1081 2501 1289 2556 scilicet
1337 2517 1445 2555 non
1492 2501 1759 2564 hominis,
1807 2499 1906 2554 sed

325 2594 556 2656 Domini,
606 2592 876 2662 correptio
903 2592 1121 2655 dicitur,
1159 2607 1281 2646 cum
1330 2592 1383 2645 in
1431 2606 1616 2645 amore
1641 2589 1840 2644 Christi
1874 2606 1903 2644 a

325 2685 568 2756 proximo
607 2684 661 2738 in
688 2683 991 2753 proximum
1019 2682 1271 2753 quaelibet
1300 2683 1560 2737 severitas
1593 2682 1897 2750 irrogatur;

325 2786 381 2832 et
403 2777 561 2831 nimis
587 2791 617 2829 a
641 2774 907 2847 sapientia
931 2774 1112 2830 deviat
1154 2774 1244 2844 qui
1273 2775 1562 2844 superbum
1587 2788 1683 2826 cor
1709 2771 1906 2827 divinis

325 2869 782 2938 increpationibus
834 2883 940 2922 non
992 2867 1233 2922 inclinat.
1266 2864 1420 2920 Unde
1464 2875 1519 2921 et
1568 2865 1706 2918 idem
1754 2863 1906 2919 Salo-

329 2975 453 3015 mon
500 2961 576 3014 ait
606 2977 621 3014 :
656 2979 675 3011 ι
709 2959 810 3026 Qui
857 2957 1033 3028 diligit
1076 2957 1438 3026 disciplinam,
1471 2955 1644 3025 diligit
1685 2954 1903 3023 sapien-

329 3051 490 3117 tiam;
541 3050 630 3121 qui
678 3061 858 3105 autem
902 3050 1017 3106 odit
1053 3049 1470 3117 increpationes,
1522 3047 1779 3116 insipiens
1825 3053 1909 3099 est

329 3140 513 3200 (Prov.
540 3143 661 3205 xu).
699 3160 717 3193 ι
751 3141 1091 3212 Quapropter
1120 3141 1258 3195 idem
1307 3140 1564 3210 insipiens
1595 3141 1648 3193 in
1677 3139 1906 3194 Prover-

329 3233 537 3288 hiorum
577 3234 715 3287 libro
757 3234 1129 3303 conqueritur,
1156 3233 1340 3288 dicens
1373 3250 1388 3286 :
1420 3250 1440 3282 ‹
1480 3233 1590 3286 Cur
1615 3232 1911 3286 detestatus

325 3341 451 3380 sum
497 3326 856 3394 disciplinam,
893 3334 950 3380 et
981 3324 1440 3395 increpationibus
1482 3339 1589 3378 non
1639 3321 1912 3391 acquievit

331 3431 426 3470 cor
455 3431 656 3480 meum,
692 3431 791 3470 nec
819 3415 998 3470 audivi
1021 3430 1208 3470 vocem
1236 3415 1542 3469 docentium
1575 3429 1679 3477 me,
1710 3421 1765 3467 et
1791 3428 1904 3466 ma-

330 3506 514 3574 gistris
555 3523 660 3562 non
692 3505 940 3559 inclinavi
987 3520 1168 3561 aurem
1213 3505 1422 3559 meam?
1450 3524 1470 3557 ι
1517 3501 1700 3572 (Prov.
1735 3501 1812 3571 v.)
1841 3503 1912 3556 At

333 3608 523 3652 contra
553 3598 798 3667 quisquis
822 3595 1279 3666 increpationibus
1307 3594 1679 3664 aequanimiter
1703 3593 1912 3662 acquie-

333 3689 455 3753 scit,
489 3689 554 3744 de
581 3689 828 3757 catalogo
855 3687 1155 3758 sapientum
1202 3702 1306 3740 non
1339 3685 1558 3740 recedit.
1592 3684 1748 3739 Unde
1777 3684 1913 3739 scri-

327 3787 482 3848 ptum
531 3786 652 3833 est:
691 3795 710 3830 ι
747 3777 911 3832 Auris
951 3791 1071 3846 qua:
1117 3775 1266 3828 audit
1314 3775 1736 3844 iucrepationem
1766 3774 1910 3839 vitae,

334 3871 388 3924 in
421 3870 596 3926 medio
626 3870 946 3940 sapientium
970 3868 1420 3931 commorabitur;
1453 3867 1543 3936 qui
1576 3881 1704 3920 vero
1726 3865 1912 3934 abjicil.

333 3959 706 4030 disciplinam,
737 3961 966 4030 despicit
1009 3961 1242 4012 animam
1290 3972 1444 4012 suam
1496 3953 1694 4026 (Prov.
1727 3962 1850 4026 xv).
1886 3975 1905 4009 ι

332 4051 524 4108 Vitrici
571 4053 804 4122 denique
865 4053 1124 4123 privignis
1179 4049 1486 4120 indulgent;
1535 4058 1718 4118 patres
1776 4049 1912 4103 dura

332 4141 651 4212 plerumque
699 4141 920 4197 verbera
975 4140 1206 4210 propriis
1264 4137 1581 4209 pignoribus
1633 4137 1909 4192 adhibent.

332 4233 410 4286 Illi
447 4234 698 4289 nimirum
724 4233 994 4288 odieutem
1030 4241 1290 4301 pascunt;
1334 4229 1422 4284 isti
1465 4243 1596 4284 vero
1630 4228 1914 4297 diligentes

333 4325 590 4380 erudiunt
648 4335 703 4380 et
743 4325 1004 4395 alﬂigunt.
1063 4323 1217 4380 Unde
1265 4323 1524 4391 scriptum
1563 4329 1646 4376 est
1690 4335 1704 4374 :
1745 4339 1763 4372 ι
1811 4321 1912 4387 Qui

333 4417 510 4486 parcit
536 4417 731 4488 virgae,
779 4418 890 4472 odit
935 4416 1104 4471 tilium
1137 4431 1326 4479 suum;
1369 4414 1458 4482 qui
1509 4422 1689 4468 autem
1738 4412 1911 4482 diligit

2007 1870 2234 1940 angelus
2265 1883 2450 1927 contra
2479 1883 2808 1942 quaerentem
2837 1873 3016 1943 jurgia
3061 1875 3308 1937 mittitur,
3349 1875 3472 1942 quia
3507 1874 3587 1927 di-

2005 1977 2167 2031 gnum
2215 1973 2300 2017 est
2341 1971 2398 2016 ut
2442 1973 2676 2018 mentem
2721 1965 2773 2018 in
2821 1979 2926 2035 qua
2995 1964 3288 2019 crudelitas
3356 1965 3582 2029 habitat,

2005 2051 2239 2108 crudelis
2276 2069 2544 2122 possessor
2582 2056 2828 2118 Iuvadat;
2856 2055 3000 2122 quia,
3031 2056 3171 2108 sicut
3197 2055 3327 2108 dicit
3355 2055 3584 2124 Aposto-

2005 2141 2087 2195 lus
2115 2160 2126 2194 :
2160 2142 2243 2195 lra
2274 2143 2597 2198 dzemonium
2627 2145 2808 2199 habet.
2843 2145 2997 2200 Unde
3037 2143 3167 2209 illic,
3212 2161 3333 2200 mox
3377 2155 3433 2198 ιιι
3462 2160 3586 2199 cru-

2005 2234 2178 2288 delem
2239 2235 2376 2288 mitti
2439 2245 2628 2290 contra
2692 2237 3061 2306 impatientem
3121 2237 3339 2302 docuit,
3392 2246 3622 2306 prmsto_

2006 2321 2284 2390 subjunxit
2317 2342 2329 2376 :
2361 2344 2379 2375 ι
2414 2324 2642 2393 Expedit
2673 2326 2844 2394 magis
2874 2341 3014 2380 ursae
3055 2341 3377 2390 occurrere,
3421 2328 3589 2396 raptis

2008 2412 2220 2476 fetibus,
2250 2429 2411 2485 quam
2451 2415 2598 2471 fatuo
2641 2417 2932 2472 confidenti
2975 2417 3076 2473 sibi
3126 2418 3179 2472 in
3223 2417 3448 2472 stultitia
3491 2432 3587 2472 sua

2007 2504 2214 2575 (Ibid.).
2253 2526 2271 2558 ι
2304 2506 2378 2560 De
2421 2506 2523 2562 hoc
2573 2507 2722 2561 fatuo
2749 2517 2805 2562 et
2830 2508 3132 2577 impatienti
3175 2511 3435 2579 scriptum
3464 2516 3585 2563 est:

2012 2614 2032 2646 ι
2063 2594 2178 2650 Noli
2205 2610 2328 2650 esse
2353 2595 2560 2651 amicus
2587 2597 2789 2652 homini
2834 2599 3116 2666 iracundo,
3145 2615 3320 2669 neque
3348 2599 3590 2655 ambules

2006 2702 2129 2742 cum
2156 2686 2319 2758 736
2346 2687 2461 2742 viro
2493 2685 2716 2751 furioso,
2751 2704 2818 2743 ne
2841 2688 2980 2744 forte
3007 2690 3184 2744 discas
3206 2690 3429 2744 semitas
3450 2691 3588 2759 ejus,

2005 2787 2060 2830 et
2087 2793 2268 2832 sumas
2290 2777 2599 2832 scandalum
2631 2779 2824 2833 animm
2851 2787 2956 2834 tua;
2980 2779 3162 2850 (Prov.
3189 2780 3345 2849 χχιι).
3378 2799 3394 2829 ι
3422 2779 3590 2833 Porro

2007 2868 2148 2921 sicut
2194 2882 2339 2938 aeger
2381 2867 2472 2937 qui
2515 2883 2622 2922 non
2676 2868 2821 2938 capit
2858 2869 3158 2925 antidotum
3207 2871 3463 2936 moritur,
3515 2870 3587 2922 ita

2008 2957 2098 3025 qui
2146 2971 2252 3010 non
2290 2967 2468 3028 potest
2494 2959 2716 3028 corripi,
2751 2960 2937 3028 nequit
2978 2959 3047 3014 ab
3088 2959 3282 3015 auinue
3317 2976 3427 3014 sua:
3477 2960 3591 3014 lau-

2011 3047 2268 3117 guoribus
2301 3048 2545 3102 relevari.
2574 3049 2728 3106 Unde
2773 3065 2962 3105 rursus
3003 3065 3100 3120 per
3138 3050 3478 3104 Salmnouem
3511 3051 3591 3102 di-

2012 3138 2153 3192 citur
2195 3155 2209 3191 :
2246 3159 2263 3190 ι
2307 3138 2422 3194 Noli
2469 3141 2791 3197 subtrahere
2841 3157 2871 3196 a
2919 3155 3085 3212 puero
3129 3141 3501 3211 disciplinam;
3544 3141 3588 3196 si

2009 3230 2153 3284 enim
2179 3232 2512 3300 percusseris
2539 3248 2661 3287 eum
2686 3234 2857 3305 virga,
2889 3250 2992 3288 non
3020 3235 3314 3296 morietur;
3355 3244 3406 3287 tu
3439 3235 3588 3303 virga

2009 3321 2282 3390 percuties
2304 3337 2450 3388 cum,
2478 3332 2534 3379 et
2560 3323 2795 3378 animam
2831 3307 2947 3392 ejus
2990 3325 3054 3380 de
3093 3325 3305 3379 inferno
3337 3323 3592 3377 liberabis

2011 3410 2197 3482 (Prov.
2232 3413 2414 3484 XXIII).
2460 3433 2478 3464 ι
2509 3414 2600 3468 Vis
2631 3414 2818 3469 audire
2859 3414 2985 3484 quid
3027 3413 3134 3469 illis
3175 3414 3451 3468 immineat
3500 3414 3592 3482 qui

2012 3511 2278 3572 respuunt
2304 3504 2544 3574 corripi?
2571 3505 2664 3574 qui
2713 3505 3075 3576 dedignantur
3102 3520 3132 3558 a
3165 3505 3469 3561 senioribus
3497 3505 3595 3558 nl.-

2005 3591 2248 3664 jurgari?
2274 3613 2292 3645 ι
2326 3595 2480 3659 Viro,
2511 3595 2706 3664 inquit,
2741 3597 2832 3666 qui
2878 3597 3256 3666 corripientem
3291 3596 3423 3649 dura
3470 3611 3592 3648 cer-

2011 3684 2131 3738 vice
2159 3686 2476 3752 contemnit,
2512 3686 2824 3756 repeutiuus
2852 3687 2900 3741 ei
2943 3687 3288 3756 superveniet
3319 3686 3593 3750 interitus,

2012 3789 2066 3833 et
2092 3794 2216 3832 eum
2247 3779 2454 3834 sanitas
2491 3774 2608 3832 'nou
2655 3787 2910 3848 sequetur
2938 3777 3118 3848 (Prov.
3153 3777 3326 3848 χχιχ).
3359 3797 3376 3829 ι
3411 3777 3510 3832 Ubi
3539 3786 3596 3830 et

2011 3867 2172 3938 paulo
2198 3875 2318 3937 post
2358 3869 2607 3922 subditur
2639 3887 2650 3921 :
2688 3888 2703 3918 ι
2743 3868 2904 3922 Erudi
2939 3867 3106 3921 filium
3138 3877 3304 3930 tuum,
3341 3877 3393 3921 et
3439 3865 3597 3920 refri-

2013 3959 2223 4028 gerabit
2268 3969 2337 4022 te,
2378 3973 2432 4013 et
2481 3960 2629 4013 dabit
2677 3960 2900 4014 delicias
2944 3959 3136 4011 anima:
3177 3967 3280 4012 tua:
3321 3956 3530 4028 (lbid.).
3570 3981 3590 4008 ι

2014 4048 2301 4103 Enimvero
2343 4065 2482 4118 equo
2525 4050 2700 4103 adhuc
2739 4049 3000 4102 indomito
3025 4062 3119 4116 pes
3151 4048 3202 4101 in
3232 4047 3439 4102 subtele
3469 4063 3596 4117 per-

2014 4143 2236 4205 cutitur,
2271 4151 2328 4215 ut
2354 4143 2692 4211 postmodum
2723 4141 2888 4194 clavis
2928 4139 3067 4207 aliigi
3099 4139 3302 4195 ferrum
3332 4138 3434 4193 sibi
3467 4154 3596 4207 sup-

2014 4236 2311 4305 pedaneum
2377 4234 2629 4303 patiatur.
2685 4232 2822 4286 Rudi
2878 4246 3093 4300 quoque
3150 4239 3304 4284 tauro
3361 4229 3596 4284 circulus

2015 4324 2174 4381 lenta:
2200 4326 2324 4380 vitis
2353 4325 2660 4386 innectitur,
2697 4333 2752 4378 ut
2784 4332 3031 4378 assuetus
3074 4323 3177 4378 hoc
3217 4321 3402 4392 procul
3433 4321 3597 4376 dubia

2017 4418 2208 4482 discat,
2249 4426 2512 4486 quatenus
2543 4414 2729 4484 jugum
2776 4413 3118 4484 postmodmn
3157 4412 3459 4468 detrectare
3488 4425 3594 4465 non

335 4507 506 4572 illum,
532 4507 796 4584 instanter
821 4509 998 4562 erudit
1024 4504 1198 4587 (Prov.
1235 4507 1378 4574 xm).
1413 4523 1430 4556 ι
1461 4504 1528 4558 Ει
1557 4503 1683 4559 alibi
1718 4521 1730 4557 :
1762 4521 1781 4554 ι
1813 4503 1918 4558 Me-
1945 4500 1990 4518 "
2017 4509 2229 4563 audeat.
2275 4507 2366 4562 Sic
2406 4506 2591 4576 junior
2627 4507 2825 4576 quique
2859 4504 3023 4558 frater
3051 4504 3212 4558 etiam
3256 4510 3385 4556 tunc.
3411 4500 3596 4572 objur-

338 4597 438 4649 Iior
457 4605 542 4652 est
567 4598 846 4654 manifesta
872 4597 1160 4667 correptio,
1184 4611 1347 4666 qnam
1371 4611 1524 4649 amor
1545 4593 1915 4650 absconditus.

330 4686 551 4761 yieliora
598 4696 723 4743 sunt
770 4689 989 4742 vulnera
1039 4687 1326 4758 diligentis.
1365 4700 1527 4755 quam
1574 4684 1912 4739 fraudulenta

330 4783 514 4839 oscula
547 4784 777 4839 odientis
800 4783 981 4854 (Prov.
1012 4784 1208 4855 xxvn).
1239 4804 1256 4834 ι
1288 4783 1488 4836 lterum
1513 4781 1772 4850 scriptum
1797 4789 1910 4834 est:

337 4895 356 4926 ρ
388 4876 546 4931 Erudi
577 4877 740 4931 filium
769 4887 941 4939 tuum,
966 4893 1034 4932 ne
1059 4877 1310 4947 desperes
1335 4894 1347 4906 ·
1378 4874 1450 4930 ad
1481 4872 1908 4927 interfectionem

331 4963 447 5032 ejus
473 4981 538 5021 ne
566 4981 732 5036 ponas
763 4984 979 5023 manum
1013 4966 1292 5039 [animum]
1323 4977 1470 5020 tuam
1499 4963 1681 5027 (Prov.
1718 4962 1853 5033 xIx).
1887 4982 1906 5016 ι

330 5056 411 5109 Ad
454 5057 880 5112 interfectionem
931 5059 1128 5129 quippe
1173 5058 1262 5112 filii
1313 5067 1541 5128 paterna
1583 5070 1775 5110 manus
1818 5070 1912 5125 po-

333 5149 496 5213 nitur,
528 5165 648 5206 cum
682 5152 734 5206 in
760 5167 882 5206 eum
926 5167 1086 5221 quem
1129 5152 1373 5220 nequiter
1409 5162 1656 5221 agentem
1701 5148 1912 5217 conspi-

333 5239 430 5302 cit,
459 5255 564 5295 non
597 5241 755 5298 modo
799 5257 904 5296 non
938 5243 1228 5307 invehitur,
1259 5241 1351 5295 sed
1399 5240 1516 5307 ejus
1550 5239 1773 5308 insuper
1799 5237 1910 5307 ple-

333 5328 542 5384 ctendis
567 5330 778 5386 actibus
804 5331 1132 5396 delectatur;
1154 5339 1209 5386 et
1235 5330 1608 5400 plausibilibus
1637 5344 1740 5382 non
1765 5343 1915 5382 vere-

334 5425 424 5471 tur
453 5419 631 5475 verbis
651 5420 934 5488 extollere,
957 5436 1115 5492 quem
1143 5420 1294 5477 duris
1313 5420 1572 5476 debuerat
1594 5417 1913 5472 verberibus

334 5523 606 5567 coercere.

2015 4598 2223 4668 gaudus
2275 4606 2359 4651 est
2401 4611 2522 4650 cum
2573 4611 2675 4648 non
2723 4601 2929 4666 peccat,
2962 4603 3021 4648 ut
3069 4590 3406 4662 disciplinam
3457 4601 3598 4644 vene

2013 4685 2371 4756 correptionis
2431 4683 2767 4755 postmodum
2831 4682 3203 4752 mquanimiter
3269 4679 3423 4734 ferat.
3480 4677 3598 4744 Quo

2014 4789 2202 4835 contra
2231 4779 2297 4832 de
2325 4794 2429 4832 non
2460 4786 2710 4848 correpto
2739 4777 2996 4846 scriptum
3027 4783 3110 4829 est
3139 4789 3155 4828 :
3191 4791 3207 4824 ι
3239 4773 3339 4840 Qui
3370 4769 3597 4826 delicate

2016 4887 2046 4924 a
2078 4868 2308 4938 pueritia
2341 4869 2511 4922 nutrit
2535 4883 2748 4922 servum
2779 4881 2960 4930 suum,
2999 4874 3184 4933 postea
3225 4863 3370 4916 illum
3403 4861 3598 4916 sentiet

2019 4973 2390 5020 contumacem
2437 4960 2629 5028 (Prov.
2679 4958 2820 5028 tux).
2869 4977 2889 5011 ι
2923 4957 2998 5011 De
3025 4971 3132 5026 quo
3166 4955 3410 5009 videlicet
3440 4968 3598 5009 servo

2017 5057 2101 5111 vir
2128 5055 2342 5125 sapiens
2372 5053 2447 5107 ait
2476 5071 2489 5106 ε
2529 5071 2547 5104 ι
2583 5051 2816 5116 Cibaria,
2846 5063 2898 5104 et
2929 5049 3076 5119 virga
3099 5088 3114 5112 ,
3159 5056 3211 5101 et
3241 5061 3378 5100 onus
3403 5045 3594 5111 asino;

2018 5146 2192 5219 panis,
2226 5154 2282 5201 et
2304 5144 2611 5214 disciplina,
2639 5151 2692 5196 et
2720 5156 2856 5210 opus
2876 5154 3033 5194 servo
3063 5135 3250 5208 (Eccli.
3280 5140 3495 5206 XXXIII).
3526 5154 3546 5188 ι

2632 5231 2858 5289 CAPUT
2895 5231 2976 5286 lll.

2055 5329 2209 5396 Quod
2247 5327 2632 5398 impatientiqu
2661 5326 3009 5395 correptiones
3044 5332 3164 5376 sunt
3192 5322 3342 5392 quasi
3373 5320 3558 5390 gladii.

2086 5419 2197 5474 Nec
2224 5420 2293 5473 ob
2324 5419 2374 5473 id
2417 5418 2531 5482 tibi,
2562 5416 2636 5470 tili
2683 5415 3034 5478 chariSsiIne,
3084 5422 3162 5468 tot
3193 5412 3596 5480 Scripturarmn

2016 5511 2322 5566 testimonia
2353 5525 2617 5565 coacervo
2675 5516 2735 5562 ut
2759 5517 2960 5563 sancta:
2992 5505 3189 5559 indolis
3223 5512 3328 5558 tua:
3358 5499 3600 5556 moribus

2016 5607 2130 5660 lucc
2169 5604 2407 5673 judicem
2451 5601 2741 5672 expedire;
2809 5599 2902 5654 sed
2945 5599 3046 5654 hoc
3085 5597 3264 5667 potius
3316 5603 3373 5649 ut
3403 5593 3600 5649 coa'vis

2082 5698 2087 5704 '
2176 5710 2232 5734 ην
2287 5703 2372 5741 ουσι
2409 5694 2612 5750 valeam
2646 5691 2931 5748 occasione
2969 5689 3270 5746 consulere.
3311 5685 3426 5741 Non
3455 5685 3598 5737 enim
