4142 5396
597 315 698 372 707

1049 315 1110 371 S.
1149 316 1350 371 PETRI
1386 317 1665 371 DAMIAM
1695 317 1844 372 OPP.
1885 317 2118 373 τοιιυε
2157 318 2284 373 SEU
2317 318 2495 374 PARS
2532 319 2616 374 Ill.
2645 350 2713 360 -—
2746 321 3108 378 OPUSCULA
3149 323 3372 379 VARIA.

3720 330 3821 385 70?

594 446 688 485 vas
733 427 1110 484 Jeriehontinis
1155 443 1368 498 ptenuui
1416 444 1571 498 aquis
1611 433 1767 483 nobis
1803 433 2020 481 allatum
2045 441 2152 493 est,
2181 443 2230 496 Α
2255 438 2497 496 optentu,
2523 440 2697 486 zelum
2736 433 3092 502 correptionis
3118 443 3186 490 de
3211 439 3436 489 lratrum
3478 437 3634 492 labiis
3678 440 3815 493 aufe-

593 537 728 591 quas
765 537 866 590 ego
913 521 1120 575 scilicet
1176 520 1345 576 instar
1395 521 1558 576 Elisei
1598 520 1712 591 (ιγ
1739 519 1862 591 Reg.
1896 521 1999 591 ιι),
2049 535 2159 576 εω-

590 611 740 667 lestis
819 612 1095 679 sapientia:
1143 611 1256 666 sale
1297 626 1708 682 eonspergerem
1740 653 1757 676 ,
1827 624 1884 668 et
1930 614 2008 667 sic
2059 627 2156 669 eas

587 701 946 755 amaritudine
1003 700 1338 757 defaecarem.
1401 701 1509 756 Sed
1561 715 1662 757 nec
1705 702 1864 756 ollam
1928 711 1980 757 te
2039 703 2153 772 ple-

587 805 711 844 nam
757 790 1154 859 colloquintidis
1206 789 1602 863 [colocyntidis]
1648 791 1954 861 pmbuisti,
2001 793 2155 862 Cujus

583 881 979 936 amarissimum
1027 891 1240 952 gustum
1293 883 1418 935 trita
1463 881 1627 935 divini
1675 879 1824 935 verbi
1875 881 2048 936 farina
2097 882 2152 937 in

582 971 913 1026 dulcedinem
951 979 1209 1036 verteret,
1257 971 1441 1040 sicque
1486 971 1869 1041 prophetarum
1904 970 2026 1026 liliis
2061 985 2150 1026 co-

581 1064 900 1118 mestibilem
936 1065 1236 1120 exhiberet.
1267 1063 1386 1119 Non
1433 1065 1577 1118 enim
1625 1063 1832 1117 arundo
1866 1063 1978 1116 visa
2006 1078 2065 1118 es
2094 1064 2147 1118 iu

573 1154 796 1209 deserto
849 1165 1008 1210 vento
1053 1156 1253 1225 agitata
1299 1155 1510 1226 (Matth.
1560 1155 1659 1226 si),
1711 1155 1804 1210 sed
1853 1155 1938 1209 illa
1970 1157 2146 1225 potius

578 1260 700 1314 qua:
729 1244 833 1300 mel
879 1245 1116 1314 protulit,
1156 1247 1295 1299 unde
1342 1259 1643 1314 prmcursor
1673 1244 1880 1298 Domini
1913 1244 2145 1299 Joannes

577 1333 730 1387 visit.
781 1335 1076 1400 Advesisti,
1125 1336 1312 1398 frater,
1349 1335 1642 1389 alvearium
1692 1332 1830 1389 favis
1878 1336 2142 1388 distillan-

579 1423 722 1476 tibus
755 1423 1000 1492 plenum;
1025 1424 1294 1494 pnehuiSti
1325 1434 1376 1478 te
1411 1425 1565 1478 nobis
1600 1439 1786 1493 agrum
1814 1441 1918 1479 non
1950 1425 2142 1493 ligoni-

577 1510 678 1564 bus
719 1511 1076 1575 sarriendum,
1123 1513 1218 1567 sed
1260 1512 1432 1581 plenis
1471 1513 1583 1582 jam
1623 1513 1850 1570 falcibus
1890 1516 2144 1570 desecan-

575 1601 732 1666 dum;
778 1617 883 1656 non
911 1602 1114 1658 scilicet
1149 1601 1370 1671 paliuris
1398 1619 1462 1657 ac
1487 1603 1738 1672 vepribus
1767 1604 2143 1660 inhorrescen-

575 1699 702 1754 tem,
733 1692 828 1745 sed
855 1693 1267 1746 exuberantiam
1312 1693 1568 1746 messium
1599 1692 1794 1746 decore
1833 1692 2135 1749 flaventem.

2259 527 2404 572 runt.
2434 519 2584 574 Unde
2623 530 2679 575 et
2707 521 2815 575 illic
2840 523 3088 576 subditur
3121 542 3133 578 :
3176 543 3195 575 ‹
3247 525 3512 581 Caverant
3533 529 3676 582 enim
3697 529 3816 584 Phi-

2255 607 2450 662 listhtei
2492 625 2560 663 ne
2593 610 2730 666 forte
2776 611 3022 667 facerent
3052 613 3258 669 llebraei
3295 616 3528 686 gladium
3585 627 3675 672 aut
3705 621 3793 674 Ian

2253 709 2404 752 ceam
2456 696 2509 768 (I
2540 697 2667 769 Reg.
2704 702 2844 772 sui).
2889 719 2909 754 ι
2945 700 3097 757 Unde
3145 703 3302 773 paulo
3349 716 3512 774 post:
3550 724 3568 758 ι
3605 706 3815 763 Beluae

2253 785 2436 855 itaque
2477 796 2634 841 erant
2659 787 2806 844 acies
2833 803 3132 854 vomerum,
3163 801 3218 846 et
3242 791 3498 862 ligonum,
3527 803 3582 849 et
3613 795 3815 851 triden-

2253 884 2385 940 tum,
2422 885 2478 930 et
2517 878 2786 933 securium
2806 917 2821 942 ,
2848 893 3018 948 usque
3045 880 3112 934 ad
3140 881 3417 936 stimulum
3440 882 3814 950 corrigendum

2249 965 2460 1036 (lbid.).
2491 987 2511 1022 ι
2550 968 2686 1023 Dum
2727 969 3023 1024 Philistlttei
3058 971 3245 1025 timent
3270 971 3494 1040 gladios,
3523 972 3715 1029 tollunt
3735 975 3815 1029 fa-

2245 1056 2404 1122 bros;
2429 1066 2510 1125 ut,
2531 1058 2658 1114 dum
2669 1073 2940 1113 armorum
2955 1057 3285 1114 fabricatura
3306 1062 3680 1129 compescitur,
3704 1077 3812 1118 non

2246 1147 2317 1202 sit
2345 1148 2508 1203 etiam
2540 1149 2629 1218 qui
2656 1157 2851 1203 caetera
2892 1149 3180 1204 exercendi
3219 1149 3418 1204 laboris
3449 1151 3696 1205 utensilia
3725 1151 3813 1206 fa-

2243 1238 2504 1303 bricetur,
2551 1240 2807 1308 Apostolo
2857 1240 3050 1308 quippe
3100 1247 3328 1294 testante
3365 1257 3378 1292 :
3413 1259 3431 1291 ‹
3458 1239 3680 1294 Gladius
3707 1241 3813 1309 spi-

2245 1332 2380 1386 ritus
2405 1341 2490 1386 est
2524 1333 2745 1385 verbum
2775 1332 2868 1385 Dei
2911 1329 3124 1400 (Ep/les.
3164 1332 3263 1398 vi).
3317 1349 3333 1382 ι
3389 1331 3541 1385 llunc
3570 1331 3807 1400 gladium

2240 1422 2366 1489 quia
2396 1423 2632 1491 perversi
2671 1423 2857 1476 timent
2886 1423 3126 1491 spiritus,
3158 1422 3340 1476 fabros
3365 1421 3432 1476 de
3471 1431 3612 1477 terra
3641 1421 3809 1476 Israel

2240 1510 2512 1574 auferunt,
2561 1511 2686 1564 dum
2729 1527 2824 1566 eos
2871 1512 2961 1580 qui
3007 1513 3329 1582 redarguere
3381 1511 3806 1580 delinquentium

2239 1609 2417 1654 errata
2448 1600 2761 1663 debuerant,
2785 1615 2815 1653 a
2846 1601 3072 1654 tenenda
3094 1615 3336 1655 censura:
3363 1599 3640 1669 disciplina
3659 1615 3803 1654 com-

2237 1700 2492 1760 poscunt;
2531 1700 2586 1746 et
2627 1692 2726 1745 hac
2769 1690 3103 1760 negligentia:
3151 1690 3500 1745 dissolutione
3545 1690 3807 1759 contingit

573 1782 690 1850 Quo
719 1793 928 1850 contra,
960 1782 1026 1840 de
1050 1784 1352 1856 negligcntc
1376 1800 1440 1842 ac
1465 1782 1610 1841 fatuo
1632 1785 1716 1842 vir
1743 1784 2133 1856 sapicnsdicit;
2172 1795 2211 1856 Β
2242 1791 2300 1834 ιιι
2351 1782 2403 1835 in
2465 1796 2744 1836 servorum
2805 1783 2900 1837 Dei
2953 1783 3252 1852 quibusque
3299 1781 3650 1836 conventibus
3696 1797 3805 1835 non

575 1893 595 1926 ι
635 1875 737 1930 Per
777 1893 964 1947 agrum
1004 1878 1236 1932 hominis
1262 1878 1400 1948 pigri
1432 1879 1674 1941 transivi,
1704 1889 1758 1932 et
1801 1894 1896 1947 per
1925 1881 2134 1933 vineam

569 1964 752 2030 stulti,
797 1974 853 2020 et
907 1981 1033 2020 ecce
1079 1967 1265 2021 urtica:
1320 1967 1500 2021 omnia
1553 1967 1885 2037 repleverant
1937 1967 2133 2040 (Prov.

570 2052 738 2122 xxiv).
776 2072 794 2104 ι
825 2054 1227 2124 lmpatientibus
1251 2071 1381 2110 sane
1409 2057 1777 2125 correptiones
1798 2057 1951 2126 quasi
1974 2058 2134 2129 gladii

568 2151 713 2207 sunt,
754 2143 847 2197 sed
884 2143 928 2197 si
960 2144 1142 2198 volunt
1182 2155 1236 2199 ιιι
1275 2145 1328 2200 hi
1361 2146 1522 2216 gladii
1547 2155 1828 2202 vertantur
1855 2148 1909 2202 in
1947 2147 2134 2214 falces,

566 2229 772 2286 hirsuta
816 2232 1068 2287 vitiorum
1108 2249 1327 2290 suorum
1377 2237 1615 2302 dumeta,
1648 2237 1843 2306 quibus
1886 2237 2132 2302 horrent,

563 2330 937 2390 permutentur
977 2321 1032 2377 in
1082 2338 1305 2378 messes.
1342 2321 1493 2380 Unde
1530 2325 1794 2394 propheta
1829 2340 1953 2380 cum
1992 2339 2133 2395 pra:-

563 2411 798 2466 misisset
819 2411 885 2466 de
905 2412 1184 2468 Salvatore
1209 2421 1413 2481 nostro,
1437 2415 1562 2485 quia
1591 2433 1613 2467 ι
1636 2414 1899 2484 iudicabit
1921 2426 2132 2486 gentes.

561 2507 618 2552 et
667 2508 856 2570 arguet
898 2501 1118 2570 populos
1161 2502 1356 2558 multos
1379 2543 1393 2568 ,
1427 2523 1447 2556 ι
1481 2506 1729 2576 protinus
1772 2507 1922 2564 addit
1961 2524 1976 2561 :
2011 2525 2032 2560 ι
2064 2508 2134 2563 Et

559 2589 867 2645 conﬂabunt
906 2591 1110 2662 gladios
1138 2609 1264 2648 suos
1291 2593 1343 2648 in
1369 2610 1647 2662 vomeres,
1676 2605 1732 2652 et
1764 2597 1982 2654 lanceas
2006 2613 2133 2656 suas

559 2682 615 2738 in
655 2681 820 2738 falces
862 2681 996 2753 (lsa.
1027 2682 1110 2755 ιι).
1141 2702 1162 2736 ι
1198 2683 1459 2740 Nimirum
1512 2701 1782 2758 congrues
1821 2689 1971 2753 ordo,
2003 2687 2130 2746 dum

557 2771 788 2842 primum
816 2771 1032 2841 quidem
1059 2782 1310 2841 peccator
1352 2775 1633 2846 arguitur:
1664 2777 1856 2832 deinde
1881 2777 2043 2848 gladii
2070 2777 2129 2836 in

557 2875 822 2926 vomeres,
851 2869 908 2915 et
944 2861 1103 2933 737
1139 2861 1340 2918 lancea:
1365 2863 1666 2920 conflantur
1690 2865 1744 2920 in
1784 2865 1966 2921 falces.
1993 2865 2126 2922 Nam

557 2952 684 3006 dum
713 2951 997 3022 impatiens
1019 2952 1286 3022 quispiam
1329 2968 1425 3023 per
1467 2955 1804 3026 disciplinam
1835 2957 2014 3011 mitior
2039 2956 2125 3013 fa-

555 3050 694 3104 ctus,
723 3050 972 3111 tanquam
1009 3042 1201 3112 planus
1223 3058 1354 3113 ager
1383 3044 1764 3115 increpationis
1792 3045 1967 3101 cultro
2000 3061 2124 3115 pro-

2237 1870 2397 1929 modo
2445 1885 2612 1932 sacra:
2639 1868 3037 1942 praedicationis
3086 1885 3263 1926 sermo
3285 1877 3456 1924 cesset
3488 1869 3680 1934 audiri,
3704 1870 3802 1922 sed

2235 1973 2290 2018 et
2348 1965 2695 2019 honestarum
2745 1965 2943 2018 artium
2975 1963 3231 2018 exercitia
3256 1963 3500 2018 desinant
3551 1961 3807 2034 frequen-

2236 2055 2360 2108 tari.
2404 2054 2535 2109 Nam
2588 2055 2712 2124 quia
2759 2055 3004 2109 districta
3043 2055 3336 2125 magisterii
3384 2069 3477 2110 eos
3519 2055 3802 2124 disciplina

2235 2160 2340 2198 non
2366 2145 2636 2214 reprimit,
2669 2145 2900 2214 propriis
2945 2143 3306 2198 voluntatibus
3351 2143 3535 2207 dediti,
3566 2144 3806 2204 scribere

2235 2235 2512 2298 nesciunt;
2539 2234 2672 2288 artis
2691 2234 2929 2288 honestae
2974 2233 3054 2286 vel
3078 2248 3330 2286 manuum
3359 2232 3614 2287 exercitia
3650 2233 3802 2285 nulla

2234 2322 2575 2387 condiscant,
2603 2338 2724 2376 cum
2749 2321 3036 2392 Apostolus
3057 2321 3238 2376 dicat:
3278 2338 3296 2372 t
3319 2321 3420 2387 Qui
3441 2336 3545 2375 non
3567 2320 3797 2387 laborat,

2233 2427 2342 2466 non
2387 2411 2676 2466 manducet
2703 2409 2784 2481 (ll
2817 2410 2996 2465 Thess.
3023 2412 3129 2480 ιιι).
3165 2429 3184 2462 ι
3219 2411 3348 2477 Qua:
3392 2409 3646 2464 nimirum
3671 2426 3797 2464 cum

2232 2503 2337 2559 sibi
2378 2503 2490 2558 sint
2529 2501 2856 2567 necessaria,
2879 2501 3160 2556 saeculares
3184 2501 3350 2565 viros,
3388 2499 3470 2554 vel
3504 2500 3667 2554 etiam
3710 2515 3797 2554 re-

2231 2595 2431 2666 probos
2469 2595 2694 2658 adeunt,
2725 2593 2979 2664 quoniam
3011 2593 3127 2646 haec
3156 2591 3299 2660 apud
3325 2603 3386 2644 se
3422 2589 3658 2658 reperire
3685 2604 3794 2643 non

2230 2695 2472 2757 possunt.
2499 2684 2650 2742 Unde
2674 2684 2781 2739 illic
2807 2683 3042 2738 dicitur:
3073 2701 3093 2734 ι
3129 2681 3499 2737 Descendebat
3520 2694 3648 2750 ergo
3675 2695 3795 2734 om-

2229 2776 2316 2831 nis
2353 2774 2518 2830 lsrael
2547 2773 2616 2829 ad
2642 2773 3002 2838 Philisthiim,
3034 2780 3094 2825 ut
3114 2777 3403 2827 exacueret
3428 2767 3795 2838 unusquisque

2226 2881 2500 2922 vomerem
2527 2877 2708 2930 suum,
2734 2872 2790 2920 et
2813 2863 3066 2934 ligonem,
3097 2869 3151 2916 et
3171 2860 3422 2925 securim,
3445 2868 3501 2912 et
3522 2858 3790 2922 sarculum

2227 2955 2277 3028 (1
2295 2954 2424 3026 Reg.
2458 2957 2600 3027 aut).
2638 2975 2658 3010 ι
2685 2955 2849 3011 lsracl
2866 2969 3006 3026 euge
3027 2954 3096 3010 ad
3112 2951 3581 3014 eu;:+..-.-;—..«...—.ui.~.m
3602 2970 3794 3008 ascen-

2225 3046 2323 3112 dit,
2350 3050 2442 3102 sed
2468 3046 2758 3110 descendit,
2787 3055 2845 3100 ut
2862 3046 3105 3100 utensilia
3137 3061 3248 3100 stne
3273 3045 3435 3115 738
3459 3046 3791 3099 necessitate

553 3134 838 3197 scinditur,
865 3135 1058 3190 deinde
1080 3135 1230 3189 suavi
1272 3136 1478 3191 semine
1506 3146 1706 3192 sancta:
1729 3137 2123 3206 praedicationis
2149 3143 2194 3206 C
2223 3150 2470 3204 exacuat,
2503 3155 2626 3195 cum
2656 3140 2830 3194 sancti
2854 3139 3063 3195 ordinis
3090 3139 3192 3193 viri
3224 3150 3293 3193 ad
3320 3137 3656 3193 saecularium
3681 3137 3788 3189 ima

553 3225 874 3295 aspergitur,
900 3233 956 3280 et
990 3226 1070 3281 sic
1097 3227 1311 3281 demum
1351 3226 1575 3283 fecunda
1606 3228 1868 3283 bonorum
1898 3243 2118 3298 operum

553 3312 708 3383 fruge
756 3315 982 3369 vestitur
1027 3329 1042 3368 :
1089 3316 1215 3370 huic
1250 3315 1459 3370 scilicet
1501 3325 1558 3371 et
1607 3316 1765 3386 gladii
1815 3315 1940 3371 facti
1995 3328 2122 3373 sunt

551 3423 817 3472 vomeres,
845 3419 900 3463 et
925 3408 1122 3464 lancea:
1151 3417 1538 3464 convertuntur
1567 3411 1620 3463 in
1652 3409 1835 3465 falces.
1865 3411 1999 3478 Quia
2027 3411 2118 3480 qui

553 3500 872 3568 reprehendi
902 3501 1048 3568 prius
1080 3510 1330 3568 tanquam
1376 3500 1552 3570 gladio
1589 3500 1794 3570 perfodi
1827 3501 2115 3568 devitabat,

552 3604 696 3642 ntmc
732 3598 788 3642 et
813 3602 1089 3645 vomerem
1119 3603 1287 3644 sacra:
1315 3589 1571 3644 doctrinae
1606 3590 1835 3644 libenter
1870 3591 2114 3657 sustinet,

552 3688 612 3731 ut
636 3677 815 3748 fruges
837 3677 1008 3743 ferat;
1039 3687 1094 3734 et
1121 3679 1308 3735 falcem
1335 3696 1580 3751 superna:
1609 3682 1890 3736 messionis
1927 3697 2117 3751 exspe~

548 3778 681 3836 ctat,
711 3779 769 3824 ut
794 3770 974 3826 horrei
996 3770 1232 3826 ctelestis
1265 3774 1688 3842 promptuarium
1718 3771 1941 3835 repleat.

1155 3881 1380 3939 CAPUT
1410 3882 1497 3938 IV.

546 3992 700 4060 Quod
732 3994 785 4046 iu
816 3993 1070 4069 religiosis
1101 3997 1431 4069 conventibus
1457 3996 1525 4050 ad
1554 3978 1841 4067 regularem
1874 3998 2113 4069 discipli-

859 4064 1057 4134 plinam
1088 4067 1377 4120 necessaria
1403 4077 1477 4121 cst
1511 4064 1783 4136 correptio.

617 4154 921 4226 Spiritualis
967 4155 1125 4225 plane
1166 4157 1394 4227 quisque
1435 4166 1753 4224 conventus,
1803 4158 1850 4213 si
1886 4159 2112 4214 fraterni

544 4244 644 4299 :eli
695 4243 964 4315 frequenti
1016 4247 1358 4318 correptione
1402 4264 1507 4302 non
1557 4249 1756 4315 utitur,
1803 4248 2113 4304 Israeliticae

542 4337 716 4408 plebis
759 4338 980 4408 mystica
1025 4337 1233 4393 laborat
1275 4340 1452 4410 inopia
1487 4357 1647 4412 :qua:
1675 4341 1945 4407 videlicet,
1977 4341 2111 4397 inci-

541 4429 724 4494 piente
775 4427 904 4482 Saul
949 4429 1090 4499 regis
1136 4431 1379 4500 imperio,
1409 4430 1620 4486 fabrum
1673 4430 1959 4487 ferrarium
2003 4448 2123 4503 non_

542 4521 794 4581 habebat.
825 4521 964 4576 Dicit
991 4498 1135 4576 enim
1164 4498 1443 4593 scriptura
1475 4541 1491 4578 :
1528 4542 1547 4575 ι
1584 4524 1718 4592 Quia
1749 4525 1902 4581 faber
1933 4498 2187 4582 ferra-'D

541 4615 656 4670 rius
683 4627 788 4669 non
818 4611 1186 4668 inveniebatur
1228 4613 1282 4668 in
1311 4613 1456 4668 omni
1487 4622 1629 4669 terra
1673 4615 1836 4672 Israel
1863 4615 1950 4686 (Il
1972 4616 2102 4688 Reg.

542 4706 685 4777 ιιιι).
721 4724 742 4759 ι
775 4703 944 4760 Porro
970 4703 1114 4760 sicut
1160 4703 1363 4759 ferrum
1409 4703 1615 4775 reliqua
1651 4707 1865 4762 metalla
1892 4705 2106 4763 fortiter

541 4799 784 4862 edomat,
817 4804 891 4849 tta
933 4793 1293 4864 correptionis
1344 4793 1566 4850 malleus
1616 4795 1746 4850 vitia
1793 4795 2106 4866 delinquen-

539 4887 677 4940 tium
707 4884 970 4955 reprimit,
1000 4893 1054 4940 et
1082 4884 1237 4955 quasi
1265 4884 1505 4940 cudendo
1531 4884 1716 4957 rigidae
1740 4887 1933 4944 mentis
1953 4887 2104 4942 duri-

539 4977 672 5031 tiam
698 4975 916 5045 frangit.
961 4975 1097 5030 Hinc
1121 4985 1201 5030 est
1229 4976 1370 5046 quod
1400 4975 1468 5032 de
1493 4977 1608 5046 ipso
1643 4976 1911 5032 fabrorum
1945 4979 2105 5049 spiri-

545 5063 769 5118 tualium
823 5064 1065 5134 principe
1110 5081 1209 5133 per
1259 5065 1452 5121 lsaiam
1505 5068 1740 5124 dicitur:
1773 5089 1792 5121 ‹
1830 5069 1963 5125 Ecce
2004 5084 2106 5140 ego

545 5153 727 5206 creavi
771 5152 983 5207 fabrum
1019 5154 1317 5211 sulllantcm
1353 5159 1407 5212 in
1437 5159 1556 5229 igne
1582 5174 1829 5229 prunam,
1856 5170 1911 5214 et
1929 5159 2103 5230 profe-

548 5250 754 5298 rentum
801 5257 898 5298 vas
947 5244 1000 5297 in
1049 5261 1182 5315 opus
1225 5263 1376 5302 suum
1429 5249 1562 5320 (Ira.
1593 5250 1723 5322 Liv).
1760 5270 1779 5304 ›
1831 5253 1906 5306 De
1959 5251 2104 5306 ferro

542 5343 757 5366 nslnﬂnn
795 5329 1142 5366 ποι-ιωῖηοίιιο
1177 5337 1299 5366 Ain}.
1327 5354 1340 5366 .
1373 5358 1388 5366 .

1426 5339 1481 5366 οε
1513 5349 1746 5366 naua-..”
1788 5339 1946 5366 f...._:s
1989 5340 2071 5366 ι’...

2224 3233 2528 3300 declinant,
2571 3241 2632 3287 ut
2689 3233 2756 3286 ab
2811 3233 2890 3287 eis
2948 3231 3052 3286 sibi
3105 3229 3447 3284 commodum
3508 3225 3791 3295 cujuslibet

2222 3325 2468 3379 utilitatis
2527 3323 2830 3393 acquirunt.
2881 3322 3040 3378 Vides
3093 3336 3222 3391 ergo
3285 3322 3408 3390 quia
3444 3321 3490 3376 si
3533 3321 3597 3374 de
3633 3334 3790 3373 sacro

2221 3425 2487 3470 conventu
2536 3414 2934 3483 correptionum
2981 3425 3211 3466 censura
3247 3411 3602 3476 subtrahitur,
3626 3410 3788 3463 disci-

2217 3506 2376 3575 plina:
2440 3505 2590 3575 vigor
2647 3504 2886 3558 funditus
2943 3511 3260 3566 enervatur,
3311 3510 3366 3556 et
3420 3501 3608 3569 religio
3677 3508 3786 3554 tota

2220 3595 2544 3660 destruitur;
2582 3595 2730 3663 quia,
2762 3595 2887 3649 dum
2909 3592 3274 3659 unusquisque
3300 3587 3528 3658 propria:
3545 3589 3786 3656 sequitur

2221 3685 2510 3740 voluntatis
2537 3684 2840 3746 arbitrium,
2866 3682 2934 3737 ad
2965 3681 3240 3736 siccularia
3269 3679 3501 3743 rediens,
3531 3678 3786 3748 spiritua-

2216 3779 2283 3835 lis
2309 3776 2663 3834 observantia:
2682 3773 2844 3829 violat
2870 3774 3193 3828 institutum.
3229 3769 3378 3827 Unde
3409 3769 3654 3839 quisquis
3699 3778 3783 3822 est

2215 3869 2302 3925 cui
2358 3867 2620 3938 regularis
2666 3865 2791 3918 vita:
2842 3863 3024 3918 fervor
3074 3862 3359 3926 inzestuat,
3413 3859 3780 3929 correptiones

2215 3959 2444 4016 libenter
2480 3956 2851 4028 amplectitur;
2881 3964 2958 4022 et,
3003 3963 3130 4008 tunc
3177 3954 3338 4008 etiam
3363 3965 3484 4006 cum
3521 3951 3781 4004 innocens

2213 4060 2318 4116 est,
2344 4049 2458 4106 suis
2504 4047 3013 4118 reprehensionibus
3059 4044 3380 4099 deleCtatur.
3425 4041 3542 4096 Non
3572 4051 3778 4095 uteum

2212 4140 2543 4198 conscientia
2582 4152 2837 4209 peccasse
2877 4137 3202 4200 remordeat,
3250 4136 3344 4190 sed
3389 4135 3641 4204 quoniam
3675 4135 3778 4188 hoc

2211 4233 2469 4303 prodesse
2514 4230 2723 4284 caeteris
2746 4227 3089 4284 audientibus
3135 4235 3350 4296 sperat,
3383 4234 3440 4279 ut
3471 4226 3610 4279 unde
3638 4224 3774 4291 ipse,

2213 4324 2470 4378 innocens
2518 4331 2576 4376 et
2609 4321 2863 4384 mundus,
2911 4319 3176 4391 arguitur,
3225 4316 3340 4383 alii,
3392 4315 3476 4370 vel
3521 4314 3654 4384 lapsi
3693 4315 3778 4368 vel

2210 4415 2410 4486 lapsuri
2427 4451 2445 4481 ,
2468 4415 2608 4468 forte
2632 4412 2990 4480 corrigantur.

2838 4501 3064 4562 CAPUT
3100 4503 3169 4560 ν.

2279 4599 2390 4655 Cur
2409 4599 2586 4654 beatus
2605 4595 2810 4651 Paulus
2829 4596 3043 4670 [beatum
3066 4590 3282 4649 Petrum
3304 4591 3701 4664 reprehenderit.

2279 4686 2432 4744 Unde
2459 4701 2601 4742 nunc
2625 4686 2694 4740 ad
2717 4685 3034 4740 memoriam
3059 4684 3202 4738 redit
3218 4683 3360 4752 quod
3387 4680 3608 4746 Paulus,
3633 4681 3774 4735 sicut

2207 4779 2276 4835 ad
2302 4777 2520 4835 Galatas
2545 4777 2752 4843 scribit,
2792 4778 3008 4832 beatum
3041 4773 3261 4829 Petrum
3296 4773 3664 4842 coapostolum
3691 4770 3772 4824 iu-

2205 4873 2478 4944 crepavit;
2513 4871 2608 4926 sed
2629 4871 2698 4937 ei,
2738 4885 2901 4941 quem
2922 4867 3068 4924 velut
3091 4867 3445 4924 discordme
3469 4863 3770 4935 redarguit,

2207 4963 2347 5018 votis
2392 4960 2738 5017 interioribus
2793 4957 3141 5014 concordavit
3182 4971 3195 5010 :
3250 4974 3270 5008 ι
3326 4956 3460 5011 Cum
3511 4954 3768 5017 venisset,

2205 5055 2409 5126 inquit,
2449 5053 2641 5108 Petrus
2696 5051 3072 5115 Antiochiam,
3123 5050 3177 5104 in
3221 5048 3417 5104 faciem
3464 5048 3514 5102 ei
3572 5048 3768 5109 restiti,

2204 5148 2332 5219 quia
2355 5143 2793 5217 reprehensibilis
2820 5144 3118 5200 videbatur.
3141 5141 3295 5197 Prius
3315 5141 3460 5196 enim
3490 5155 3652 5210 quam
3675 5154 3768 5193 ve-

2205 5237 2386 5292 nirent
2413 5236 2633 5307 quidam
2659 5249 2688 5289 a
2713 5233 2934 5299 Jacobo,
2962 5248 3086 5288 cum
3113 5233 3363 5302 gentibus
3383 5229 3605 5295 edebat;
3645 5243 3766 5285 cum

2207 5335 2383 5364 uillam
2453 5325 2718 5362 νοηὶααρηι
2829 5322 3175 5362 cnhlrslmlml
3226 5331 3282 5360 ρι
3334 5318 3649 5360 mas-aanimi
3686 5333 3743 5358 υ
