4138 6320
353 357 458 419 τδῢ

1376 355 1615 412 OPUSC.
1656 353 1862 408 XLVII.
1906 381 1978 394 --
2012 325 2099 406 DE
2150 352 2554 406 CASTl'l‘A'I'E.

3483 358 3585 409 710

342 487 500 530 ιοηυε
529 471 714 536 verba,
744 477 825 540 et,
851 467 893 524 si
938 468 1065 523 solis
1102 467 1448 523 attendant-ur
1487 467 1539 520 in
1583 466 1822 536 syllabis,
1853 463 1922 518 ab
1948 467 1997 525 Α
2027 471 2145 517 tare
2174 463 2480 532 potuimus?
2503 463 2596 517 sed
2625 477 2722 532 per
2746 464 2970 534 gratiam
3003 465 3210 520 Domini
3234 465 3360 521 Jesu
3385 467 3588 525 Christi

341 562 622 635 apostolici
650 559 900 614 culminis
922 559 1184 629 gravitate
1217 557 1458 612 funditus
1484 558 1679 611 aliena.
1712 556 1915 625 Repre-

341 651 618 709 lie'nsibilis
643 658 730 704 est.
760 649 972 713 Petrus,
1024 651 1111 703 cui
1151 650 1216 702 ad
1251 648 1745 718 reprehendendum
1775 657 1830 703 et
1847 647 1914 702 ad

341 741 721 810 corrigendum
749 740 1032 794 commissa
1070 749 1194 793 sunt
1219 741 1397 792 omnia
1438 753 1601 809 regna
1647 749 1912 794 terrarum

341 831 556 900 (Matth.
588 829 724 899 xvr).
769 829 823 882 In
864 828 1054 882 faciem
1081 829 1129 882 ei
1160 828 1447 889 resistitur,
1477 828 1543 881 ad
1567 827 1720 897 cujus
1747 827 1915 895 impe-

339 920 478 974 rium
500 918 665 987 janua
703 919 850 987 regni
875 918 1115 972 cmlestis
1136 917 1338 972 Christi
1363 916 1608 971 ﬁdelibus
1642 916 1910 985 aperitur;

338 1010 701 1066 simulationis
727 1017 916 1062 auctor
943 1004 1221 1084 asScritur,
1248 1008 1338 1077 qui
1361 1009 1567 1078 primus
1586 1016 1671 1061 est
1696 1008 1751 1062 iu
1779 1021 1914 1078 pne-

339 1101 667 1155 dicatoribus
695 1099 970 1162 veritatis;
1005 1106 1082 1163 et,
1105 1107 1166 1152 ut
1201 1098 1471 1168 copiosior
1492 1098 1666 1152 adhuc
1685 1111 1912 1168 exagge-

337 1189 447 1241 rari
480 1188 653 1241 valeat
677 1187 891 1256 injuria,
925 1187 1210 1257 diligenter
1233 1187 1450 1242 attende
1471 1187 1598 1256 quid
1622 1186 1864 1256 sequitur
1895 1203 1908 1239 :

336 1294 362 1328 ι
395 1274 499 1329 Sed
542 1291 662 1329 eum
700 1275 954 1329 vidissem
997 1275 1139 1344 quod
1169 1291 1274 1330 non
1302 1284 1447 1329 recte
1487 1275 1829 1329 ambularent
1856 1273 1910 1327 in

336 1367 564 1420 veritate
613 1365 911 1434 Evangelii,
970 1365 1079 1419 dixi
1134 1365 1330 1434 Cepbaa
1380 1380 1562 1420 coram
1609 1366 1907 1419 omnibus:

338 1457 395 1510 Si
429 1465 506 1520 tu,
539 1471 659 1509 cum
689 1455 903 1510 Judaeus
931 1456 1029 1520 sis,
1061 1457 1334 1526 gentiliter
1363 1457 1517 1520 vivis,
1573 1466 1627 1512 et
1675 1473 1780 1511 non
1814 1457 1908 1512 Ju-

336 1546 509 1611 daiee,
535 1547 802 1614 quomodo
841 1556 1029 1617 gentes
1075 1549 1224 1618 cogis
1267 1548 1612 1603 Judaizareii
1645 1547 1789 1616 (Gal.
1818 1547 1906 1618 ιι.)

335 1638 475 1703 Quid
511 1647 596 1691 est
622 1637 745 1702 hoc,
775 1638 930 1693 beate
956 1638 1142 1705 Paule,
1185 1643 1328 1708 quod
1363 1639 1598 1708 priorem
1629 1650 1776 1694 tuum
1824 1640 1906 1692 itt-

335 1726 738 1796 erepationibus
793 1728 1020 1794 laceras,
1064 1729 1527 1799 objurgationibus
1578 1729 1904 1785 exacerbas?

2020 556 2292 610 credimus
2332 555 2552 619 salvari,
2583 559 3035 624 quemadmodum
3065 566 3120 612 et
3149 558 3222 612 illi
3246 559 3385 630 (Act.
3413 562 3524 631 xv).
3563 581 3582 613 ι

2015 642 2243 698 Volebat
2262 658 2392 714 ergo
2413 643 2605 698 Petrus
2632 646 2966 713 permaximc
2989 659 3171 701 coram
3205 649 3458 705 omnibus
3496 667 3586 704 ar-

2015 734 2127 802 gui,
2155 735 2416 804 gaudebat
2441 736 2776 806 objurgantis
2818 737 3115 792 iuvectione
3139 739 3417 805 confundi,
3447 750 3506 794 ut
3536 742 3589 796 id

2013 825 2157 894 quod
2196 824 2396 880 invitus
2425 827 2620 896 agebat
2661 836 2943 897 correptus
2978 829 3286 896 omitteret,
3325 839 3382 886 et
3426 831 3480 886 in
3523 847 3591 888 eo

2013 914 2158 982 quod
2203 914 2350 970 solus
2402 924 2670 972 attentare
2721 917 2995 982 timuerat,
3045 919 3252 974 socium
3305 922 3586 980 inveniret.

2015 1002 2214 1060 Paulus
2253 1021 2382 1077 ergo
2420 1005 2582 1062 Petro
2627 1023 2750 1064 cum
2802 1007 3024 1074 restitit,
3054 1010 3213 1078 eique
3263 1013 3450 1081 procul
3491 1019 3591 1068 du-

2013 1095 2106 1151 bio
2133 1096 2453 1154 intrinsecus
2477 1099 2845 1164 eoneordavit,
2857 1113 3018 1169 quem
3031 1101 3369 1158 extrinsecus
3381 1120 3586 1173 arguit;

2014 1186 2303 1256 alioquin,
2343 1189 2612 1256 quomodo
2653 1188 2854 1244 Paulus
2925 1190 2982 1244 in
3039 1190 3146 1246 alio
3206 1193 3594 1248 condemnant

2013 1278 2155 1345 quod
2197 1278 2310 1346 ipse
2352 1293 2457 1332 non
2488 1279 2732 1334 dissimili
2760 1283 3078 1337 necessitate
3106 1284 3414 1354 compulsus
3439 1289 3581 1358 egis-

2013 1368 2132 1419 set?
2159 1366 2286 1420 Nam
2316 1378 2534 1438 propter
2552 1368 2792 1434 Judaaos,
2838 1373 2928 1440 qui
2957 1372 3092 1442 legis
3109 1373 3506 1430 observantiam
3534 1386 3591 1432 et

2011 1467 2220 1512 veteres
2252 1459 2387 1514 ritus
2437 1461 2699 1516 tenendos
2743 1475 2863 1517 esse
2901 1463 3254 1532 perbibebant
3281 1505 3296 1531 ,
3326 1477 3380 1520 et
3402 1465 3588 1522 Timoc

2010 1549 2216 1616 tlieum,
2241 1553 2454 1619 gentilis
2483 1552 2731 1608 videlicet
2751 1553 2986 1608 hominis
3003 1554 3191 1621 lilium,
3215 1557 3582 1615 circumcidit:

2009 1651 2063 1695 et
2094 1641 2228 1710 ipse,
2268 1652 2449 1695 votum
2497 1644 2726 1705 solvens,
2782 1645 3098 1715 sibimetipsi
3141 1657 3300 1717 caput
3345 1650 3499 1714 rasit,
3524 1634 3583 1705 et

2008 1731 2330 1784 sacriﬁcium
2372 1733 2522 1801 juxta
2573 1734 2772 1790 vctezis
2813 1733 2946 1805 legis
2993 1738 3341 1794 caeremonias
3361 1740 3580 1794 obtulit.

333 1818 450 1886 Quo
469 1827 626 1888 pacto
666 1835 768 1874 non
803 1820 1004 1874 vereris
1030 1834 1152 1873 eum
1195 1829 1318 1874 ante
1347 1819 1624 1874 hominum
1657 1833 1751 1873 ora
1771 1833 1898 1874 con-
1932 1830 1974 1886 Β
2004 1819 2138 1889 (Art-
2167 1835 2273 1882 xvt,
2301 1821 2435 1891 xxr).

333 1905 573 1971 fundere,
606 1909 689 1962 cui
733 1907 953 1976 speciali
982 1908 1104 1977 jure
1133 1923 1450 1962 concessum
1502 1919 1585 1962 εει
1616 1909 1907 1962 universali

333 1997 498 2050 totius
525 1998 676 2053 orbis
701 1999 952 2053 Ecclesia:
977 2000 1301 2069 praesidere?
1322 2000 1401 2053 An
1427 1999 1672 2055 fortassis
1709 2000 1908 2054 excidit

331 2085 474 2152 quod
539 2103 634 2142 vos
687 2090 988 2144 communis
1045 2090 1325 2159 utriusque
1379 2091 1568 2145 doctor
1621 2092 1909 2146 instruxit?

335 2194 354 2228 ο
407 2176 462 2231 Si
512 2181 836 2248 peccaverit,
890 2181 1087 2250 inquit,
1130 2183 1182 2236 in
1228 2191 1280 2237 te
1321 2182 1491 2237 frater
1520 2193 1662 2248 tuus,
1696 2185 1908 2254 corripe

329 2280 450 2319 eum
479 2269 618 2323 inter
671 2279 720 2324 te
753 2281 805 2324 et
836 2271 1006 2340 ipsum
1033 2271 1236 2337 solum;
1267 2273 1349 2327 sin
1390 2282 1571 2327 autem
1601 2284 1651 2328 te
1680 2288 1785 2332 non
1810 2289 1911 2332 att-

329 2354 510 2421 dierit,
539 2357 734 2415 adhibe
775 2360 910 2416 duos
935 2360 1014 2416 vel
1061 2370 1169 2416 tres
1215 2371 1378 2417 testes
1422 2361 1638 2432 (Matth.
1665 2364 1842 2434 xvm).
1881 2382 1900 2416 ι

330 2444 407 2498 Τιι
439 2463 564 2503 vero
606 2465 710 2504 non
765 2454 971 2521 private
1022 2464 1365 2519 conventum,
1401 2470 1506 2510 non
1543 2454 1681 2510 clam
1721 2470 1904 2510 coram

331 2534 556 2590 testibus
604 2537 924 2604 allocutum,
978 2542 1070 2596 sed
1123 2543 1296 2620 palam
1333 2545 1581 2599 omnibus
1627 2545 1826 2616 arguis,
1851 2553 1907 2601 et

329 2624 548 2693 insuper
575 2627 642 2680 ad
687 2631 1022 2698 posteritatis
1051 2636 1288 2687 ventura:
1313 2633 1582 2698 notitiam,
1611 2636 1753 2704 quod
1781 2650 1905 2705 gra-

327 2714 444 2769 vius
473 2725 573 2781 est,
605 2718 706 2773 hoc
729 2728 780 2773 te
808 2721 1000 2776 fecisse
1027 2724 1345 2778 couseribis.
1374 2725 1456 2779 An
1476 2735 1524 2778 et
1558 2727 1684 2781 illud
1705 2728 1903 2784 oblitus

328 2816 388 2856 es
427 2806 568 2872 quod
593 2805 878 2864 Timotheo
907 2811 1020 2880 ipse
1043 2811 1293 2880 jussisti:
1336 2831 1354 2864 ι
1396 2813 1590 2870 Senem
1618 2831 1684 2870 ne
1726 2817 1902 2871 inere-

324 2894 558 2960 pareris,
584 2897 675 2951 sed
699 2897 923 2954 obsecra
947 2910 1006 2954 ut
1041 2902 1287 2972 patrem?
1322 2921 1340 2954 ι
1372 2902 1423 2973 (1
1449 2902 1581 2957 Tim.
1607 2905 1683 2974 v.)
1715 2905 1822 2963 Sed
1846 2905 1899 2959 in

324 2997 390 3037 ea
411 2986 550 3053 quod
585 2986 646 3040 B.
668 2987 888 3044 Petrum
910 2989 1108 3048 Paulus
1137 3008 1320 3048 coram
1347 2994 1596 3049 omnibus
1618 2995 1902 3054 manifeste

328 3073 619 3143 redarguit,
657 3078 793 3134 foris
837 3081 1052 3150 quidem
1103 3084 1470 3138 contradictor
1512 3085 1776 3153 apparuit.
1803 3086 1897 3144 sed

2473 1927 2480 1932 -
2527 1913 2688 1986 750
2724 1913 2950 1970 CAPUT
2990 1917 3074 1970 vt.

2008 2000 2088 2052 An
2139 2000 2318 2054 beatus
2372 1997 2576 2056 Paulus
2627 2006 2911 2084 peccaverit
2975 2005 3179 2062 beatum
3234 2006 3448 2064 Petrum
3497 2012 3583 2065 ob~

2667 2089 2912 2142 Jurgmts.

2075 2157 2133 2212 lu
2160 2157 2263 2213 hoc
2289 2175 2418 2230 ergo
2453 2162 2596 2229 quod
2624 2161 2843 2216 Petrum
2881 2163 3155 2228 corripere
3184 2166 3332 2222 visus
3350 2177 3452 2232 est,
3486 2168 3584 2223 ob-

2005 2250 2327 2304 secundatus
2355 2262 2457 2316 est,
2487 2267 2593 2306 non
2645 2253 3002 2320 adversatus;
3046 2267 3103 2312 et
3162 2270 3267 2312 non
3321 2260 3587 2315 adversus

2003 2352 2148 2403 eum,
2181 2339 2320 2394 sicut
2369 2341 2698 2413 Porphyrius
2738 2344 3016 2412 Opinatur,
3044 2348 3274 2417 superbe
3308 2350 3584 2420 pugnavit,
3667 2399 3674 2406 .

2004 2430 2097 2484 sed
2141 2429 2420 2486 butuiliter
2469 2433 2810 2490 ministravit.
2845 2436 2970 2492 llam
2993 2438 3247 2494 nimirum
3280 2439 3426 2495 Pauli
3459 2457 3582 2496 cor-

2003 2522 2175 2592 reptio
2205 2523 2564 2581 ministerium
2611 2527 2713 2583 fuit
2758 2528 3099 2594 obedientiaa,
3131 2547 3237 2588 non
3275 2533 3580 2604 objurgatio

2001 2609 2327 2681 disdpliuat;
2369 2629 2474 2671 non
2505 2618 2782 2674 temeritas
2821 2617 3158 2688 invectioais,
3185 2621 3278 2678 sed
3311 2623 3582 2680 unanimis

2000 2704 2288 2758 concordia
2323 2706 2630 2762 voluntatis.
2689 2708 2768 2763 Tu
2822 2710 3026 2779 itaque,
3057 2711 3426 2778 dilecti—sime,
3455 2731 3580 2769 cum

1999 2805 2164 2860 super
2215 2794 2458 2863 qualibet
2509 2798 2793 2853 occasione
2853 2799 3182 2870 corripicris,
3229 2803 3392 2857 etiam
3433 2805 3478 2858 si
3524 2816 3581 2857 to

1999 2881 2293 2952 deliquisse
2319 2901 2660 2958 nequaquam
2688 2891 3016 2946 conscientia
3044 2893 3579 2964 repreliendat,quod

1997 2970 2268 3041 objectum
2322 2986 2428 3041 est,
2485 2977 2718 3034 libenter
2764 2979 3111 3051 amplectere,
3151 2983 3469 3052 culpabilem
3529 2997 3582 3040 te

1997 3079 2180 3121 ceram
2208 3066 2466 3124 fratribus
2495 3071 2601 3125 tuis
2637 3071 2910 3127 humiliter
2938 3074 3213 3128 confitere.
3243 3074 3393 3140 Quod
3421 3077 3584 3131 nitui-

325 3162 486 3232 739
508 3165 686 3220 cordis
711 3168 826 3236 ejus
859 3178 979 3224 vola
1019 3171 1326 3241 complevit.
1367 3172 1608 3229 Gentiles
1631 3175 1775 3229 enim
1799 3186 1895 3230 γε,
1922 3169 1966 3230 ρ
1997 3167 2118 3208 rum
2145 3163 2201 3208 et
2231 3154 2336 3210 illis
2359 3155 2466 3212 erit
2494 3157 2812 3214 imitationis
2832 3161 3156 3230 exemplum,
3187 3170 3243 3215 et
3264 3163 3358 3217 tibi
3384 3179 3579 3233 prove.

325 3253 531 3309 nientes
560 3259 625 3310 ad
657 3258 811 3314 tidem
839 3275 944 3315 non
995 3263 1227 3317 audebat
1269 3264 1480 3330 Petrus,
1507 3265 1587 3320 eis
1615 3267 1888 3335 praesenti-

323 3345 422 3398 bus
439 3347 531 3415 qui
552 3363 618 3402 ex
641 3351 1053 3410 circumcisione
1075 3357 1435 3423 crediderant,
1458 3357 1511 3411 in
1537 3360 1892 3415 convescendi

321 3437 577 3490 societate
604 3440 729 3508 reci,
751 3456 862 3505 ere,
888 3459 954 3498 ne
975 3444 1222 3500 videlicet
1244 3446 1316 3500 illi
1337 3448 1643 3502 scandalum
1665 3450 1896 3506 sustine-

324 3535 460 3590 HN“,
494 3537 546 3580 et
575 3545 695 3583 mox
730 3547 759 3584 a
795 3533 899 3588 ﬁde
926 3535 1102 3590 adhuc
1135 3545 1314 3591 tenera
1354 3539 1454 3592 sub
1487 3540 1587 3594 hac
1611 3541 1895 3597 occasione

319 3617 656 3674 recederent.
700 3622 766 3676 Et
803 3624 923 3679 ideo
943 3626 1032 3694 qui
1062 3643 1182 3681 eum
1205 3629 1453 3698 gentibus
1483 3633 1640 3685 cdere
1668 3647 1893 3688 consue-

317 3717 487 3772 verat,
516 3711 831 3778 quibusdam
881 3731 909 3768 a
958 3716 1160 3772 Jacobo
1185 3721 1540 3788 venientibus,
1596 3723 1664 3777 ab
1705 3738 1891 3778 eorum

313 3808 376 3846 se
398 3800 672 3853 consortio
697 3803 1045 3858 subtrahebat
1076 3823 1089 3858 :
1121 3807 1315 3863 timens
1340 3809 1549 3865 scilicet
1573 3827 1637 3865 ex
1664 3812 1893 3867 circum-

313 3883 516 3939 cisione
535 3890 897 3958 credentibus,
922 3909 1008 3959 ne,
1034 3897 1074 3949 si
1099 3911 1218 3949 eum
1242 3902 1488 3956 convesci
1504 3902 1750 3971 gentibus
1774 3919 1896 3959 cer-

315 3984 528 4040 nerent,
565 3982 800 4046 perfidiae
843 3986 1137 4051 periculum
1195 3991 1544 4045 sustinerent.
1592 3993 1724 4046 Nam
1766 3995 1890 4062 quia

315 4063 508 4121 Petrus
558 4070 630 4122 ita
665 4087 758 4141 per
787 4076 966 4128 omnia
1013 4078 1281 4132 sentiebat
1335 4090 1393 4135 ut
1437 4081 1661 4146 Paulus,
1703 4093 1892 4154 gentes

314 4158 521 4212 scilicet
562 4161 851 4220 observare
913 4167 1048 4222 ritus
1095 4167 1348 4226 Judaicos
1393 4188 1498 4227 non
1535 4173 1751 4238 debere,
1798 4176 1890 4243 qui

324 4246 494 4300 Actus
526 4252 886 4319 apostolorqu
915 4256 1042 4326 legit
1075 4259 1321 4314 dubitare
1370 4278 1474 4317 non
1515 4266 1708 4333 poterit
1737 4283 1749 4318 :
1783 4266 1891 4321 imo

313 4340 473 4410 hujus
509 4348 788 4401 sententia:
820 4350 1024 4418 primus
1062 4364 1250 4407 auctor
1277 4355 1470 4410 Petrus
1510 4357 1654 4410 inter
1674 4368 1892 4425 aposto-

313 4430 392 4484 los
418 4431 785 4491 indubitanter
813 4439 1108 4507 invenitur,
1139 4445 1290 4513 cojus
1317 4461 1456 4499 nunc
1485 4461 1514 4498 a
1547 4444 1712 4502 Paulo
1735 4449 1890 4518 quasi

1996 3247 2109 3302 niet
2134 3248 2188 3302 in
2219 3258 2506 3320 augmenta
2539 3253 2818 3306 virtutum.
2847 3251 3112 3307 Memento
3137 3255 3280 3322 quod
3305 3270 3402 3326 per
3428 3255 3581 3312 Salo.

1949 3361 1952 3364 ’
1995 3355 2211 3394 munem
2240 3341 2469 3396 dicitur:
2493 3361 2512 3394 ‹
2535 3341 2722 3398 Melius
2747 3353 2830 3398 est
2861 3361 2890 3398 a
2918 3344 3160 3412 sapiente
3180 3346 3578 3416 corripi,quam

1995 3432 2281 3485 Stultorum
2329 3433 2636 3488 adulatione
2669 3436 2839 3506 decipi
2872 3435 3067 3505 (Eccle.
3095 3439 3241 3505 \‘ll).)
3271 3439 3416 3493 Talis
3447 3455 3575 3511 ergo

1995 3521 2063 3574 sit
2089 3521 2338 3576 voluntas
2371 3532 2458 3574 tua
2512 3535 2567 3576 ut
2599 3524 2644 3577 is
2672 3524 2834 3578 etiam
2874 3525 2965 3594 qui
3012 3534 3062 3580 te
3105 3525 3246 3581 forte
3281 3527 3466 3580 durius
3491 3544 3578 3581 ar-

1995 3620 2140 3681 guet,
2175 3627 2297 3666 cum
2341 3613 2414 3666 tui
2457 3614 2637 3668 cordis
2665 3615 2962 3669 intentione
2997 3618 3318 3682 concordet;
3349 3627 3404 3672 et
3435 3618 3486 3671 in
3511 3628 3578 3673 eo

1994 3702 2133 3771 quod
2165 3703 2217 3757 in
2245 3713 2294 3758 te
2315 3719 2476 3773 asper
2504 3705 2796 3770 invehitur.
2823 3709 3180 3778 morigeretur
3207 3710 3383 3778 potius
3413 3724 3575 3778 quam

1993 3794 2319 3850 obluctetur.
2358 3795 2720 3852 Praesentibus
2753 3799 2934 3869 itaque
2984 3803 3322 3856 conversatio
3365 3811 3451 3855 tua
3490 3803 3568 3855 Ιιι-

1993 3893 2132 3947 ceat,
2152 3884 2462 3940 absentibus
2491 3885 2633 3940 fatua
2665 3888 2716 3940 in
2746 3887 3119 3943 benedictione
3145 3891 3403 3944 redoleat.
3423 3892 3572 3954 Esto,

1992 3974 2132 4042 quod
2187 3978 2436 4045 superius
2490 3979 2746 4046 diximus,
2777 3995 2903 4050 ager
2954 3989 3009 4036 et
3059 3981 3363 4037 exuberans
3417 3984 3571 4052 copia

1992 4074 2235 4132 segetum
2289 4077 2344 4120 et
2372 4069 2586 4136 spirans
2617 4071 2965 4125 adurentibus
2985 4072 3403 4140 pigmentorum,
3437 4084 3492 4127 ut
3523 4090 3573 4128 ill

1992 4159 2044 4206 te
2081 4167 2294 4222 quoque
2337 4156 2634 4211 delectetur
2688 4159 3032 4228 mnnipotcns
3089 4162 3246 4224 Deus,
3291 4173 3344 4215 et
3383 4163 3570 4215 dicat:

1996 4265 2013 4297 ι
2047 4244 2187 4299 Ecce
2216 4248 2350 4302 odor
2377 4247 2468 4301 lilii
2500 4250 2626 4315 inci,
2662 4251 2800 4304 sicut
2827 4251 2964 4305 odor
3003 4253 3116 4322 agri
3171 4251 3334 4320 pleni.
3369 4253 3453 4306 cui
3481 4254 3556 4305 be-

1990 4337 2194 4390 nedixit
2226 4337 2366 4392 Deus
2399 4338 2550 4409 (Con.
2590 4350 2738 4409 ἣν),
2775 4360 2793 4391 ι
2835 4341 2917 4396 Ut‘
2938 4343 3190 4412 quoniam
3236 4345 3573 4414 Ariprandus

1991 4426 2105 4496 ipse
2145 4429 2376 4496 vocaris,
2409 4445 2531 4486 ares
2559 4433 2753 4509 (ἀρετή)
2782 4442 2961 4487 autem
2989 4435 3161 4488 virtus
3199 4435 3419 4499 dicitur,
3449 4445 3564 4489 tau-

309 4523 692 4588 ριιπνπίοαιοι.
738 4529 1002 4598 arguitur.
1031 4532 1121 4586 Ait
1142 4512 1285 4587 enim
1313 4549 1327 4587 ε
1359 4555 1376 4586 ι
1421 4535 1573 4590 Nunc
1605 4553 1733 4607 ergo
1752 4512 1882 4607 'quid
1913 4512 1964 4571 D
1990 4533 2148 4586 quam
2167 4535 2296 4588 ager
2318 4521 2625 4576 uberrimus
2655 4525 2865 4578 centeni
2893 4523 3036 4580 feras
3065 4524 3272 4580 fructus
3294 4542 3564 4592 acervum,

311 4613 531 4668 teutatis
558 4613 746 4691 Deum,
772 4619 1049 4689 imponere
1065 4622 1253 4693 jugum
1281 4639 1440 4694 super
1459 4627 1697 4682 cervices
1718 4629 1880 4683 disci-

311 4699 580 4770 pulorum,
610 4707 751 4776 quod
781 4723 956 4780 neque
980 4720 1161 4781 patres
1190 4717 1381 4782 nostri,
1411 4731 1585 4788 neque
1613 4733 1712 4773 nos
1751 4735 1893 4789 por--

1988 4619 2043 4663 et
2070 4609 2179 4664 Deo
2208 4609 2495 4678 prandium
2536 4613 2794 4668 merearis
2817 4611 3011 4670 offerre
3038 4615 3319 4669 virtutum.

2309 4720 2389 4777 Sit
2415 4739 2598 4778 nomen
2626 4723 2837 4778 Domini
2864 4727 3205 4778 benedictum.

321 4847 3547 4886 —————..__._____.___________________________________

364 4935 719 5013 mm
757 4963 1533 5072 OPUSCULUM
1580 4965 2714 5092 QUADRAGESIMUM
2792 4972 3501 5077 SEPTIMUM.

1095 5151 1201 5208 1)Ιί
1245 5150 1695 5212 CASTITATE
1733 5153 1836 5213 ΕΤ
1893 5155 2168 5218 MEDIIS
2210 5160 2380 5220 EAM
2417 5162 2732 5222 TUENDI.

303 5346 1054 5436 Αιιεωιεκτωιμ-τῐξςιιηιῖιηρ
1078 5360 1252 5436 nepoti
1283 5359 1424 5413 inter
1445 5368 1666 5415 ctcteras
1698 5363 1927 5436 virtutes
1953 5368 2259 5436 castitatem
2289 5368 2555 5436 prmcipnc
2600 5367 2940 5422 commendat
2971 5385 2983 5420 :
3039 5382 3198 5435 quam
3251 5373 3309 5420 ut
3352 5367 3551 5422 facilius

375 5429 609 5501 tueatur,
639 5427 879 5492 qttotidie
908 5436 965 5501 ut
996 5428 1564 5501 ,Dominicumcorpus
1597 5433 1853 5501 percipiat
1889 5437 2097 5489 stridet.
2140 5427 2340 5490 Deinde
2370 5427 2551 5490 contra
2587 5438 2808 5490 insidias
2841 5427 3100 5491 dientenis
3129 5437 3279 5491 illum
3321 5439 3539 5492 instruit

375 5487 678 5559 Postremo,
711 5503 768 5549 tit
794 5511 852 5550 se
882 5497 1049 5564 priori
1075 5487 1438 5566 cettuuettdet,
1459 5487 1628 5570 pelit':
1661 5487 1818 5571 quem
1852 5487 1917 5559 de

378 5621 619 5680 DAIIANO
646 5630 965 5684 charissima
995 5631 1103 5686 filio
1153 5632 1366 5690 PETBUS
1401 5645 1650 5705 peccator
1693 5651 1875 5688 inena-

311 5715 438 5768 rbus
465 5729 702 5775 uaternte
725 5723 1027 5778 dilectionis
1050 5725 1317 5781 allectum.

2054 5639 2190 5705 Quia
2221 5640 2522 5694 litterarum
2547 5639 2761 5709 gerulus
2801 5639 2960 5694 anxie
3013 5647 3166 5709 parat
3220 5640 3393 5702 exire,
3457 5655 3556 5692 non

1996 5745 2232 5797 possum,
2258 5746 2376 5798 qua:
2410 5732 2662 5784 mittenda
2695 5738 2837 5794 sunt,
2864 5729 3077 5783 climata
3113 5729 3232 5799 styli
3263 5729 3556 5799 digestione
