4138 6320
569 338 666 391 7H

1026 333 1082 387 S.
1112 331 1310 386 PETRI
1355 330 1632 384 DAMIANI
1669 330 1817 385 OPP.
1862 328 2098 385 TUMUS
2134 326 2262 383 SFU
2299 326 2476 382 PARS
2515 327 2597 380 lii.
2629 356 2694 365 —
2721 325 3078 382 OPUSCULA
3118 326 3345 381 VARIA.

3697 331 3809 386 τη

567 447 940 509 conscribere;
1000 453 1158 512 teque
1188 449 1306 497 volo
1341 453 1396 497 ut
1446 453 1625 512 potius
1677 459 1787 497 veri
1833 442 2141 496 consideres
2168 448 2214 504 Α
2244 455 2389 509 ports
2443 449 2675 495 servam
2723 439 3108 508 integritatem.
3162 439 3315 494 Unde
3359 439 3561 493 factum
3610 449 3698 495 est
3746 455 3808 497 ut

567 553 802 598 sensum,
832 550 990 605 quam
1015 535 1294 602 aucuperis
1327 533 1587 588 lettocinia
1618 533 1894 603 phalerata
1937 532 2130 584 verbo-

567 645 704 684 rum.
727 625 942 679 interim
974 624 1174 690 itaque,
1202 623 1328 676 dum
1356 632 1550 691 praesto
1573 622 1870 676 rescribere
1909 633 2133 687 nequeo,

564 717 918 776 suﬂiciathoc
947 715 1039 768 tibi
1067 714 1386 783 simpliciter
1430 714 1620 775 scribi,
1666 712 1808 781 quod
1855 710 2136 764 Timotheo

566 808 710 863 velut
761 821 998 875 requiem
1045 819 1141 872 per
1182 803 1464 873 epistolam
1521 799 1809 869 Apostolus
1847 798 2134 868 prmcipit:

569 919 588 950 ι
619 901 753 954 Dum
780 896 958 956 venio,
991 893 1185 962 inquit,
1215 893 1432 948 attende
1455 890 1696 952 lectioni,
1746 888 2136 952 exhortationi.

559 997 722 1055 atque
756 984 1014 1040 doctrina
1061 980 1112 1052 (Ι
1144 980 1276 1034 Tim.
1304 981 1398 1049 tv).
1431 999 1448 1030 ι
1504 979 1600 1033 Cui
1630 978 1882 1032 nimirum
1925 978 2034 1047 jam
2085 987 2139 1032 et

561 1077 662 1130 ista
690 1074 1055 1145 praemiserat:
1087 1090 1105 1122 ι
1133 1071 1448 1139 Exemplum
1473 1079 1590 1124 esto
1613 1069 1847 1123 fidelium
1872 1067 1924 1121 in
1954 1069 2136 1132 verbo,

565 1168 617 1220 in
647 1165 1081 1226 conversatione,
1118 1162 1173 1217 in
1199 1162 1488 1228 charitate,
1513 1161 1566 1215 in
1599 1159 1722 1224 fide,
1777 1160 1830 1214 in
1887 1159 2138 1213 castitate

563 1256 775 1327 (me).
808 1275 828 1308 ι

1077 1342 1300 1399 CAPUT
1341 1338 1627 1396 PRIMUM.

673 1437 824 1502 Quod
861 1436 1115 1490 castitatis
1136 1437 1297 1488 virtus
1313 1430 1616 1500 junioribus
1648 1427 1909 1497 difﬁcilior
1945 1428 2032 1480 sil.

634 1527 702 1581 Et
725 1536 782 1580 ut
808 1525 873 1580 de
895 1524 1106 1580 exteris
1139 1521 1431 1576 virtutibus
1457 1533 1576 1588 quae
1630 1533 1776 1571 nunc
1819 1532 1917 1586 per
1941 1516 2142 1585 episto-

563 1617 667 1672 lam
691 1625 1020 1672 enumerata:
1068 1623 1192 1668 sunt
1238 1611 1456 1666 interim
1516 1618 1757 1673 taceam,
1812 1607 2139 1671 castitatem,

561 1721 724 1776 quam
760 1706 1002 1760 ultimam
1027 1703 1206 1774 posui,
1235 1716 1341 1755 non
1373 1700 1424 1754 in
1459 1697 1716 1752 membris
1772 1697 2140 1756 tantummodo

2237 539 2478 596 utraeque
2505 529 2838 594 postmodum
2872 541 3086 582 sorores
3116 526 3376 597 eligerent
3395 527 3813 585 sanctimoniale

2237 618 2592 688 propositum,
2618 626 2675 671 et
2695 631 2864 686 usque
2891 619 2956 671 ad
2970 617 3129 672 finem
3151 619 3275 670 vitae
3296 617 3669 672 monachicum
3694 631 3816 673 ser-

2241 715 2433 760 varent
2463 705 3006 776 irreprehensibiliter
3032 705 3359 760 institutum.

2768 835 2926 908 743
2962 836 3188 892 CAPUT
3222 839 3283 893 ιι.

2242 946 2394 1014 Quod
2442 947 2682 1018 frequens
2719 949 3049 1028 eucharistia:
3097 952 3348 1029 susceptio
3372 963 3442 1002 est
3507 953 3810 1022 prwsiditutt

2882 1027 3156 1073 εαειιιαιιε.

2310 1153 2667 1220 Quamobrem
2696 1153 2914 1222 pudeat,
2940 1153 3046 1218 vel,
3071 1168 3105 1207 o
3134 1152 3227 1218 fili,
3249 1153 3380 1208 vitio
3393 1153 3628 1210 libidinis
3648 1171 3813 1211 enero

2239 1246 2401 1304 viter.
2430 1244 2514 1298 vel
2539 1246 2590 1298 in
2613 1245 2942 1312 cogitatione
2965 1245 3339 1309 succumbere,
3371 1244 3439 1298 de
3479 1260 3585 1314 quo
3630 1246 3812 1300 cernis

2241 1336 2593 1390 inﬁrmiorem
2631 1343 2686 1389 et
2738 1334 2980 1404 fragilem
3025 1348 3212 1388 sexum
3270 1350 3393 1389 cum
3438 1344 3584 1389 tanta
3645 1335 3818 1406 gloria.

2242 1426 2608 1496 triumphare:
2636 1435 2711 1491 et,
2741 1435 2797 1480 ut
2828 1427 3148 1480 frementem
3172 1426 3400 1481 bestiam
3427 1428 3625 1490 valeas,
3657 1439 3714 1481 ut
3738 1429 3813 1481 ita

2241 1516 2450 1585 loquar,
2481 1531 2545 1570 ex
2572 1532 2702 1586 agro
2729 1517 2803 1569 tui
2822 1514 2962 1582 juris
2993 1517 3276 1586 expellere,
3308 1527 3494 1589 satage
3527 1528 3600 1582 te,
3624 1518 3811 1583 frater,

2235 1607 2347 1677 jam
2370 1608 2606 1675 quotidie
2631 1607 2894 1676 Dominici
2914 1607 3156 1676 corporis
3203 1617 3258 1662 et
3307 1609 3584 1678 sanguinis
3627 1624 3816 1677 perce-

2243 1699 2422 1767 ptione
2445 1699 2670 1752 munire.
2708 1697 2890 1752 Videat
2910 1697 3152 1752 occultus
3185 1699 3356 1753 hostis
3384 1699 3526 1753 labia
3554 1707 3644 1754 tua
3663 1699 3815 1754 Chri-

562 1799 780 1853 stndeas
801 1812 1018 1852 servare
1037 1793 1334 1864 corporeis,
1356 1791 1448 1845 sed
1477 1790 1593 1844 hmc
1607 1788 1794 1842 eadem
1813 1787 2142 1856 permaximc
2174 1806 2216 1864 Β
2245 1791 2314 1842 sti
2351 1791 2543 1844 rubore
2575 1789 2839 1853 rubentia,
2870 1803 2990 1857 qua:
3045 1789 3263 1842 territus
3310 1789 3705 1858 perhorrescat,
3759 1801 3816 1844 et

563 1897 750 1959 regnet
778 1903 840 1941 ac
869 1888 1047 1958 vigeat
1091 1884 1143 1938 in
1173 1883 1472 1937 visceribus
1497 1879 1694 1934 cordis.
1752 1877 1905 1931 Nulla
1946 1878 2140 1947 quippe

563 1982 734 2035 virtus
767 1989 849 2033 est
891 1994 1012 2047 quae
1051 1977 1102 2030 in
1133 1972 1509 2030 adolescentia:
1539 1971 1668 2024 ﬂore
1697 1970 1943 2039 graviora
1967 1977 2140 2022 certa-

563 2073 705 2126 mina
730 2069 984 2139 perferat,
1024 2082 1180 2135 qnam
1206 2063 1456 2118 videlicet
1487 2060 1633 2114 velut
1667 2059 1719 2112 in
1750 2059 1964 2112 camino
2017 2074 2138 2112 sur-

564 2165 739 2231 gentis
773 2158 1027 2221 incendii,
1089 2155 1362 2210 titillantis
1400 2152 1666 2204 illecebrae
1694 2149 1957 2218 genuinus
1979 2147 2142 2201 ardor

566 2252 862 2318 impugnat.
894 2247 999 2300 Sed
1022 2261 1142 2298 cum
1175 2258 1337 2311 super
1362 2244 1464 2295 hoc
1495 2241 1730 2294 themate
1755 2238 1907 2292 nobis
1928 2237 2143 2291 uberius

566 2342 841 2411 disputare
872 2353 979 2394 non
1003 2336 1184 2401 liceat,
1215 2334 1342 2404 quia
1388 2347 1504 2402 pra:
1533 2329 1698 2382 nimia
1719 2327 1998 2382 celeritate
2036 2342 2141 2381 non

565 2442 741 2496 vacat,
766 2432 892 2501 quid
921 2431 1052 2485 mihi
1077 2427 1414 2497 imperatrix,
1459 2423 1637 2494 Agnes
1663 2419 1789 2473 olim
1819 2419 2024 2473 scilicet
2051 2434 2146 2471 au-

565 2538 659 2577 reo
682 2521 897 2591 quidem
923 2519 1226 2574 diademate
1258 2526 1538 2578 coronata,
1573 2525 1714 2567 nunc
1738 2518 1918 2565 autem
1979 2508 2144 2562 multo

566 2614 776 2668 felicius
811 2621 865 2667 et
879 2609 1374 2680 incomparabiliter
1387 2605 1716 2661 eminentius
1732 2605 1784 2658 in
1806 2603 1946 2673 regis
1958 2601 2141 2658 aeterni

566 2703 802 2757 thalamo
827 2702 1111 2763 collocata,
1139 2695 1517 2765 hesternojam
1549 2695 1840 2764 vespertini
1889 2693 2144 2764 temporis

566 2793 815 2846 elabcnte
844 2789 1186 2858 crepusculo,
1232 2785 1436 2848 retulit,
1486 2784 1573 2838 hic
1620 2792 1883 2835 annotare
1935 2781 2144 2835 succin-

566 2893 652 2937 cte
693 2881 995 2951 raptimque
1021 2894 1124 2932 non
1160 2878 1375 2948 pigeat;
1403 2886 1460 2928 ut
1502 2874 1645 2944 apud
1684 2874 1922 2926 animum
1975 2880 2142 2935 tuum,

566 2991 670 3028 non
698 2982 803 3026 tam
837 2971 1093 3024 laciniosa
1119 2968 1368 3039 loquendi
1396 2965 1677 3036 prolixitas
1731 2978 1891 3032 quam
1923 2961 2147 3030 insignis

565 3063 796 3134 exempli
839 3062 1074 3132 dignitas
1119 3061 1484 3114 convalescat.
1535 3055 1702 3109 Porro
1749 3055 1872 3108 dum
1929 3055 2145 3122 praefata

2243 1895 2368 1932 mox
2427 1880 2478 1932 in
2532 1880 2875 1934 tenebrarum
2937 1893 3156 1931 suarum
3217 1877 3434 1932 latibula
3480 1880 3816 1946 pavescendo

2243 1970 2505 2039 dilingiat.
2533 1970 2683 2036 Quod
2713 1969 2855 2022 enim
2887 1977 2941 2020 ιιι
2969 1983 3064 2036 per
3095 1968 3352 2022 visibilem
3380 1969 3533 2037 panis
3581 1984 3646 2023 ac
3701 1969 3811 2023 vini

2242 2063 2472 2132 speciem
2493 2060 2743 2129 suscipis,
2777 2059 2883 2123 ille,
2909 2058 3058 2123 velit,
3090 2058 3243 2124 nolit,
3284 2058 3545 2113 Dominici
3575 2060 3817 2129 corporis

2243 2169 2305 2208 ac
2327 2153 2602 2222 sanguinis
2627 2151 2872 2220 intelligit
2896 2151 3198 2205 veritatem.

2312 2242 2480 2297 Porro
2506 2250 2684 2296 autem
2715 2244 2902 2295 eadem
2931 2241 3060 2294 mihi
3086 2251 3212 2294 tunc
3257 2239 3577 2295 venerabilis
3626 2239 3813 2309 regina

2243 2334 2486 2390 narravit
2524 2332 2664 2402 quod
2721 2347 2891 2400 nuper
2918 2332 2969 2384 in
3004 2331 3367 2386 Vormaciensi
3393 2330 3642 2396 ecclesia,
3687 2331 3817 2384 dum

2244 2423 2467 2495 longiori
2498 2438 2593 2493 per
2616 2425 2733 2493 negl
2757 2423 2990 2492 gentiam
3017 2430 3066 2476 te
3091 2438 3253 2490 izpore
3277 2421 3605 2476 cucharistia
3639 2436 3819 2476 reser-

2243 2524 2367 2568 vata
2399 2513 2582 2567 fuisset
2605 2512 2658 2566 in
2691 2511 2908 2575 bnxide,
2929 2510 3038 2564 sola
3059 2511 3398 2579 postmodum
3425 2511 3533 2564 illic
3545 2525 3672 2565 caro
3694 2510 3817 2566 fne-

2245 2604 2315 2662 rit
2341 2613 2576 2675 reperta.
2607 2603 2681 2659 lla
2709 2601 2834 2658 dum
2863 2601 3130 2659 curiosius
3155 2601 3206 2658 in
3232 2616 3352 2660 eam
3391 2600 3700 2660 multorum
3733 2601 3815 2658 ri-

2245 2710 2338 2750 sus
2361 2694 2684 2759 intenderet,
2731 2694 2804 2748 nil
2833 2693 2979 2747 aliud
3023 2708 3183 2762 quam
3239 2709 3422 2749 veram
3465 2709 3528 2750 ac
3587 2694 3816 2749 solidam

2244 2801 2462 2841 carnem
2490 2784 2678 2854 procul
2702 2785 2866 2840 dubio
2888 2785 3177 2853 judicaret.

2316 2876 2608 2932 Rainaldus
2630 2878 2792 2931 etiam
2809 2878 3129 2933 venerabilis
3151 2865 3401 2933 Cumanae
3421 2879 3671 2935 Ecclesia:
3690 2896 3822 2950 pono

2249 2966 2378 3022 tifex
2407 2969 2531 3021 dum
2555 2969 2786 3032 adesset,
2809 2970 2951 3038 quod
2984 2970 3084 3024 sibi
3133 2970 3292 3039 paulo
3329 2980 3454 3026 ante
3495 2973 3819 3043 contigerat,

2249 3059 2518 3114 veridicos
2542 3071 2829 3114 enarrator
2877 3060 3124 3130 exposuit
3153 3075 3166 3113 :
3194 3060 3498 3132 Presbyter,
3531 3062 3719 3132 inquit,
3762 3064 3817 3116 in

567 3153 765 3207 Christi
797 3167 1015 3223 sponsa,
1051 3149 1186 3204 etB.
1213 3148 1356 3202 Petri
1394 3146 1522 3211 lilia,
1551 3146 1602 3199 in
1647 3144 1886 3198 omnium
1921 3143 2144 3212 disposi-

2251 3153 2475 3208 ecclesia
2508 3153 2614 3218 cui,
2668 3153 2778 3208 Deo
2808 3163 3050 3218 auctore,
3098 3154 3364 3217 deservio.
3421 3154 3820 3224 bodiequeni.i

575 3245 718 3298 tione
753 3245 1009 3298 virtutum
1047 3239 1436 3296 delectabiliter
1465 3237 1728 3306 pascitur,
1763 3236 1814 3290 in
1866 3236 2145 3289 tractanda

574 3347 752 3389 tamen
795 3330 1062 3386 castitatis
1091 3328 1468 3399 pudicitichue
1523 3325 1786 3379 munditia
1826 3326 2149 3393 propensius

571 3422 910 3476 immoratur.
949 3419 1099 3474 Unde
1121 3417 1320 3472 factum
1344 3425 1427 3471 est
1450 3425 1530 3480 ut,
1588 3416 1713 3469 dum
1771 3413 2024 3469 nonnulla
2082 3416 2148 3468 de

571 3512 745 3566 salute
794 3510 1096 3564 animarum
1137 3507 1337 3560 mutuis
1379 3504 1846 3559 confabularcmur
1898 3503 2146 3572 eloquiis,

568 3611 624 3654 et
649 3601 915 3669 praecipue
937 3599 1091 3667 quasi
1121 3598 1380 3666 quosdam
1411 3610 1756 3650 versaremus
1799 3597 1852 3650 in
1895 3597 2148 3652 manibus

573 3691 848 3744 vernantis
889 3687 1140 3742 ﬂosculos
1181 3685 1464 3749 castitatis,
1510 3685 1598 3738 illa
1652 3687 1752 3739 hoc
1804 3686 1855 3739 in
1915 3687 2147 3741 medium

575 3781 799 3852 protulit
832 3799 845 3833 :
875 3779 1162 3847 Postquam
1191 3779 1504 3845 imperator,
1549 3777 1744 3844 inquit,
1777 3775 1901 3830 Otto
1925 3792 2148 3846 regnum

571 3873 737 3928 Italia:
769 3869 1092 3939 Berengario
1127 3868 1298 3923 victor
1328 3869 1528 3937 eripuit
1576 3867 1689 3938 (25)
1719 3906 1736 3933 ,
1781 3877 1966 3937 captas
2006 3867 2150 3922 illico

573 3966 709 4018 duas
728 3962 845 4031 ejus
873 3961 1008 4016 filias
1033 3960 1085 4014 itt
1111 3958 1436 4014 Teutonicas
1459 3968 1643 4029 partes
1673 3958 1863 4013 exsilio
1891 3961 2147 4012 transmi—

573 4055 768 4126 gravit.
819 4055 949 4120 Qua:
978 4049 1257 4114 nitnirmn,
1307 4050 1434 4104 dum
1488 4049 1695 4103 venusti
1744 4049 1921 4103 vultus
1973 4050 2151 4119 specie

572 4161 626 4201 et
657 4146 849 4216 insigni
877 4159 1162 4216 corporum
1195 4141 1598 4213 pulchritudine
1654 4157 1840 4211 regum
1885 4140 2154 4195 referrent

571 4237 787 4308 generis
814 4235 1154 4306 dignitatem,
1181 4239 1459 4302 cmperunt
1505 4230 1657 4284 multi
1695 4229 1842 4301 regni
1899 4242 2152 4300 proceres

572 4327 814 4383 Adelaidi
841 4326 1096 4396 Augusta:
1122 4324 1469 4378 vehementer
1510 4321 1780 4384 insistere,
1820 4330 1880 4374 ut
1913 4329 2017 4374 tam
2044 4319 2152 4374 elc-

576 4418 750 4486 gantis
789 4417 974 4470 fornae
1002 4415 1168 4469 decus
1199 4411 1367 4466 dotali
1411 4410 1512 4464 sibi
1567 4418 1908 4463 mererentur
1959 4407 2152 4477 copula

2249 3244 2406 3300 fallor
2429 3244 2648 3309 advivit,
2681 3246 2772 3314 qui
2797 3254 2904 3298 tam
2933 3259 3152 3313 parvam
3198 3260 3260 3298 ac
3292 3259 3505 3299 tenuem
3533 3245 3586 3299 in
3608 3245 3823 3298 littera-

2251 3352 2370 3391 rum
2396 3335 2558 3390 habet
2575 3335 2817 3390 doctrina
2842 3335 3109 3398 notitiam,
3143 3343 3201 3388 ut
3228 3345 3413 3404 aperte
3440 3350 3658 3404 quoque
3677 3335 3819 3388 scri-

2249 3426 2446 3496 ptionis
2467 3424 2752 3480 articulum
2775 3423 3077 3494 syllabatim
3105 3425 3191 3478 vix
3216 3423 3389 3478 valeat
3417 3423 3622 3493 legere;
3652 3423 3819 3475 nimia

2252 3527 2428 3572 tamen
2451 3524 2767 3586 paupertate
2819 3517 3158 3577 constrictus,
3220 3527 3488 3584 utcunque
3533 3515 3818 3569 missarum

2249 3609 2460 3678 cogitur
2485 3608 2741 3661 solemnia
2765 3607 3056 3661 celebrare.
3090 3605 3186 3660 llic
3216 3606 3504 3674 aliquando
3553 3605 3678 3658 dum
3725 3619 3818 3657 sa-

2248 3700 2324 3754 cri
2354 3699 2590 3752 muneris
2619 3697 2998 3753 eucharistiam
3025 3697 3544 3764 dctulissetaagroto,
3589 3705 3649 3748 ut
3698 3703 3820 3748 erat

2250 3789 2435 3858 utique
2463 3793 2616 3843 deses
2659 3803 2723 3840 ac
2773 3787 3068 3857 negligens,
3121 3787 3511 3855 aliquantulum
3561 3784 3823 3838 Dominiii

2250 3880 2525 3951 sanguinis
2556 3879 2812 3934 remansit
2839 3880 2892 3932 in
2922 3878 3109 3932 calice.
3140 3878 3289 3943 Quod
3309 3892 3432 3931 cum
3455 3876 3542 3930 ille
3569 3877 3618 3928 in
3649 3874 3820 3928 eccle-

2249 3971 2384 4026 siam
2415 3970 2628 4025 rediens
2683 3969 3051 4038 comperisset,
3101 3968 3191 4021 sed
3232 3965 3447 4020 fastidio
3497 3964 3820 4035 praepeditus

2249 4061 2512 4116 noluisset
2538 4061 2814 4130 accipere,
2846 4075 2968 4113 mox
2990 4057 3210 4113 calicem
3237 4057 3385 4119 lavit,
3439 4067 3493 4109 et
3530 4057 3582 4109 in
3611 4055 3820 4108 labrum

2249 4165 2611 4204 marmoreum
2666 4151 2716 4203 in
2747 4164 2853 4217 quo
2877 4158 2994 4202 erat
3022 4162 3160 4215 aqua
3191 4145 3550 4207 sanctiﬁcata,
3577 4143 3821 4211 projecit.

2250 4238 2339 4304 Et,
2371 4254 2405 4294 ο
2435 4254 2683 4308 magnum
2711 4237 2906 4292 divina:
2929 4237 3141 4290 virtucs
3188 4235 3478 4289 indicium!
3510 4234 3652 4287 illam
3685 4232 3821 4285 labri

2250 4339 2458 4400 partem
2487 4344 2644 4398 quam
2672 4329 2724 4383 id
2753 4329 2892 4397 quod
2920 4325 3144 4381 effusum
3165 4336 3250 4381 est
3271 4325 3335 4379 de
3360 4323 3544 4388 calice,
3573 4321 3822 4390 contigit,

2253 4420 2305 4474 in
2341 4433 2691 4489 sanguineum
2711 4418 2962 4472 ruborem
2992 4424 3209 4486 repente
3251 4414 3538 4478 convertit,
3566 4413 3650 4467 ubi
3680 4411 3825 4466 scili-

574 4508 799 4561 sociare.
855 4506 984 4570 Qua:
1015 4503 1269 4557 nimirum
1322 4500 1512 4570 puella:
1571 4501 1696 4554 dum
1735 4514 1922 4553 omnes
1958 4514 2144 4568 procos

2255 4521 2340 4568 cct
2361 4511 2479 4565 duae
2501 4507 2731 4576 majores
2763 4517 2926 4578 guttae
2960 4506 3236 4576 sanguinis
3258 4506 3666 4575 exprimuntur;
3725 4503 3825 4555 sed

573 4611 725 4665 aequa
757 4609 974 4664 prorsus
994 4591 1371 4660 dedignatione
1395 4596 1819 4651 contemnerent,
1851 4596 1905 4640 et
1928 4587 2154 4642 mortale

575 4683 882 4754 conjugium
935 4690 1140 4736 sancta:
1180 4677 1443 4748 superbia:
1487 4675 1775 4747 supercilio
1823 4675 2150 4743 fastidirent,

574 4795 679 4833 una
704 4777 914 4832 illarum
940 4776 1073 4830 duos
1118 4773 1359 4844 pulcinos
1387 4771 1498 4826 suis
1548 4769 1801 4824 uberibus
1847 4771 2148 4840 supposuit,

573 4880 630 4926 et
670 4869 852 4924 tandiu
911 4867 1053 4922 inter
1107 4875 1311 4919 vestem
1339 4873 1394 4917 et
1430 4878 1672 4940 carnem,
1715 4861 1885 4916 donec
1930 4861 2149 4916 etnnino

575 4968 966 5032 putrescerent,
998 4956 1311 5012 occultavit.
1339 4954 1580 5023 Cumque
1606 4952 1944 5022 conspiceret
1969 4951 2142 5005 homi-

577 5066 674 5106 nes
701 5050 767 5104 ad
791 5065 945 5104 suum
970 5046 1152 5102 venire
1177 5044 1525 5112 colloquium,
1559 5041 1774 5096 laxabat
1810 5041 2022 5096 occulte
2057 5053 2146 5093 ve-

578 5150 736 5203 stem,
773 5148 828 5193 et
853 5139 1073 5192 naribus
1103 5133 1524 5203 colloquentiom
1573 5131 1842 5201 gaudebat
1892 5128 2148 5184 exhalare

579 5233 824 5286 fetorem.
849 5229 1091 5298 Cumque
1121 5227 1484 5297 colloquentes
1513 5225 1560 5279 ei
1591 5225 1731 5278 hanc
1774 5222 2013 5292 quotidie
2055 5237 2150 5275 na-

581 5325 719 5376 rium
754 5329 1062 5390 paterentur
1110 5319 1382 5386 iniuriam,
1429 5317 1642 5371 tandem
1694 5314 1924 5369 cessavit
1965 5312 2148 5367 delusa

580 5411 878 5467 sollicitudo
900 5412 1271 5480 quaerentium,
1303 5419 1358 5464 et
1390 5411 1541 5480 virgo
1561 5407 1782 5472 Christi,
1812 5421 1906 5476 per
1931 5404 2152 5459 simula-

565 5491 686 5560 tam
718 5504 901 5558 carnis
929 5503 1119 5557 aliena:
1155 5503 1517 5573 putredinem,
1549 5498 1912 5556 inviolabilem
1933 5497 2016 5552 sui
2038 5512 2154 5552 cor-

649 5681 760 5752 (25)
801 5680 956 5734 Anno
975 5675 1178 5734 Christi
1207 5677 1321 5732 95L

2252 4615 2429 4671 neque
2459 4600 2580 4665 illae,
2607 4615 2780 4670 neque
2805 4599 2924 4653 alia:
2950 4613 3070 4667 quae
3108 4597 3260 4667 juxta
3288 4597 3538 4650 videntur
3583 4609 3702 4648 esse
3725 4592 3830 4645 mi-

2251 4692 2510 4758 nusculae,
2549 4692 2695 4747 nullo
2720 4698 2943 4762 possunt
2961 4689 3137 4744 studio
3160 4688 3241 4743 vel
3269 4687 3410 4742 ablui
3456 4685 3541 4742 vel
3563 4684 3824 4753 ahszeigi,

2249 4801 2356 4856 quo
2384 4785 2545 4840 rubor
2574 4783 2820 4853 impressi
2844 4781 3118 4852 sanguinis
3139 4780 3474 4848 aliquatenus
3493 4777 3669 4830 valeat
3695 4776 3828 4829 aboo

2249 4877 2369 4932 leri.
2401 4877 2534 4932 Cum
2564 4891 2695 4945 ergo
2745 4889 3046 4945 purpureus
3074 4873 3164 4927 ille
3216 4887 3379 4926 cruor
3417 4879 3523 4924 tam
3566 4867 3831 4923 tenaciter

2249 4968 2468 5023 haeserit
2497 4967 2549 5019 in
2580 4979 2706 5020 vase
2738 4964 2966 5036 lapideo,
3005 4968 3262 5032 quantum
3309 4969 3559 5030 putamus
3604 4956 3693 5024 jus
3723 4954 3828 5010 sibi

2247 5059 2532 5131 potestatis
2586 5057 2823 5112 vindicat
2857 5056 3030 5109 virtus
3080 5054 3170 5108 illa
3227 5051 3464 5108 etelestis
3504 5051 3558 5104 in
3612 5056 3832 5119 pectore

2249 5151 2710 5209 Christianoillis
2753 5150 2932 5218 itaque
2975 5146 3283 5203 caelestibus
3330 5141 3705 5205 sacramentis,
3754 5138 3830 5192 lili

2249 5243 2594 5309 cbarissime,
2622 5252 2673 5297 te
2701 5240 3036 5310 frequentius
3060 5237 3272 5293 munire
3300 5249 3405 5289 non
3435 5230 3674 5291 differas.
3704 5227 3831 5297 qui-

2255 5339 2356 5393 bus
2374 5335 2624 5392 videlicet
2648 5333 2926 5389 diabolica:
2946 5329 3195 5387 versutize
3219 5337 3273 5381 et
3319 5322 3555 5381 subdolae
3619 5318 3832 5374 machi-

2259 5429 2493 5484 nationis
2550 5435 2869 5494 argumenta
2917 5420 3166 5492 repellas.
3225 5417 3556 5472 Praecinctus
3598 5412 3830 5478 erigere,

2259 5529 2574 5577 constanter
2601 5527 2763 5587 atque
2788 5517 3042 5570 robustus
3065 5521 3147 5567 sta
3189 5522 3403 5577 semper
3431 5505 3485 5561 in
3533 5503 3676 5567 acie,
3730 5513 3834 5554 nec
