4138 6320
302 527 409 582 ἾΙὸ

1369 513 1616 574 OPUSC.
1649 509 1856 570 XLVII.
1883 538 1953 550 —-
1981 507 2070 564 DE
2101 501 2508 597 CASTITATE.

3478 461 3587 555 vit

303 637 524 706 ignores
546 628 945 687 indeticientem
979 627 1348 686 adversarium
1373 635 1565 685 contra
1613 632 1668 682 te
1710 621 1896 679 infati-
1921 627 1976 690 Α
1999 618 2080 674 Ad
2111 633 2276 691 quam
2314 631 2505 672 vocem
2533 622 2733 686 praesto
2762 614 3026 680 diabolus,
3052 613 3169 684 ejus
3195 630 3314 687 quae
3354 614 3593 672 dormie-

304 723 556 796 gabiliter
584 720 866 777 dimicare.

830 825 994 900 744.
1027 824 1252 882 CAPUT
1292 823 1380 881 ιιι.
1416 873 1421 878 .

303 919 555 978 Diabolus
581 918 922 988 transﬁgurat
950 935 1005 972 se
1032 919 1085 972 in
1128 917 1372 989 angelum
1413 915 1570 982 lacis,
1618 925 1671 968 ut
1721 928 1904 968 mona-

870 990 1024 1043 cham
1072 989 1319 1059 decipiat.

372 1081 585 1136 Interea
608 1079 734 1135 dum
766 1079 880 1134 haec
902 1077 1113 1147 loquor,
1156 1085 1212 1132 et
1261 1075 1388 1132 illud
1419 1092 1562 1132 nunc
1595 1075 1661 1129 ad
1699 1087 1903 1129 mento-

304 1172 443 1228 riam
473 1172 634 1237 redit,
677 1171 820 1240 quod
881 1165 1282 1224 llildehrandtis
1331 1166 1590 1222 Romanae
1643 1164 1902 1220 Ecclesia:

303 1253 750 1330 archidiaconus,
803 1265 1010 1322 eisdem
1038 1263 1132 1334 qui
1176 1261 1427 1332 superius
1457 1259 1746 1315 memorati
1777 1264 1907 1313 sunt

301 1371 358 1438 et
378 1361 634 1432 episcopo
655 1358 1016 1429 praesentibus
1041 1355 1228 1412 retulit
1259 1372 1272 1409 :
1307 1354 1473 1419 Duos,
1509 1353 1706 1424 inquit,
1767 1366 1899 1406 san-

302 1466 418 1512 ctos
446 1454 740 1510 monachos
760 1452 894 1517 vidi,
921 1459 976 1508 et
1003 1465 1109 1505 non
1149 1449 1478 1504 mediocrem
1509 1447 1650 1516 apud
1702 1460 1798 1501 eos
1829 1443 1907 1498 lo-

303 1563 426 1604 cum
450 1543 838 1600 familiaritatis
863 1542 1102 1608 obtinui;
1131 1538 1224 1612 qui
1251 1539 1508 1594 nimirum
1540 1536 1765 1607 singulis
1793 1550 1909 1590 mo-

302 1638 566 1692 rabantur
593 1636 646 1691 in
671 1633 900 1699 cellulis,
932 1634 1074 1702 apud
1097 1630 1485 1688 monasterium
1528 1629 1672 1700 quod
1707 1629 1760 1682 in
1788 1627 1909 1683 loco

301 1737 675 1787 constructum
709 1736 792 1783 est
820 1727 913 1797 qui
938 1725 1136 1781 dicitur
1165 1724 1515 1795 Aquisgrani,
1551 1736 1784 1793 quorum
1829 1720 1911 1774 vi-

302 1820 502 1876 delicet
525 1818 682 1884 alter,
706 1817 799 1888 qui
824 1815 1048 1886 majoris
1072 1816 1357 1870 videbatur
1380 1828 1501 1871 esse
1521 1811 1904 1882 simplicitatis,

303 1910 740 1976 Marinus;alter
788 1918 967 1963 autem
1021 1908 1298 1962 Romanus
1349 1905 1651 1960 vocabatur
1689 1901 1908 1973 proprio

2003 711 2100 765 bat
2146 707 2376 778 efﬁgiem
2443 716 2886 776 repraesentans,
2938 707 3204 772 accessit;
3260 715 3312 764 et
3373 716 3594 763 mutuos

2001 801 2280 858 reddendo
2309 800 2626 864 versiculos,
2674 799 2905 870 psallere
2934 799 3098 854 simul
3130 799 3330 870 coepit;
3364 814 3598 870 cumque

2003 895 2071 950 ad
2103 894 2252 949 illum
2292 893 2536 964 psalterii
2565 893 2743 948 locum
2774 890 3144 947 modulatione
3172 893 3428 946 continua
3472 907 3598 963 per-

2005 987 2283 1042 venissent
2332 985 2423 1039 ubi
2474 984 2673 1039 dicitur
2704 999 2718 1037 :
2755 1002 2774 1036 ι
2805 983 3072 1054 Exsurgat
3115 982 3288 1048 Deus,
3337 992 3391 1038 et
3431 981 3596 1040 dissi-

2004 1086 2204 1148 pentur
2233 1075 2439 1131 inimici
2472 1077 2609 1147 ejus,
2641 1085 2697 1130 et
2724 1075 2932 1146 fugiant
2964 1091 2994 1128 a
3031 1075 3170 1129 facie
3206 1075 3321 1145 ejus
3349 1074 3443 1145 qui
3467 1076 3601 1131 ode-
3649 1135 3655 1142 ,

2008 1183 2267 1228 runteum
2289 1191 2300 1227 :
2320 1173 2460 1228 sicut
2481 1173 2874 1238 delicitfumus,
2895 1173 3152 1229 deficiant
3171 1172 3344 1243 (Psal.
3367 1174 3591 1245 LXVII),D

2008 1272 2063 1318 et
2092 1264 2299 1334 reliqua
2334 1281 2346 1318 :
2380 1264 2468 1318 hic
2499 1263 2645 1318 illico
2677 1263 2947 1332 malignus
2987 1263 3210 1334 spiritus
3241 1264 3510 1330 substitit,
3545 1273 3602 1319 et.

2009 1354 2110 1410 bos
2138 1356 2448 1426 exprimere
2478 1353 2780 1410 versiculos
2805 1369 2913 1409 non
2939 1355 3304 1426 prresumpsit.
3339 1353 3454 1409 Hoc
3477 1370 3604 1409 sane

2009 1453 2096 1498 cla
2125 1443 2322 1500 mulier
2350 1460 2475 1499 cum
2503 1447 2642 1515 apud
2671 1460 2730 1500 se
2762 1445 3338 1516 miraretur,expavit;
3365 1455 3441 1512 et,
3461 1447 3608 1517 quod
3664 1429 3672 1512 I,

2009 1546 2169 1603 erat,
2209 1552 2315 1592 non
2367 1537 2604 1592 inaniter
2649 1529 2968 1608 suSpicans,
3011 1537 3222 1608 signum
3267 1539 3370 1594 sibi
3407 1550 3609 1595 sancta:
3662 1548 3670 1575 -'

2012 1631 2192 1685 crucis
2218 1631 2496 1700 imposuit,
2532 1631 2826 1700 statimque
2850 1631 3121 1701 malignus
3146 1631 3318 1687 hostis
3342 1634 3565 1687 evanuit
3591 1650 3606 1698 ;

2011 1730 2065 1778 et
2111 1710 2247 1792 quis
2278 1732 2424 1778 esset
2469 1723 2560 1792 qui
2605 1732 2808 1777 sanctm
2852 1723 3067 1784 mulieri
3112 1723 3390 1793 psallendu
3428 1739 3612 1780 comes

2011 1816 2330 1880 exstiterat,
2358 1830 2434 1874 _se
2483 1815 2858 1893 fraudulenter
2901 1815 3224 1871 occultando
3268 1819 3609 1872 monstravit.

2015 1907 2154 1962 lluic
2189 1908 2352 1962 etiam
2381 1907 2677 1962 venerabili
2714 1917 2977 1963 matrona:
3017 1909 3296 1963 nocturnis
3335 1909 3484 1965 boris
3514 1925 3610 1964 nea

304 2002 541 2057 nomine.
576 1998 681 2055 Sed
707 1997 945 2053 Marinus
973 1997 1062 2051 vix
1094 1995 1199 2050 ulla
1235 1996 1350 2051 dies
1403 2003 1524 2075 erat
1564 1993 1615 2048 in
1646 2009 1752 2062 (tua
1792 1992 1907 2047 ἀίει·
1938 1999 1986 2059 Β
2013 2015 2175 2070 quam
2215 2001 2442 2071 spiritus
2480 2001 2720 2079 cadaver
2753 2001 3032 2069 cujusdam
3081 2003 3318 2058 hominis
3346 2045 3360 2068 ,
3392 2004 3484 2073 qui
3514 2019 3614 2074 pro

304 2093 490 2150 bolum
522 2091 607 2146 vel
630 2106 730 2160 per
753 2090 987 2160 speciem
1018 2087 1255 2157 aliquam
1307 2101 1414 2141 non
1451 2085 1758 2161 aspiceret,
1818 2081 1903 2137 vel

307 2200 406 2255 per
429 2185 700 2241 somnium
728 2197 834 2237 non
867 2179 1103 2245 audiret,
1137 2180 1271 2233 adeo
1320 2186 1380 2232 ut
1433 2177 1693 2246 antiquus
1734 2172 1907 2229 hostis

304 2274 409 2338 sibi
441 2291 583 2348 saepe
617 2271 1012 2345 compsalleret,
1039 2270 1305 2340 simulque
1334 2262 1460 2348 cum
1485 2282 1550 2322 eo
1569 2266 1764 2321 divinm
1793 2264 1909 2317 lau-

307 2365 395 2427 dis
423 2345 597 2423 cilicia
645 2365 968 2421 celebraret.
1025 2362 1334 2433 Aliquando
1382 2345 1513 2414 vero
1563 2359 1908 2414 tenebrarum

302 2470 498 2518 auctor
525 2477 586 2516 se
611 2459 1016 2530 transﬁguravit
1039 2459 1090 2512 in
1121 2457 1371 2528 angelum
1395 2456 1548 2518 lucis,
1575 2455 1735 2525 eique
1753 2454 1909 2525 quasi

308 2541 487 2626 legem
513 2553 765 2609 dictando
810 2550 1135 2605 mandavit:
1169 2550 1335 2614 Cave,
1392 2547 1592 2618 inquit,
1645 2547 1771 2618 quia
1817 2545 1911 2614 qui

308 2644 562 2717 angelum
604 2643 700 2700 Dei
739 2653 795 2700 et
833 2643 1077 2713 aspicere
1116 2650 1172 2696 et
1207 2640 1404 2710 alloqui
1453 2638 1723 2702 meruisti,
1772 2637 1911 2692 indi-

310 2753 477 2810 gnum
516 2745 602 2792 est
646 2746 705 2792 ut
747 2737 814 2799 de
857 2744 1055 2791 caetero
1103 2750 1226 2788 cum
1291 2731 1602 2787 hominibus
1651 2729 1911 2801 loquaris.

307 2829 564 2885 Protinus
578 2827 696 2894 ille,
717 2835 974 2898 tanquam
996 2825 1308 2881 mandatum
1324 2824 1580 2878 divinitus
1593 2822 1914 2892 accepisset,

305 2937 339 2976 a
371 2922 601 2976 fratrum
633 2933 693 2975 se
749 2919 992 2974 funditus
1039 2915 1401 2972 collocutione
1447 2914 1699 2978 removit,
1751 2927 1918 2986 seque

297 2995 410 3069 sub
435 3012 607 3084 rigida
629 3010 830 3068 silentii
853 3024 1082 3065 censura
1116 3007 1467 3063 constrinxit.
1499 3006 1598 3061 Cui
1627 3021 1752 3060 cum
1801 3003 1915 3060 fra-

310 3113 396 3160 ter
426 3103 706 3158 Romanus
749 3102 960 3171 primo,
1018 3097 1212 3153 deinde
1261 3097 1429 3152 abbas
1458 3088 1814 3161 monasterii,
1861 3101 1921 3149 ut

308 3198 414 3253 sibi
451 3197 764 3267 loqueretur
817 3195 1172 3250 vehementer
1207 3192 1503 3256 insisteret,
1534 3198 1591 3246 et
1645 3190 1735 3244 ille
1781 3205 1919 3260 pra:-

310 3290 488 3345 dantis
513 3283 675 3346 lahiis
701 3285 894 3358 (suppl.
926 3299 1246 3356 responsum
1280 3281 1356 3338 vel
1381 3282 1511 3353 quid
1547 3280 1742 3350 simile)
1806 3295 1915 3335 non

2010 2095 2123 2150 suis
2167 2085 2465 2150 seeleribus
2506 2110 2777 2166 appensus
2816 2094 3024 2162 fuerat,
3069 2095 3282 2162 attulit;
3314 2105 3390 2162 et,
3434 2107 3494 2149 ut
3535 2095 3612 2151 illi

2012 2193 2277 2239 terrorem
2323 2185 2629 2250 incuteret,
2665 2185 2971 2256 bujusmodi
3019 2186 3154 2250 sibi,
3189 2195 3248 2240 ut
3279 2186 3351 2240 ita
3395 2186 3613 2256 loquar,

2015 2276 2237 2331 xenium
2292 2277 2626 2346 procuravit.
2667 2277 2797 2344 Quae
2829 2293 2952 2331 mox
2986 2277 3167 2332 abbati
3209 2278 3309 2333 loci
3356 2277 3615 2332 fratrum—

2011 2383 2119 2438 que
2141 2367 2430 2423 conventui
2470 2367 2598 2438 quid
2644 2367 2748 2424 sibi
2783 2369 3146 2438 nequissimus
3186 2369 3358 2424 hostis
3399 2369 3618 2425 fecisset

2016 2458 2283 2525 innotuit;
2324 2467 2487 2528 atque
2525 2467 2584 2513 ut
2623 2475 2722 2530 pro
2750 2459 2842 2514 illo
2878 2461 3078 2516 misero
3113 2461 3312 2516 fratres
3338 2477 3528 2517 omnes
3559 2463 3618 2517 in

2015 2565 2304 2606 commune
2332 2567 2525 2622 preces
2561 2551 2902 2610 ell'uuderent
2926 2592 2942 2620 ,
2983 2555 3237 2610 obnoxiis
3278 2555 3345 2627 If.
3376 2555 3614 2627 obnixis]

2015 2645 2274 2715 precibus
2304 2647 2632 2716 impetravit.
2674 2645 3025 2703 Postmodum
3052 2661 3183 2703 vero
3231 2647 3444 2704 cuidam
3477 2648 3619 2703 divi-

2019 2740 2166 2794 nitus
2193 2738 2491 2794 revelatum
2519 2748 2622 2805 est,
2651 2755 2750 2810 per
2771 2741 3049 2796 orationes
3077 2741 3304 2796 fratrum
3333 2742 3480 2797 illum
3515 2741 3622 2798 mi-

2019 2831 2378 2887 sericordiam
2405 2843 2785 2887 consecutum.
2822 2832 2915 2887 Sic
2949 2832 3134 2903 itaque
3161 2835 3420 2904 deceptus
3449 2833 3624 2889 hostis

2021 2921 2318 2990 antiquus,
2375 2921 2466 2991 qui
2519 2923 2646 2976 dum
2700 2922 2903 2977 viventi
2951 2922 3302 2977 machinatur
3350 2921 3620 2989 illudcre,

2016 3012 2285 3083 jacturam
2316 3013 2531 3082 cogitur
2562 3013 2629 3066 de
2660 3021 2878 3066 mortuo
2908 3013 3201 3068 sustinere.

2559 3136 2561 3138 -
2660 3105 2888 3161 CAPUT
2926 3106 2990 3162 V.

2327 3196 2648 3253 Christiana:
2677 3197 2953 3251 cltaritatis
2979 3195 3293 3268 exemplum.

2045 3330 2051 3336 .
2096 3290 2178 3345 Ad
2211 3291 2312 3346 hoc
2344 3290 2510 3361 igitur
2545 3299 2600 3344 et
2629 3288 2937 3358 hujusmodi
2982 3289 3264 3348 diabolicae
3309 3293 3626 3350 tentationis

317 3381 594 3449 mitteret;
632 3381 817 3445 abbas,
850 3379 996 3436 fores
1023 3376 1233 3433 cellula:
1279 3375 1548 3431 violenter
1581 3375 1913 3444 irrumpens,

2024 3387 2120 3442 tibi
2164 3397 2540 3458 preponuntur
2569 3387 2839 3458 exempla,
2871 3396 2930 3442 ut
2974 3397 3028 3443 ct
3059 3389 3176 3459 ipse
3207 3399 3398 3446 contra
3444 3393 3624 3450 hostis

311 3473 488 3544 dignis
510 3473 859 3530 indiscretum
888 3471 1112 3526 fratrem
1145 3469 1464 3526 verberibus
1484 3469 1795 3540 castigavit,
1856 3477 1914 3523 et

310 3567 396 3624 sic
427 3567 496 3623 ad
522 3566 851 3623 reddendum
885 3563 1152 3622 sermonis
1199 3562 1436 3619 ollicium
1493 3561 1774 3632 compulit.
1816 3560 1916 3617 Cui

312 3673 440 3714 mox
470 3658 871 3713 admonendum
896 3654 1182 3726 subjunxit
1212 3672 1225 3708 :
1250 3654 1474 3718 Idcirco,
1524 3652 1717 3722 inquit,
1775 3653 1917 3707 anti-

312 3767 454 3825 quus
485 3750 854 3816 adversarius,
874 3752 1141 3807 bonorum
1170 3765 1385 3820 semper
1400 3761 1623 3819 operum
1643 3747 1915 3814 inimicus,

314 3842 591 3898 silentium
623 3842 716 3896 tibi
752 3842 979 3898 tentavit
1011 3841 1312 3911 imponere,
1336 3848 1396 3895 ut
1449 3848 1504 3894 et
1558 3849 1614 3893 tu
1677 3839 1915 3895 fructum

316 3936 570 3991 fraterna:
619 3934 992 3992 ludificationis
1035 3934 1355 3999 amitteres,
1411 3939 1467 3989 et
1518 3932 1597 3987 illi
1639 3933 1730 4004 qui
1781 3949 1810 3987 ιι
1868 3942 1918 3988 te

318 4029 634 4085 sublevandi
699 4037 858 4085 erant
906 4036 1010 4083 tute
1056 4025 1442 4082 consolationis
1493 4025 1752 4079 auxilium
1811 4041 1916 4080 non

316 4120 601 4178 haberent.
639 4119 730 4176 Sic
762 4122 948 4191 itaque
983 4118 1175 4184 frater,
1209 4117 1336 4188 quia
1388 4131 1496 4170 non
1540 4115 1772 4181 malitia,
1823 4116 1917 4170 sed

316 4229 388 4272 ex
415 4215 762 4286 simplicitate
814 4221 1160 4286 peccaverat,
1211 4212 1279 4266 ad
1308 4219 1546 4267 mentem
1595 4210 1919 4281 quantocius

319 4307 504 4372 rediit,
519 4314 594 4372 et,
627 4313 936 4374 contempta
973 4301 1317 4375 suggestione
1344 4299 1564 4365 diaboli,
1592 4300 1918 4355 admonitio-

317 4400 481 4457 nibus
515 4399 588 4470 pii
618 4398 788 4471 patris
819 4396 1098 4451 lmmiliter
1125 4393 1420 4464 acquievit.

395 4493 502 4550 Sed
523 4494 651 4548 dum
681 4501 752 4558 te,
780 4491 853 4546 tili
886 4491 980 4557 mi,
1011 4491 1079 4546 ad
1106 4489 1449 4544 evacuandas
1479 4486 1686 4557 antiqui
1743 4486 1918 4541 hostis

320 4585 546 4644 insidias
567 4599 800 4655 provoco
825 4622 840 4648 ,
873 4582 1002 4652 quid
1045 4580 1267 4652 praefata
1301 4579 1485 4649 regina
1530 4577 1777 4633 retulerit
1819 4593 1916 4631 au-

323 4681 470 4736 disse
489 4694 557 4734 ex
588 4694 682 4734 ore
735 4678 878 4733 heati
925 4675 1122 4732 Leonis
1162 4674 1290 4728 noni
1349 4672 1611 4727 Romanae
1665 4670 1919 4726 Ecclesiae

322 4775 618 4847 pontificis,
651 4787 757 4827 non
779 4771 997 4828 omitto.
1050 4768 1144 4824 Ait
1184 4767 1366 4836 itaque
1410 4765 1700 4836 praedictus
1731 4778 1866 4834 papa
1903 4782 1915 4817 :

323 4869 504 4923 Amila
537 4882 678 4932 mea,
699 4861 1129 4921 sanctimonialis
1158 4859 1374 4924 ell‘ecta,
1423 4859 1476 4911 in
1501 4855 1738 4927 quodam
1778 4857 1924 4910 viro-

322 4973 445 5015 rum
478 4967 597 5012 erat
625 4955 956 5012 monasterio
987 4951 1323 5016 constituta;
1357 4948 1538 5019 ibique
1592 4949 1646 5002 in
1701 4947 1917 5017 propria

324 5048 528 5121 degens
558 5050 747 5106 cellula
788 5065 910 5105 cum
957 5047 1193 5118 quadam
1225 5058 1488 5116 pygmaea,
1523 5042 1574 5096 id
1627 5050 1709 5096 est
1744 5040 1923 5095 brevis

326 5151 548 5197 statura!
577 5143 806 5208 femina,
840 5140 1174 5212 quotidiana:
1203 5136 1382 5191 laudis
1428 5133 1605 5188 ollicia
1657 5133 1924 5204 patienter

322 5244 376 5291 et
419 5236 694 5291 lmmiliter
719 5233 1082 5307 persolvebat.

951 5344 1179 5401 CAPUT
1218 5342 1308 5398 ιγ.

535 5441 687 5507 Quod
710 5438 953 5494 diabolus
979 5439 1125 5508 signo
1160 5437 1332 5491 crucis
1364 5443 1715 5506 cognoscatur.

399 5535 642 5602 Quadam
667 5549 795 5588 vero
844 5539 1002 5587 nocte
1051 5545 1174 5585 cum
1213 5539 1339 5585 ante
1384 5537 1663 5583 nocturnae
1707 5525 1930 5598 synaxis

331 5625 678 5696 (articulum,
707 5624 784 5679 rel
830 5624 1023 5680 horam
1059 5622 1138 5677 vel
1180 5621 1380 5692 aliquid
1430 5619 1622 5690 simile]
1665 5620 1931 5686 maturius

329 5719 681 5784 surrexisset,
710 5717 1077 5787 comitemque
1129 5729 1282 5770 suam
1327 5713 1480 5769 more
1523 5711 1686 5785 solito
1735 5712 1933 5781 savpius

329 5805 708 5884 inclamasset;
737 5809 957 5878 illaque,
979 5808 1131 5879 gravi
1183 5820 1376 5876 sopore
1422 5796 1705 5874 depressa,
1761 5803 1932 5880 nulla:

332 5891 494 5958 tenus
518 5903 890 5972 responderet,
917 5901 1135 5956 tandem
1165 5900 1216 5953 in
1266 5900 1402 5953 iram
1461 5905 1757 5961 commota,
1804 5897 1932 5966 quid

334 5983 540 6049 (liceret
570 6008 675 6048 non
703 5992 935 6046 attendit
965 6010 978 6046 :
1015 5989 1254 6055 Diabolc,
1305 5987 1500 6058 inquit,
1551 6001 1730 6058 surge.
1770 5986 1931 6060 745

645 6087 914 6148 Ρρτιιοι..
975 6088 1222 6156 CXLV.

2017 3479 2196 3535 callidi
2233 3479 2540 3550 deceptoris
2569 3479 2794 3535 insidias
2822 3480 3053 3535 solerter
3078 3481 3303 3552 evigiles
3335 3500 3349 3537 :
3379 3492 3458 3552 et,
3487 3484 3619 3540 dum

2021 3585 2074 3632 te
2123 3576 2360 3632 delectat
2407 3577 2639 3632 aliorum
2691 3593 2812 3632 cum
2859 3577 3013 3632 hoste
3062 3577 3386 3634 luctantium
3431 3579 3626 3636 audire

2017 3669 2296 3736 victorias,
2332 3669 2444 3740 ipse
2472 3678 2524 3724 te
2549 3684 2647 3739 per
2674 3669 2912 3741 languidi
2939 3673 3186 3742 corporis
3213 3671 3483 3744 ignaviam
3511 3687 3624 3729 non

2018 3761 2288 3816 remittas.
2319 3761 2424 3817 Sed
2446 3761 2560 3832 jam
2588 3761 2688 3817 ista
2712 3760 3002 3816 sufliciant.
3029 3762 3361 3819 Commenda
3389 3777 3477 3820 me
3493 3762 3613 3822 fra-

2023 3853 2217 3920 tribus,
2248 3853 2450 3908 domno
2477 3853 2646 3922 priori
2678 3868 2744 3908 ex
2785 3862 2971 3910 nostra
3001 3862 3158 3925 parte
3185 3854 3468 3910 lmmiliter
3490 3870 3622 3926 sug-

2022 3963 2148 4018 gere
2177 3957 2236 4003 ut
2263 3964 2292 4003 a
2320 3947 2537 4003 fervore
2567 3947 2727 4003 solito
2756 3948 2974 4017 pietatis
2999 3957 3055 4002 et
3102 3949 3492 4006 misericordiae
3513 3965 3624 4007 non

2023 4048 2295 4110 tepescat,
2335 4040 2428 4095 sed
2472 4039 2908 4107 susceptionibus
2962 4037 3236 4106 hospitum
3285 4049 3339 4094 et
3366 4039 3626 4098 subsidiis

2019 4147 2346 4206 egenorum,
2383 4132 2436 4186 in
2476 4139 2736 4201 quantum
2776 4145 2862 4185 res
2889 4130 3186 4186 domestica
3217 4133 3443 4201 patitur,
3483 4133 3623 4190 insi-

2021 4235 2165 4282 stere
2198 4241 2304 4282 non
2335 4225 2572 4282 omittat.
2607 4223 2714 4278 Sed
2741 4231 2796 4278 et
2825 4222 2901 4277 illi
2944 4225 3275 4280 conveniens
3313 4225 3625 4298 exemplum

2021 4315 2262 4394 profero,
2291 4322 2434 4394 quod
2481 4321 2608 4377 huic
2653 4322 2752 4385 rei,
2781 4337 2943 4392 quam
2997 4321 3101 4377 sibi
3152 4321 3380 4376 suadere
3424 4320 3622 4390 gestio,

2024 4435 2129 4473 non
2161 4417 2512 4474 mediocriter
2542 4414 2886 4487 profuturum
2926 4429 3045 4470 esse
3091 4415 3325 4470 confido.
3379 4413 3515 4470 Nam
3567 4424 3625 4470 et

2024 4512 2212 4567 eadem
2249 4511 2432 4583 Agnes
2471 4510 2656 4581 regina
2693 4525 2814 4581 quae
2859 4524 3021 4579 supra
3066 4509 3244 4579 inquit
3289 4509 3452 4564 etiam
3496 4509 3627 4579 quia

2023 4602 2110 4658 vir
2137 4602 2356 4673 quidam
2413 4601 2466 4656 in
2514 4599 2849 4656 Alemannize
2898 4599 3148 4671 partibus
3185 4599 3304 4654 avia
3364 4599 3623 4666 saltuum,

2023 4703 2295 4766 praerupta
2328 4693 2595 4748 montium
2615 4733 2630 4759 ,
2657 4707 2826 4761 opaca
2859 4692 3134 4763 sylvarum
3181 4693 3408 4747 venandi
3441 4691 3626 4748 studio

2024 4765 2370 4856 peragrabat.
2427 4783 2529 4838 Hic
2575 4784 2759 4852 itaque
2819 4782 2948 4836 dum
3013 4783 3206 4838 anxius
3231 4765 3348 4837 huc
3392 4779 3626 4851 illucque

2025 4875 2308 4940 discurrit,
2353 4883 2407 4928 et
2436 4874 2702 4930 sollicitus
2730 4872 3063 4928 curiositatis
3091 4873 3345 4944 indagine
3384 4871 3627 4928 ferarum

2024 4968 2197 5023 lustra
2229 4967 2518 5037 perquirit,
2542 4967 2746 5021 invenit
2773 4965 2907 5020 duas
2944 4963 3221 5029 mulieres,
3249 4971 3479 5020 matrem
3515 4965 3626 5019 sci-

2023 5060 2152 5116 licet
2176 5074 2240 5115 ac
2266 5060 2452 5127 tiliam,
2484 5075 2583 5130 per
2617 5057 2736 5113 illos
2775 5055 3087 5112 hiemalium
3119 5057 3365 5111 cumulos
3392 5057 3620 5128 pruina-
3663 5122 3675 5130 ,η

2027 5159 2230 5225 τιιιιιξθι
2266 5153 2535 5225 profunda
2568 5152 2771 5206 nivium
2829 5150 3023 5204 rudera
3057 5150 3436 5206 miserabiliter
3463 5152 3626 5208 ober-
3657 5131 3677 5157 ³

2035 5258 2239 5304 rantes.
2293 5247 2394 5315 Qui
2446 5247 2694 5316 protinus
2747 5245 3123 5301 misericordia
3154 5245 3405 5308 ductus,
3440 5247 3630 5301 comiti

2036 5355 2136 5394 suo
2166 5340 2258 5409 qui
2311 5354 2433 5393 eum
2467 5336 2640 5391 solum
2698 5336 3052 5406 sequebatur,
3083 5337 3158 5390 ait
3188 5351 3202 5388 :
3254 5334 3522 5391 Levemus
3572 5338 3626 5390 in
3657 5320 3684 5335 ”

2037 5430 2190 5499 equis
2212 5430 2311 5483 has
2344 5427 2594 5492 feminas,
2628 5425 2820 5495 singuli
2849 5425 3138 5494 singulam,
3163 5435 3217 5480 et
3247 5426 3312 5478 ad
3342 5426 3628 5480 hominum

2040 5517 2346 5575 habitacula
2393 5516 2745 5580 devehamus,
2787 5514 2915 5586 quia
2945 5514 3032 5571 vel
3065 5513 3436 5572 oberrantium
3487 5513 3633 5573 forte

2037 5611 2284 5680 luporum
2335 5617 2458 5662 sunt
2511 5604 2786 5660 morsibus
2832 5604 3197 5675 exp0uenda3,
3245 5606 3326 5660 vel
3368 5605 3418 5659 vi
3474 5606 3634 5660 nimii

2035 5702 2234 5773 algoris
2275 5707 2400 5754 sunt
2444 5696 2635 5768 procul
2664 5697 2828 5751 dubio
2883 5681 3180 5753 moriturae.
3231 5697 3387 5766 Quod
3441 5710 3629 5755 comes

2033 5797 2249 5868 penitus
2277 5793 2528 5864 abnegat,
2559 5795 2617 5847 et
2645 5791 2786 5845 hanc
2816 5805 2873 5846 se
2901 5789 3044 5845 ferre
3067 5805 3226 5861 posse
3254 5791 3632 5868 stomachatur

2032 5866 2304 5960 injuriam.
2355 5884 2742 5946 Cui'do'minus
2774 5901 2787 5938 :
2814 5884 2948 5954 Ego,
2997 5883 3194 5952 inquit,
3231 5882 3275 5936 si
3306 5889 3362 5934 tu
3396 5866 3632 5948 fastidis,

2037 5982 2183 6042 solu’s
2217 5993 2502 6050 utramque
2534 5977 2750 6041 levabo,
2784 5982 2837 6030 et
2867 5975 3007 6028 hanc
3033 5988 3194 6042 quam
3219 5971 3356 6027 dicis
3379 5971 3634 6043 iniuriam

3131 6064 3209 6126 23
