4138 6320
578 542 685 599 ’115

1045 539 1103 594 S.
1149 538 1353 594 PETRI
1386 533 1670 591 DAMlANl
1706 531 1855 588 OPP.
1895 530 2130 586 TOMUS
2169 529 2301 585 SEU
2339 526 2521 583 PARS
2558 525 3120 584 llL—OPUSCULA
3150 525 3379 583 VARIA.

3738 494 3881 581 ἠδ’

571 651 830 706 alacriter
855 650 1153 705 sustinebo.
1195 648 1435 715 Cumque
1460 660 1619 698 unam
1661 640 1826 713 746
1854 649 1973 710 post
2001 655 2079 702 se,
2107 647 2163 694 et
2190 644 2240 700 Α
2268 636 2577 690 transeunti
2609 635 2749 704 turpi
2774 634 3042 689 lenocinio
3071 636 3393 704 prostitutae,
3417 634 3511 689 sed
3541 649 3663 688 cum
3694 635 3845 704 regio

571 743 818 805 alteram,
856 742 910 795 in
961 740 1140 794 medio
1192 738 1458 799 residens,
1488 742 1718 803 poneret
1741 743 1867 785 ante
1900 746 1959 785 se
1993 749 2006 783 :
2040 739 2159 783 tan-

573 833 692 887 dem
725 832 906 886 socius
939 838 1117 884 mente
1163 835 1520 895 compunctus
1549 833 1711 892 atque
1762 819 2037 881 confusus,
2064 820 2160 873 do-

572 924 721 977 mino
750 939 849 978 suo
879 923 1042 977 cessit
1069 937 1254 984 unam,
1277 930 1332 973 et
1378 920 1491 987 ipse
1525 918 1589 971 ad
1619 914 2020 971 subvehendum
2047 928 2162 966 cor-

572 1014 737 1084 ripuit
762 1014 1011 1068 alteram.
1040 1013 1132 1067 Sic
1159 1012 1322 1082 igitur
1349 1025 1443 1065 eas
1474 1024 1569 1077 per
1597 1005 1907 1061 difﬁcillima
1940 1004 2060 1059 loca
2105 1012 2159 1058 et

570 1104 760 1175 longos
782 1103 1061 1158 anfractus
1092 1119 1198 1157 non
1229 1102 1346 1155 sine
1374 1100 1525 1171 gravi
1556 1086 1800 1169 periculo
1815 1096 2157 1160 detulerunt,

571 1198 743 1250 donec
770 1195 978 1250 scilicet
1010 1194 1377 1249 molendinum
1415 1206 1545 1246 casu
1583 1188 1800 1244 obvium
1831 1188 2155 1256 reperirent,

572 1286 751 1357 ibique
775 1300 869 1341 eas
889 1287 1242 1356 deponerent.
1269 1282 1478 1352 Adiecit
1500 1283 1665 1338 etiam
1690 1280 1941 1335 dominus
1971 1287 2029 1330 ut
2066 1276 2157 1329 ιιιεί

566 1392 762 1466 earum
788 1387 993 1432 vestem
1018 1377 1276 1438 traderet,
1305 1390 1410 1443 qua
1439 1374 1546 1426 vim
1574 1372 1792 1442 frigoris
1818 1369 2159 1437 aliquatenus

570 1460 919 1536 temperaret.
960 1466 1057 1521 llic
1100 1466 1377 1537 aliquanto
1420 1471 1540 1533 post
1588 1470 1827 1531 tempore
1865 1460 2036 1512 factus
2077 1465 2161 1510 est

571 1558 889 1623 monachus,
930 1567 988 1612 et
1032 1557 1306 1627 deinceps,
1346 1557 1752 1624 ingravescente
1782 1550 2059 1613 molestia,
2091 1548 2158 1602 ad

571 1658 816 1702 extrema
843 1649 1135 1718 perductus
1160 1656 1262 1702 est.
1283 1646 1434 1700 Tunc
1463 1644 1745 1707 fratribus,
1769 1642 1859 1711 qui
1883 1642 2155 1706 astabant,

570 1752 693 1791 cum
733 1754 926 1809 magna
950 1739 1117 1809 cmpit
1143 1736 1613 1792 animadversione
1639 1734 1896 1799 clamare,
1925 1734 2111 1788 dicens
2138 1749 2153 1784 :

574 1827 782 1882 Videtis
807 1827 1285 1882 innumerabilium
1317 1827 1621 1880 daemonum
1655 1824 1891 1888 turbam,
1923 1837 2043 1892 quae
2068 1836 2157 1875 me

570 1919 810 1989 undique
844 1918 1241 1984 circumvallat,
1276 1931 1471 1987 meque
1501 1917 1838 1972 terribilibus
1866 1915 2039 1971 oculis
2069 1916 2154 1968 in-

2263 726 2350 779 illa
2381 725 2654 782 communi
2689 724 3088 779 Saracenorum
3133 734 3189 778 et
3232 724 3667 779 Christianorum
3694 731 3843 781 esset

2258 817 2590 873 habitatione
2615 817 2907 887 permixta,
2935 816 3038 871 illa:
3061 831 3119 872 se
3141 816 3469 872 Christianis
3491 817 3708 885 quidem
3730 825 3842 870 tur-

2259 912 2401 982 piter
2429 911 2771 981 expouehant
2795 926 2810 976 ;
2835 911 3232 965 Saracenorum
3262 925 3392 966 vero
3420 911 3697 967 consortia
3715 908 3843 966 fiun-

2260 1007 2402 1061 ditus
2454 1003 2795 1059 abdicabaut.
2848 1004 3090 1073 Cumque
3136 1019 3195 1059 se
3237 1002 3483 1058 dolerent
3541 1004 3615 1057 illi
3643 1004 3699 1058 in
3735 1004 3840 1060 hoc

2259 1096 2402 1153 fcedo
2434 1097 2650 1168 negotio
2692 1097 2914 1167 despici,
2940 1111 3157 1167 suaeque
3190 1098 3335 1169 genti
3379 1106 3839 1167 conquererentur

2258 1190 2512 1259 iniuriam
2560 1191 2811 1261 irrogari,
2850 1191 3067 1246 tandem
3098 1206 3191 1245 eas
3214 1195 3283 1246 ad
3330 1191 3565 1245 tribunal
3592 1180 3839 1263 praasidis

2250 1276 2601 1354 pertrahunt,
2627 1291 2681 1337 et
2695 1291 2754 1335 ut
2773 1281 2884 1337 suis
2906 1296 3140 1353 quoque,
3162 1280 3303 1337 sicut
3320 1281 3661 1347 Christianis,
3682 1282 3735 1336 in
3757 1281 3839 1335 lus

2252 1375 2427 1429 'xurite
2445 1374 2803 1444 permistione
2819 1374 3541 1440 consentiant,vebementer
3561 1375 3837 1429 insistunt.‘

2260 1463 2365 1520 Sed
2392 1468 2516 1521 dum
2541 1467 2717 1521 scelus
2754 1465 2857 1521 hoc
2891 1465 3032 1537 apud
3057 1480 3172 1530 eas,
3200 1464 3360 1520 modo
3390 1474 3645 1531 terrores,
3675 1466 3841 1520 modo

2252 1556 2548 1611 blanditias
2623 1558 2990 1623 intentantes,
3029 1557 3369 1626 aliquatenus
3430 1554 3675 1613 obtinere
3723 1568 3839 1612 nou’

2261 1659 2503 1720 possent,
2539 1649 2747 1720 prolata
2783 1648 3051 1704 sententia
3076 1649 3348 1719 praesidis,
3381 1646 3841 1718 adjudicataatunt

2258 1740 2443 1793 morti.
2471 1737 2606 1805 Quid
2637 1739 2828 1808 plura?
2867 1738 3118 1794 Protinus
3159 1736 3513 1808 spiculatores
3554 1738 3837 1804 accedunt,

2259 1831 2421 1886 nudis
2470 1832 2772 1886 cervicibus
2817 1829 3055 1885 vibratos
3107 1829 3371 1900 pugiones
3407 1828 3707 1895 incutiunt;
3740 1826 3844 1884 sed

2258 1937 2329 1976 ne
2375 1936 2683 1992 supremam
2713 1921 2927 1990 quidem
2973 1928 3150 1975 cutem
3177 1920 3435 1984 incidere,
3467 1919 3694 1973 cassatis
3719 1919 3840 1974 icti-

569 2011 706 2065 tueri
750 2020 822 2064 et-
842 2011 1161 2080 impugnare
1198 2024 1305 2064 non
1352 2009 1565 2064 cessat?
1603 2008 1846 2077 Cumque
1889 2005 2163 2061 continuis
2190 2000 2237 2059 Β
2264 2014 2392 2078 bus,
2440 2020 2686 2083 possunt.
2722 2010 2932 2067 Interea
2978 2012 3105 2067 dum
3143 2019 3197 2065 et
3240 2011 3358 2065 ista:
3400 2010 3536 2064 mori
3591 2008 3843 2065 alacriter

565 2100 904 2155 orationibus
948 2110 1005 2155 et
1056 2099 1368 2170 psalmodia‘.
1417 2100 1617 2155 fratres
1670 2099 2013 2163 insisterent,
2067 2095 2157 2150 ille

566 2201 748 2246 tamen
803 2192 1154 2247 nihilominus
1183 2192 1529 2248 tremefactus
1556 2191 1855 2246 visceribus
1902 2189 2158 2243 formida-

567 2290 673 2346 ret,
728 2282 944 2337 tandem
990 2282 1079 2335 ille
1106 2282 1198 2351 qui
1253 2282 1376 2347 sibi,
1404 2282 1546 2337 sicut
1591 2281 1793 2335 dictum
1829 2288 1930 2344 est,
1977 2278 2031 2332 in
2066 2292 2158 2332 ve-

564 2372 783 2427 natione
824 2387 1006 2427 comes
1033 2373 1338 2436 exstiterat,
1382 2373 1643 2426 assistens
1695 2371 1919 2440 propius
1978 2368 2162 2424 excla-

568 2463 738 2517 mavit
766 2477 781 2516 :
810 2462 1001 2518 Nonne
1049 2463 1200 2519 vides
1224 2462 1368 2532 quod
1412 2462 1608 2518 mulier
1646 2460 1733 2515 illa
1781 2475 1942 2530 quam
1979 2468 2157 2513 tecum

564 2552 729 2607 simul
786 2553 853 2607 ad
902 2553 1229 2623 aquimolum
1270 2552 1586 2616 devectavi,
1616 2552 1998 2607 vestimentum
2029 2548 2159 2603 illud

565 2644 711 2713 quod
737 2644 841 2699 sibi
874 2653 1002 2699 tunc
1054 2645 1178 2700 dedi
1209 2653 1401 2699 tenens
1443 2643 1496 2698 in
1526 2642 1795 2709 manibus,
1829 2639 2075 2705 ventilat,
2103 2646 2158 2692 et

567 2751 759 2792 onmes
813 2735 869 2790 in
897 2736 1002 2792 bac
1030 2737 1191 2792 domo
1236 2737 1510 2792 dieniones
1548 2735 1816 2791 violenter
1868 2731 2158 2789 exturbat?

572 2825 743 2881 Paulo
766 2836 911 2897 post,
932 2841 1080 2891 ecce,
1105 2826 1212 2882 Deo
1241 2827 1465 2898 gratias,
1497 2826 1654 2897 ejecti
1676 2834 1823 2890 sunt,
1851 2832 1905 2879 et
1940 2838 1972 2879 a
2018 2821 2157 2877 meis

573 2917 877 2982 obtutibus,
904 2917 1147 2973 mulieris
1174 2918 1334 2988 hujus
1363 2918 1621 2988 impulsu,
1658 2931 1881 2988 prorsus
1923 2928 2159 2971 evanue-

572 3018 721 3064 runt.
754 3008 846 3065 Sic
875 3011 1042 3082 igitur
1091 3010 1178 3067 ille
1220 3010 1322 3067 sub
1371 3011 1523 3067 bona:
1571 3011 1689 3081 spei
1740 3009 2033 3066 securitate
2066 3008 2159 3063 de-

571 3103 789 3157 functus
808 3113 912 3169 est,
927 3114 981 3159 et
1005 3104 1387 3160 misericordiae
1407 3103 1633 3170 fruetus,
1658 3118 1794 3173 quos
1816 3102 1973 3156 vivus
2003 3100 2158 3157 exhi-

570 3196 707 3261 buit,
738 3195 949 3252 oblatos
980 3197 1104 3264 sibi,
1120 3199 1245 3253 dum
1266 3206 1589 3266 moreretur,
1612 3195 1836 3250 invenit.
1859 3192 1996 3249 Nam
2017 3207 2159 3263 satpe

565 3287 917 3359 contingitut
963 3288 1105 3344 inter
1127 3288 1325 3345 multas
1362 3288 1661 3345 carnalium
1708 3286 1985 3342 actionum
2011 3294 2160 3340 tene-

2266 2104 2425 2177 747
2452 2104 2654 2167 volunt,
2684 2112 2737 2157 et
2764 2102 2841 2156 illi
2868 2103 3115 2156 occidere
3140 2110 3433 2171 nequeunt,
3456 2098 3715 2154 carcerali
3741 2111 3842 2152 cu-

2265 2198 2452 2252 stodia:
2504 2195 2899 2264 mancipantur.
2951 2191 3118 2249 Nocte
3165 2206 3296 2246 vero
3349 2189 3443 2244 uni
3479 2198 3844 2256 earum,qua

2264 2288 2419 2357 quasi
2442 2285 2692 2354 superior
2712 2293 2826 2339 erat
2860 2283 3091 2347 cteteris,
3116 2279 3365 2335 Salvator
3393 2277 3844 2349 apparuit,eiqtto

2265 2379 2402 2434 dixit
2429 2397 2442 2433 :
2467 2376 2583 2432 Noli
2612 2379 2821 2441 timere,
2848 2374 3009 2429 hodie
3030 2370 3314 2427 certamini
3341 2377 3524 2425 vestro
3552 2368 3711 2422 ﬁnem
3731 2367 3843 2418 im-

2263 2487 2483 2544 ponam,
2505 2485 2710 2539 vosque
2740 2484 2861 2523 cum
2899 2480 3100 2523 corona
3143 2461 3385 2533 martyrii
3414 2462 3467 2515 in
3496 2460 3678 2531 gloriae
3703 2466 3849 2513 mw

2264 2566 2581 2621 amoenitate
2617 2562 2928 2631 suscipiam.
2960 2557 3220 2628 Sequenti
3240 2570 3369 2610 vero
3390 2553 3478 2609 die
3502 2552 3569 2606 ad
3599 2550 3841 2605 tribuna-

2263 2657 2335 2711 lia
2376 2655 2573 2725 judicis
2624 2654 2984 2716 deducuntur,
3026 2647 3375 2719 inquisitione
3420 2644 3602 2708 facta,
3641 2641 3848 2697 cadenti

2252 2748 2617 2806 nihilominus
2637 2744 2903 2802 sententia
2948 2746 3290 2815 perseverat;
3319 2738 3461 2794 idem
3489 2743 3575 2791 est
3601 2734 3695 2805 qui
3720 2731 3845 2789 food

2265 2853 2349 2897 rat
2374 2842 2614 2905 animus;
2654 2848 2709 2895 et
2734 2838 3127 2909 Agarenorum,
3157 2834 3297 2888 sicut
3320 2831 3493 2902 prius,
3530 2844 3627 2900 per
3655 2828 3845 2882 omnia

2264 2935 2602 2990 detestantur
2622 2929 2918 3001 amplexus.
2947 2925 3201 2981 Protinus
3227 2937 3358 2993 ergo
3377 2920 3680 2982 carniﬁces,
3705 2932 3847 2987 ιιιιο-

2265 3026 2411 3082 niam
2442 3025 2496 3078 in
2523 3022 2826 3079 cervicibus
2849 3034 3035 3074 earum
3069 3017 3142 3071 nil
3177 3030 3235 3070 se
3267 3028 3424 3085 posse
3458 3011 3838 3082 probaverant,

2264 3132 2451 3175 earum
2488 3125 2673 3188 guttur
2709 3113 2885 3184 gladio
2920 3109 3184 3166 def-.ecant
3225 3103 3554 3180 [desecant],
3586 3100 3754 3174 748
3783 3109 3842 3153 et

2265 3214 2342 3269 sic
2373 3213 2441 3268 de
2471 3206 2847 3267 meretricibus
2868 3213 3134 3275 martyres
3153 3201 3412 3259 efﬁciunt.
3446 3199 3553 3255 Sed
3581 3197 3839 3268 quoniam
3908 3218 3911 3221 π

2264 3302 2475 3375 longius
2515 3314 2677 3371 quam
2706 3295 3010 3367 incipiendo
3039 3294 3370 3357 decreverat,
3394 3288 3506 3358 jam
3535 3288 3704 3359 stylus
3740 3287 3843 3339 ista

563 3376 695 3432 bras
723 3393 889 3435 unum
916 3379 1044 3433 boni
1065 3380 1246 3449 operis
1279 3378 1462 3437 lumen
1492 3387 1768 3449 erumpat,
1819 3378 1964 3449 quod
1986 3377 2159 3433 bomi-
2184 3379 2233 3444 C
2266 3394 2599 3467 perducitur,
2628 3389 2962 3447 cohibendus
3000 3394 3087 3441 est
3137 3382 3402 3448 calamus,
3429 3390 3486 3436 et
3534 3376 3842 3450 epistolaris

563 3482 690 3523 nem
721 3467 791 3525 ad
826 3468 1028 3524 bonum
1054 3469 1217 3524 ﬁnem
1247 3478 1573 3540 portumque
1608 3469 1892 3540 perducat.

1184 3583 1413 3639 CAPUT
1449 3583 1537 3639 Vl.

570 3692 678 3749 Per
710 3711 873 3749 unum
902 3712 1031 3766 opus
1068 3696 1256 3751 bonum
1299 3697 1393 3753 Dei
1436 3699 1601 3769 pietas
1638 3709 1933 3770 peccatores
1962 3699 2151 3755 salvat.

636 3788 791 3845 Unde
818 3806 925 3845 non
954 3791 1184 3846 otiosum
1213 3791 1457 3847 arbitror
1475 3793 1518 3847 si
1550 3802 1603 3847 et
1642 3793 1697 3848 id
1745 3793 1889 3863 quod
1926 3791 2157 3864 Stepha-

567 3894 672 3936 nus
706 3878 948 3950 ejusdem
1005 3881 1203 3951 regina:
1238 3881 1571 3951 capellanus,
1596 3882 1681 3937 vir
1712 3884 1960 3938 videlicet
1987 3886 2156 3938 hone-

566 3983 684 4030 stus
725 3981 780 4029 et
820 3975 1089 4045 prudens,
1132 3976 1429 4043 enarravit,
1460 3985 1660 4031 attexo.
1709 3977 1797 4031 Ait
1837 3979 1979 4033 enim
2012 3977 2156 4047 quod

564 4065 929 4122 Stedelandus
969 4067 1263 4139 imperator
1308 4067 1545 4123 Gallicis:
1594 4068 1799 4133 retulit,
1832 4068 1973 4140 quod
2025 4077 2152 4122 tunc

569 4157 641 4213 ad
670 4158 829 4213 unius
854 4157 1122 4224 notitiam,
1155 4157 1260 4213 alio
1282 4160 1618 4230 postmodum
1646 4156 1935 4223 referente,
1968 4174 2159 4229 perve-

552 4247 651 4307 ⁸ιὶὶι.
676 4266 692 4305 :
718 4250 877 4320 Tres,
910 4251 1109 4321 inquit,
1141 4252 1459 4307 meretrices
1500 4259 1682 4316 erant,
1728 4251 1977 4307 obscenis
2011 4251 2158 4321 lupa-

565 4341 785 4400 narium
831 4339 1169 4398 fteditatibus
1195 4342 1411 4409 dediue,
1439 4350 1514 4411 et,
1550 4350 1610 4397 ut
1645 4342 1722 4397 ita
1763 4341 1974 4413 loquar,
2006 4339 2157 4396 omni

586 4586 690 4611 ’-

2263 3484 2563 3557 compendii
2623 3480 2903 3556 ponendus
2950 3487 3033 3534 est
3089 3476 3299 3532 modus.
3360 3472 3599 3528 Tandem
3645 3469 3843 3525 divina:

2256 3582 2480 3654 pietatis
2504 3578 2730 3649 imploro
2749 3573 3337 3645 clementiam,utinter
3361 3577 3554 3624 caetera
3582 3567 3837 3620 virtutum

2261 3688 2315 3735 et
2347 3677 2513 3733 totius
2546 3682 2751 3731 sancta:
2780 3670 3054 3743 religionis
3096 3667 3346 3737 insignia,
3388 3662 3694 3719 inviolabile
3737 3659 3836 3714 tibi

2259 3769 2537 3825 servanda:
2570 3765 2843 3837 pudicitiae
2877 3754 3042 3820 robur
3074 3760 3352 3825 infundat,
3379 3766 3434 3813 et
3455 3753 3730 3809 vasculum
3759 3750 3838 3805 tui

2259 3865 2501 3935 corporis
2532 3863 2587 3917 in
2618 3858 3041 3917 sanctiﬁcatione
3069 3866 3125 3911 et
3151 3856 3356 3909 honore
3382 3849 3681 3913 custodiat;
3704 3859 3839 3916 qua-

2258 3967 2416 4014 tenus
2442 3958 2489 4012 is
2514 3957 2603 4027 qui
2632 3954 2763 4009 dicit
2789 3953 2842 4007 in
2870 3950 3107 4006 (‘.a:iticis
3131 3967 3146 4003 :
3178 3966 3196 3999 ι
3234 3947 3342 4019 Ego
3382 3944 3479 3999 llos
3504 3939 3715 4010 campi,
3738 3951 3839 4008 ego

2256 4050 2427 4105 lilium
2451 4046 2775 4112 convallium
2818 4042 2993 4116 (Cant.
3023 4044 3119 4113 it);
3160 4060 3179 4093 ι
3207 4041 3346 4095 sicut
3369 4052 3465 4108 pro
3495 4044 3546 4089 te
3583 4033 3837 4101 dignatus

2262 4151 2343 4201 est
2388 4143 2500 4197 ﬁeri
2537 4140 2679 4195 ﬁlius
2711 4137 2963 4208 Virginis,
3011 4136 3091 4189 sic
3130 4131 3292 4188 etiam
3320 4141 3551 4184 vernare
3592 4134 3645 4179 te
3674 4120 3841 4177 faciat

2260 4236 2481 4293 ﬁoribus
2508 4232 2792 4292 castitatis.

2619 4324 2697 4380 Sit
2714 4337 2898 4377 nomen
2912 4319 3123 4375 Domini
3140 4315 3480 4373 benedictum.

700 4563 3824 4608 _________________________________..

657 4722 1025 4798 “9-750
1063 4738 1839 4887 OPUSCULUM
1883 4729 3014 4865 QUADRAGESIMUM
3090 4717 3753 4833 OCTAVUM.

1626 4945 1735 5011 DE
1774 4945 2371 5010 SPlRlTUALlBUS
2422 4940 2787 5006 DELlCllS.

1973 5112 2380 5129 --

572 5225 972 5280 Διιιιυιίειιτυιι.
1004 5251 1077 5261 -
1106 5218 1404 5277 Honestum
1436 5219 1759 5276 monachum
1794 5218 2077 5275 edacitatis
2104 5226 2159 5273 et
2192 5216 2435 5273 ciborum
2465 5212 2675 5269 delectu
2706 5210 2825 5282 plus
2863 5210 3013 5280 justo
3042 5208 3447 5282 studiosiorem,
3469 5202 3835 5282 spiritualium

649 5274 1401 5363 dulcedine‘epularum‘ante
1420 5274 1621 5363 oculos
1648 5274 1845 5359 posita,
1897 5289 1963 5343 ad
2007 5298 2345 5343 terrenarum
2395 5286 2609 5355 dapium
2654 5274 3055 5351 contemptum,
3095 5288 3149 5335 et
3179 5274 3835 5334 ccelestium’deliciaraui

648 5361 1053 5417 meditationem
1080 5370 1136 5417 et
1158 5378 1395 5418 amorem
1428 5361 1722 5432 perducere
1754 5368 2003 5415 conatur.

586 5566 591 5577 .
642 5494 897 5554 ﬂosser
932 5494 1089 5553 fratri
1116 5495 1331 5557 Penus
1372 5503 1628 5567 peccator
1667 5492 1965 5550 monachus
2009 5487 2155 5546 salu-
2186 5498 2233 5558 D
2258 5490 2343 5571 nis
2369 5487 2717 5560 opprobrium
2750 5526 2767 5552 ,
2789 5484 2916 5541 dum
2938 5483 3143 5540 obtinet
3170 5495 3235 5537 ex
3264 5481 3458 5534 virtute
3482 5475 3835 5545 triumphum.

572 5597 704 5648 ω.
1092 5677 1320 5735 CAPUT
1357 5675 1648 5735 PRIMUM.

890 5770 968 5827 De
1000 5746 1230 5827 .fubilwo
1251 5811 1267 5837 ,
1307 5770 1520 5844 ejusque
1560 5768 1841 5843 mysteriis.

645 5869 748 5937 Qui
774 5873 993 5923 coactus
1024 5867 1076 5920 in
1104 5881 1256 5923 arma
1286 5864 1646 5936 progreditur,
1679 5861 1941 5934 impulsus
1973 5868 2157 5916 tamen

573 5969 792 6026 fortiter
824 5958 1128 6030 pradiatur,
1172 5958 1395 6029 corrigit
1427 5956 1796 6028 ignominiosae
1844 5952 2159 6029 trepidatio-

2258 5568 2330 5641 Αἰ
2364 5584 2409 5639 si
2437 5591 2493 5638 et
2520 5582 2720 5639 invitus
2750 5578 2955 5649 incipit,
2982 5586 3037 5633 et
3066 5591 3187 5631 mox
3210 5570 3618 5630 occurrentibus
3648 5568 3840 5622 adver-

2259 5678 2421 5736 sariis
2454 5676 2617 5733 corde
2644 5672 2837 5744 pavido
2861 5679 3010 5741 terga
3038 5667 3216 5730 vertit,
3248 5665 3411 5721 etiam
3433 5663 3475 5717 si
3502 5658 3713 5732 fugiens
3742 5658 3840 5715 bo~

2260 5769 2403 5826 stilia
2435 5768 2538 5835 tela
2574 5763 2972 5835 contempserit,
3013 5768 3141 5815 nota
3167 5764 3346 5813 tamen
3377 5753 3659 5825 degeneris
3703 5750 3842 5806 infa-

2254 5862 2385 5919 miae
2421 5876 2527 5916 non
2576 5856 2807 5914 carebit.
2842 5852 2922 5909 Tu
2966 5865 3201 5925 quoque,
3248 5848 3436 5911 frater,
3480 5844 3539 5900 in
3577 5852 3841 5914 quantum

2250 5938 2420 6010 datur
2447 5947 2699 6019 intelligi,
2734 5961 2841 6003 non
2883 5942 3159 6001 ultroneus
3201 5938 3258 5997 in
3298 5935 3504 5996 militiae
3542 5930 3844 6025 spiritualis
