4138 6320
241 415 342 477 717
687 473 690 477 _
717 439 728 454 -ι
1027 441 1033 446 ·
1140 412 1367 471 OPUSC

1435 413 1665 469 XLVIII.
1701 443 1766 452 ——
1804 411 1891 466 DE
1932 408 2321 466 SPIRJTUAL.
2360 408 2667 473 DELlCllS.

3424 411 3530 494 vis

239 549 396 591 arma
419 533 653 604 jurasti‘;
686 541 740 589 et
770 541 1074 604 postquam,
1126 532 1254 588 dato
1300 531 1540 595 nomine,
1595 529 1824 585 tirocinii
1857 533 1907 592 Α
1933 525 2133 580 littera.
2168 523 2307 579 Hinc
2335 509 2604 593 estquod
2649 537 2715 577 ex
2755 523 2950 612 eodem
2983 522 3139 612 75],
3173 539 3373 594 manna
3421 523 3533 610 lle-

240 635 586 684 sacramenta
614 625 892 696 professus
922 640 1000 689 es,
1035 624 1110 679 nil
1160 625 1386 694 insigne,
1433 623 1510 678 nil
1557 621 1712 689 forte,
1763 622 1837 676 nil

165 749 172 754 -
240 727 393 774 certe
405 715 804 783 dignumlaude
825 715 1041 786 gessisti
1067 732 1083 782 ;
1111 715 1231 782 sed,
1253 730 1317 769 ex
1332 713 1565 785 [Egypto
1591 728 1838 785 progres-

239 827 356 878 sus,
386 813 630 870 ciborum
658 827 724 867 ac
763 821 988 882 potuum
1035 810 1249 882 cmpisti
1279 824 1620 865 murmurare
1668 823 1838 879 penu-

240 905 401 973 riam,
429 915 651 962 cunctas
677 904 896 976 Egypti
922 903 1146 960 delicias
1165 903 1442 972 suspirare
1469 900 1667 974 (Exod.
1700 901 1834 973 xvi),

237 1013 364 1054 cum
396 997 486 1053 illo
508 997 718 1052 carnali
747 1012 1089 1068 conquerens
1113 995 1275 1052 Israel
1300 1011 1313 1049 :
1346 1015 1364 1047 ‹
1397 995 1614 1052 Utinam
1639 994 1836 1062 mortui

177 1108 180 1109 '
237 1109 484 1149 essemus
531 1108 629 1162 per
673 1107 892 1146 manum
944 1089 1156 1146 Domini
1209 1091 1264 1144 in
1316 1088 1573 1161 Egypto,
1621 1089 1837 1158 quando

238 1186 566 1242 sedebamus
613 1200 778 1255 super
818 1184 954 1240 ollas
995 1183 1272 1247 carnium,
1315 1191 1371 1238 ct
1422 1183 1839 1238 comedebamus

237 1293 406 1347 panes
453 1278 504 1331 in
549 1277 863 1333 saturitate!
904 1295 924 1328 ι
961 1275 1120 1347 (Dan.
1156 1273 1262 1345 ιιι.)
1301 1274 1445 1329 Misit
1485 1290 1616 1344 ergo
1648 1283 1698 1328 te
1741 1289 1838 1328 rex

236 1369 533 1441 Babylonis
563 1368 617 1423 in
659 1369 934 1424 caminum
977 1367 1116 1438 ignis
1147 1367 1468 1430 ardentem,
1509 1367 1604 1421 sed
1653 1366 1837 1422 videre

237 1478 345 1518 non
375 1463 549 1533 potuit
575 1463 671 1517 Dei
704 1462 900 1517 Filium
947 1471 1126 1517 tecum
1177 1461 1318 1516 inter
1350 1460 1538 1530 globos
1588 1459 1834 1514 flamma-

237 1567 362 1614 rum
383 1560 728 1616 aestuantium
754 1560 1112 1616 incedentem.
1139 1558 1377 1629 Stuppae,
1402 1560 1679 1629 naphthte,
1701 1560 1838 1629 picis

239 1667 306 1708 ac
341 1652 605 1708 malleolte
633 1653 946 1723 congeriem
978 1661 1296 1722 persecutor
1323 1652 1541 1718 intulit;
1576 1655 1670 1707 sed
1700 1653 1836 1708 divi-

238 1758 308 1801 ha
346 1745 518 1800 virtus
561 1745 722 1816 hujus
749 1760 877 1814 erga
905 1754 958 1801 te
985 1746 1133 1802 vires
1155 1746 1390 1801 incendii
1426 1761 1531 1800 non
1582 1745 1840 1801 exstinxit

237 1833 452 1908 (Ibid.).
483 1836 656 1892 Porro
690 1838 756 1892 de
785 1836 1001 1891 ﬂamma
1050 1837 1140 1892 illa
1184 1838 1384 1893 dicitur
1409 1855 1422 1891 :
1446 1837 1599 1905 Quod
1631 1839 1834 1909 erupit,

1933 616 2162 693 Ibraiens
2197 615 2284 670 ille
2312 613 2539 686 populus
2568 599 2796 668 turtnlas
2819 607 2920 668 sibi
2947 599 3254 668 cdni'e'cisse'
3277 603 3535 670 deScribi-

1944 718 2030 763 tur
2064 725 2127 761 ;,‹
2168 695 2720 778 Frangebat,inquit,
2752 705 2981 776 populus
3031 704 3160 760 illud
3205 705 3370 772 mola,
3421 705 3535 762 sive

1937 801 2150 868 terebat
2181 803 2234 856 in
2264 800 2545 865 mortario,
2595 788 2834 869 coque'ns
2865 800 2918 854 in
2949 799 3051 854 olla
3073 841 3087 865 ,
3115 808 3171 855 et
3215 793 3419 856 faciens
3465 815 3537 857 ex

1942 909 2006 949 eo
2036 895 2267 950 turtulas
2293 893 2520 963 saporis,
2573 893 2725 962 quasi
2769 893 2921 963 panis
2959 892 3119 947 oleati
3151 891 3340 964 (Num.
3373 896 3475 965 ιιι).
3508 911 3530 944 ι

1935 981 2169 1040 ’Τιιιίιιιει
2202 986 2358 1056 plane
2384 985 2486 1040 nisi
2523 986 2674 1058 prius
2702 985 2964 1055 aperitur,
3004 985 3206 1055 gustari
3237 1001 3343 1040 non
3386 984 3538 1040 valet

1941 1081 2084 1150 quod
2134 1079 2274 1134 intra
2321 1079 2437 1150 ejus
2493 1089 2641 1150 septa
2689 1080 3018 1134 reconditur.
3057 1065 3298 1134 'Oracula
3344 1083 3541 1150 nempe

1940 1173 2327 1242 prophetarum
2379 1173 2532 1242 quasi
2566 1172 2808 1242 qumdam
2846 1170 3058 1226 turtulte
3091 1179 3245 1236 sunt,
3275 1185 3394 1240 quae
3434 1170 3538 1227 sub

1942 1265 2174 1334 quadam
2197 1265 2352 1336 quasi
2395 1263 2691 1320 carnalium
2719 1264 2875 1318 theca
2910 1263 3198 1318 verborum
3227 1259 3540 1332 'spiritualis

1944 1354 2310 1424 intelligentiae
2337 1363 2631 1424 contegunt
2650 1361 3069 1408 sacramentum.
3092 1349 3244 1405 Hanc
3281 1349 3541 1407 turtulam

1933 1432 2154 1520 aperire
2179 1465 2282 1503 non
2306 1457 2540 1519 poterat,
2561 1447 2644 1502 cui
2671 1445 2973 1517 perlsaiam
2998 1443 3276 1498 dicebatur
3301 1461 3314 1496 :
3346 1462 3364 1495 ι
3393 1441 3542 1515 Lege

1941 1539 2140 1594 librum
2196 1541 2378 1594 istum.
2438 1539 2504 1592 Et
2552 1535 2830 1607 respondit
2885 1551 2899 1589 :
2965 1533 3084 1589 Non
3141 1549 3384 1606 possum.
3457 1529 3540 1588 Sl-

1931 1643 2136 1702 gnatus
2184 1640 2266 1687 est
2305 1630 2448 1685 enim
2501 1627 2677 1701 (Isai.
2724 1625 2915 1699 XXIX).
2970 1645 2990 1678 ι
3038 1623 3193 1682 llanc
3230 1625 3334 1681 sibi
3367 1634 3542 1680 turtu-

1941 1723 2048 1778 lam
2095 1723 2376 1778 eunuchus
2434 1720 2523 1775 ille
2576 1719 2807 1775 reserari
2867 1717 3058 1790 petiit,
3114 1732 3238 1770 cum
3287 1714 3540 1785 Philippo

1943 1815 2144 1869 dicenti
2175 1813 2278 1868 sibi
2309 1829 2321 1864 :
2350 1833 2368 1864 ‹
2424 1811 2661 1867 Putasne
2692 1809 2946 1880 intelligis
2982 1825 3102 1880 quae
3148 1807 3329 1879 legis?
3373 1827 3391 1858 ι
3426 1805 3538 1862 Re-

239 1938 294 1984 et
333 1939 514 1985 erecta
560 1938 646 1984 est
689 1944 852 1998 super
899 1929 1177 1986 fornacem
1229 1931 1428 1986 cubitis
1477 1932 1835 2002 quadraginta

1945 1907 2162 1978 spondit
2194 1921 2208 1960 :
2250 1925 2268 1957 ‹
2312 1907 2378 1960 Et
2403 1905 2673 1976 quomodo
2700 1920 2937 1976 possum,
2973 1903 3078 1958 nisi
3125 1901 3324 1972 aliquis
3361 1910 3544 1956 osten-

235 2034 452 2078 novem.
504 2021 618 2077 Non
651 2024 796 2079 enim
852 2024 920 2079 ad
966 2023 1486 2095 quinquagenarium
1523 2041 1832 2091 numerum,

238 2113 295 2170 id
330 2124 412 2170 est
451 2131 626 2187 usque
669 2116 735 2170 ad
777 2115 992 2186 mystici
1024 2114 1256 2181 Jubiltei,
1305 2117 1484 2186 potuit
1531 2117 1836 2185 pertingere

235 2216 662 2263 sacramentum.
685 2206 945 2263 Jubilaaus
965 2208 1108 2263 enim
1141 2223 1316 2262 annus
1345 2209 1699 2278 reqttietionis
1729 2216 1834 2274 est,

237 2299 382 2372 lg‘nis
411 2315 542 2373 ergo
573 2299 664 2356 ille
707 2299 942 2355 carnalis
989 2301 1446 2370 concupiscentiae
1488 2315 1596 2356 non
1635 2301 1702 2355 ad
1752 2316 1838 2356 re-

237 2390 421 2461 quiem
448 2391 705 2461 pertinet,
749 2391 844 2446 sed
886 2391 1140 2446 scandala
1189 2392 1370 2462 potius
1414 2401 1658 2463 generat,
1708 2395 1836 2450 dum

235 2482 527 2552 "reprobam
558 2492 795 2538 mentem
819 2481 1160 2536 titillantibus
1207 2482 1479 2539 illecebris
1509 2493 1834 2539 restitantem
1854 2501 1876 2516 ο

237 2579 404 2627 vexat
435 2580 598 2642 atque
650 2573 946 2643 perturbat.
975 2572 1092 2628 Non
1121 2574 1266 2628 enim
1299 2574 1368 2629 ad
1397 2575 1545 2630 illum
1571 2575 1838 2646 quinqua-

235 2663 431 2735 gesimi
468 2663 570 2718 diei
599 2664 837 2735 pertinet
875 2666 1076 2736 ignem,
1117 2667 1186 2722 de
1209 2683 1317 2737 quo
1339 2669 1536 2723 dicitur
1567 2687 1579 2723 :
1613 2687 1632 2720 ι
1668 2667 1838 2726 Totus

241 2762 426 2810 autem
463 2771 622 2812 mons
671 2755 822 2812 Sinai
865 2757 1128 2824 fumabat,
1172 2775 1238 2815 eo
1281 2763 1428 2830 quod
1469 2761 1839 2817 descendisset

241 2845 504 2901 Dominus
547 2863 710 2918 super
737 2864 862 2904 eum
911 2849 965 2904 in
1014 2850 1161 2921 igne,
1205 2861 1262 2906 et
1297 2854 1617 2908 ascenderet
1659 2852 1838 2909 fumus

241 2953 310 2994 ex
357 2955 422 2996 eo
461 2941 616 3010 quasi
653 2939 721 2997 de
753 2941 975 2999 fornace
1017 2944 1216 3013 (Exod.
1249 2945 1386 3014 nx).
1422 2964 1443 2998 ι
1481 2946 1586 3000 Sed
1620 2961 1719 3001 nec
1762 2946 1839 3002 illi

239 3035 491 3105 congruit
536 3036 649 3106 qui,
696 3035 1147 3107 quinquagesimo
1198 3037 1550 3094 nihilominus
1577 3038 1686 3103 die,
1717 3047 1841 3107 post

243 3125 537 3183 Dominicaz
567 3131 981 3185 resurrectionis
1010 3129 1238 3201 gloriam
1275 3145 1440 3200 super
1483 3131 1756 3201 apostolos
1784 3131 1838 3186 in

239 3219 546 3292 linguarum
577 3223 841 3279 varietate
870 3225 1150 3279 descendit
1186 3224 1324 3295 (Act.
1358 3225 1441 3296 ιι).
1472 3224 1709 3294 Uterque
1740 3223 1840 3295 igi-

1943 2000 2083 2057 derit
2114 1999 2279 2054 mihi?
2311 2019 2328 2050 ι
2364 1999 2500 2068 (Act.
2539 1996 2680 2068 vni.)
2711 1997 2788 2050 Ac
2810 1996 2853 2050 si
2885 1995 3030 2050 dicat
3062 2012 3075 2047 :
3106 1991 3386 2047 Turtulam
3417 1991 3539 2061 qui-

1942 2092 2064 2148 dem
2094 2092 2253 2156 istam
2285 2091 2339 2145 in
2373 2090 2621 2144 inanibus
2652 2098 2830 2152 teneo,
2876 2088 2968 2142 sed
3002 2101 3109 2142 non
3138 2100 3358 2156 possunt
3388 2099 3456 2137 ex
3478 2097 3544 2137 ea

1931 2165 2250 2250 ~comedere,
2283 2182 2386 2237 nisi
2415 2197 2531 2236 eam
2565 2183 2721 2236 docta
2753 2195 2944 2234 manus
2975 2178 3218 2248 aperiat,
3251 2185 3305 2231 et
3336 2174 3545 2230 medul-

1927 2278 2048 2342 ,lam
2081 2277 2214 2331 mihi
2248 2276 2490 2347 spiritus,
2542 2275 2634 2345 qui
2670 2273 2721 2328 in
2770 2272 2921 2344 palea
2971 2272 3166 2327 littera:
3195 2269 3347 2334 latet,
3379 2281 3548 2338 expu-

1931 2380 2055 2446 _-nat.
2089 2369 2240 2423 Hanc
2262 2384 2362 2438 per
2394 2367 2717 2437 semctipsos
2760 2365 2972 2436 aperire
3017 2380 3119 2417 non
3162 2368 3445 2432 poterant,
3478 2360 3546 2414 de

1942 2464 2135 2534 quibus
2169 2461 2434 2518 Jeremias
2465 2461 2644 2514 aiebat
2671 2476 2685 2512 :
2715 2456 2735 2510 ι
2771 2457 2986 2512 Parvuli
3018 2456 3293 2526 petierunt
3322 2467 3543 2526 panem,

1941 2566 1996 2620 et
2027 2570 2137 2610 non
2159 2563 2278 2610 erat
2305 2556 2396 2623 qui
2429 2552 2704 2624 frangeret
2741 2551 2820 2606 eis
2851 2549 3068 2622 (Thren.
3098 2549 3194 2619 ιν).
3231 2567 3249 2598 ι

1955 2703 1959 2707 ,
1995 2633 2127 2719 Hoc
2151 2663 2282 2719 ergo
2307 2662 2528 2711 manna,
2559 2643 2931 2708 dilectissime,
2962 2641 3107 2695 hunc
3148 2639 3327 2694 vitalis
3356 2637 3548 2719 alimo-

1940 2739 2044 2796 nia:
2078 2740 2258 2794 cibum
2295 2737 2350 2792 in
2401 2733 2770 2791 meditationis
2815 2743 2919 2788 tuae
2968 2731 3225 2787 mortario
3273 2729 3546 2785 subtiliter

1939 2833 2116 2904 pinse,
2148 2833 2201 2886 iu
2235 2831 2424 2887 fervidi
2454 2829 2656 2884 amoris
2683 2827 2786 2882 olla
2819 2826 3024 2898 jugiler
3069 2840 3329 2894 excoque,
3376 2834 3433 2878 ut
3477 2833 3548 2878 ex

1941 2924 2046 2979 hoc
2068 2922 2262 2978 aniuuze
2288 2932 2391 2977 tua:
2416 2921 2624 2975 viscera
2656 2917 2837 2973 valeas
2865 2916 3010 2971 velut
3034 2931 3065 2970 a
3093 2917 3264 2970 ruinae
3297 2913 3541 2970 caelestis

1941 3018 2099 3087 adipe
2125 3016 2392 3087 saginare.
2425 3013 2538 3068 Hoc
2579 3008 2791 3067 intimae
2809 3009 3123 3066 refectionis
3153 3008 3393 3064 edulium
3423 3022 3547 3062 cor-

1944 3107 2027 3162 dis
2065 3107 2141 3162 tui
2171 3106 2358 3162 fauces
2384 3104 2667 3168 obdulcet,
2701 3103 2805 3157 hoc
2833 3102 3072 3156 animum
3103 3108 3252 3156 tuum
3295 3097 3360 3153 ad
3393 3097 3548 3153 illlud

1944 3200 2167 3255 caeleste
2201 3199 2504 3254 convivium
2561 3204 2840 3269 provocet.
2891 3194 2990 3248 llic
3031 3191 3264 3264 denique
3305 3192 3458 3247 cibus
3490 3191 3549 3246 in

235 3297 335 3368 tur
359 3313 498 3385 ignis
528 3315 632 3370 iste
659 3315 958 3380 descendit,
983 3315 1108 3385 quia
1139 3315 1393 3370 nimirum
1421 3315 1488 3370 de
1509 3315 1646 3370 ccelo
1669 3314 1836 3370 venit.

1945 3301 2106 3364 gustu
2155 3293 2354 3348 mentis
2394 3301 2498 3347 tua:
2545 3288 2937 3345 delectabiliter
2975 3287 3188 3357 sapiat,
3240 3285 3328 3340 hic
3374 3294 3426 3341 te
3475 3284 3548 3340 ad

237 3408 336 3466 Ille
357 3421 535 3466 autem
553 3426 658 3467 non
681 3410 1053 3476 descendisse,
1079 3411 1171 3466 sed
1202 3410 1511 3468 ascendisse
1537 3409 1753 3481 legitur,
1782 3417 1844 3464 ut
1933 3459 1937 3464 .

236 3502 311 3559 'de
349 3504 582 3560 carnalis
613 3506 1065 3576 concupiscemus
1100 3506 1393 3577 petulantia
1427 3506 1722 3576 procedere
1763 3504 1843 3560 vi-

248 3593 464 3650 deatur.
1055 3658 1066 3670 ἢ

864 3685 1093 3742 CAPUT
1145 3687 1207 3742 Il.

465 3778 606 3845 Quid
635 3779 793 3850 fuerit
835 3796 1029 3834 manna
1056 3821 1071 3846 ,
1103 3789 1150 3834 et
1194 3780 1319 3852 quid
1350 3780 1625 3852 signiﬁcet.

247 3875 254 3878 “
318 3869 461 3936 Noli,
481 3871 669 3937 frater,
694 3872 799 3926 noli
823 3871 958 3942 gulae
989 3872 1073 3927 vel
1102 3875 1281 3927 carnis
1304 3874 1580 3928 deservire
1609 3870 1838 3938 libidini,

249 3963 341 4032 qui
373 3973 426 4018 te
471 3963 694 4019 militem
735 3965 1071 4036 spopondisti
1125 3965 1436 4019 sobrietatis
1465 3964 1694 4019 auctori.
1733 3963 1842 4017 Pu-

250 4053 374 4109 deat
415 4063 465 4111 te
495 4057 792 4111 carnalium
825 4056 1155 4127 voluptatum
1180 4071 1303 4111 esse
1329 4055 1696 4121 vernaculum,
1743 4071 1844 4110 nec

237 4147 446 4202 collum
484 4159 631 4203 tuum
660 4150 893 4218 ingenuo
937 4150 1140 4206 Christi
1167 4151 1299 4221 jngo
1337 4149 1686 4214 submissum,
1726 4147 1844 4201 vin-

251 4238 390 4293 culis
446 4240 700 4308 subjicias
737 4240 1113 4296 barbarorum.
1157 4240 1276 4297 Non
1334 4241 1500 4312 Eglon
1561 4255 1655 4294 rex
1688 4239 1842 4295 Moab

249 4329 354 4386 sub
383 4348 477 4386 sua
513 4343 564 4388 te
592 4333 792 4389 ditione
841 4334 1114 4404 possideat
1143 4333 1344 4404 (Judic.
1380 4335 1487 4402 in),
1521 4333 1616 4388 sed
1664 4342 1842 4386 tecum

251 4427 414 4482 simul
439 4429 577 4483 Aoth
600 4429 748 4484 illum
777 4430 1053 4502 inopinato
1085 4431 1317 4502 pugione
1359 4428 1701 4484 transfodiat.
1733 4427 1845 4483 Nec

251 4518 403 4589 Agag
436 4534 532 4574 rex
559 4521 841 4586 Amalech,
878 4537 999 4577 cum
1029 4532 1246 4577 terreno
1291 4521 1455 4577 Israel
1497 4519 1596 4575 sub
1640 4534 1739 4574 suo
1776 4527 1846 4572 .tc

243 4607 484 4679 imperio
512 4609 832 4681 comprimat
855 4611 939 4682 (II
985 4610 1114 4683 Reg.
1149 4612 1260 4681 xv),
1311 4611 1404 4666 sed
1451 4627 1575 4666 eum
1625 4609 1844 4665 Samuel

1945 3385 2236 3442 esurienda
2260 3400 2508 3457 supernae
2537 3383 2848 3438 rcfectionis
2875 3381 3131 3436 alimenta
3160 3380 3470 3436 succendat.

2567 3474 2798 3532 CAPUT
2834 3473 2922 3528 Ill.
3379 3459 3382 3462 ’

2019 3573 2174 3640 Quod
2197 3573 2253 3628 in
2282 3571 2394 3626 solo
2421 3569 2532 3626 Deo
2577 3579 2654 3626 est
2687 3579 2993 3624 sanctorum
3031 3584 3145 3637 spes
3169 3577 3216 3621 et
3252 3567 3472 3638 requies.

2018 3666 2290 3737 Repressa
2339 3664 2506 3737 igitur
2555 3662 2897 3718 diversorum
2947 3660 3208 3716 aviditate
3253 3647 3499 3715 ciborum
3528 3700 3546 3726 ,

1945 3777 2086 3816 unus
2130 3763 2393 3816 duntaxat
2418 3757 2714 3822 esuriatur,
2744 3770 2885 3810 unus
2909 3755 3054 3810 omni
3088 3752 3357 3809 desiderio
3398 3749 3553 3822 flagi-

1948 3862 2126 3908 tetur:
2158 3871 2176 3904 ι
2229 3851 2422 3927 Unam,
2452 3848 2644 3920 inquit,
2671 3847 2802 3918 petii
2849 3862 2880 3900 a
2913 3844 3162 3910 Domino,
3197 3846 3335 3899 hanc
3366 3841 3553 3913 requi-

1946 3962 2060 4001 ram
2112 3944 2284 4018 (Psal.
2333 3944 2505 4016 xxvr).
2544 3963 2563 3994 ›
2598 3943 2725 3997 llaec
2779 3949 2864 3996 est
2903 3941 3047 3995 enim
3098 3939 3278 3994 unitas
3310 3937 3398 3992 illa
3427 3952 3551 4007 qua:

1945 4041 2304 4110 quadraginta
2331 4052 2522 4092 novem
2554 4034 2824 4106 surgentis
2862 4032 3094 4087 flamina:
3123 4031 3324 4088 cubitis
3354 4031 3543 4084 deerat

1947 4134 2108 4205 (Dan.
2138 4133 2236 4204 tl);
2265 4133 2390 4202 quia
2417 4129 2654 4186 carnalis
2675 4127 2968 4198 appetitus,
2997 4127 3121 4180 dum
3143 4140 3239 4196 per
3267 4123 3434 4178 multa
3459 4138 3552 4177 ra-

1945 4235 2128 4296 ptatus
2157 4225 2396 4288 oberrat,
2432 4239 2535 4276 non
2568 4221 2730 4274 habet
2767 4234 2933 4273 unum
2971 4216 3124 4282 illud,
3151 4230 3373 4271 causam
3399 4215 3550 4292 vide-

1944 4318 2074 4372 licet
2114 4317 2385 4384 linemque
2427 4312 2724 4385 gaudendi,
2767 4311 2821 4365 in
2866 4326 2974 4380 quo
3015 4306 3414 4364 delectabiliter
3463 4319 3552 4388 re-

1949 4407 2217 4478 quiescat.
2253 4404 2514 4461 Jubilaeus
2547 4411 2724 4459 autem
2779 4401 2880 4454 hac
2918 4399 3127 4454 unitate
3180 4395 3547 4463 concluditur,

1948 4502 2074 4574 quia
2107 4500 2160 4555 in
2194 4499 2308 4555 solo
2333 4497 2610 4554 Creatoris
2635 4509 2821 4548 amore
2861 4491 3039 4548 omnis
3086 4499 3400 4546 sanctorum
3427 4485 3552 4559 spes

1948 4609 2004 4654 et
2041 4599 2268 4654 intentio
2292 4597 2532 4670 ponitur,
2572 4597 2718 4651 ineo
2747 4603 2861 4648 tota
2891 4608 3079 4649 eorum
3125 4591 3343 4663 requies
3386 4579 3553 4643 collo-

254 4715 440 4754 coram
471 4708 523 4756 te
544 4713 814 4772 per'artus
843 4703 893 4757 in
924 4702 1092 4757 frusta
1121 4703 1391 4758 concidat.
1416 4702 1530 4756 Non
1558 4711 1609 4756 te
1631 4703 1840 4756 destru-—

1949 4702 2126 4747 catur.
2149 4691 2253 4746 Per
2277 4705 2437 4746 omne
2463 4688 2609 4760 quod
2636 4696 2825 4759 agunt,
2857 4687 2925 4742 ad
2956 4685 3104 4740 illum
3137 4683 3386 4746 tendunt,
3417 4689 3471 4734 et
3492 4669 3551 4733 in

255 4800 377 4847 ctor
425 4792 513 4848 ille
561 4792 894 4850 Hierusalem
943 4795 1175 4850 delectet
1219 4793 1326 4866 (IV
1370 4793 1498 4863 Reg.
1551 4796 1702 4864 xxv),
1752 4795 1844 4864 qui

259 4883 528 4953 profecto,
570 4886 827 4954 quoniam
879 4885 1252 4941 illecebrarum
1312 4887 1550 4956 suggerit
1604 4886 1845 4940 oblecta-

259 4987 464 5042 menta,
499 4979 794 5032 carnalium
827 4994 988 5048 super
1017 4994 1219 5049 coquos
1245 4980 1444 5034 habere
1472 4978 1671 5033 dicitur
1697 4977 1848 5048 prin-

259 5069 516 5138 cipatum.
551 5067 606 5122 Si
641 5077 692 5123 te
721 5069 875 5123 dulce
916 5070 1043 5138 quid
1072 5071 1398 5125 manducare
1428 5070 1682 5133 delectat,
1715 5068 1849 5123 divi-

259 5176 390 5215 num
419 5159 546 5215 illud
574 5160 640 5215 ad
666 5163 951 5232 mysticum
998 5177 1195 5216 manna
1222 5161 1274 5216 in
1325 5161 1504 5216 cordis
1550 5160 1626 5214 tui
1676 5159 1853 5229 palato

261 5253 456 5321 Sapiat,
489 5253 556 5307 de
582 5268 687 5322 quo
715 5253 949 5308 dicitur:
981 5273 998 5304 ‹
1029 5253 1164 5319 Quia
1193 5263 1380 5324 gustus
1418 5252 1534 5322 ejus
1554 5260 1673 5307 erat
1697 5251 1854 5322 quasi

263 5345 456 5400 simila:
485 5362 606 5400 cuin
644 5347 800 5401 melle
835 5345 1029 5419 (Exod.
1058 5345 1191 5417 xvi).
1231 5367 1249 5398 ι
1289 5347 1475 5400 Simila
1512 5345 1717 5400 scilicet
1751 5346 1854 5399 ista

263 5436 332 5491 de
361 5451 529 5507 grano
566 5437 825 5493 frumenti
877 5437 965 5502 fit,
1015 5439 1157 5509 quod
1199 5439 1252 5492 in
1304 5449 1502 5492 terrain
1533 5439 1752 5502 cadens,
1789 5452 1856 5492 ac

266 5541 539 5586 mortuum
576 5573 590 5598 ,
621 5531 845 5586 multum
879 5531 1061 5586 attulit
1114 5531 1346 5586 fructum
1378 5529 1558 5602 (Joun.
1592 5531 1715 5600 xu).
1745 5528 1852 5584 Sed

266 5621 383 5678 haec
412 5624 588 5679 simila
619 5624 777 5679 melle
805 5625 1199 5694 conspergitur,
1245 5623 1370 5693 quia
1401 5622 1710 5676 humanitas
1740 5620 1848 5674 Re-

266 5713 561 5786 demptoris
592 5715 750 5786 plena
796 5725 880 5772 est
906 5715 1187 5771 dulcedine
1233 5713 1474 5770 deitatis.
1521 5712 1663 5768 Deus
1705 5712 1852 5766 enim

267 5807 459 5860 eratin
481 5805 720 5876 Christo,
743 5808 1006 5863 mundum
1034 5805 1392 5862 reconcilians
1416 5803 1516 5860 sibi
1548 5802 1600 5874 (Ι
1627 5803 1750 5858 Cor.
1771 5802 1850 5873 v).

267 5897 366 5955 Vel
395 5911 544 5959 certe
571 5901 678 5958 mel
725 5901 778 5958 in
813 5900 1010 5967 simila,
1060 5899 1286 5956 dulcedo
1332 5907 1415 5955 est
1448 5895 1746 5968 spiritualis
1796 5895 1850 5952 in

1946 4805 2032 4852 eo,
2067 4796 2321 4857 tanquam
2345 4785 2397 4839 in
2425 4782 2673 4847 Jubilzeo,
2700 4797 2732 4836 a
2761 4781 2978 4836 cunctis
3000 4776 3183 4832 mundi
3212 4772 3548 4830 vanitatibus

1950 4880 2318 4949 requiescunt.
2349 4877 2642 4931 Enimvero
2673 4874 2812 4928 sicut
2845 4872 3106 4944 septimus
3141 4867 3283 4932 dies,
3327 4864 3418 4933 qui
3451 4877 3552 4933 per

1949 4985 2165 5026 omnem
2193 4969 2499 5024 celebratur
2529 4964 2944 5027 hebdomadam,
2980 4960 3064 5036 vel
3104 4967 3252 5013 certe
3286 4955 3550 5025 septimus

1951 5061 2151 5133 quietis
2177 5076 2374 5126 annus,
2398 5058 2489 5129 qui
2520 5073 2618 5127 per
2639 5071 2799 5112 omne
2820 5051 3173 5108 nihilominus
3199 5044 3547 5119 septennium

1958 5153 2283 5218 celebratur,
2329 5150 2491 5220 hujus
2521 5147 2781 5216 temporis
2810 5142 3118 5216 significant
3146 5137 3412 5211 requiem,
3444 5149 3552 5207 qua

1957 5247 2130 5303 sancti
2173 5245 2349 5300 solum
2393 5245 2562 5298 Deum
2617 5240 2874 5310 diligunt,
2929 5246 2984 5291 et
3027 5235 3084 5290 in
3133 5249 3198 5289 eo
3250 5248 3281 5287 a
3336 5229 3550 5314 cunctis

1957 5339 2142 5394 mundi
2183 5332 2679 5407 perturbationibus
2707 5329 3094 5399 requiescunt;
3144 5325 3218 5380 ita
3263 5337 3359 5394 per
3393 5319 3549 5376 Jubi-

1959 5434 2138 5498 laeum,
2171 5428 2672 5502 quinquagesimum
2709 5423 2959 5478 videlicet
2983 5436 3208 5484 annum,
3235 5417 3323 5471 illa
3360 5414 3552 5470 ultima

1961 5527 2174 5596 requies
2197 5524 2530 5593 designatur,
2561 5535 2664 5588 qua
2694 5516 2946 5571 videlicet
2968 5513 3126 5568 electi
3146 5524 3336 5566 omnes
3353 5521 3551 5564 secura

1959 5632 2176 5687 semper
2204 5624 2365 5684 atque
2412 5608 2796 5667 iuterminabili
2843 5608 3028 5678 requie
3074 5605 3445 5676 perfruuntur.
3493 5598 3554 5653 In

1961 5711 2064 5766 hac
2097 5709 2240 5764 enim
2279 5706 2389 5760 vita
2419 5704 2532 5760 sola
2563 5702 2850 5772 cujuslibet
2881 5701 3053 5756 sancti
3077 5698 3178 5754 viri
3208 5697 3389 5751 anima
3440 5693 3551 5748 Deo

1960 5821 2058 5878 per
2086 5804 2197 5859 vim
2244 5808 2405 5857 certae
2453 5799 2570 5870 spei
2614 5813 2676 5853 ac
2712 5813 2860 5868 purae
2912 5793 3216 5852 dilectionis
3256 5789 3548 5846 innititur:

1962 5915 2088 5954 nam
2117 5912 2244 5954 caro
2276 5894 2459 5952 multis
2485 5891 2878 5948 adversitatum
2911 5885 3312 5946 calamitatibus
3337 5888 3551 5956 pertur-
