4136 5308
634 353 746 417 πθ
1101 355 1160 413 s.
1192 354 1396 449 rem
1434 308 1719 415 parum
1746 352 1931 439 opp.
1959 350 2369 441 rouuslstzu
2406 332 2586 413 rans
2625 350 2709 410 Ill.
2750 331 2813 396 ζ
2836 348 3204 448 opuscuut
3241 339 3507 414 VAnrA.‘
3814 356 3922 414 reo

618 466 820 536 ,hatur.
891 466 1054 540 752
1128 456 1476 542 Unaquaeque
1545 470 1801 527 nimirum
1880 470 2217 528 hebdomada
2247 468 2295 531 Α
2320 467 2401 522 An
2415 482 2521 524 non
2540 482 2599 523 se
2613 466 2874 522 Dominus
2895 452 3036 538 apud
3053 481 3154 524 nos
3174 468 3417 540 requiem
3437 463 3727 539 pollicetur
3741 468 3921 525 babe-

618 557 936 631 gSabbatum
964 560 1199 627 dierum,
1236 562 1576 633 septennium
1619 579 1751 619 vero
1782 562 2082 636 Sahbatum
2128 563 2226 618 ha-
2323 577 2408 628 re,
2432 560 2592 632 753
2619 576 2741 617 cum
2766 560 2935 616 dicit:
2963 578 2983 613 ι
3021 559 3077 615 Si
3106 560 3228 631 quis
3255 559 3434 632 diligit
3457 574 3571 627 me,
3597 574 3916 617 sermnem

630 651 800 711 bebat
842 667 1106 709 annorum
1152 671 1167 720 ;
1213 644 1470 712 Jubilaaus
1525 646 1704 712 autem
1753 664 1872 712 erat
1928 655 2223 711 Sabbatum
2322 669 2501 709 meum
2549 653 2809 720 servabit,
2855 662 2911 733 et
2933 652 3096 709 Pater
3141 660 3319 709 meus‘
3347 652 3524 720 diligit
3567 665 3717 719 eum,
3755 660 3815 709 et
3843 652 3915 707 ad

584 814 585 817 η
620 745 1017 813 ,Βεὼὺθιοιουηι
1066 747 1149 802 Ex
1189 748 1393 819 septies
1427 749 1572 804 enim
1612 759 1816 820 septem
1862 748 2222 821 quadraginta
2321 761 2445 802 eum
2473 745 2775 811 veniemus,
2805 753 2861 802 et
2889 744 3226 801 mansionem
3248 744 3391 815 apud
3418 759 3545 800 eum
3568 742 3909 801 faciemus!»

613 852 822 911 novem
847 853 1059 895 summa
1097 838 1398 908 perficitur,
1426 828 1532 894 'cui
1577 840 1923 912 superaddita
1970 838 2219 907 mouade,
2320 836 2508 910 (Joan.
2556 836 2697 910 xiv.)
2748 836 2901 892 Hanc
2943 837 3083 909 apud
3125 846 3455 908 quemquam
3499 850 3607 893 non
3645 848 3708 891 se
3752 849 3913 907 repe-

623 929 1127 1001 quinquagenarius
1151 920 1441 995 numerus,"
1472 931 1564 1002 qui
1594 940 1679 987 est
1704 930 1983 998 Juhilseus,
2032 931 2222 1002 imple-
2317 929 2457 986 risse
2488 928 2732 999 requiem
2777 927 3151 997 conqueritur,
3185 926 3408 984 dicens:
3435 944 3457 980 ε
3489 926 3692 997 Vulpes
3720 925 3913 984 foveas

540 1034 581 1092 ’ξ
621 1023 734 1074 tur.
758 1016 816 1072 In
846 1033 953 1090 quo
992 1017 1248 1074 nimirum
1297 1034 1523 1076 numero
1568 1020 1708 1076 sicut
1755 1020 1957 1089 septies
2010 1030 2216 1089 seplem
2319 1023 2541 1089 habent,
2573 1032 2628 1077 et
2649 1021 2902 1077 volucres
2930 1020 3053 1077 caeli
3083 1021 3270 1090 nidos;
3300 1021 3473 1078 Filius
3517 1021 3757 1078 hominis
3794 1036 3910 1077 non

536 1100 550 1135 ὀ
608 1106 874 1183 dicimus,
904 1109 983 1166 sic
1012 1109 1067 1164 in
1097 1109 1371 1166 intellectu
1399 1119 1584 1166 nostro
1628 1109 1868 1180 requiem
1913 1109 2214 1163 animarum

574 1200 594 1278 ζ
608 1199 873 1277 ‘videlicet
896 1208 950 1256 et
970 1214 1258 1272 corporum
1283 1202 1641 1269 geminamus.
1668 1189 1982 1255 In'Jubilaeo
2014 1199 2215 1270 quippe

2316 1111 2482 1167 habet
2506 1111 2594 1166 ubi
2623 1118 2784 1181 caput
2810 1126 2967 1196 suum
2994 1110 3223 1167 reclinet
3266 1111 3418 1185 (Luc.
3447 1110 3549 1185 rx).
3580 1130 3600 1164 ι
3647 1111 3909 1183 Quisquis

2316 1217 2446 1273 ergo
2478 1201 2532 1257 in
2561 1204 2726 1258 corde
2754 1217 2854 1258 suo
2888 1200 3178 1271 cujuslibet
3212 1202 3433 1259 malitiae
3457 1218 3666 1260 venena
3701 1218 3907 1260 conce-

584 1298 819 1355 anostraa
844 1291 1067 1361 quietis,
1096 1291 1200 1347 hoc
1227 1300 1313 1347 est
1345 1291 1399 1346 in
1428 1291 1515 1346 illa
1544 1291 1651 1346 vita
1675 1290 1947 1347 felicitatis
1973 1300 2212 1359 aeternae,

600 1379 700 1454 .sic
730 1379 933 1436 electus
961 1382 1190 1451 quisque
1239 1396 1347 1437 non
1384 1380 1559 1437 solum
1597 1382 1809 1448 animae,
1858 1381 1953 1436 sed
1982 1389 2036 1436 et
2086 1395 2211 1435 cor-

612 1472 768 1541 poris
813 1471 1135 1544 immutabili
1166 1471 1349 1542 quiete
1381 1472 1696 1543 perfruitur,
1745 1482 1805 1528 ut
1834 1472 1981 1528 nulla
2011 1471 2125 1543 jam
2155 1475 2210 1530 in

598 1561 874 1635 Iutralihet
921 1562 1227 1619 substantia
1260 1562 1553 1641 cujuslibet
1592 1565 1820 1620 turbinis
1849 1565 2210 1621 incommodi-

593 1661 727 1723 -_tate
753 1663 994 1710 vexetur.
1022 1652 1085 1710 In'
1114 1653 1341 1712 Jubilmo
1370 1656 1511 1712 tubis
1538 1655 1806 1729 clangitur
1832 1655 2022 1729 (Leuit.
2053 1658 2207 1729 xxv),

608 1755 667 1805 et
692 1747 761 1803 ad
786 1748 1158 1817 possessiones
1182 1764 1309 1805 suas
1330 1749 1700 1820 unusquisque
1725 1740 2013 1807 revertitur
2036 1767 2051 1817 ;
2073 1766 2208 1822 quo-

2314 1293 2426 1365 pit,
2476 1292 2697 1348 festinet
2724 1292 2793 1348 de
2820 1292 3060 1363 pectoris
3093 1293 3177 1349 sui
3205 1292 3359 1350 fovea
3390 1292 3577 1365 vulpes
3620 1302 3904 1361 excutere,

2312 1393 2376 1438 ut
2400 1384 2454 1438 in
2483 1398 2550 1439 eo
2576 1383 2672 1439 Dei
2701 1382 2873 1440 Filius
2900 1392 3065 1455 caput
3092 1399 3249 1440 suum
3276 1385 3474 1441 merito
3501 1385 3696 1443 debeat
3738 1385 3905 1443 recli-

2312 1490 2465 1531 nare.
2492 1474 2537 1531 O
2576 1484 2632 1531 tu
2656 1476 2905 1547 quisquis
2930 1491 3011 1544 es,
3043 1491 3139 1533 cor
3183 1485 3356 1545 tuum,
3387 1478 3643 1550 spelzeum
3683 1478 3909 1538 scilicet

2312 1565 2576 1637 vulpium,
2606 1567 2658 1621 in
2689 1583 2954 1623 arcanum
2993 1576 3157 1625 castae
3185 1569 3554 1626 meditationis
3573 1579 3727 1627 verte
3744 1585 3903 1629 mor-

2311 1657 2508 1712 tarium
2534 1673 2549 1711 :
2572 1657 2626 1712 in
2643 1673 2764 1729 .quo
2792 1657 3046 1716 videlicet
3071 1675 3271 1716 manna
3296 1660 3538 1719 caelestis
3566 1662 3770 1734 eloquii
3790 1679 3903 1721 non

2313 1751 2533 1808 desinas
2568 1751 2842 1809 subtiliter
2871 1761 3070 1819 terere,
3100 1762 3160 1808 ut
3185 1753 3398 1810 oleatus
3426 1771 3494 1812 ex
3522 1769 3589 1811 eo
3613 1756 3773 1828 panis
3800 1757 3902 1814 tibi

607 1837 776 1904 niam,
810 1839 951 1895 sicut
978 1840 1442 1912 dicitApostolus,
1485 1842 1599 1911 ipse
1626 1841 1886 1897 Dominus
1930 1842 1984 1899 in
2022 1841 2201 1911 jussu,
2232 1838 2280 1900 Β
2304 1841 2485 1900 valeat
2530 1843 2836 1914 provenire.
2887 1843 3050 1900 Panis
3094 1845 3240 1900 enim
3268 1837 3498 1902 'oleatus
3543 1862 3716 1905 sacra!
3743 1846 3899 1905 Scri-

606 1941 664 1988 et
694 1932 746 1987 in
771 1947 905 1987 voce
933 1932 1241 2004 archangeli
1267 1973 1280 1999 ,
1308 1942 1364 1989 et
1397 1933 1450 1987 in
1499 1933 1631 1987 tuba
1661 1932 1754 1988 Dei
1803 1932 2094 1990 descendet
2136 1936 2203 1991 de

588 2023 748 2090 caelo
773 2041 786 2078 :
812 2033 863 2079 et
877 2025 1074 2080 mortui
1092 2025 1181 2096 qui
1200 2022 1251 2079 in
1270 2024 1493 2081 Christo
1504 2033 1650 2091 sunt,
1665 2034 1952 2098 resurgent
1973 2025 2028 2097 (Ι
2045 2024 2199 2084 Thes.

584 2114 706 2188 _tv).
736 2115 874 2183 Quid
901 2125 984 2172 est
1008 2117 1152 2172 enim
1182 2117 1237 2171 in
1264 2132 1399 2174 voce
1445 2119 1751 2190 archangeli
1780 2127 1834 2174 et
1861 2120 1914 2174 in
1944 2118 2040 2175 Dei
2072 2114 2201 2176 tuba

584 2205 955 2283 descendere,
1004 2207 1109 2262 nisi
1140 2208 1538 2277 quodammodo
1575 2210 1998 2265 consonantibus
2043 2210 2202 2267 tuba-

603 2314 725 2355 rum
754 2298 1100 2371 clangoribus
1128 2300 1418 2357 intonare?
1452 2301 1520 2357 Et
1541 2302 1671 2372 quid
1705 2310 1790 2359 est
1813 2312 2060 2360 mortuos
2105 2303 2200 2375 qui

584 2380 660 2450 'in
685 2393 903 2450 Christo
931 2402 1075 2460 sunt,
1106 2409 1411 2466 resurgere,
1438 2394 1545 2451 nisi
1580 2394 1647 2450 ad
1676 2397 2045 2466 possessiones
2071 2411 2199 2453 suas

601 2478 1041 2556 unumquemque
1082 2486 1304 2541 redire?
1332 2486 1483 2542 Tunc
1531 2486 1677 2542 enim
1720 2486 2018 2557 Abraham,
2068 2497 2198 2544 tunc

602 2573 837 2648 Moyses,
868 2584 999 2632 tunc
1026 2584 1173 2633 certe
1208 2576 1433 2644 Pilatus,
1472 2584 1600 2635 tunc
1651 2577 1915 2646 Herodes,
1957 2588 2086 2636 tunc
2107 2578 2197 2651 ju-

597 2677 716 2726 stus
762 2670 1012 2741 quisque,
1061 2671 1174 2726 sive
1215 2678 1494 2741 peccator,
1543 2670 1609 2726 ad
1643 2672 2044 2741 possessionum
2071 2688 2194 2727 sua-

598 2752 719 2817 rum
741 2762 887 2833 jura‘
917 2763 1211 2819 revertitur
1238 2780 1253 2830 ;
1284 2778 1406 2819 cum
1438 2779 1623 2832 carne,
1659 2780 1823 2835 quam
1864 2766 1931 2820 ad
1980 2774 2191 2837 tempus

2305 1943 2484 2005 pturae
2525 1943 2610 1990 est
2658 1933 3004 2001 intellectus,
3071 1932 3307 2005 Spiritus
3375 1937 3549 1993 sancti
3624 1937 3902 1996 suavitate

2304 2026 2593 2093 conditus,
2623 2024 2750 2082 Haec
2796 2026 2915 2093 tibi,
2944 2024 3115 2082 frater
3152 2024 3496 2093 charissime,
3535 2025 3779 2099 Spiritus
3806 2028 3898 2084 in-

2302 2120 2437 2178 ﬂuat
2468 2121 2794 2195 [infundat];
2841 2122 2932 2178 hic
2963 2137 2996 2177 a
3028 2130 3080 2177 te
3107 2136 3231 2178 cum
3260 2120 3493 2178 Samson
3532 2123 3771 2193 torporis
3811 2130 3900 2178 at-

2302 2231 2408 2288 que
2437 2216 2657 2273 desidiae
2682 2231 2881 2271 nexum
2928 2214 3169 2286 abjiciat,
3190 2223 3354 2287 atque
3400 2214 3467 2270 ad
3503 2214 3718 2272 fortiter
3765 2230 3897 2272 cum

2260 2292 2267 2319 τ
2302 2308 2461 2364 hoste
2507 2309 2827 2364 certandum
2853 2306 3130 2364 ferventer
3157 2308 3420 2364 accendat
3446 2305 3651 2379 (ludio.
3676 2306 3821 2378 xvi).

2246 2408 2267 2423 ‘
2292 2432 2298 2442 ›
2369 2400 2427 2454 In
2451 2400 2754 2471 desperatis
2793 2399 3012 2471 quidem
3043 2399 3206 2455 rebus
3230 2398 3526 2472 gloriosum
3550 2406 3636 2457 est
3665 2397 3898 2456 fortiter

2298 2507 2495 2565 agere;
2532 2491 2762 2563 insignis
2788 2491 3049 2563 praeconii
3082 2498 3168 2546 est
3216 2493 3359 2547 eum’
3390 2489 3484 2560 qui
3514 2498 3806 2547 corruerat
3835 2490 3894 2546 in

2297 2583 2534 2649 ruinam,
2565 2581 2900 2653 inopinatam
2929 2589 3209 2652 reportare
3236 2580 3548 2637 victoriam.
3594 2579 3895 2639 Marcellus

2288 2680 2492 2746 nempe
2518 2674 2887 2731 Romanorum
2931 2672 3144 2740 consul,
3199 2674 3326 2730 dum
3374 2674 3432 2728 in
3479 2688 3672 2729 manus
3693 2672 3891 2731 Gallo-

2295 2783 2416 2823 rum
2442 2765 2778 2837 improvidus
2805 2764 3105 2831 incidisset,
3136 2771 3213 2830 et,
3241 2764 3471 2820 armatis
3497 2763 3751 2821 hostibus
3778 2780 3889 2821 un-

596 2855 951 2925 deposuerat,
989 2854 1332 2910 reinduitur:
1367 2861 1426 2910 ut
1472 2871 1594 2911 cum
1643 2856 1764 2926 ipso
1811 2870 1910 2912 suo
1957 2872 2187 2929 corpore
2292 2857 2457 2929 dique
2488 2856 2856 2923 circumfusis,
2893 2855 3096 2927 aufugii
3123 2869 3349 2927 prorsus
3374 2854 3554 2911 aditus
3579 2868 3689 2911 non
3722 2862 3890 2925 pate-

592 2947 965 3019 unusquisque
992 2946 1220 3016 recipiat
1240 2947 1382 3016 quod
1408 2956 1668 3002 meretur.
1692 2946 1903 3003 Habent
1925 2956 2188 3019 prasterea
2292 2959 2396 3016 ret,
2448 2950 2505 3006 in
2533 2950 2905 3006 Vitromarum
2957 2944 3388 3027 [Virdomarum]
3432 2960 3614 3017 regem
3663 2943 3887 3000 illorum

589 3054 738 3095 nunc
766 3038 981 3111 reprobi
1008 3038 1292 3110 utriusque
1322 3039 1641 3095 substantiae
1666 3041 2064 3110 quodammodo
2095 3056 2185 3097 re-
2289 3050 2550 3113 tanquam
2585 3040 2788 3096 fulmen
2834 3037 3269 3096 ferventissimus
3316 3036 3507 3093 irruit:
3535 3050 3710 3108 eoque
3761 3050 3890 3106 per-

589 3124 797 3200 quiem,
827 3130 954 3200 quia
991 3139 1046 3185 et
1070 3129 1374 3185 animarum
1399 3146 1620 3186 suarum
1651 3140 1707 3186 et
1735 3147 2027 3202 corporum
2056 3147 2181 3203 per-
2221 3196 2255 3205 _
2287 3142 2499 3204 empto,
2546 3133 2810 3205 plurimas
2858 3145 3074 3202 quoque
3123 3143 3248 3186 cum
3290 3128 3494 3201 collega
3520 3142 3649 3194 suo,
3695 3126 3888 3185 Marco

592 3196 787 3278 tieiunt
843 3196 1173 3294 voluptatem
1200 3263 1215 3288 ,
1284 3233 1344 3278 ut
1414 3223 1671 3279 nimirum
1735 3196 2185 3295 concupiscentia:
2212 3196 2256 3261 (ἶ
2290 3196 3141 3298 videlicet-Scipione-hostium
3169 3223 3356 3295 copias
3403 3196 3699 3280 interemit.
3738 3222 3885 3291 Quid

588 3318 805 3373 ﬂamma
836 3358 851 3385 ,
919 3332 1041 3389 quae
1107 3326 1363 3387 tanquam
1421 3331 1487 3372 ex
1565 3317 1782 3373 camino
1851 3318 2181 3387 Chaldaico,
2288 3334 2417 3389 ergo
2448 3319 2643 3375 mirum
2670 3319 2718 3374 si
2767 3317 2913 3389 quod
2959 3317 3222 3374 adversus
3265 3315 3539 3372 hominem
3584 3313 3754 3371 fuisse
3781 3329 3885 3386 per

587 3412 837 3468 aestuanti
871 3423 1058 3466 eorum
1098 3419 1310 3476 mente,
1340 3410 1702 3481 progreditur,
1750 3408 1819 3465 ad
1871 3411 2069 3481 septies
2095 3426 2183 3467 se-
2287 3408 2581 3464 humanam
2629 3408 3001 3466 fortitudinem
3054 3415 3286 3473 constat,
3336 3422 3483 3462 nunc
3521 3414 3713 3463 contra
3759 3406 3881 3462 dia-

584 3507 737 3571 ptem
763 3500 926 3571 (Dan.
955 3498 1060 3570 ιιι),
1084 3500 1190 3555 hoc
1215 3511 1299 3555 est
1323 3499 1390 3555 ad
1419 3500 1777 3570 quadraginta
1810 3515 2029 3568 novem,
2053 3518 2183 3558 con-
2285 3500 2468 3556 bolum
2497 3515 2595 3570 per
2619 3500 2878 3555 virtutem
2912 3497 3089 3553 sancti
3120 3496 3360 3568 Spiritus
3390 3496 3525 3551 ﬁat?
3548 3497 3881 3555 Excutiatur

589 3604 814 3659 surgere
843 3589 1130 3654 videatur;
1174 3589 1268 3644 sed
1311 3590 1564 3659 quoniam
1610 3590 1677 3644 ad
1727 3591 2011 3658 unitatem,
2064 3608 2184 3661 qute
2284 3606 2434 3662 ergo,
2466 3589 2790 3646 charissime
2820 3589 3015 3653 frater,
3052 3594 3172 3642 ate
3199 3586 3435 3659 degener
3483 3585 3648 3658 hujus
3695 3587 3876 3643 inoliti

560 3677 732 3755 Deus
768 3687 872 3745 est,
896 3694 963 3733 ex
991 3677 1186 3734 mentis
1215 3679 1512 3735 intentione
1534 3694 1639 3735 non
1672 3679 1920 3747 tendunt,
1948 3682 2016 3737 ad
2036 3682 2180 3738 beati
2285 3681 2518 3753 torporis
2568 3681 2802 3752 ignavia,
2828 3740 2829 3743 η
2856 3678 3093 3736 viriliter
3139 3693 3336 3735 manus
3383 3681 3538 3764 arma
3586 3680 3875 3752 corripiat,

587 3768 797 3828 Jubilaci
828 3769 1215 3843 plenitudinem
1244 3787 1352 3826 non
1378 3770 1713 3843 pervenient.
2281 3781 2337 3830 et
2357 3773 2575 3829 intortis
2600 3772 3027 3843 oppugnantium
3067 3770 3271 3841 jaculis
3296 3754 3461 3844 7εέ
3485 3770 3737 3844 clypeum
3786 3772 3866 3827 in-

1195 3863 1428 3920 CAPUT
1476 3864 1568 3922 IV.
1600 3880 1603 3883 ·
2281 3866 2428 3922 timtc
2460 3864 2966 3936 circumspectionis
3011 3871 3268 3935 opponat.
3319 3861 3511 3920 Necte
3538 3879 3664 3920 cum
3711 3864 3872 3921 Isbo-

2279 3958 2402 4015 seth
2431 3957 2486 4013 in
2519 3955 2740 4027 inguine
2785 3955 3099 4026 percussuri
3147 3954 3440 4012 latrunculi
3488 3954 3766 4027 reperiant
3810 3955 3868 4012 in

655 4055 766 4113 Sed
794 4054 885 4127 qui
912 4054 1197 4112 Jubilteum
1226 4054 1358 4121 Deo,
1409 4054 1512 4111 hoc
1539 4064 1622 4111 est
1670 4055 1936 4125 requiem,
1980 4054 2177 4127 qureri-
2276 4048 2475 4106 lectulo
2499 4048 2860 4105 somniantem
2887 4046 2974 4118 (II
2993 4046 3123 4119 Reg.
3151 4046 3249 4119 tv),
3278 4049 3373 4104 sed
3396 4047 3576 4120 potius
3605 4062 3731 4103 cum
3759 4049 3871 4103 Da-

550 4128 556 4134 ’
585 4163 731 4216 mus,
763 4157 817 4204 et
842 4147 945 4218 ipsi
973 4145 1258 4202 Jubilaeum
1288 4146 1400 4202 Deo
1428 4146 1481 4201 in
1525 4146 1680 4202 nobis
1708 4146 1968 4202 exhibere
2009 4147 2172 4203 debe-
2275 4143 2365 4198 vid
2392 4141 2842 4199 Philisthiuorum
2876 4141 3093 4213 agmina
3141 4141 3382 4197 sentiant
3423 4141 3868 4213 insuperabiliter

582 4256 723 4299 mus.
754 4240 812 4296 In
851 4240 1005 4311 cujus
1030 4240 1173 4296 enim
1203 4240 1367 4297 corde
1400 4241 1539 4297 Deus
1568 4240 1623 4296 in
1655 4239 1760 4296 hac
1788 4240 1900 4295 vita
1930 4241 2175 4310 requies-
2273 4235 2642 4298 obluctantem
2690 4234 2777 4305 (II
2805 4234 2936 4306 Reg.
2979 4233 3064 4306 ιι).
3124 4232 3193 4289 Ut
3235 4250 3367 4308 ergo
3413 4235 3580 4304 hanc,
3634 4242 3867 4292 auctore

552 4328 557 4331 ⁷
584 4347 713 4390 cere
732 4347 839 4386 non
863 4330 1218 4401 permittitur,
1240 4329 1290 4386 ei
1314 4330 1655 4400 postmodum
1681 4329 1919 4387 caelestis
1938 4332 2062 4387 vitae
2083 4348 2172 4388 re-
2273 4329 2405 4395 Deo,
2456 4325 2717 4383 merearis
2761 4325 3007 4382 obtinere
3051 4325 3355 4392 victoriam,
3405 4341 3514 4382 non
3563 4324 3702 4381 ultra
3731 4341 3861 4382 cum

546 4406 547 4411 “
579 4423 760 4494 quiem
785 4437 892 4476 non
934 4421 1181 4492 largitur.
1210 4419 1459 4492 Nunquid
1504 4422 1646 4479 enim
1688 4422 1741 4477 in
1771 4423 1928 4478 nobis
1959 4420 2168 4480 Jubiltei
2272 4416 2478 4473 carnali
2510 4416 2602 4472 illo
2627 4416 2789 4472 Israel
2813 4416 3235 4489 immurmurans
3262 4415 3450 4472 dicas:
3482 4433 3501 4468 ί
3531 4415 3729 4471 Anima
3759 4433 3860 4473 no-

544 4496 550 4502 .
581 4511 983 4585 quodammodo
1015 4513 1251 4582 quietem
1288 4529 1393 4568 non
1431 4513 1672 4583 expetit,
1707 4530 1827 4568 cum
1853 4528 1950 4584 per
1973 4512 2167 4570 Isaiam
2200 4561 2247 4585 η
2273 4518 2386 4565 stra
2424 4506 2576 4564 arida
2625 4515 2729 4573 est,
2777 4506 2912 4562 nihil
2957 4506 3104 4562 aliud
3151 4506 3448 4578 respiciunt
3492 4503 3633 4561 oculi
3679 4506 3855 4562 nostri

578 4605 776 4663 dicitur
800 4621 813 4658 :
844 4622 863 4656 ‹
893 4603 1067 4674 Super
1086 4618 1244 4674 quem
1272 4604 1578 4674 requiescet
1599 4601 1838 4675 Spiritus
1867 4619 2038 4672 meus,
2062 4606 2166 4663 uisi
2198 4594 2248 4622 υ
2272 4598 2376 4654 nisi
2402 4613 2603 4655 manlia
2634 4595 2825 4670 (Num.
2852 4596 2968 4669 XI);
3008 4614 3029 4651 ι
3065 4596 3160 4653 sed
3187 4598 3366 4667 potius
3399 4595 3555 4651 hellis
3588 4602 3648 4651 et
3674 4594 3857 4650 alacer

577 4710 742 4766 super
766 4693 1027 4749 humilem
1073 4701 1130 4749 et
1159 4693 1424 4764 quietum,
1451 4703 1505 4750 et
1534 4703 1856 4751 trementem
1884 4712 2166 4756 sermones
2270 4709 2394 4750 cum
2438 4691 2708 4763 Propheta
2744 4691 3000 4746 decantes
3041 4707 3055 4745 :
3103 4707 3124 4742 ι
3164 4689 3336 4757 Quam
3367 4687 3560 4764 dulcia
3606 4686 3854 4744 faucibus

576 4785 770 4841 meos?
810 4804 830 4839 ι
865 4782 1030 4855 (Isai.
1054 4783 1233 4857 vat.)
1267 4784 1515 4855 Nunquid
1544 4793 1598 4840 et
1628 4786 1871 4842 columba
1904 4787 2014 4855 illa,
2045 4803 2166 4859 qua:
2271 4785 2629 4855 meiseloquia
2646 4793 2734 4839 tua
2756 4799 2920 4854 super
2946 4782 3052 4861 me!
3072 4791 3128 4838 et
3150 4781 3331 4837 favum
3359 4782 3441 4837 ori
3468 4781 3653 4836 meo!»
3672 4778 3849 4852 (Psal.

539 4870 545 4877 ’
580 4886 714 4933 tunc
748 4876 996 4931 eumdem
1036 4875 1295 4945 Spiritum
1343 4875 1721 4947 prtesignabat,
1766 4879 2007 4948 requiem
2058 4895 2163 4936 non
2268 4876 2488 4945 cxvm.)
2518 4875 2761 4930 Aviditas
2789 4889 2919 4946 ergo
2952 4873 3189 4930 carnalis
3215 4872 3421 4929 delicia:
3449 4872 3615 4927 menti
3652 4879 3853 4926 nostra:

3463 4963 3522 4984 l..
3582 4961 3719 4984 -ε---ξ
3731 4960 3845 4984 1-...

875 3962 1151 4030 Quomodo
1183 3960 1323 4017 Deus
1352 3963 1408 4018 in
1452 3961 1598 4017 nobis
1638 3962 1889 4034 quiescat.

835 4966 965 4984 ,ηπ
