4138 6320
213 465 313 527 79d

957 467 1197 525 ()PUSC.
1242 468 1427 525 XLIX.
1468 499 1538 510 ~~-
1579 466 1665 524 DE
1703 465 2064 523 PERFECTA
2107 466 2414 523 MONMZIH
2453 467 2737 522 iNFORM.

3394 464 3501 521 729.

187 593 319 654 'gua
346 589 436 638 tua
467 581 642 654 (Cant.
673 581 766 652 iv).
802 600 818 632 ι
875 582 941 636 Ει
977 581 1173 637 iterum
1205 600 1216 635 :
1252 603 1270 634 ι
1307 581 1451 638 Fons
1499 582 1882 645 liortorum,'A
1913 579 2254 652 prudentiam
2307 593 2452 638 tuam
2503 584 2700 654 dirigo,
2733 597 2927 653 rogans
2957 590 3014 635 ut
3047 581 3191 635 illam
3241 595 3346 634 non
3378 595 3506 650 per

172 1623 188 1778 ὲ

172 1779 189 1864 .3

215 683 414 743 puteus
453 688 720 742 aquarum
763 673 1093 738 viventium,
1139 690 1259 744 qua:
1294 674 1465 731 fluunt
1508 676 1711 747 impetu
1741 674 1808 730 de
1843 678 1845 680 ’

215 763 429 818 Libano
457 761 671 833 (Ibid).
717 781 734 815 ι

290 854 367 909 De
427 855 790 925 pretiosarum
849 869 979 912 vero
1032 857 1265 912 vestium
1331 859 1591 926 vanitate,
1655 858 1810 928 cujus

217 945 413 1000 morbo
457 944 656 1001 diceris
701 945 971 1013 laborare,
1024 963 1132 1003 non
1177 949 1395 1016 scribo;
1435 949 1561 1020 quia
1611 949 1810 1021 stylum

217 1039 365 1095 ultra
408 1039 731 1110 producere,
771 1041 914 1097 sicut
955 1042 1070 1113 ipse
1097 1044 1408 1114 perpendis,
1440 1044 1627 1100 charta
1673 1043 1812 1098 defi-

217 1133 422 1199 ciente,
453 1148 559 1187 non
589 1132 768 1188 valeo.
809 1132 890 1188 Ad
919 1135 1201 1204 epistolam
1233 1152 1364 1209 ergo
1391 1153 1554 1207 quam
1592 1151 1815 1192 venera-

214 1223 313 1280 bili
341 1222 526 1283 abbati
559 1233 650 1281 tuo
676 1224 958 1283 Mainardo
985 1242 1147 1300 super
1178 1230 1281 1285 hoc
1320 1231 1558 1286 themate
1597 1229 1810 1302 scripsi,

1913 679 2185 735 functoria
2237 677 2519 734 celeritate
2568 685 2934 740 transcurras,
2985 675 3080 729 sed
3131 670 3420 743 vigilanter
3446 671 3502 728 in

1913 786 1976 826 ea
2015 786 2136 841 qum
2173 770 2430 825 momenti
2470 777 2596 824 sunt
2633 767 2900 822 attendas.
2951 765 3305 836 Omnipotens
3335 763 3504 832 Deus,

1877 883 1880 886 ’
1915 863 2271 919 dilectissime
2316 861 2502 926 frater,
2533 860 2772 917 carnalis
2811 874 3004 914 sensus
3045 860 3096 912 iu
3127 871 3176 913 te
3203 859 3348 914 vires
3373 873 3503 914 eva-

1918 964 2063 1022 cuet,
2098 964 2153 1011 et
2185 963 2422 1010 mentem
2461 963 2610 1008 tuam
2658 954 2710 1008 in
2753 951 3048 1022 spiritualis
3087 951 3343 1008 desiderii
3379 949 3508 1007 soli-

1877 1061 1880 1064 ’
1919 1049 2088 1105 ditatc
2123 1046 2426 1104 confirmet.

2254 1141 2337 1197 Sit
2377 1156 2562 1196 nomen
2593 1139 2805 1194 Domini
2842 1137 3186 1194 benedictum.

230 1389 3504 1420 mw

365 1513 722 1592 755-756
775 1535 1564 1646 OPUSCULUM
1637 1491 2782 1664 QUADBAGESIMUM
2855 1535 3364 1645 NONUM.

1021 1745 1128 1806 DE
1173 1743 1592 1809 acarnan
1623 1745 2000 1809 MONACHI
2055 1743 2697 1808 INFORMATIONE.
2982 1809 2986 1811 ,
3193 1824 3196 1826 γ
3437 1717 3448 1794 ἶ

216 1975 714 2057 aediﬁcatus.”—
737 1997 972 2055 Sanctus
998 1998 1190 2055 doctor
1220 1997 1469 2055 fratrueli
1505 2013 1603 2054 suo
1640 1998 1916 2054 Classensi
1963 1999 2230 2054 monacho
2260 1998 2486 2056 salutem
2518 2001 2667 2066 dicit,
2699 2015 2932 2070 eumque
2964 2001 3224 2057 adversus
3253 2000 3519 2060 daemonis

193 2081 197 2086 ‘
291 2070 513 2145 insidias
543 2069 1080 2145 salutarilmslarmat
1111 2071 1352 2145 monitis.
1390 2070 1645 2145 Omnium
1677 2072 1915 2145 primum
1962 2078 2155 2145 monet
2184 2078 2241 2145 ut
2270 2072 2519 2145 corporis
2549 2074 2603 2127 in
2632 2087 2696 2127 eo
2728 2069 3038 2138 mundities,
3073 2076 3429 2145 temperantia
3459 2075 3518 2130 in

291 2143 455 2216 victu,
488 2143 752 2216 orationis
777 2142 1034 2216 studium,
1064 2142 1538 2216 animidemissio,
1567 2141 1893 2216 obedientiaa
1921 2141 2096 2195 virtus
2127 2143 2351 2216 eniteat.
2378 2141 2810 2216 ’Deindeﬂrogat
2841 2145 3159 2200 muliebrem
3185 2141 3518 2199 convictum

287 2215 475 2280 evitet,
525 2213 792 2287 nullisque
828 2213 1120 2287 verborum
1153 2212 1290 2287 fucis
1324 2214 1378 2268 in
1406 2212 1889 2287 congressionibus
1930 2222 2129 2266 utatur.
2185 2213 2539 2287 lterumorat
2567 2212 2810 2270 alliuinm
2840 2232 3081 2271 amorem
3115 2217 3426 2287 restringat,
3453 2229 3525 2272 ne

225 2337 227 2340 ι
291 2299 490 2355 munus
520 2284 738 2355 aliquod
774 2284 1016 2350 ambiat,
1057 2285 1123 2340 (lc
1153 2284 1382 2339 aliorum
1431 2283 1574 2337 fama
1610 2299 1679 2338 ne
1717 2283 1992 2346 detrahat,
2025 2286 2326 2355 permorbi
2358 2285 2763 2342 simulationem
2805 2288 2887 2342 sui
2930 2289 3196 2343 rationem
3225 2283 3411 2343 haberi
3452 2301 3524 2342 ne

290 2353 491 2426 cupiat.
531 2353 813 2411 Postremo
845 2355 918 2431 illi
945 2357 1234 2431 suadetnc
1261 2355 1715 2426 reprehensiones
1757 2355 1824 2409 ad
1857 2353 2038 2412 aures’
2078 2354 2350 2422 admittat,
2383 2357 2565 2428 lapsus
2598 2367 2876 2430 agnoscat,
2904 2373 3218 2431 paucosque
3254 2374 3286 2416 c
3313 2358 3522 2428 multis,

290 2441 492 2499 eosque
523 2427 1029 2497 spectatze'virtutis
1065 2428 1326 2482 imitetur.

291 2522 508 2580 Penus
536 2533 791 2595 peccator
829 2524 1373 2603 monachusMaatxo
1404 2525 1630 2598 puerulo
1659 2523 1806 2582 salu-
1836 2527 1885 2588 Β

219 2627 329 2675 tem
367 2618 421 2673 in
448 2618 700 2677 Domino.

587 2725 590 2729 ‘
671 2760 674 2762 η
741 2711 970 2770 CAPUT
1011 2713 1304 2770 PRIMUM.

412 2809 545 2876 Qua:
580 2825 706 2862 cura
742 2807 949 2863 tuenda:
979 2808 1239 2863 castitatis
1268 2807 1509 2862 habenda
1546 2808 1630 2862 sit.

293 2900 468 2961 Rudis
510 2903 614 2958 tiro
640 2901 799 2957 facile
842 2902 895 2957 in
925 2902 1103 2973 prima
1129 2901 1252 2957 belli
1287 2903 1670 2973 congressione
1696 2917 1819 2972 pro-

220 2995 504 3061 sternitur,
529 2995 655 3060 nisi,
698 2994 941 3050 adhibito
973 2996 1124 3065 prius
1154 2986 1580 3066 campidoctoris
1618 2993 1817 3061 officio,

224 3089 538 3162 diligentius
585 3087 929 3145 informetur.
963 3088 1044 3144 Tn
1077 3099 1284 3157 autem,
1311 3091 1402 3161 qui
1435 3105 1609 3162 nuper
1655 3091 1708 3145 in
1741 3091 1822 3146 di-

220 3183 364 3239 vinae
399 3181 606 3237 militia:
644 3190 983 3238 sacramenta
1021 3180 1244 3250 jurasti,
1277 3182 1369 3252 qui
1403 3183 1455 3236 in
1484 3182 1822 3261 professione

225 3272 402 3329 sancti
449 3272 711 3344 propositi
759 3272 904 3328 inter
949 3273 1188 3343 pueriles
1218 3273 1331 3328 alas
1369 3288 1566 3328 nomen
1601 3273 1820 3342 dedisti,

221 3366 372 3425 inter
401 3366 516 3436 ipsa
546 3374 850 3422 castrorum
890 3365 1252 3437 Spiritualium
1289 3367 1590 3421 rudimenta
1622 3381 1822 3436 cogno-

225 3458 398 3515 sceris
424 3466 576 3514 tanto
603 3458 925 3529 propensius
955 3457 1284 3513 salutaribus
1309 3458 1526 3513 monitis
1553 3457 1822 3529 indigere,

225 3557 434 3621 quanto
462 3563 570 3604 non
604 3558 904 3616 terrenam,
938 3549 1030 3604 sed
1061 3549 1302 3606 divinam
1349 3550 1530 3620 potius
1569 3550 1821 3605 militiam

230 3643 462 3698 adorsus
503 3657 563 3697 es
604 3640 864 3710 baiulare.
903 3643 980 3697 De
1005 3657 1110 3712 qua
1148 3642 1404 3697 nimirum
1437 3643 1568 3698 dicit
1591 3643 1823 3712 Aposto-
1875 3717 1878 3720 ἢ

225 3735 353 3792 lus:
381 3749 404 3788 ι
434 3733 494 3790 In
541 3749 708 3790 carne
757 3734 901 3789 enim
949 3733 1319 3800 ambulantes,
1369 3751 1476 3790 non
1525 3736 1823 3792 secundum

230 3840 456 3881 carnem
501 3825 821 3882 militamus.
873 3824 1008 3880 Nam
1037 3841 1187 3881 arma
1221 3827 1428 3883 militia:
1459 3839 1679 3896 nostrae,
1716 3845 1823 3884 non

228 3917 492 3984 carnalia,
524 3918 616 3973 sed
644 3919 883 3988 potentia
911 3919 1020 3974 Dco
1048 3929 1176 3974 sunt
1203 3918 1288 3990 (II
1314 3918 1437 3974 Cor.
1468 3921 1545 3990 ιι).
1578 3941 1598 3974 ι

298 4011 471 4068 Porro
494 4020 674 4066 autem
703 4013 829 4082 quia
854 4013 1493 4084 consauguinitatis=_milii
1523 4017 1825 4072 necessitu-

231 4102 357 4159 dine
377 4103 648 4175 jnngeris,
693 4103 970 4161 fratruelis
998 4107 1196 4177 quippe
1225 4121 1306 4174 es,
1338 4107 1576 4163 arbitror
1606 4119 1711 4164 tua:
1741 4126 1830 4166 sa-

230 4193 360 4250 lutis
381 4210 570 4252 curam
602 4210 666 4252 eo
696 4197 826 4252 mihi
855 4198 1214 4269 periculosius
1243 4200 1577 4270 impendere,
1607 4217 1714 4271 quo
1745 4212 1831 4258 te-

231 4302 365 4344 nera
396 4295 486 4342 tua
521 4288 697 4344 adhuc
723 4290 1096 4356 attas,.alicnte
1117 4292 1236 4361 opis
1267 4291 1468 4364 indiga.
1501 4293 1553 4347 id
1578 4293 1828 4349 videatur

231 4387 289 4434 et
330 4393 400 4435 ex
430 4380 611 4436 debito
663 4396 878 4452 quoque
923 4383 1346 4454 propinquitatis
1393 4384 1632 4456 exigere.
1689 4383 1826 4440 Nam

229 4487 354 4530 cum
375 4472 664 4544 Apostolus
689 4485 910 4531 censeat
938 4491 1062 4532 eum
1098 4477 1189 4547 qui
1222 4477 1288 4532 ad
1315 4477 1658 4548 epise0patus
1704 4478 1824 4550 api-

234 4580 357 4622 cem
381 4576 751 4637 promovetur,
799 4567 938 4623 filios
963 4568 1166 4624 habere
1201 4569 1400 4624 debere
1424 4570 1669 4627 subditos
1701 4587 1826 4627 cum

232 4656 381 4712 omni
403 4657 651 4712 castitate
671 4656 724 4730 (I
745 4658 881 4714 Tim.
905 4657 1012 4728 in),
1037 4668 1200 4730 atque
1225 4660 1277 4714 in
1300 4660 1544 4731 catalogo
1565 4662 1824 4719 virtutum

232 4751 555 4816 sacerdotis,
585 4752 748 4807 etiam
781 4752 1008 4807 filiorum
1030 4752 1348 4822 pudicitiam
1374 4763 1428 4808 et
1461 4754 1826 4811 obedientiam

230 4853 434 4916 ponat;
459 4853 514 4898 tu
541 4845 694 4910 mihi,
720 4845 847 4901 licet
867 4862 973 4902 non
997 4846 1072 4902 sis
1100 4846 1260 4912 filius,
1285 4861 1313 4900 a
1339 4862 1458 4902 mea
1490 4856 1668 4902 tamen
1695 4863 1826 4903 cura

233 4955 343 4996 non
368 4941 563 4997 merito
581 4925 846 5011 indicaris
879 4953 1195 5010 extranens,
1221 4943 1310 5000 cui
1338 4959 1595 5014 germana
1625 4943 1826 4999 videris

233 5033 501 5092 afﬁnitate
546 5038 1254 5110 propinquus:pr:esertim
1303 5054 1427 5094 cum
1475 5047 1530 5094 et
1577 5038 1692 5109 ipse
1727 5039 1826 5094 tibi

232 5128 614 5184 monachicum
667 5130 984 5186 tradiderim
1035 5130 1300 5194 habitum,
1341 5145 1448 5185 non
1495 5130 1612 5186 sine
1659 5144 1825 5186 causa

231 5236 325 5278 me
392 5235 425 5276 a
484 5221 972 5279 consultationibus
1027 5223 1132 5280 tuis
1204 5220 1435 5279 difIiteor
1495 5221 1821 5277 absolutum.

231 5313 424 5371 Primo
457 5315 721 5380 omnium,
755 5315 1107 5372 dilectissime
1139 5315 1237 5381 fili,
1270 5316 1576 5371 castitatem
1607 5329 1827 5370 scrvare

230 5401 481 5477 vigilanti
529 5405 751 5463 solertia
784 5416 1002 5478 satage,
1037 5416 1092 5462 et
1125 5422 1288 5462 omne
1317 5407 1524 5462 crimen
1557 5405 1823 5462 lethifera:

230 5496 552 5580 pollutionis
598 5497 849 5564 exclude,
876 5506 937 5554 ut
984 5499 1147 5561 scias,
1174 5499 1330 5570 juxta
1353 5497 1696 5568 Apostolum,
1726 5513 1824 5554 vas

233 5598 390 5646 tuum
412 5589 693 5660 possidere
714 5591 767 5645 in
792 5590 1220 5646 sanctificatione
1240 5600 1294 5646 et
1317 5591 1522 5646 honore
1537 5589 1620 5661 (Il
1641 5589 1821 5644 Thess.

234 5683 338 5756 Iv).
401 5683 528 5739 Haec
578 5691 664 5740 est
710 5684 858 5740 enim
906 5685 1300 5752 sanctimonia,
1349 5685 1465 5740 sine
1515 5701 1622 5755 qna
1665 5700 1824 5740 nemo

233 5775 446 5833 videbit
472 5775 666 5832 Deum.
715 5775 977 5834 Scrvctur
1007 5778 1202 5833 munda
1233 5778 1480 5848 corporis
1507 5779 1585 5832 tui
1619 5778 1820 5844 tunica,

234 5878 294 5924 et
324 5868 378 5924 in
407 5868 545 5925 tanti
573 5868 715 5938 regis
745 5868 949 5938 nuptiis
974 5868 1121 5927 nullo
1145 5870 1440 5944 petulantis
1484 5870 1710 5936 luxuriae
1740 5887 1827 5932 re-

236 5961 486 6042 periatur
509 5961 762 6047 squalore
793 5959 1015 6028 foedata,

2547 2525 2776 2583 CAPUT
2818 2526 2880 2582 ll.

2109 2617 2265 2686 Quod
2303 2619 2564 2675 sobrietas
2607 2632 2682 2676 est
2723 2622 2982 2676 castitatis
3018 2621 3344 2691 praesidium.

2000 2712 2087 2768 Sit
2113 2728 2244 2783 ergo
2276 2713 2371 2767 tibi
2402 2715 2627 2769 castitas
2663 2730 2882 2786 semper
2914 2715 2967 2769 in
3000 2729 3252 2786 corpore,
3283 2715 3356 2771 sit
3381 2729 3529 2774 sem-

1926 2820 2026 2875 per
2055 2805 2111 2859 in
2143 2814 2354 2871 incute;
2407 2816 2676 2875 quatenus
2711 2808 2788 2862 sic
2817 2808 2924 2862 lilia
2959 2808 3530 2879 indisciplinataacar-

1928 2901 2014 2955 nis
2066 2897 2212 2955 velut
2267 2909 2505 2956 cxaraltc
2564 2911 2722 2956 terra:
2785 2902 2996 2956 cultura
3056 2902 3420 2970 candescant,
3466 2907 3534 2960 ut

1929 2995 2084 3050 radix
2117 3011 2336 3066 quoque
2379 2995 2430 3049 in
2473 2997 2554 3050 sui
2587 2996 2786 3051 viroris
2822 2997 2996 3067 gratia
3047 2995 3361 3052 inconvulsa
3398 3010 3527 3067 per-

1929 3096 2176 3142 maneat.
2227 3087 2422 3142 Carnis
2473 3087 2657 3142 titillat
2707 3089 2984 3156 illecebra,
3015 3099 3245 3161 surgunt
3289 3089 3531 3146 libidinis

1930 3177 2224 3244 incentiva,
2288 3179 2355 3232 ad
2417 3179 2716 3249 apostolica
2759 3195 2885 3234 mox
2941 3180 3046 3236 tela
3097 3180 3386 3252 prosiliens
3434 3177 3525 3254 (II

1932 3267 2056 3324 Cor.
2086 3271 2211 3340 χιι),
2238 3271 2614 3343 evangelicum
2645 3287 2860 3344 quoque
2889 3273 3123 3345 gladium
3153 3273 3381 3330 bellator
3420 3273 3533 3330 fer-

1933 3363 2092 3418 vidus
2122 3363 2334 3433 arripe;
2367 3372 2424 3418 et
2455 3363 2752 3420 frementes
2783 3380 2989 3422 cuneos
3014 3365 3364 3436 hostiumque
3405 3364 3533 3420 bar-

1933 3455 2164 3518 bariem,
2223 3454 2360 3510 duce
2403 3454 2660 3522 Christo,
2716 3454 2875 3511 facile
2928 3456 3131 3528 poteris
3179 3457 3530 3512 obtruncare.

1939 3547 2115 3604 Unum
2149 3557 2231 3603 cst
2262 3557 2322 3602 ut
2353 3549 2624 3604 sobrietas
2672 3550 2914 3620 quotidie
2957 3552 3054 3607 tibi
3099 3567 3284 3608 comes
3338 3553 3410 3608 sit
3447 3551 3534 3607 in-

1935 3640 2175 3706 dividua,
2210 3655 2311 3695 nec
2337 3638 2641 3710 aliquando
2682 3657 2712 3696 a
2745 3649 2838 3696 tuo
2867 3642 2939 3697 sit
2967 3642 3220 3714 collegio,
3251 3642 3374 3715 gula
3402 3657 3536 3712 pru-

1934 3731 2136 3797 riente,
2187 3732 2419 3788 divulsa.
2461 3732 2566 3788 Ubi
2599 3734 2745 3789 enim
2795 3734 3066 3789 viscerum
3116 3734 3235 3806 pori
3283 3734 3532 3790 ciborum

1936 3826 2128 3897 repleti
2157 3837 2307 3892 sunt,
2341 3843 2498 3883 suum
2534 3828 2645 3883 illic
2671 3828 2860 3898 procul
2890 3829 3054 3884 dubio
3083 3830 3250 3885 robur
3281 3829 3384 3884 sibi
3415 3828 3536 3882 vin-

1935 3919 2082 3975 dicat
2127 3919 2340 3975 flamma
2392 3920 2655 3976 libidinis.
2709 3922 2834 3978 Haec
2883 3923 3026 3978 enim
3066 3924 3239 3994 pestis
3277 3923 3536 3978 ariditate

1937 4011 2239 4081 repellitur,
2299 4019 2354 4067 et
2416 4012 2507 4068 ubi
2565 4010 2717 4068 efi‘eri
2776 4015 3026 4083 corporis
3083 4015 3281 4070 humor
3322 4013 3532 4080 deficit,

1935 4104 2053 4159 haec
2109 4103 2274 4157 etiam
2323 4103 2623 4158 arescendo
2684 4105 2993 4160 marcescit.
3053 4104 3220 4160 Plane
3272 4114 3333 4160 ιιι
3390 4104 3534 4178 ignis

1936 4212 2092 4266 aquae
2119 4237 2134 4262 ,
2181 4197 2259 4253 sic
2304 4197 2522 4252 luxuria
2559 4197 2781 4253 inimica
2827 4207 2912 4253 est
2943 4198 3153 4270 frigori,
3209 4212 3372 4270 atque
3410 4199 3535 4255 ideo

1935 4289 2027 4342 ubi
2083 4290 2374 4358 genuinum
2434 4289 2617 4344 carnis
2679 4289 2927 4344 ardorem
2987 4290 3234 4346 ciborum
3293 4290 3535 4346 fomenta

1934 4377 2266 4443 destituunt,
2315 4377 2498 4434 fervor
2539 4393 2760 4450 quoque
2793 4379 3021 4436 luxuriae
3062 4382 3406 4438 necesse'est
3436 4397 3532 4437 ex-

1932 4473 2260 4542 stinguatur.
2290 4471 2423 4527 Nolo
2444 4488 2572 4545 ergo
2603 4474 2741 4529 cibis
2770 4475 3094 4532 lautioribus
3115 4475 3289 4533 inhies
3318 4494 3334 4533 :
3365 4475 3529 4547 757

1931 4564 2056 4618 nolo
2084 4566 2210 4620 vino
2251 4563 2538 4620 afﬂuenter
2590 4566 2890 4639 indulgeas,
2935 4568 3050 4624 sive
3084 4570 3150 4624 de
3179 4569 3299 4640 ejus
3323 4569 3528 4625 coloris

1933 4656 2214 4726 saparisve
2261 4657 2520 4712 distantia
2572 4657 2860 4728 aliquando
2888 4659 3168 4730 disputare
3211 4675 3528 4731 przesumas.

1933 4747 2047 4804 Hoc
2062 4749 2431 4820 tennislageos
2455 4751 2652 4806 hor-ror
2671 4762 2980 4822 exasperat,
3004 4753 3134 4808 illud
3154 4753 3532 4810 venachorica:

1933 4843 2226 4898 debilitatis
2244 4853 2468 4898 enervat
2485 4861 2499 4910 ;
2516 4844 2659 4900 istud
2683 4847 3080 4914 porrothasiam
3097 4848 3276 4912 rubet,
3290 4847 3421 4902 illud
3434 4861 3530 4904 an-

1934 4945 2046 4991 tem
2071 4952 2238 4994 aureo
2267 4937 2582 4994 Mareotidis
2602 4939 2796 4994 decore
2814 4938 3089 5006 flavescit;
3113 4940 3432 5012 prohibetur
3449 4940 3529 4996 le-
3607 5011 3610 5018 ι

1933 5033 2070 5098 ctio;
2096 5034 2381 5088 nauseanti
2403 5048 2573 5104 vappa
2593 5042 2706 5097 est;
2731 5033 3034 5103 baptismus
3055 5033 3310 5105 irrepsit:
3336 5049 3529 5105 exspe-

1933 5124 2075 5179 ctavi
2105 5124 2324 5194 quidem
2357 5124 2563 5189 vinum,
2591 5124 2684 5179 sed
2708 5125 2834 5179 huic
2855 5139 3008 5194 aqua:
3029 5126 3384 5196 perexiguum
3414 5126 3530 5183 vini

1931 5220 2147 5274 videtur
2191 5219 2514 5286 admistum;
2554 5220 2680 5274 huic
2718 5235 2847 5273 sane
2876 5219 3001 5274 vino
3033 5219 3272 5275 Aminaea
3308 5221 3528 5290 quidem

1932 5309 2059 5366 vitis
2079 5309 2371 5380 plurimum
2395 5310 2655 5373 contulit,
2687 5311 2782 5365 sed
2834 5309 3075 5365 Rhaetica
3135 5312 3525 5382 propemodum

1933 5417 2194 5474 superare
2227 5403 2522 5459 contendit.
2555 5402 2674 5458 Noli
2701 5403 3094 5474 itaquecallere
3115 5405 3245 5475 quid
3272 5404 3525 5477 Arigitis,

1932 5496 2061 5567 quid
2094 5495 2301 5551 Rhodia
2329 5497 2531 5567 sapiat;
2565 5510 2728 5566 quem
2787 5497 3073 5552 suavitatis
3125 5513 3372 5554 acrorem
3400 5515 3525 5556 cum

1930 5589 2219 5660 purpureis
2249 5588 2455 5644 Preciis
2483 5586 2828 5660 Psythiisque
2867 5599 3178 5661 componat.
3233 5590 3358 5647 Haec
3377 5591 3526 5647 enim

1932 5681 2116 5737 omnia
2143 5679 2280 5751 gulae
2335 5679 2765 5756 philosOphantis
2800 5690 2926 5737 sunt
2977 5693 3315 5754 argumenta,
3342 5692 3396 5738 et
3440 5683 3523 5737 in-

1935 5773 2316 5847 gnrgitationis
2338 5773 2712 5830 abominanda:
2732 5776 2984 5832 materia.
3009 5776 3065 5832 In
3089 5777 3365 5832 sumendis
3386 5790 3517 5846 ergo

1935 5866 2205 5922 alimentis
2239 5865 2478 5936 parcitas
2500 5867 2852 5938 asperitatem
2883 5869 3114 5939 mitiget,
3142 5869 3519 5940 vnlgaritatem

1937 5964 2194 6027 delibatio
2216 5963 2484 6040 castigata
2505 5963 2872 6024 commendet.
2900 5963 3009 6021 Nec
3034 5963 3234 6022 suﬂicir
3255 5964 3307 6019 in
3362 5977 3520 6022 escuv
