4138 6320
699 430 804 487 795

1163 427 1220 483 S.
1264 425 1468 482 PETRI
1503 423 1787 481 DAMIANI
1824 422 1971 480 OPP.
2016 419 2251 479 TOMUS
2282 418 2417 485 SEU
2453 420 2636 480 PARS
2670 419 3233 480 Ill.——0PUSGULA
3272 420 3501 479 YARIA.

2744 303 2770 326 πε.
2778 287 2811 326 1“.

2632 366 2715 383 «gi

703 542 1025 600 lentioribus
1046 539 1183 597 cibis
1203 541 1457 597 cohibere
1481 538 1784 610 crapulam,
1818 537 1920 594 nisi
1948 548 2005 593 et
2050 538 2105 593 in
2154 537 2287 608 ipsis
2310 537 2365 599 Δ
2389 538 2679 595 comitissaa
2700 537 2968 609 colloquio
2992 577 3007 604 ,
3035 534 3315 593 comitanti
3341 535 3519 591 fertur
3536 533 3736 592 callide
3760 534 3971 594 dixisse

700 634 1061 703 grossioriblm
1080 634 1294 689 noverit
1311 633 1432 703 quis
1465 642 1649 688 tenere
1667 646 1998 687 mensuram.
2013 628 2105 685 Sic
2134 631 2279 693 enim

652 774 657 783 .
703 726 910 797 vulgari
957 726 1200 797 quolibet
1244 727 1368 782 cibo
1426 725 1756 796 crapulantis
1795 724 2083 793 aliquando
2144 723 2280 793 gula:

710 817 866 887 culpa
894 815 1268 881 committitur,
1282 817 1423 873 sicut
1453 825 1510 872 et
1536 816 1588 872 in
1617 815 1845 877 deformi
1869 823 2049 870 scorto
2082 829 2281 870 coeun-

705 905 759 962 di
782 906 1033 976 voluptas
1061 907 1330 977 expletur.
1366 906 1469 973 Qui
1523 921 1652 960 vero
1706 905 1989 962 consuevit
2037 914 2279 961 ventrem

697 997 848 1053 brevi
869 998 1025 1069 panis
1065 998 1201 1053 aridi
1267 1013 1515 1053 mensura
1567 998 1853 1064 conﬁcere,
1897 1014 2002 1053 non
2030 996 2281 1063 faciledc

703 1089 998 1159 inadipatis
1024 1089 1173 1144 novit
1197 1089 1391 1144 eduliis
1407 1088 1668 1159 judicare.
1695 1088 1795 1155 Qui
1825 1090 1978 1153 timet
2006 1103 2199 1159 aquam
2214 1088 2280 1142 ad

700 1183 1008 1239 satietatem
1039 1184 1246 1247 bibere,
1294 1182 1450 1237 mulsi
1496 1199 1554 1238 se
1603 1169 1912 1252 potionibus
1955 1182 2281 1254 ingurgitare

698 1292 805 1331 non
839 1278 1051 1346 qua'rit.
1084 1276 1140 1331 Si
1167 1277 1247 1331 vis
1275 1292 1404 1348 ergo
1427 1277 1568 1332 inter
1594 1276 1815 1331 delicias
1836 1276 1938 1331 sub
1966 1275 2282 1330 sobrietatis

696 1364 908 1437 legibus
937 1366 1142 1432 vivere,
1165 1382 1297 1421 cave
1318 1382 1530 1436 quoque
1572 1366 1711 1421 inter
1746 1365 1862 1436 ipsa
1894 1365 2154 1434 simplicia
2184 1365 2288 1420 ali-

698 1461 880 1513 menta
916 1455 1198 1513 edacitatis
1224 1454 1383 1513 frena
1416 1455 1617 1529 laxare.
1649 1454 1882 1517 Suavem
1932 1470 2059 1510 vero
2101 1455 2280 1511 cibum

699 1545 1112 1602 cundebeamus
1141 1548 1437 1617 expetere?
1465 1547 1586 1616 qui,
1618 1546 1968 1617 quantis'libet
1992 1557 2285 1617 apparetur

701 1637 1012 1707 impendiis,
1039 1647 1091 1693 et
1112 1645 1401 1708 antequam
1431 1639 1482 1693 in
1506 1654 1568 1695 os
1589 1640 1770 1709 intret,
1790 1640 1947 1695 nobis
1971 1655 2075 1695 non
2105 1640 2278 1709 sapit;

705 1734 761 1780 et
809 1735 1114 1796 postquam,
1159 1726 1380 1783 ﬁutnine
1418 1728 1700 1799 glutiente,
1749 1728 2039 1797 trajicitur,
2068 1739 2280 1795 venter,

2386 628 2691 699 discipulo:
2731 628 2902 697 Quam
2934 628 3218 700 elegantis,
3267 628 3362 692 ait,
3423 635 3481 682 et
3525 627 3741 683 venusti
3788 627 3972 684 vultus

2382 721 2605 787 femina,
2632 721 2757 788 nisi,
2784 723 2919 792 proh
2944 721 3125 778 dolor!
3169 720 3331 776 unius
3358 719 3502 775 oculi
3551 719 3838 789 dispendio
3888 719 3970 777 la-

2379 814 2627 870 bararetl
2643 814 2741 869 Cui
2763 813 3056 885 discipulus
3072 830 3086 869 :
3102 811 3289 870 Absit!
3308 812 3588 884 magister,
3609 810 3805 880 inquit,
3826 812 3971 867 sicut

2382 907 2578 962 decora
2602 913 2749 962 certe
2773 904 2963 971 facies,
2988 905 3061 960 ita
3084 919 3300 976 quoque
3319 904 3482 968 oculi,
3512 912 3671 974 prout
3698 902 3970 974 sagaciter

2381 996 2735 1069 deprehendi,
2766 997 3116 1053 nihilominus
3165 995 3727 1066 incolumesvigent.
3788 993 3967 1060 Quem

2346 1087 2643 1159 -magister
2668 1088 2937 1143 acerrima
2976 1087 3225 1157 protinus
3276 1087 3743 1143 animadversione
3786 1086 3969 1141 ωτι-ἰ-

2346 1179 2581 1249 ,νρίθιιεε
2633 1178 2702 1234 Et
2728 1178 2851 1249 quis
2891 1186 2978 1244 te,
3038 1178 3235 1249 inquit,
3283 1178 3338 1234 in
3388 1178 3587 1241 faciem
3637 1178 3967 1235 feminarum

2382 1274 2655 1344 respicere
2681 1272 2900 1328 docuit?
2943 1273 3094 1328 Tunc
3122 1272 3212 1327 ille
3254 1272 3689 1329 circumventum
3736 1287 3797 1326 se
3840 1286 3969 1326 esse

2383 1364 2699 1434 respiciens,
2729 1364 3049 1435 poenitentia
3077 1365 3272 1422 ductus
3290 1365 3530 1429 erubuit,
3558 1371 3615 1419 et
3643 1365 3711 1419 de
3765 1370 3968 1418 caetero

2383 1458 2679 1523 cautiorem
2704 1473 2760 1517 se
2782 1456 2899 1519 fore
2927 1458 3350 1517 obstinatissima
3391 1456 3781 1528 pollicitatione
3802 1457 3970 1510 devo.

2381 1547 2482 1604 vit.
2530 1547 2794 1605 Versatus
2835 1556 3071 1619 namque
3109 1549 3452 1605 adversarius
3492 1548 3667 1619 pictor
3715 1556 3821 1612 est,
3870 1549 3969 1601 sed

2384 1641 2476 1711 qui
2506 1639 2897 1713 facilequidem
2921 1640 3092 1712 possit
3115 1642 3179 1696 ad
3206 1641 3523 1696 memoriam
3547 1640 3659 1695 visa
3676 1639 3968 1702 reducere,

2383 1733 2471 1787 vix
2505 1740 2687 1787 autem
2723 1732 2775 1787 in
2806 1732 3115 1802 parietibus
3160 1733 3361 1787 mentis
3408 1740 3608 1787 nostrae
3653 1731 3967 1799 ignotarum

698 1816 784 1869 cui
817 1815 1037 1886 ill-ipsus
1069 1829 1181 1884 est,
1216 1835 1321 1875 non
1358 1820 1635 1875 discernit.
1664 1820 1850 1877 Totius
1878 1832 2056 1877 autem
2085 1831 2284 1878 nostrae
2312 1892 2353 1896 _
2385 1826 2542 1880 nobis
2567 1825 2867 1896 specierum
2891 1825 3216 1881 lineamenta
3256 1822 3510 1878 formare.
3543 1820 3601 1876 Si
3653 1821 3736 1875 vis
3782 1820 3969 1889 itaque

636 1986 649 1993 ν
697 1905 993 1974 voluptatis
1019 1907 1144 1972 iter,
1176 1908 1260 1963 cui
1281 1917 1428 1963 tanta
1452 1910 1746 1967 ambitione
1770 1913 2279 1978 servimus,brevis-
2310 1892 2358 1954 Β
2385 1919 2453 1975 ad
2480 1892 2829 1989 perfectionis
2883 1914 3155 1987 fastigium
3198 1913 3457 1987 provehi,
3507 1910 3701 1968 amodo
3742 1925 3971 1965 necesse

698 1993 833 2049 sima
878 1998 1038 2052 unius
1089 1997 1249 2068 palmi
1294 2008 1505 2057 summa
1554 2002 1915 2059 concluditur.
1974 2003 2077 2073 Qui
2135 2007 2282 2062 enim

638 2132 645 2157 ί
699 2082 972 2141 Christum
1005 2089 1293 2155 desiderat,
1321 2100 1376 2145 et
1402 2092 1517 2164 ipso
1546 2109 1684 2164 pane
1715 2095 1953 2151 vescitur
1978 2137 1991 2161 ,
2024 2097 2281 2155 nimirum

632 2202 639 2211 ι
700 2176 793 2243 qui
818 2176 882 2231 de
918 2177 1058 2234 cmlo
1078 2178 1360 2234 descendit
1387 2180 1569 2252 (Joan.
1603 2183 1701 2251 vr),
1733 2184 1800 2238 de
1836 2200 1999 2259 quam
2033 2188 2283 2256 pretiosis

632 2278 639 2285 '
702 2264 840 2322 cibis
888 2275 1100 2325 stercus
1154 2270 1403 2326 conﬁciat
1459 2284 1782 2346 magnopere
1837 2292 1943 2332 non
1999 2277 2278 2334 discernit.

636 2367 643 2381 τ
702 2355 973 2428 Quidquid
996 2374 1126 2430 ergo
1157 2376 1261 2415 nou
1315 2362 1551 2417 sentitur
1582 2374 1708 2434 post
1747 2367 1949 2437 gulam,
2004 2367 2143 2423 idem
2186 2369 2281 2424 tibi

707 2450 779 2503 sit
808 2450 948 2539 quod
974 2452 1130 2521 panis
1175 2462 1228 2508 et
1250 2453 1421 2539 olera.
1449 2453 1582 2509 Nam
1607 2456 1654 2510 si
1705 2457 1827 2528 gula
1870 2471 1976 2514 non
2013 2460 2114 2514 sibi
2160 2461 2282 2539 tlte-‘-

701 2536 958 2615 sauriiat,
978 2546 1083 2626 sed
1110 2530 1318 2615 ventri;
1343 2562 1443 2605 cur
1476 2550 1591 2623 ipsa
1618 2548 1749 2621 quid
1802 2551 1958 2623 quasi
1999 2530 2300 2626 delicatius

628 2708 637 2715 .
701 2628 871 2709 eligit,
901 2622 1043 2709 quod
1067 2645 1259 2693 venter
1288 2639 1429 2696 idem
1459 2622 1833 2697 indifferenter
1861 2622 2141 2698 admittit?

800 2722 809 2798 ξ
966 2724 971 2729 ’
1293 2732 1643 2790 CAPUTIH.

810 2886 816 2901 η
868 2812 1025 2886 Quod
1051 2821 1234 2876 mortis
1255 2824 1502 2895 cogitatio
1534 2833 1709 2895 turpes
1736 2808 1899 2897 abigit
1924 2838 2116 2883 motus.

770 2904 843 2989 Ut
862 2923 991 2979 ergo
1011 2900 1116 2991 non
1144 2915 1347 2970 sentiat
1393 2915 1655 2991 pudicitia
1710 2918 2013 2988 periclitata
2068 2920 2285 2984 naufra-

628 2989 640 3075 ί
698 2982 868 3079 ilum,
899 2991 1041 3058 inter
1066 2988 1379 3062 fluctuantis
1441 3008 1602 3081 hujus
1659 3010 1782 3066 vitae
1834 3011 2148 3070 discrimina
2196 3030 2283 3071 so-
2338 3014 2341 3019 ⁴

625 3088 635 3103 '
694 3086 900 3175 brietas
932 3086 1189 3164 magistra
1221 3096 1294 3149 tui
1320 3097 1562 3166 corporis
1589 3099 2019 3157 teneatclavum.
2040 3092 2278 3176 Abigea-

697 3176 781 3232 dis
802 3193 1014 3250 quoque
1040 3182 1467 3251 cogitationibus
1497 3186 1764 3244 sollicitus
1791 3194 2006 3263 semper
2030 3192 2277 3266 invigila,

620 3268 637 3275 ’
699 3270 826 3342 Quia
853 3289 955 3328 non
986 3276 1200 3331 enixius
1223 3279 1438 3348 expedit
1461 3295 1677 3337 carnem
1709 3282 1776 3338 ab
1805 3281 2121 3343 illecelirosa
2151 3263 2279 3343 titil-
2307 3263 2350 3322 Ο

696 3361 901 3418 latione
932 3366 1246 3434 reprimere,
1276 3384 1436 3438 quam
1468 3381 1702 3426 mentem
1726 3389 1938 3445 quoque
1980 3392 2012 3430 a
2042 3381 2278 3449 turpium

700 3459 1088 3527 cogitationum
1116 3452 1501 3530 phantasmate
1523 3466 1817 3521 custodire.
1868 3467 2000 3523 Novi
2055 3468 2278 3529 fratrem
2334 3474 2335 3477 “

701 3547 755 3601 in
785 3542 1023 3616 Christo,
1055 3549 1147 3619 qui
1176 3550 1479 3608 districtam
1508 3555 1646 3610 hanc
1678 3557 1873 3613 mentis
1895 3576 2004 3615 sua:
2040 3563 2278 3634 regulam

697 3641 813 3711 jngi
847 3658 909 3698 ac
948 3636 1194 3715 pervigili
1246 3655 1428 3722 servat
1473 3646 1709 3715 intuitu;
1752 3659 1810 3704 ut
1857 3652 2281 3731 quotiescunque
2332 3641 2339 3647 “

700 3731 941 3788 libidinis
985 3735 1256 3804 suggestio
1306 3737 1569 3806 subrepit,
1626 3755 1751 3794 mox
1799 3742 2108 3814 cogitationi
2147 3736 2278 3814 sum,

626 3824 631 3828 ’
699 3822 849 3879 velut
885 3825 1165 3896 expeditus
1197 3828 1263 3881 ad
1313 3828 1783 3898 proﬁciscendum,
1813 3831 1995 3888 dicat:
2059 3835 2277 3903 Eamus,

694 3914 894 3986 inquit,
934 3917 1001 3970 ad
1032 3916 1269 3984 circum;
1304 3916 1449 3973 illico
1481 3920 1660 3974 omnia
1679 3924 1984 3978 coemeteria
2017 3942 2078 3981 ac
2105 3929 2289 3998 sepul-t

697 4014 848 4089 turas
877 4007 1219 4078 imaginando
1262 4008 1622 4080 perlustrans,
1671 4018 2092 4083 putrescentium
2133 4020 2280 4078 virus
2329 4015 2335 4019 ’

697 4098 1012 4169 saniemque
1043 4101 1390 4167 cadaverum,
1414 4111 1682 4160 scatentes
1704 4120 1922 4177 quoque
1973 4125 2184 4166 vermes
2225 4121 2279 4167 ct

689 4186 975 4246 fetentium
1019 4193 1111 4264 jus
1173 4193 1417 4248 carnium
1473 4193 1690 4252 curioso
1745 4199 1975 4254 rimatur
2033 4201 2273 4259 intuitu:
2324 4202 2333 4205 ’

690 4299 923 4355 cumque
950 4280 1115 4356 758
1142 4284 1450 4341 considerat
1479 4288 1606 4358 quia
1651 4288 1778 4344 olim
1826 4292 2025 4347 carnes
2058 4292 2185 4357 illae.
2216 4296 2271 4352 in

690 4380 789 4430 sua
824 4372 1095 4432 viriditate
1143 4376 1418 4444 florentes,
1456 4377 1543 4435 his
1595 4380 1913 4449 subjacucre
1964 4383 2226 4442 molestiis
2257 4430 2273 4455 ,

696 4485 896 4539 corpus
927 4470 1091 4525 etiam
1143 4486 1300 4525 suum
1348 4472 1508 4542 paulo
1566 4481 1688 4543 post
1740 4471 1978 4531 futurum
2009 4493 2128 4534 esse
2170 4496 2276 4534 non
2329 4476 2335 4481 ’

692 4560 918 4632 ambigit
958 4561 1101 4632 quod
1147 4560 1266 4617 illas
1322 4577 1442 4617 esse
1470 4563 1583 4633 jam
1634 4565 1827 4620 cernit.
1884 4565 2273 4639 Compendium

626 4668 631 4673 ·
694 4652 789 4707 dat
810 4650 1055 4717 luxuriae,
1080 4652 1170 4723 qui
1197 4652 1400 4723 praebet
1430 4654 1642 4709 oculum
1667 4657 2019 4727 corruptelae;
2063 4677 2162 4717 nec
2189 4671 2271 4719 est

691 4742 903 4814 libidini
935 4742 1313 4813 diversorium,
1343 4748 1394 4803 in
1438 4765 1543 4820 qua
1573 4761 1826 4806 versatur
1874 4764 2053 4811 mente
2105 4758 2280 4831 sopiti-

686 4836 1167 4909 crum.0quoties
1222 4836 1311 4895 ille
1356 4836 1528 4895 frater
1573 4842 1892 4898 candentem
1944 4844 2173 4902 cultrum
2222 4859 2277 4905 et

2382 2012 2540 2068 estin
2575 2012 2787 2067 cunctis
2807 2011 3064 2067 virtutum
3117 2008 3312 2066 studiis
3368 2007 3657 2063 exerceri:
3713 2005 3973 2061 videlicet

2383 2105 2510 2161 dum
2532 2114 2666 2162 aetas
2696 2114 2784 2161 tua
2809 2120 2969 2162 cerea
2997 2111 3098 2169 est,
3137 2103 3262 2159 dum
3286 2116 3465 2158 mores
3490 2100 3662 2158 teneri
3695 2101 3755 2156 in
3777 2113 3973 2169 quam-

2383 2197 2515 2254 libet
2536 2207 2746 2269 partem
2770 2197 2950 2250 valent
2982 2193 3352 2250 indifferenter
3379 2191 3595 2248 adduci.
3644 2189 3782 2247 Cum
3832 2188 3971 2261 ipsis

2383 2306 2513 2365 ergo
2542 2288 2916 2361 corporalibus
2944 2287 3290 2344 incrementis
3318 2299 3497 2341 coaeva
3522 2284 3783 2339 virtutum
3812 2296 3974 2337 exer-

2384 2388 2511 2443 citia
2541 2368 2869 2450 coalescant,
2910 2391 2970 2440 ut
3002 2380 3337 2439 consuetudo
3367 2379 3565 2449 leviget
3590 2458 3593 2459 ν
3621 2374 3767 2447 quod
3806 2374 3967 2431 debio

2383 2475 2506 2539 litas
2523 2476 2774 2541 humana:
2800 2472 3111 2546 fragilitatis
3135 2470 3415 2528 abhorret.
3444 2467 3609 2555 Nune
3638 2467 3828 2539 itaque
3850 2465 3970 2521 exi-

2381 2582 2488 2637 guo
2521 2566 2643 2621 cibo
2668 2565 2859 2635 exigua
2905 2562 3257 2618 nihilominus
3285 2575 3344 2615 se
3390 2557 3781 2615 intestinorum
3809 2570 3969 2611 men-

2382 2672 2509 2713 sura
2535 2666 2783 2728 coaptet;
2812 2664 2870 2710 ut
2889 2654 3017 2713 dum
3044 2655 3156 2726 ipsa
3184 2652 3461 2708 viriditate
3506 2663 3604 2705 sua
3632 2645 3842 2703 vasculi
3893 2646 3971 2701 si-

2382 2767 2486 2806 nus
2522 2751 2840 2823 attrahitur,
2861 2749 3073 2810 modica
3096 2748 3440 2821 postmodum
3457 2758 3683 2801 annonae
3700 2756 3970 2803 mensura

2383 2840 2543 2897 facile
2566 2840 2858 2914 repleatur.
3161 2857 3165 2861 ’

2983 2928 3213 2987 CAPUT
3248 2926 3339 2984 lV.

2622 3022 2776 3090 Quod
2798 3020 3063 3078 silentium
3091 3029 3167 3076 est
3180 3019 3427 3091 loquendi
3450 3008 3717 3090 magister.

2454 3114 2745 3172 Assuescat
2773 3113 2955 3183 lingua
3017 3110 3119 3167 sub
3162 3110 3547 3171 taciturnitatis
3602 3123 3659 3164 se
3704 3102 3973 3163 cohibere

2384 3223 2632 3273 censura,
2657 3216 2711 3261 et
2732 3205 2957 3261 tacendo
2987 3204 3161 3261 discat
3210 3202 3354 3273 quod
3414 3192 3681 3270 loquendo
3721 3209 3975 3270 postmo-

2382 3299 2507 3354 dum
2534 3298 2770 3369 graviter
2792 3295 3049 3367 proferat,
3069 3310 3155 3361 ne,
3187 3295 3230 3349 si
3250 3307 3393 3349 nunc
3415 3292 3720 3348 districtum
3742 3286 3971 3362 negligit

2382 3391 2654 3449 custodire
2680 3389 2952 3447 silentium
2977 3429 2993 3455 ,
3034 3386 3287 3455 loquendi
3346 3381 3688 3455 postmodum
3729 3378 3971 3451 nequeat

2381 3483 2597 3537 frenare
2649 3482 2938 3552 pruritum.
2966 3479 3290 3536 Lentescant
3334 3491 3479 3532 nunc
3521 3488 3692 3547 genua
3753 3470 3973 3551 crebris

2382 3574 2567 3629 attrita
2601 3571 2905 3638 metanoeis,
2935 3571 3044 3626 imo
3068 3578 3261 3626 caitera
3288 3569 3527 3624 membra
3557 3562 3788 3619 diversis
3808 3577 3974 3620 exer-

2370 3668 2727 3749 citationibus
2758 3668 3117 3729 edomentur.
3146 3679 3213 3718 ne
3244 3661 3603 3735 quorumdam
3658 3676 3815 3715 more
3863 3638 3973 3717 δίι-

2381 3746 2473 3815 rus
2502 3759 2842 3830 postmodum
2872 3766 3019 3813 stare
3059 3746 3295 3810 videaris
3328 3762 3384 3809 et
3420 3751 3656 3826 rigidus;
3704 3759 3759 3806 et
3787 3746 3968 3805 mani-

2381 3848 2693 3913 mundulus,
2720 3857 2781 3903 ut
2804 3848 2976 3911 aiunt,
3008 3845 3161 3917 quasi
3212 3860 3367 3900 sacra
3408 3842 3623 3901 Cereris
3655 3832 3966 3917 oblaturus.

2379 3939 2511 4001 Esto
2536 3918 2798 3994 sollicitus
2826 3936 2890 3992 ad
2934 3936 3296 3993 exhibendum
3354 3932 3654 3990 sedulitatis
3705 3929 3967 3995 cilicium,

2380 4039 2435 4086 et
2463 4038 2744 4103 promptus
2786 4044 3002 4099 semper
3040 4026 3104 4083 ad
3154 4025 3411 4097 obsequia
3460 4022 3635 4079 delata
3679 4035 3965 4091 respuere,

2381 4106 2498 4194 ipse
2528 4128 2711 4191 satage
2740 4118 2991 4174 omnibus
3041 4116 3372 4173 ministrare.
3415 4111 3628 4183 Aliquid
3660 4108 3844 4183 parari
3880 4106 3967 4175 vel

2381 4212 2562 4270 afferri
2601 4211 2912 4284 praecipitur
2937 4251 2952 4276 ,
2990 4220 3214 4283 repente
3277 4219 3566 4276 consurge,
3612 4210 3665 4256 et
3724 4196 3964 4255 festinus

2378 4305 2640 4371 accelera,
2692 4313 2753 4358 ut
2776 4302 3017 4373 jubentis
3059 4318 3162 4358 vox
3196 4298 3358 4375 759
3408 4299 3460 4353 in
3512 4306 3565 4351 te
3610 4293 3961 4365 potissimum

2381 4395 2545 4452 fuisse
2571 4397 2776 4451 directa
2797 4394 3061 4450 videatur.
3090 4393 3221 4449 illud
3250 4401 3429 4446 autem
3477 4397 3529 4444 te
3579 4385 3854 4459 praecipue
3911 4390 3969 4437 et

2379 4487 2479 4543 sub
2507 4486 2751 4543 districta
2773 4500 2995 4558 prorsus
3023 4482 3493 4539 animadversione
3516 4490 3863 4552 praemoneo,
3895 4476 3965 4527 ne

2299 4616 2352 4678 Β
2377 4578 2740 4678 quorumlibet
2767 4580 2818 4633 te
2858 4578 3086 4678 fratrum
3143 4567 3961 4678 olfetidant"privatajejuitia.

2384 4671 2519 4727 Novi
2540 4670 2681 4726 enim
2708 4668 3063 4742 quorumdam
3109 4664 3240 4720 milii
3293 4663 3546 4720 similium
3604 4660 3758 4714 vitia.
3807 4656 3965 4712 Non-

2381 4760 2509 4817 nulli
2536 4775 2769 4831 namque
2798 4756 2918 4813 aliis
2939 4755 3308 4830 jejunantibus
3369 4763 3518 4809 tanto
3561 4750 3748 4809 livoris
3795 4746 3965 4820 atque

2380 4853 2596 4909 invidia:
2622 4851 2744 4906 felle
2781 4858 3126 4921 torquentur,
3158 4856 3219 4903 ut
3248 4847 3462 4903 illorum
3486 4845 3712 4901 salutem
3740 4841 3963 4897 sibimet

688 4944 985 4995 vomerem,
1052 4930 1209 5007 quasi
1264 4933 1564 4988 cauterium
1609 4935 1900 5005 quoddam,
1949 4938 2275 5007 genitalibus
2374 4941 2426 4998 in
2447 4930 2739 5013 perniciem
2766 4948 3000 5005 vertant,
3020 4946 3094 5003 et,
3122 4930 3181 4993 ut
3208 4936 3281 4993 ita
3305 4939 3517 5008 loquar,
3539 4950 3638 5007 per
3657 4932 3817 4989 alieni
3834 4942 3965 5007 pro-

686 5018 1099 5092 imprcssit‘lita
1127 5033 1203 5090 ut,
1237 5024 1535 5080 crepitante
1598 5018 1991 5096 quodammodo
2035 5022 2269 5101 pmeﬁia:
2330 5048 2333 5051 '

687 5112 871 5168 carnis
900 5113 1247 5195 incendio,ad
1276 5124 1437 5172 nares
1466 5130 1637 5188 usque
1660 5117 1839 5175 fumus
1868 5134 1966 5191 per
1987 5125 2264 5195 enargia’m
2328 5116 2336 5141 ⁵

630 5210 637 5223 ’
684 5204 940 5260 exhalare
978 5189 1269 5261 videretur.

2378 5032 2553 5087 fectus
2573 5031 2774 5087 scalam
2826 5029 2928 5102 ipsi
2968 5030 3019 5085 in
3075 5027 3430 5100 praecipitium
3485 5028 3760 5083 corruant.
3814 5021 3959 5084 Non,

2380 5124 2647 5194 inquiunt,
2674 5123 2801 5178 licet
2829 5136 2988 5194 agere
3031 5121 3134 5176 nisi
3165 5114 3308 5190 quod
3337 5116 3641 5174 communis
3675 5120 3962 5172 monastc-

2370 5212 2437 5268 rii
2471 5212 2651 5285 regula
2711 5207 2793 5266 vel
2823 5210 3089 5281 majorum
3114 5206 3469 5265 cohortantur
3510 5204 3780 5275 exempla.
3829 5202 3966 5285 Qni-

754 5294 888 5350 Cut’n
943 5297 1286 5353 necessitatis
1349 5296 1639 5371 aliquando
1691 5316 1851 5359 casus
1905 5307 2146 5376 exegerit
2204 5298 2268 5365 ut
2360 5300 2471 5362 ibus
2504 5282 2757 5365 nimirum
2808 5302 2969 5358 facile
2993 5284 3345 5374 reapondetur
3377 5299 3501 5372 quia
3522 5299 3569 5355 si
3604 5296 3786 5369 regula
3817 5282 3966 5350 ar'e-

630 5431 643 5440 .
685 5398 832 5443 tuum
861 5389 1075 5446 feminas
1099 5390 1424 5462 colloquium
1453 5406 1654 5464 negare
1702 5407 1809 5466 non
1870 5396 2066 5466 pOSSis,
2118 5397 2260 5455 limis

681 5495 894 5552 semper
914 5483 1106 5548 oculis,
1134 5491 1189 5538 et
1238 5482 1634 5540 Velutaliorsus
1678 5464 1938 5552 intentus,
1979 5478 2258 5546 absentem

687 5575 763 5630 tui
792 5576 1133 5644 praesentiam
1164 5577 1361 5631 exhibe
1398 5594 1411 5630 :
1439 5574 1764 5649 longinquus
1786 5578 2059 5650 alloquere
2086 5622 2101 5645 ,
2133 5598 2263 5638 cou-

2374 5397 2547 5470 gendo
2571 5394 2786 5465 dicitur,
2816 5394 2995 5467 potius
3023 5395 3091 5450 ad
3122 5393 3512 5449 districtionem
3549 5389 3740 5463 ieiunii
3788 5392 3963 5460 quain

2370 5490 2435 5543 ad
2458 5488 2865 5546 dissolutionem
2921 5486 3009 5542 vel
3047 5476 3252 5541 ventris
3277 5485 3551 5557 pertinere
3600 5482 3819 5565 videtur
3874 5482 3965 5535 li-

2370 5577 2633 5648 giuviem;
2668 5586 2830 5647 atque
2858 5576 2978 5631 ideo
3007 5575 3081 5630 illi
3111 5576 3255 5631 inter
3278 5589 3372 5631 eos
3394 5588 3501 5630 non
3541 5572 3817 5629 immerito
3840 5569 3963 5626 ma-

682 5669 954 5726 fabulator
976 5670 1201 5737 absiste,
1228 5678 1492 5741 terraeque
1521 5672 1711 5727 deﬁxis
1758 5672 2057 5738 obtutibus,
2086 5678 2260 5744 neque
2361 5670 2512 5742 jores
2543 5679 2667 5725 sunt
2702 5668 2978 5738 iudicandi
3024 5682 3319 5739 eorumque
3373 5667 3617 5739 exempla
3669 5668 3962 5730 sectanth,

680 5763 971 5832 pallentem
1002 5776 1174 5832 neque
1204 5763 1484 5817 rubentem
1523 5763 1639 5833 ejus
1668 5762 1863 5819 faciem
1917 5764 2092 5836 possis
2113 5758 2259 5833 indic

683 5867 832 5907 care.
854 5851 1053 5907 Beatus
1071 5852 1364 5922 aliquando
1393 5851 1729 5909 Romualdus
1749 5852 1964 5911 rediens
1987 5868 2016 5909 a
2058 5854 2261 5927 sibyllae

2365 5763 2478 5832 qui,
2518 5776 2615 5832 per
2642 5770 2923 5832 augustam
2948 5752 3309 5831 ingredientes
3346 5770 3583 5833 portam,
3606 5757 3708 5815 sub
3739 5758 3963 5814 sobrie-

2338 5853 2753 5927 ‘tatis-legibus
2800 5861 2857 5909 et
2901 5854 3120 5911 aretiori
3173 5854 3353 5909 crucis
3394 5852 3595 5909 ChriSti
3652 5859 3959 5908 noscuntur
