4138 6320
346 287 452 354 7Ξ5

1071 297 1312 351 OFITSC.
1358 297 1537 352 XLIX.
1575 329 1640 337 —-
1693 299 1778 352 Dii
1822 285 2177 350 l’FEilFEC'I‘I
2228 301 2271 353 3i
2304 248 2548 360 ΗΧ(έηῖ
2569 305 2851 363 INFORM.

3493 313 3600 368 79.6

347 416 529 466 vivere
586 409 887 480 disciplina.
954 409 1320 478 Quapropter,
1371 428 1492 465 eum
1544 413 1610 466 de
1661 411 1921 467 vocabqu
1953 413 1996 472 A
2026 428 2118 482 ges
2151 413 2300 479 Saul,
2324 433 2443 471 cum
2474 434 2572 489 ego
2602 421 2919 490 projeeerint
2950 439 3090 491 eum,
3119 442 3183 482 ne
3216 437 3401 498 regnet
3442 443 3603 498 super

353 508 546 574 tegulte
565 503 844 561 COitﬂlClllS
870 503 1236 566 oboritnr,illi
1297 505 1689 574 magisdehcnt
1737 506 1801 565 ad
1842 504 1924 573 je-

343 605 554 675 juaium
614 599 896 671 provocari
949 613 1108 666 quain
1154 598 1238 652 isti
1288 599 1357 652 ab
1419 599 1618 668 arrepti
1668 593 1952 668 propositi

356 698 528 769 rigore
551 691 840 762 compesci.
866 689 1244 759 Cori-cptiones
1272 701 1471 754 autem,
1505 690 1798 759 quamlibet
1826 691 1922 743 dli-

357 785 444 842 ras
492 786 605 839 sive
636 783 973 853 multiplices,
1025 782 1132 835 noli
1191 783 1501 845 abbo:rcre,
1558 784 1651 837 sed
1701 783 1929 837 libenter

354 877 731 947 complectere.
785 874 937 928 Sicut
975 875 1116 927 enim
1159 889 1348 928 aurum
1401 876 1483 927 vel
1540 886 1817 943 argentum
1862 875 1926 926 ad

357 967 623 1024 claritatis
654 967 912 1036 speciem,
939 965 1062 1018 lima
1101 965 1355 1033 poliente,
1383 965 1731 1033 perducitur;
1765 967 1835 1019 ita
1874 973 1928 1020 et

360 1061 536 1114 anima
568 1069 773 1123 nostra,
807 1057 1239 1124 correptionibus
1282 1072 1436 1111 erasa
1463 1098 1474 1117 ,
1525 1073 1553 1110 a
1586 1044 1930 1124 peccatorum

359 1167 576 1207 suorum
626 1150 762 1203 vela
797 1149 1103 1217 rubiginoso
1143 1149 1374 1217 quodam
1432 1149 1680 1218 squalore
1735 1165 1930 1221 purga-

361 1247 464 1300 tur.
492 1245 634 1297 Cave
663 1242 822 1294 etiam
856 1255 947 1304 ne,
969 1240 1323 1309 quorumdam
1351 1240 1624 1308 exemplo,
1650 1242 1773 1294 dum
1803 1242 1932 1294 obc-

359 1336 474 1390 dire
507 1335 796 1395 detrectas,
831 1332 882 1385 in
912 1333 1287 1403 negligentem,
1323 1331 1462 1399 quod
1488 1332 1654 1384 absit!
1683 1332 1950 1402 praeposi--

361 1434 471 1482 tum
495 1425 812 1479 calumniam
841 1423 1062 1492 querula
1114 1423 1466 1477 mordacitatc
1515 1423 1784 1477 devolvas.
1840 1423 1936 1476 Sa-

361 1517 500 1573 muel
531 1534 657 1588 ergo
696 1518 762 1571 ad
785 1517 1097 1571 memoriam
1146 1518 1351 1582 redeat,
1381 1518 1469 1586 qui
1503 1516 1740 1570 desidem
1795 1517 1938 1570 iner-

365 1619 579 1680 temque
630 1611 944 1681 magistrnm
983 1618 1091 1666 tam
1141 1611 1434 1680 patienter,
1489 1618 1597 1663 tam
1655 1609 1936 1663 humiliter

361 1702 554 1766 coluit,
588 1712 646 1757 ut
674 1704 1006 1772 intempestae
1031 1704 1203 1758 noctis
1235 1703 1446 1758 silentio
1482 1711 1564 1757 ter
1584 1711 1808 1757 vocatus
1846 1718 1936 1756 ac-

2027 505 2223 560 lsracl?
2255 526 2272 560 ι
2307 507 2358 577 (l
2396 507 2521 579 Reg.
2545 512 2681 581 xw.)

2636 596 2859 660 CAPUT
2903 607 2987 662 VI.

2064 693 2172 747 Cur
2197 693 2409 749 Doridis
2439 685 2694 765 confessio
2731 701 2930 754 veniam
2980 702 3202 768 meruit,
3237 721 3338 758 non
3371 701 3568 760 Saulis.

2097 787 2234 854 Quid
2265 801 2345 843 est
2375 805 2502 860 ergo
2532 791 2671 859 quod
2719 791 2939 846 alterius
2987 794 3302 862 paenitentia
3354 797 3440 865 pic
3484 811 3609 852 sus-

2029 883 2214 952 cepta;
2259 883 2478 938 alterius
2516 895 2694 938 autem
2741 886 2838 938 sub
2890 885 3150 940 districta:
3190 888 3498 942 severitatis
3525 895 3622 943 est"

2031 976 2278 1029 examine
2329 976 2657 1044 reprobata?
2703 975 2803 1031 nisi
2855 977 2998 1045 quod
3051 977 3138 1031 ille
3192 978 3367 1031 scelus
3423 977 3610 1033 inobe-

2032 1069 2265 1131 dientia},
2293 1068 2482 1137 spiritu
2510 1070 2794 1138 superbiae,
2825 1070 3238 1142 parvipendens,
3269 1085 3608 1139 nequaquam

2030 1160 2187 1230 pleno
2219 1161 2380 1213 corde
2408 1161 2686 1229 potuit-nit;
2722 1160 2807 1214 hic
2840 1169 3016 1216 autent
3053 1174 3218 1229 pauca
3246 1161 3459 1228 quidem
3492 1173 3614 1228 pro-

2035 1251 2174 1320 tulit,
2203 1253 2294 1306 scd
2323 1252 2439 1321 ejus
2471 1254 2678 1307 viscera
2701 1252 2866 1306 divini
2899 1253 3108 1306 timoris
3145 1252 3323 1322 gladio
3356 1249 3614 1305 transfixa

2033 1344 2146 1399 veri
2181 1344 2353 1397 luctus
2385 1345 2687 1399 amaritudo
2731 1344 2974 1412 replevit.
3029 1342 3172 1406 Haec,
3213 1357 3414 1412 quagso,
3441 1341 3619 1396 consi-

2037 1435 2224 1490 derare
2257 1451 2360 1488 non
2417 1435 2688 1506 negligant
2720 1436 2832 1505 qui,
2885 1452 3007 1490 cum
3046 1435 3435 1498 inobedientia:
3491 1434 3638 1488 ohe-'

2037 1528 2203 1592 diant,
2230 1529 2294 1582 dc
2333 1529 2640 1598 graviorum
2671 1543 2728 1582 se
2777 1529 3116 1582 immunitate
3161 1527 3449 1581 criminum
3489 1541 3619 1596 pro-

2037 1622 2236 1676 caciter
2270 1621 2497 1690 jartant.
2556 1620 2794 1687 Quorum
2849 1620 3089 1689 profecto
3141 1619 3426 1674 nonnullos
3480 1631 3622 1688 stepe

2039 1713 2283 1767 videmus
2315 1713 2377 1766 ad
2410 1713 2628 1782 agendae
2670 1711 3026 1767 confessionis
3067 1712 3326 1782 judicium
3372 1709 3624 1779 frequen-

364 1803 626 1860 curreret,
661 1797 921 1867 totiesque
967 1797 1250 1867 interrupti
1298 1797 1505 1867 soporis
1534 1799 1792 1852 excubias
1834 1815 1936 1852 non
1971 1791 2013 1848 Β
2045 1813 2177 1868 tare,
2208 1804 2320 1859 solo
2344 1818 2401 1858 se
2433 1804 2624 1858 devote
2648 1813 3012 1872 prosternere,
3042 1803 3264 1856 tinnulis
3286 1818 3343 1856 sc
3375 1811 3428 1856 et
3461 1817 3622 1856 accu-

365 1887 586 1942 dolerct.
616 1887 830 1942 Poterat
859 1888 1000 1941 enim
1031 1888 1190 1941 modo
1221 1888 1365 1942 velut
1413 1887 1770 1956 expostulanti
1799 1887 1935 1957 obji-

366 1992 488 2034 ccre
517 1997 531 2034 :
562 1979 686 2041 Cur,
720 1979 964 2048 inquiens
999 2021 1012 2043 ,
1078 1995 1180 2035 non
1223 1982 1426 2034 vereris
1477 1989 1733 2034 extraneo
1790 1989 1936 2033 tanta

367 2073 686 2126 auctoritate
714 2072 1021 2142 przecipere,
1061 2073 1149 2142 qui
1187 2074 1367 2141 segnis
1393 2089 1450 2127 es
1477 2074 1597 2127 liliis
1629 2073 1938 2142 imperare?

368 2163 687 2233 quitamen,
712 2164 988 2235 Scriptura
1019 2175 1175 2227 teste,
1197 2181 1300 2218 non
1332 2167 1548 2232 tumuit,
1585 2183 1689 2220 non
1743 2180 1937 2236 queru-

371 2255 452 2309 lus
490 2256 787 2326 sugillavit;
832 2258 926 2310 sed
957 2258 1021 2310 ad
1054 2255 1291 2325 jubentis
1338 2259 1618 2327 imperium
1649 2259 1942 2328 perniciter

369 2349 670 2418 pervolans,
703 2350 1013 2419 simpliciter
1043 2351 1150 2405 ait:
1184 2370 1200 2402 ‹
1233 2352 1370 2408 Ecce
1395 2367 1514 2423 ego,
1544 2353 1748 2406 vocasti
1792 2353 1936 2405 enim

374 2456 458 2494 me
488 2439 540 2512 (1
570 2439 696 2510 Reg.
737 2437 872 2512 vm).
909 2462 927 2493 ι
991 2428 997 2434 ’

992 2531 1218 2590 CAPUT
1257 2534 1320 2588 V.

617 2624 768 2692 Quod
789 2628 984 2696 peccati
1013 2628 1294 2681 remedium
1316 2640 1387 2682 est
1417 2627 1692 2698 confessio.

364 2745 366 2748 -
442 2716 678 2773 l‘eccasti
701 2719 1020 2789 aliquando?
1051 2720 1163 2774 Non
1189 2729 1269 2774 est
1293 2722 1437 2774 enim
1479 2722 1640 2775 homo
1691 2721 1779 2791 qui
1835 2738 1941 2777 non

376 2817 587 2879 peccet;
617 2819 667 2863 et
691 2809 826 2866 forte
882 2813 932 2864 in
984 2812 1227 2866 notitiam
1279 2812 1426 2866 venit
1477 2813 1599 2882 quia
1624 2814 1795 2883 prima
1825 2805 1948 2883 post

361 2901 710 2972 «naufragium
743 2903 915 2957 tabula
951 2911 1034 2957 est
1060 2904 1272 2973 culpam
1321 2905 1636 2974 simpliciter
1664 2905 1940 2970 conﬁteri;

365 3003 614 3062 prompta
637 2993 904 3049 confessio
930 2993 1140 3050 facilem
1172 2997 1346 3064 pariat
1376 2997 1616 3062 veniam;
1652 3015 1740 3062 ne,
1775 2998 1818 3051 si
1857 2999 1951 3052 dc-

372 3084 548 3138 fensio
582 3083 827 3138 falsitatis
850 3087 1155 3150 accesserit,
1195 3088 1336 3155 quod
1368 3102 1464 3141 acu
1497 3087 1723 3142 fortasse
1771 3089 1943 3143 fuerat

2043 1897 2173 1950 ratis
2192 1895 2372 1948 verbis
2407 1895 2577 1964 magis
2603 1893 2775 1949 facete
2803 1910 2964 1962 quam
3013 1893 3287 1947 humiliter
3323 1906 3620 1956 accusare;

2041 1996 2202 2056 atque
2234 1987 2352 2040 ideo
2390 2001 2664 2056 nunquam
2699 2001 2884 2040 eorum
2943 1999 3121 2038 mores
3169 1985 3234 2038 ad
3266 1984 3472 2038 idoneae
3499 1999 3622 2038 cor-

2041 2080 2301 2148 reptionis
2327 2079 2690 2134 emolumenta
2724 2079 3034 2147 procedere,
3069 2077 3203 2147 quia
3227 2075 3474 2129 videlicet
3497 2089 3618 2129 cum

2043 2170 2167 2224 Saul
2191 2182 2285 2223 ore
2313 2170 2595 2239 ptenitent,
2627 2169 2790 2224 corde
2820 2178 3049 2222 tument.

2111 2260 2242 2316 Cum
2289 2261 2573 2314 incolumis
2631 2261 2846 2329 vigeas,
2901 2259 3007 2314 noli
3081 2267 3271 2328 sponte
3344 2257 3623 2327 languere.

2041 2351 2360 2407 Advertisne
2389 2349 2515 2419 quid
2565 2351 2790 2420 loquor?
2819 2349 2947 2403 Illud
2979 2363 3211 2418 namque
3265 2349 3395 2402 mihi
3425 2348 3476 2401 in
3513 2345 3628 2416 plc-

2044 2446 2226 2513 risque
2261 2444 2603 2497 monasteriis
2633 2458 2736 2496 non
2791 2442 3138 2496 mediocriter
3184 2439 3451 2509 displicet,
3483 2438 3626 2510 quod

2043 2532 2284 2588 nonnulli
2316 2543 2504 2604 vegeto
2531 2547 2776 2602 corpore,
2802 2532 3003 2600 quique
3041 2545 3264 2600 prorsus
3286 2529 3624 2585 medicinalis

2044 2626 2324 2681 industria:
2351 2641 2456 2680 non
2491 2627 2786 2695 indigeant,
2821 2625 2980 2679 hodie
3024 2624 3388 2694 vaporandam
3442 2622 3624 2676 Nemi-

2048 2719 2148 2772 tori
2180 2733 2369 2772 venam
2404 2718 2674 2786 pra:bent;
2734 2732 2855 2770 cras
2887 2717 3103 2770 sibimet
3153 2715 3432 2769 hirudines
3475 2711 3629 2766 adbi-

2046 2806 2207 2872 bent;
2257 2807 2469 2860 diversa
2523 2807 2782 2876 perendie
2834 2806 3256 2860 medicaminum
3305 2809 3630 2858 construunt

2049 2897 2297 2953 artificia.
2360 2898 2569 2952 Interea
2637 2899 2881 2968 siinilago
2943 2895 3304 2961 commolitur,
3368 2896 3630 2964 placenta:

2048 2989 2373 3042 examussim
2425 2987 2732 3041 fabrefacta:
2763 2989 3164 3058 tepescentibus
3196 2995 3402 3041 tantum
3433 2986 3630 3041 cineri-

2051 3077 2150 3130 bus
2197 3087 2600 3146 excoquuntur;
2632 3077 2911 3130 tluminum
2957 3077 3106 3131 sinus
3144 3077 3258 3129 sive
3301 3085 3356 3130 et
3400 3076 3630 3129 marium

379 3175 608 3228 tenuiter
632 3183 907 3244 punctum,
937 3175 1042 3231 lata
1064 3178 1308 3231 videatur
1332 3178 1552 3248 cuspide
1589 3178 1936 3247 perforatum.

2052 3179 2488 3240 perscrutantur;
2524 3169 2806 3223 macellum
2839 3183 3053 3238 quoque
3079 3169 3433 3237 vacare,quia
3466 3166 3632 3237 piscis

378 3263 512 3320 Hinc
536 3273 618 3320 est
647 3266 786 3319 enim
813 3268 973 3335 quod,
1023 3283 1146 3322 cum
1195 3268 1358 3323 David
1407 3270 1700 3338 perpetrati
1764 3280 1948 3324 reatus

379 3361 638 3427 arguitur,
669 3377 787 3415 mox
819 3370 876 3416 ut
914 3363 965 3416 in
994 3378 1178 3417 vocem
1227 3363 1582 3418 confessionis
1627 3364 1824 3434 erupit.
1873 3365 1949 3419 di-

379 3464 508 3504 cens
555 3467 568 3501 :
619 3469 638 3502 ‹
688 3449 910 3506 Peccavi
977 3452 1202 3507 Domino
1249 3453 1310 3523 (1
1349 3453 1472 3524 Reg.
1519 3454 1639 3525 xu),
1677 3475 1695 3506 ι
1724 3455 1808 3519 {ex
1855 3461 1949 3509 ore

380 3543 650 3615 prephetzc
711 3547 954 3615 protinus
1001 3548 1204 3602 audivit
1239 3565 1252 3600 :
1288 3565 1308 3600 t
1349 3551 1606 3604 Dominus
1675 3551 1952 3606 transtulit

379 3643 653 3702 peccatum
679 3645 859 3700 tuum;
892 3652 995 3690 non
1029 3639 1292 3693 morieris.
1327 3659 1345 3692 ι
1380 3640 1444 3694 Et
1493 3641 1618 3709 quia
1650 3655 1708 3694 se
1737 3641 1951 3696 occasio

380 3724 626 3792 prtchuit,
652 3724 752 3781 hoc
775 3726 936 3780 etiam
969 3736 1019 3781 te
1044 3728 1276 3782 fraudari
1310 3745 1414 3784 non
1443 3731 1638 3798 patiar,
1665 3730 1791 3800 quia
1815 3746 1950 3784 non-

384 3813 536 3881 nulli,
570 3831 597 3868 a
632 3817 815 3884 pueris
863 3817 915 3871 in
966 3818 1238 3886 religionis
1277 3822 1464 3875 ordine
1497 3823 1795 3887 constituti,
1841 3823 1950 3877 sola'

385 3905 744 3961 inobedientia
771 3908 1037 3978 superbiae
1069 3909 1226 3965 mista
1262 3912 1584 3980 depereunt;
1619 3927 1737 3966 cmn
1769 3913 1820 3965 in
1846 3927 1952 3965 SIB-

383 3996 506 4052 culo
531 3997 764 4066 plurimi,
805 4008 924 4068 post
954 4001 1266 4054 immanium
1320 4003 1606 4056 criminum
1647 4013 1952 4072 perpetrata

383 4089 601 4161 ﬂagitia,
630 4107 726 4160 per
755 4093 1074 4147 humilitatis
1118 4095 1353 4148 studium
1395 4094 1780 4164 indulgentiam
1832 4110 1955 4164 pro-

383 4191 675 4237 merentur.
746 4184 886 4239 Ecce
934 4186 1075 4239 enim
1133 4187 1296 4240 David
1352 4186 1674 4240 adulterium
1733 4186 1955 4241 homici-

382 4275 634 4346 diumth
663 4278 930 4331 commisit
976 4278 1025 4348 (I
1039 4277 1161 4349 Reg.
1189 4279 1266 4349 χι)
1301 4299 1312 4332 :
1353 4278 1481 4333 Sattl
1510 4293 1636 4334 vero
1667 4279 1828 4350 760
1857 4277 1956 4331 Sa+

385 4367 546 4422 mucli
583 4369 892 4422 inobediens
939 4370 1144 4423 exstitit
1195 4369 1242 4440 (I
1288 4369 1410 4440 Reg.
1455 4371 1592 4440 xm).
1639 4369 1746 4424 Sed
1804 4369 1956 4438 quid,

385 4456 528 4524 quod
548 4456 654 4522 ille,
691 4457 834 4511 nullo
866 4458 1277 4525 interveniente,
1309 4459 1393 4514 vel
1428 4460 1478 4513 in
1507 4469 1704 4529 puncto
1744 4459 1953 4514 veniam

386 4551 609 4615 meruit;
658 4549 885 4603 alterum
932 4566 1060 4604 vero
1121 4566 1219 4604 nec
1267 4551 1481 4620 propria
1523 4551 1809 4616 confessio,
1857 4565 1955 4606 nec

385 4647 660 4716 prophetae
717 4655 825 4700 tam
883 4647 1120 4716 lugubris
1179 4655 1233 4706 et
1301 4661 1487 4700 amara
1537 4656 1698 4716 atque
1751 4645 1956 4714 prolixa

388 4741 708 4810 supplicatio
740 4725 1142 4795 reconciliavit?
1181 4738 1344 4792 Plane
1381 4739 1424 4792 si
1467 4739 1760 4808 Scriptura:
1790 4737 1959 4791 series

371 4833 669 4902 utrobique
715 4833 1055 4893 discutiatur,
1105 4831 1370 4900 copiosior
1400 4829 1526 4883 Saul
1580 4844 1740 4896 quam
1793 4826 1959 4882 David

388 4924 442 4977 in
472 4926 654 4978 verbis
692 4923 1022 4993 paenitentia:
1054 4923 1338 4991 reperitur.
1372 4922 1475 4976 Iste
1515 4920 1777 4990 siquidem
1821 4919 1960 4971 dun?

389 5024 540 5074 taxat
587 5017 660 5080 id,
703 5017 842 5085 quod
877 5015 1207 5086 prmmissum
1235 5011 1631 5068 estztl’eccavi
1655 5009 1908 5074 Domino;
1935 5026 1956 5064 ι.

390 5107 479 5162 ιῐΙθ
499 5118 675 5161 autem
701 5125 715 5161 :
746 5125 764 5158 ‹
792 5107 1030 5166 Peccavi,
1060 5106 1254 5175 inquit,
1275 5105 1399 5173 quia
1430 5103 1813 5174 praavaricatus
1841 5115 1959 5160 sunt

391 5214 668 5254 sermones
693 5199 900 5254 Domini
939 5207 992 5253 et
1035 5197 1194 5252 verba
1233 5207 1351 5261 tua,
1384 5198 1577 5252 timens
1606 5194 1881 5265 populum,
1907 5202 1964 5249 et

371 5288 648 5346 ‘obedicns
677 5290 790 5344 voci
825 5304 1017 5344 eorum
1047 5287 1098 5358 (Ι
1128 5287 1257 5357 Reg.
1288 5286 1401 5358 xv).
1449 5305 1467 5338 ι
1509 5293 1670 5356 atque
1701 5285 1752 5338 id
1785 5284 1959 5351 ipsum

390 5382 733 5452 postmodum
790 5389 1074 5449 repetens,
1126 5381 1201 5434 ait
1245 5394 1260 5432 :
1306 5398 1323 5430 ι
1368 5379 1591 5435 Peccavi
1651 5377 1886 5449 (Ibid.).
1936 5397 1955 5430 ι

392 5473 636 5529 Accessit
665 5481 842 5527 autem
870 5482 926 5527 et
951 5473 1272 5543 longanimis
1293 5472 1446 5526 valde
1475 5471 1742 5526 Samuelis
1767 5471 1959 5535 oratio,

394 5570 460 5625 de
483 5585 588 5640 quo
622 5568 871 5622 videlicet
919 5567 1153 5622 dicitur:
1187 5585 1204 5618 ι
1236 5565 1704 5634 Contristatusque
1751 5571 1836 5618 est
1865 5561 1964 5616 Sa—

395 5661 556 5728 muel,
581 5673 636 5716 et
663 5661 917 5716 clamavit
939 5661 1004 5714 ad
1035 5658 1319 5714 Dominum
1353 5667 1464 5713 tota
1487 5667 1641 5712 nocte
1667 5655 1789 5720 illa;
1821 5675 1838 5707 ι
1870 5655 1965 5710 sed

397 5755 578 5811 divina
604 5769 736 5810 voce
762 5767 1075 5826 responsum
1117 5761 1201 5806 est
1231 5770 1243 5804 :
1285 5770 1303 5802 ι
1342 5750 1648 5821 Usquequo,
1677 5747 1773 5813 ait,
1804 5754 1859 5800 tu
1887 5745 1971 5802 Iu-

2048 3265 2228 3335 pelagi
2256 3261 2515 3332 profunda
2566 3263 2812 3333 petierat,
2865 3277 2971 3316 non
3032 3271 3290 3317 meretur.
3327 3261 3441 3316 Iino
3487 3259 3632 3316 infe-

2049 3357 2120 3410 lix
2170 3355 2522 3411 infortunium
2576 3357 2817 3411 creditur
2873 3357 2918 3411 si
2980 3357 3227 3426 piscosus
3294 3372 3422 3426 ager
3474 3353 3636 3410 steri-

2048 3450 2115 3503 lis
2159 3450 2460 3515 invenitur,
2504 3451 2590 3505 ubi
2641 3451 2895 3505 nimirum
2953 3462 3006 3507 et
3057 3452 3358 3506 necessitas
3411 3452 3634 3507 uberta-

2053 3552 2158 3596 tem
2209 3552 2264 3595 et
2307 3541 2522 3595 ubertas
2574 3542 2716 3611 parit
2763 3542 3022 3611 inopiam.
3085 3541 3299 3596 Interea
3351 3542 3634 3612 quodcun-

2051 3647 2155 3702 que
2206 3632 2318 3687 sive
2368 3642 2525 3686 ιρι-τω
2552 3633 2665 3686 sive
2706 3634 2872 3686 maris
2903 3632 3102 3687 animal
3133 3633 3198 3686 ad
3227 3632 3504 3686 victimam
3531 3633 3634 3686 du~

2052 3727 2208 3785 citur.
2248 3727 2452 3795 peritus
2473 3741 2675 3796 coquus
2722 3741 2942 3780 necesse
2987 3736 3069 3780 est
3118 3727 3484 3794 perquiratur,
3543 3723 3636 3794 qui

2053 3819 2305 3873 videlicet
2329 3818 2542 3888 ignibus
2565 3827 2716 3873 tanto
2757 3819 3102 3874 discretionis
3135 3818 3420 3872 libramine
3448 3817 3636 3872 mode-

2056 3921 2228 3975 retur,
2252 3919 2520 3981 quatenus
2560 3912 2752 3965 artifici
2780 3921 2833 3965 et
2857 3912 3115 3981 magistra
3143 3911 3400 3979 temperie
3425 3910 3492 3964 ad
3514 3923 3638 3966 ossa

2054 4004 2353 4071 perveniat,
2388 4012 2450 4057 et
2473 4011 2652 4057 tamen
2685 4002 3026 4071 superficiem
3066 4001 3313 4056 carnium
3349 4017 3455 4056 non
3479 4016 3634 4056 com-

2054 4094 2231 4159 burat,
2267 4105 2518 4165 tanquam
2556 4095 2878 4165 quibusdam
2911 4096 3200 4167 praestigiis
3249 4097 3498 4151 videatur
3542 4112 3638 4150 va-

2059 4200 2159 4254 por
2212 4194 2267 4238 et
2307 4185 2618 4239 transiliens
2667 4185 2934 4240 exteriora
2965 4201 3068 4238 non
3101 4195 3319 4255 tangere
3367 4194 3424 4241 et
3471 4201 3646 4256 pene-

2058 4286 2208 4331 trans
2230 4277 2296 4331 ad
2315 4278 2570 4332 interiora
2597 4277 2848 4332 transire.
2867 4277 3003 4343 Quid
3025 4277 3211 4348 plura?
3236 4277 3643 4342 discumbentes

2060 4370 2297 4433 tandem,
2337 4369 2491 4440 761
2544 4369 2652 4423 imo
2676 4366 2955 4436 iacentes.
2992 4369 3274 4424 stomacho
3319 4376 3640 4434 nauseante;

2060 4459 2338 4532 liguriunt,
2365 4470 2418 4515 et
2448 4461 2600 4516 edaci
2629 4460 2847 4516 fastidio
2883 4460 2972 4515 vix
3005 4461 3272 4532 imperant
3307 4470 3366 4516 ut
3407 4460 3642 4531 probent

2059 4567 2180 4607 esse
2206 4569 2333 4606 vera
2363 4568 2482 4622 qua:
2516 4552 2742 4623 tingunt.

2127 4643 2207 4697 Ad
2254 4642 2429 4697 locum
2478 4658 2639 4712 porro
2690 4643 2969 4711 regiminis
3017 4659 3292 4713 nunquam
3324 4643 3641 4698 ambitiosus
3688 4704 3700 4720 ὁ

2060 4734 2299 4797 anheles,
2348 4735 2494 4798 dum,
2536 4735 2588 4788 in
2626 4735 2876 4803 proximo
2912 4735 3276 4803 digressurus,
3323 4734 3464 4788 diem
3517 4748 3643 4802 pro—
3693 4727 3700 4766 ῗ

2058 4823 2190 4893 prin:
2214 4825 2514 4878 vocationis
2561 4824 2794 4894 ignores.
2835 4824 2891 4878 In
2939 4826 3126 4880 eodem
3179 4825 3337 4893 plane
3367 4825 3638 4880 Classensi

2062 4919 2310 4974 etenobio
2361 4918 2502 4986 quod
2534 4934 2677 4972 mtnc
2733 4918 2946 4980 incolis,
2993 4927 3154 4972 aatate
3202 4927 3386 4978 nostra
3421 4918 3650 4987 quidam

2069 5010 2364 5070 monachus
2389 5010 2562 5063 vicem
2595 5009 2808 5079 prioris
2840 5009 3096 5074 obtinuit,
3146 5010 3256 5078 qui,
3287 5008 3454 5062 abbas
3496 5008 3638 5062 idem

2068 5101 2186 5156 fieri
2241 5099 2620 5158 ardentissime
2681 5099 3030 5168 concupivit;
3085 5099 3179 5162 sed
3226 5099 3352 5153 dum
3401 5097 3644 5166 satagit,

2069 5195 2194 5250 dum
2224 5193 2582 5248 conciliabula
2631 5193 2794 5263 cogit,
2841 5193 2966 5245 dum
3019 5190 3268 5256 fabricat,
3295 5198 3350 5245 et
3393 5189 3648 5259 versutia:

2071 5285 2294 5340 mallcos
2327 5283 2730 5352 infatigabiliter
2777 5289 2976 5347 versat,
3037 5280 3457 5356 indanguorcm
3497 5280 3644 5336 deci-

2071 5375 2202 5432 dens
2234 5375 2300 5428 ad
2345 5383 2586 5428 extrema
2618 5374 2909 5444 perductus
2944 5381 3056 5439 est;
3091 5373 3285 5426 dehinc
3329 5372 3382 5425 in
3415 5371 3647 5440 phrene-

2071 5469 2170 5532 sim
2196 5479 2416 5538 repente
2445 5483 2756 5532 conversus,
2778 5468 2922 5538 quod
2955 5467 3130 5522 sciens
3161 5477 3340 5522 mente
3377 5481 3642 5537 concepe-

2073 5569 2178 5625 rat,
2209 5573 2303 5614 ore
2331 5560 2579 5616 nesciens
2607 5559 2874 5616 emucbat.
2908 5560 3067 5626 Ecce,
3091 5560 3283 5629 inquit,
3314 5560 3368 5614 in
3398 5559 3645 5629 proximo

2073 5651 2545 5720 comprehendam,
2583 5651 2712 5705 mihi
2762 5651 2975 5706 dabitur
3017 5650 3402 5706 monasterium
3429 5691 3444 5716 ,
3492 5649 3650 5705 adest

2075 5743 2257 5814 virga;
2315 5733 2601 5812 accipiam,
2655 5749 2711 5796 et
2757 5737 3075 5815 praavalebo.
3133 5741 3276 5795 Inter
3319 5742 3431 5794 haec
3477 5738 3641 5808 igitur
