4136 5308
532 291 642 347 79.7

1003 287 1062 347 S.
1090 289 1295 346 PETRI
1333 286 1618 347 DAMIANI
1657 288 1806 347 OPP.
1849 286 2084 344 ΤΟ.ςίῐὸ
2127 285 2257 342 SEU
2300 284 2480 344 PARS
2513 283 3071 347 UL—OPUSCULA
3115 290 3345 346 V’ARIA.

3705 291 3815 350 7‘23

540 407 703 462 verba
755 404 1061 474 defunctus,
1103 406 1379 462 sinistram
1426 406 1492 462 dc
1546 421 1606 462 sc
1665 405 1925 462 fratribus
1976 418 2125 475 spem
2156 408 2207 464 Δ
2303 402 2470 459 Totus
2497 413 2614 458 esto
2643 419 2858 472 semper
2905 406 2957 459 in
3000 407 3312 477 prophetis,
3365 416 3510 463 totus
3552 409 3604 464 in
3632 409 3815 466 Evan-

539 498 779 573 reliquit.
1513 535 1516 540 λ

1151 575 1382 648 (ΖᾹΡυΤ
1431 592 1536 649 vn.

718 680 1033 758 Exemplum
1059 680 1317 736 Zeuxidi:
1349 684 1402 736 in
1429 684 1692 755 piugeuda
1738 681 1948 738 Venere.

611 770 960 844 Negligentes
987 772 1222 844 denique
1249 773 1590 845 negligenter
1613 775 1815 844 aspice,
1857 773 2129 830 studiosos

544 872 732 919 autem
775 863 922 920 circa
977 865 1216 919 animam
1269 881 1422 922 suam
1465 882 1528 922 ac
1604 866 1793 938 vigiles
1843 865 2130 939 vigilanter

541 953 783 1010 attende.
807 953 941 1010 lllud
970 955 1258 1026 siquidem,
1285 971 1352 1012 ne
1375 956 1548 1011 aliena
1579 957 1720 1012 mala
1744 957 1960 1012 curiose
1989 954 2128 1026 diju-

541 1048 722 1116 dices;
755 1049 859 1103 hoc
889 1057 1093 1114 autem,
1118 1056 1175 1102 ut
1201 1049 1543 1119 temetipsum
1566 1049 1632 1104 ad
1660 1049 1922 1105 bonorum
1949 1062 2131 1102 exem-

486 1127 497 1150 ¹
539 1140 660 1210 plar
685 1140 1033 1197 :emulatione
1064 1149 1269 1197 sancta:
1311 1142 1634 1197 imitationis
1673 1141 1951 1197 informes.
1995 1139 2129 1195 Pro-

484 1253 493 1271 ι
539 1247 682 1302 pone
708 1233 892 1302 itaque
916 1233 1010 1288 tibi
1037 1232 1272 1304 aliquos,
1291 1235 1536 1305 egregios
1549 1234 1800 1290 videlicet
1821 1233 2038 1297 fratres,
2057 1249 2126 1287 ex

541 1323 706 1380 totius
744 1333 1016 1380 conventu
1049 1325 1550 1396 cmnobii,quorum
1588 1336 1734 1381 recta
1758 1325 1984 1396 vestigia
2011 1333 2126 1380 tuto

537 1417 722 1472 valeas
741 1417 940 1476 imitari
969 1433 983 1473 :
1001 1425 1056 1473 et
1074 1426 1133 1473 ut
1150 1417 1362 1474 facilius
1383 1419 1560 1489 possis
1581 1419 1822 1489 aspirare
1841 1433 1946 1488 quo
1963 1417 2125 1483 duco,

537 1507 845 1578 exemplum
870 1508 962 1564 tibi
985 1510 1051 1564 de
1080 1510 1355 1566 veteribus
1380 1510 1540 1566 dabo.
1559 1508 1907 1566 Heracleotes
1928 1507 2125 1564 Zeuxis

536 1597 780 1667 (thstto,
823 1599 857 1654 l.
903 1615 942 1654 ιι
981 1600 1060 1656 De
1109 1601 1422 1671 inventione)
1479 1615 1676 1671 magno
1716 1617 1745 1656 a
1793 1600 2124 1657 Crotoniatis

533 1692 835 1749 conductus
865 1704 950 1749 est
988 1695 1193 1766 pretio,
1221 1702 1280 1749 ut
1308 1695 1492 1750 Dianae
1521 1695 1872 1751 simulacrum
1914 1694 2124 1764 insigne

2235 495 2417 566 gcliis;
2475 510 2677 565 occupa
2732 511 2826 551 cor
2884 505 3032 552 tuum
3069 499 3308 569 undique
3360 498 3592 568 diversis
3640 516 3816 558 sacra:

2233 585 2528 656 Scriptura:
2583 587 2907 654 sententiis,
2973 596 3030 644 ut
3101 589 3246 644 nulla
3306 590 3425 661 ejus
3479 607 3606 662 pars
3657 603 3816 648 vacet

2231 678 2578 735 admittendis
2616 680 3002 752 cogitationum
3034 680 3275 737 inanium
3306 682 3627 752 phantasiis.
3657 683 3816 750 Quod

2231 771 2276 826 si
2311 785 2492 826 sermo
2523 770 2771 827 fortassis
2797 772 2983 828 horret
3035 772 3269 828 incultus
3296 815 3310 838 ,
3359 783 3414 830 et
3453 774 3561 830 mel
3615 774 3710 832 Dei
3758 776 3816 832 in

2230 863 2410 919 cordis
2443 865 2521 920 tui
2550 863 2706 921 fauce
2738 881 2845 921 non
2893 865 3108 938 sapiat:
3173 885 3192 919 ι
3222 867 3394 936 Quam
3437 869 3613 925 dulcia
3643 871 3818 938 enim,

2231 955 2308 1011 ait
2341 955 2632 1028 Propheta,
2662 956 2912 1014 faucibus
2962 958 3101 1014 meis
3149 959 3361 1030 eloquia
3412 968 3525 1029 tua,
3565 962 3816 1030 Domine,

2229 1065 2392 1121 super
2418 1049 2524 1105 mel
2558 1058 2613 1106 et
2655 1048 2866 1106 favum!
2901 1071 2920 1103 ι
2970 1049 3142 1122 (Paul.
3191 1053 3404 1123 cxvut.)
3443 1069 3561 1122 ora,
3595 1053 3815 1125 jejuna,

2229 1152 2390 1210 atque
2437 1158 2627 1198 omnes
2659 1158 2688 1198 a
2733 1151 2784 1198 te
2830 1143 3115 1200 illecebras
3161 1153 3390 1201 terrena”:
3437 1145 3822 1204 delectationis

2229 1235 2526 1302 abscinde,
2579 1235 2828 1306 ut‘quod
2869 1253 2977 1292 non
3015 1253 3082 1292 ex
3127 1252 3188 1292 se
3238 1237 3333 1292 sed
3383 1252 3449 1292 ex
3501 1247 3552 1293 te
3602 1239 3821 1294 videtur

2227 1327 2540 1399 insipidum,
2571 1331 2624 1384 in
2659 1338 2750 1384 tuo
2776 1330 2949 1400 possit
2983 1346 3078 1385 ore
3109 1331 3447 1387 dulcescere.
3474 1331 3634 1387 Pueri
3662 1348 3823 1388 nam-

2227 1436 2330 1491 que
2358 1420 2431 1475 illi
2465 1420 2556 1490 qui
2590 1435 2649 1476 se
2697 1421 2841 1491 regis
2871 1421 3230 1477 decreverant
3277 1423 3452 1495 epulis
3501 1421 3778 1481 abstinere
3799 1462 3822 1492 ,

2225 1514 2465 1569 omnium
2516 1513 2776 1570 librorum
2828 1514 3151 1584 sapientiam
3213 1524 3267 1572 et
3315 1516 3602 1572 scientiam
3661 1524 3824 1587 grata

2225 1615 2542 1664 meruerunt
2593 1605 2794 1662 talione
2847 1607 3109 1678 recipere.
3163 1607 3367 1664 Danieli
3408 1623 3642 1679 quoque,
3681 1609 3820 1681 quia

2226 1716 2473 1757 censurae
2521 1699 2682 1770 hujus
2709 1709 2900 1758 auctor
2949 1702 3252 1767 exstiterat,
3309 1702 3414 1761 hoc
3458 1712 3543 1758 est
3593 1704 3824 1774 insuper

532 1786 897 1858 depingeret,
955 1796 1010 1843 et
1058 1787 1174 1857 ejus
1230 1788 1521 1860 imaginem
1571 1788 1638 1844 ad
1687 1775 2200 1861 probatissimamB
2229 1794 2471 1850 additum
2513 1803 2574 1849 ut
2602 1794 2870 1850 visionum
2894 1794 3136 1850 omnium
3178 1803 3340 1865 atque
3363 1795 3698 1850 somniorum
3721 1810 3824 1851 no-

529 1896 644 1936 suze
670 1881 807 1938 artis
850 1883 1172 1939 industriam
1222 1884 1340 1940 sine
1380 1884 1786 1960 comparatione
1836 1882 2119 1938 formaret.

530 1971 790 2043 Poposcit
821 1983 1002 2031 autem
1029 1989 1220 2032 omnes
1242 1974 1394 2030 urbis
1422 1975 1661 2045 virgines
1691 1974 1744 2029 in
1769 1989 1876 2029 uno
1911 1981 2123 2042 specta-

529 2066 654 2122 culo
689 2064 888 2138 colligi,
929 2075 991 2123 ut
1034 2067 1204 2124 futuri
1249 2067 1572 2140 elegantiam
1621 2067 1800 2139 operis
1827 2083 1895 2124 ex
1933 2081 2120 2122 earum

527 2168 717 2230 posset
743 2161 924 2232 specie
945 2161 1202 2218 mutuari.
1237 2160 1344 2218 Sed
1367 2163 1495 2234 quia
1528 2162 1752 2233 pudicas
1775 2154 1832 2216 et
1857 2161 2120 2238 honestas

527 2253 768 2324 virgines
810 2253 865 2309 in
892 2255 1168 2326 publicum
1217 2256 1436 2328 prodire
1479 2254 1562 2310 fas
1608 2271 1717 2310 non
1749 2262 1898 2320 erat,
1927 2268 2120 2309 earum

527 2343 726 2400 fratres
756 2345 902 2401 ducti
931 2355 1060 2402 sunt
1083 2345 1150 2401 ad
1180 2346 1484 2416 palaestram
1505 2386 1519 2411 ,
1549 2353 1610 2400 ut
1637 2361 1704 2400 ex
1727 2360 1917 2400 eorum
1942 2344 2122 2414 pictor

527 2438 723 2494 decore
751 2439 1031 2512 colligeret
1084 2441 1214 2511 quid
1242 2441 1308 2496 de
1353 2455 1603 2496 sororum
1635 2438 1931 2495 venustiori
1960 2438 2124 2493 uimi-

527 2545 651 2585 rum
699 2531 1103 2602 pulchritudine
1133 2532 1426 2602 judicaret.
1460 2531 1569 2587 Sed
1616 2529 1871 2602 quoniam
1920 2538 2120 2584 natura

524 2635 636 2678 non
685 2637 875 2679 omnes
919 2622 1011 2677 uni
1061 2622 1486 2694 pulchritudinis
1535 2621 1690 2678 dotes
1741 2619 2007 2686 attribuit,
2057 2626 2122 2676 ut

523 2715 674 2785 quod
702 2717 796 2772 uni
822 2716 1067 2773 membro
1093 2726 1380 2788 przerogat,
1410 2717 1500 2771 alii
1524 2730 1668 2787 saepe
1700 2715 1909 2780 demat;
1944 2728 2118 2784 eoque

525 2807 608 2876 fit,
660 2817 722 2865 ut
754 2825 921 2866 unum
970 2810 1231 2882 idemque
1275 2811 1513 2866 hominis
1562 2825 1788 2881 corpus,
1840 2808 1982 2880 quod
2027 2807 2118 2864 hic

522 2900 864 2958 formositate
896 2900 1238 2974 prreeminet,
1294 2903 1404 2960 illic
1453 2901 1797 2959 deformitate
1837 2900 2114 2972 laborat;

524 3007 594 3048 cx
619 2993 767 3048 omni
813 2994 906 3049 illo
937 3009 1230 3065 puerorum
1264 2995 1517 3050 examine
1563 2993 1805 3066 quinque
1851 2991 2118 3046 duntaxat

519 3085 699 3154 pictor
728 3085 911 3156 elegit,
960 3101 1097 3156 quos
1139 3085 1205 3140 ad
1254 3085 1654 3156 compilandam
1699 3083 1960 3155 cujusque
1988 3081 2114 3152 pul-

520 3144 845 3234 chritudinis
873 3144 1197 3248 elegantiam
1225 3194 1338 3248 prae
1365 3144 1539 3234 oculis
1570 3144 1782 3233 habuit:
1812 3144 1920 3232 sed
1943 3144 2111 3246 quor-
2141 3144 2188 3209 ο

519 3283 642 3324 sum
669 3269 784 3325 haec
817 3279 924 3324 tam
955 3270 1112 3342 longa
1143 3271 1455 3326 narratione
1479 3269 1796 3341 protracta?
1842 3268 2112 3324 Nimirum

521 3369 581 3415 ut
605 3369 662 3418 et
687 3370 747 3418 tu
782 3377 852 3418 ex
874 3363 1120 3433 pluribus
1141 3379 1344 3433 paucos
1371 3364 1572 3434 eligas,
1622 3363 1689 3419 ad
1723 3379 1953 3434 quorum
1987 3380 2114 3418 nor-

520 3465 671 3508 mam
718 3451 1000 3508 interioris
1061 3452 1298 3508 hominis
1358 3454 1819 3523 pulchritudinem
1872 3451 2111 3524 etligiare

518 3539 840 3597 contendas.
870 3540 1035 3597 Verbi
1065 3557 1230 3598 causa
1249 3585 1264 3609 ,
1292 3544 1434 3600 sicut
1461 3543 1552 3599 ille
1575 3545 1644 3599 ab
1671 3543 1778 3598 alio
1801 3544 2112 3599 relucentes

517 3631 746 3699 oculos,
790 3634 859 3689 ab
890 3633 997 3689 alio
1028 3635 1323 3691 subductas
1374 3650 1557 3702 aures,
1605 3635 1674 3691 ab
1727 3636 1832 3692 hoc
1875 3636 2110 3705 denique

515 3727 719 3782 lacteas
756 3742 821 3783 ac
847 3728 1049 3785 rubore
1083 3728 1316 3787 suffusas
1353 3739 1630 3786 mutuatus
1678 3741 1763 3786 est
1802 3745 2000 3801 genas;
2034 3730 2110 3784 ita

518 3817 878 3876 nihilominus
909 3822 1078 3877 etiam
1107 3821 1192 3878 'tu
1245 3823 1313 3878 ab
1364 3823 1470 3879 alio
1508 3832 1816 3895 promptam
1856 3821 2113 3878 obedien-

517 3912 673 3979 tiam,
715 3913 783 3968 ab
837 3913 942 3970 alio
989 3914 1447 3972 ferventissimam
1483 3916 1807 3972 charitatem
1832 3956 1845 3981 ,
1899 3915 1965 3970 ab
2005 3915 2109 3970 isto

515 4007 944 4077 pernoctationis
994 4008 1289 4076 excubias,
1347 4011 1414 4065 ab
1471 4009 1563 4065 illo
1615 4009 1853 4065 diuturni
1908 4008 2108 4064 silentii

519 4097 671 4154 disce
720 4113 1053 4180 censuram;
1107 4111 1398 4172 quatenus,
1429 4102 1571 4159 sicut
1626 4101 1718 4158 ille
1767 4101 2108 4160 diversorum

516 4204 807 4263 corporum
837 4193 1184 4250 habitudines
1233 4194 1297 4249 ad
1333 4193 1493 4250 unius
1544 4193 1822 4249 simulacri
1869 4194 2106 4264 speciem

521 4283 838 4353 transtulit,
882 4285 962 4340 sic
993 4298 1049 4341 et
1083 4294 1139 4340 tu
1171 4301 1238 4342 ex
1287 4287 1455 4342 variis
1505 4296 1820 4344 sanctorum
1860 4286 2104 4341 virorum

519 4373 813 4430 virtutibus
841 4377 1004 4432 unius
1032 4378 1085 4431 in
1118 4386 1170 4433 te
1196 4378 1310 4433 veri
1341 4378 1437 4433 Dei
1470 4376 2102 4446 restauresjmaginem,

515 4473 578 4518 ut
603 4465 670 4519 ad
691 4467 943 4521 eumdem
971 4469 1132 4541 762
1155 4470 1498 4539 postmodum
1521 4469 1752 4526 feliciter
1773 4483 2104 4541 cognoscen-

511 4555 641 4612 dum
668 4560 965 4614 revertaris
1003 4569 1303 4616 auctorem.

1103 4651 1330 4708 CAPUT
1370 4651 1482 4707 νηί

785 4743 939 4810 Quod
971 4746 1146 4800 cordis
1173 4745 1455 4817 duplicitas
1481 4745 1729 4817 fugienda
1755 4747 1842 4802 sit.

583 4833 728 4891 Cave
777 4834 1186 4906 duplicitatem;
1238 4847 1357 4893 esto
1413 4838 1645 4909 simplex
1695 4838 1746 4910 (I
1780 4838 2017 4913 Conv),
2046 4851 2106 4897 ut

509 4928 656 4998 quod
703 4928 884 4999 lingua
933 4929 1309 5001 depromitur,
1361 4941 1545 4988 mente
1592 4941 1862 4988 versetur.
1895 4935 2102 5007 Azyma

512 5039 749 5074 uamnue
802 5023 1072 5074 soliditate
1117 5025 1416 5074 statuitur-
1471 5025 1792 5074 fermentum
1852 5029 2098 5074 navet-nis

2227 1885 2400 1940 titiam
2427 1884 2907 1957 perciperet(l)an.
2933 1885 2997 1958 ι).
3022 1885 3193 1958 Digno
3217 1886 3472 1942 videlicet
3497 1888 3817 1942 retributio-

2223 1977 2310 2032 nis
2331 1976 2526 2032 divina:
2553 1977 2904 2043 commercio,
2929 1986 2989 2032 ut
3017 1977 3106 2049 qui
3130 1993 3188 2034 sc
3212 1994 3240 2033 a
3268 1977 3505 2034 carnalis
3531 1979 3696 2034 edulii
3723 1995 3822 2034 vo-

2222 2069 2428 2140 luptate
2481 2069 2887 2140 reprimerent,
2951 2069 3018 2125 ad
3081 2070 3379 2140 spiritualis
3445 2069 3818 2142 intelligentia

2222 2162 2388 2234 dapes
2410 2163 2607 2242 mentis
2638 2179 2732 2218 ora
2764 2163 3028 2219 laxarent.
3073 2163 3299 2223 Arescat
3343 2163 3511 2236 igitur
3556 2179 3705 2232 caro,
3751 2173 3815 2221 ut

2222 2272 2378 2336 mens
2407 2258 2654 2328 saginata
2681 2257 3024 2331 pinguescat.

2836 2393 3064 2451 CAPUT
3102 2395 3192 2451 IX.
3232 2427 3236 2438 ς

2291 2508 2351 2566 S.
2383 2507 2667 2566 Romualdi
2706 2510 2985 2566 consilium
3019 2521 3075 2566 ut
3100 2511 3431 2566 sobrietatem
3456 2528 3736 2580 servemus,

2541 2644 2544 2647 ,
2635 2591 2683 2638 et
2729 2582 3047 2654 hypocrisin:
3101 2582 3390 2653 fugiamus.

2289 2715 2408 2773 Cibi
2487 2718 2580 2788 qui
2638 2717 3035 2775 esculentiores
3099 2729 3228 2774 sunt
3291 2718 3685 2786 excludantur,
3750 2728 3814 2776 ut

2218 2809 2477 2866 intestina
2521 2811 2662 2867 bella
2711 2812 2918 2868 arbiter
2963 2812 3210 2868 occultus
3265 2812 3558 2884 inspiciat,
3605 2821 3660 2869 et
3708 2826 3814 2884 pro

2217 2900 2478 2957 stercoris
2525 2916 2692 2970 esca,
2751 2901 2989 2958 caelestis
3038 2901 3283 2957 alimenti
3316 2902 3472 2958 nobis
3514 2902 3814 2958 suavitates

2217 3001 2474 3063 apponat.
2530 2991 2642 3052 Nec
2693 2993 2913 3064 ineptus
2973 2994 3211 3066 applices
3290 2994 3432 3064 quod
3486 3010 3630 3066 saepe
3697 2995 3811 3050 suis

2219 3085 2500 3156 discipulis
2528 3086 2612 3142 vir
2646 3087 2858 3143 Domini
2889 3087 3222 3143 Romualdus
3273 3089 3451 3144 aiebat
3487 3106 3500 3144 :
3540 3087 3766 3144 Fratres
3787 3128 3807 3156 ,

2218 3175 2419 3246 inquit,
2445 3192 2568 3232 cum
2602 3177 2656 3232 in
2691 3177 3058 3248 quorumlibet
3083 3188 3355 3234 conventu
3387 3177 3529 3252 [vos]
3556 3179 3810 3245 reficitis,

2216 3265 2442 3323 intentis
2473 3269 2541 3323 ad
2577 3269 2758 3324 cibum
2796 3271 3027 3336 czeteris,
3076 3271 3128 3325 in
3159 3271 3277 3342 ipso
3312 3271 3627 3328 refectionis
3654 3273 3812 3328 initio

2217 3358 2427 3427 parcite
2452 3377 2464 3412 :
2507 3367 2561 3414 et
2586 3375 2708 3414 cum
2727 3360 2839 3431 jam
2863 3361 2968 3416 illis
2989 3377 3054 3417 ex
3077 3372 3230 3432 parte
3252 3362 3591 3420 satisfactum
3619 3363 3807 3430 fuerit,

2215 3463 2314 3504 vos
2341 3448 2612 3515 inchoate,
2644 3459 2913 3520 quatenus
2937 3459 2993 3505 et
3027 3451 3331 3520 hypocrisis
3373 3461 3558 3508 notam
3586 3451 3809 3525 possitis

2213 3541 2449 3596 evadere
2487 3551 2543 3595 et
2571 3541 2888 3598 sobrietatis
2933 3542 3175 3613 regulam
3222 3542 3340 3598 sine
3369 3541 3668 3600 offensione
3697 3560 3810 3603 ser-

2212 3630 2548 3687 vare.Porro
2563 3641 2742 3711 autem
2767 3631 3188 3702 vidiPomposiae
3209 3633 3534 3688 monachum
3559 3638 3804 3705 apprime

2213 3723 2552 3796 divinaelegis
2571 3723 2917 3798 [scientia]et
2939 3723 3240 3794 disciplinis
3261 3724 3601 3795 regularibus
3624 3727 3806 3783 erudi-

2212 3823 2348 3883 tum,
2374 3817 2487 3888 qui,
2514 3826 2576 3871 ut
2603 3815 2900 3886 ferebatur,
2925 3816 3030 3872 hoc
3054 3832 3178 3872 cum
3206 3817 3480 3873 assidente
3508 3817 3612 3874 sibi
3635 3817 3807 3876 fratre

2211 3909 2370 3981 parili
2419 3909 2776 3966 conventione
2828 3910 3151 3982 pepigerat,
3206 3918 3268 3965 ut
3316 3909 3564 3982 apposita
3608 3910 3804 3982 cuique

2210 4002 2344 4070 vini,
2367 4003 2507 4059 sicut
2532 4019 2650 4059 mos
2678 4011 2781 4068 est,
2800 4001 3160 4074 personaliter
3180 4001 3343 4068 obba,
3371 4011 3598 4073 uterque
3625 4002 3802 4073 qunti-

2210 4095 2301 4151 die
2343 4095 2651 4152 utriuslibet
2689 4110 2944 4151 mensura
2994 4103 3284 4152 contentus
3313 4103 3476 4150 esset.
3533 4093 3800 4150 Nimirum

2210 4197 2271 4243 ut
2295 4203 2363 4244 ex
2389 4202 2453 4243 eo
2501 4187 2647 4260 quod
2683 4188 2778 4242 uni
2807 4197 3165 4260 competeret,
3199 4188 3308 4244 duo
3351 4202 3412 4244 se
3452 4186 3553 4243 sub
3596 4185 3802 4242 sobrie-

2212 4281 2340 4337 tatis
2367 4280 2737 4337 moderamine
2763 4290 3172 4344 sustentarent;
3199 4295 3320 4336 cum
3343 4294 3474 4336 vero
3502 4279 3681 4335 socius
3710 4277 3800 4333 ille

2213 4376 2446 4440 deesset,
2484 4375 2538 4428 in
2590 4374 2707 4445 ipso
2753 4375 2959 4429 uastatis
3006 4374 3242 4438 ardore,
3295 4372 3390 4443 qui
3428 4371 3684 4427 nimirum
3730 4385 3796 4426 eo

2211 4465 2372 4537 763
2406 4465 2510 4521 loci
2541 4464 2839 4521 ferventior
2867 4464 3152 4532 incumbit,
3180 4477 3246 4520 eo
3284 4477 3458 4534 usque
3485 4463 3540 4517 in
3578 4460 3794 4532 propria

2207 4558 2346 4614 obba
2375 4558 2557 4612 vinum
2586 4571 2840 4613 acescere
2864 4556 3232 4630 permittebat,
3262 4564 3322 4610 ut
3367 4561 3797 4610 scaturcscentes

2213 4651 2267 4706 in
2297 4666 2360 4706 ea
2385 4666 2600 4708 vermes
2625 4650 2825 4722 saepius
2870 4651 3153 4721 reperiret.
3200 4649 3463 4705 Martinus
3497 4649 3679 4718 itaque
3707 4647 3798 4702 (le-

2208 4741 2472 4808 calvatus,
2502 4743 2603 4798 hoc
2629 4743 2826 4814 quippe
2851 4742 2901 4797 ei
2928 4741 3248 4798 vocabulum
3281 4752 3421 4807 erat,
3453 4739 3522 4796 ad
3544 4748 3792 4795 extrema

2206 4835 2528 4905 perveniens
2553 4874 2569 4901 ,
2617 4849 2740 4890 cum
2793 4833 2908 4904 ejus
2946 4841 3117 4890 totum
3171 4850 3369 4905 corpus
3406 4833 3665 4906 hydropis
3691 4833 3794 4888 hu-

2206 4945 2359 4986 more
2410 4929 2727 4983 immaniter
2777 4928 3166 4984 intumesceret
3195 4968 3211 4992 ,
3262 4942 3452 4982 omnes
3503 4941 3645 4991 nos,
3703 4924 3795 4994 qui

2200 5019 2396 5074 lectulo
2425 5019 2744 5074 videbamur
2772 5018 3050 5074 assistere.
3083 5017 3238 5074 petiit
3270 5025 3330 5071 ut
3368 5031 3492 5071 cum
3546 5016 3793 5074 dignare-
